3986 6178
171 113 270 165 489

435 230 757 287 ANNALES
777 226 1538 285 VVEISSEMBURGENSES.

236 342 358 394 846.
429 336 801 401 Ludowieus,
871 334 1030 389 ﬁlius
1060 331 1380 398 Ludowici,
1451 329 1822 386 Pannoniam

167 428 421 498 subegit,
453 433 510 483 et
532 425 844 482 Beheimos
874 424 1122 479 domum
1153 420 1392 478 rediens
1421 420 1692 476 vastavit.

237 663 361 715 847.
396 658 667 729 Otgarius
734 653 1221 726 archiepiscopus
1265 650 1446 717 obiit;
1489 649 1585 706 cui
1627 649 1822 705 Raba-

164 765 284 804 nus
315 747 614 804 successit.

239 841 365 894 848.
405 836 724 892 Ludowico
774 833 852 890 ad
901 831 1262 901 Mogontiam
1313 829 1519 886 habito
1570 825 1825 882 sinodali

163 927 442 995 concilio,
472 923 868 982 Godescalcus
891 921 1182 977 hereticus
1212 924 1302 975 est
1329 919 1714 991 dampnatus.

243 1161 367 1214 849.

244 1251 370 1303 850.

243 1341 369 1393 851.
403 1332 785 1405 lrmingardis
815 1333 1023 1403 regina
1053 1330 1218 1388 obiit.

244 1429 369 1483 852.

245 1716 372 1770 853.

255 1947 376 1999 854.

255 2038 376 2089 855.
427 2029 780 2087 Ludowieus
819 2045 924 2084 rex
971 2045 1110 2084 cum
1143 2026 1407 2083 exercitu
1449 2039 1674 2095 magno
1705 2038 1835 2095 per-

179 2124 330 2180 rexit
383 2127 589 2177 contra
641 2118 944 2175 Ratzidum
992 2134 1196 2188 regem
1246 2117 1681 2173 Marahensum.
1723 2113 1834 2166 Lu-

175 2213 405 2269 tharius
429 2211 609 2268 etiam
647 2226 747 2265 rex
777 2213 1084 2264 tonsuram
1115 2211 1174 2263 et
1209 2205 1636 2261 monachicum
1663 2201 1836 2257 habi-

179 2300 573 2373 tumsuscepit
600 2303 868 2355 mortuus
900 2297 946 2366 (1
963 2298 1065 2368 14).

250 2396 376 2448 856.
422 2389 703 2446 Rabanus
746 2386 1231 2460 archiepiscopus
1269 2383 1456 2452 obiit;
1491 2382 1588 2438 cui
1620 2380 1836 2437 Karlus

183 2480 492 2537 successit.

251 2574 375 2626 857.
430 2567 640 2624 Karlus
679 2564 1160 2638 archiepiscopus
1219 2563 1282 2619 in
1338 2559 1633 2632 Mogontia
1681 2559 1838 2614 sino-

181 2660 330 2716 dum
363 2674 652 2728 magnam
681 2655 907 2712 habuit.

251 2752 379 2805 858.
414 2746 768 2803 Ludowieus
811 2761 912 2800 rex
959 2742 1374 2810 Ludowicum,
1413 2740 1605 2797 ﬁlium
1637 2754 1836 2807 suum,

182 2855 322 2894 cum
351 2836 612 2894 exercitu
640 2849 861 2904 magno
888 2833 1050 2890 misit
1081 2831 1162 2888 ad
1193 2830 1529 2888 Habitritos.

252 3071 381 3124 859.
443 3065 799 3121 Ludowieus
854 3068 910 3121 et
963 3061 1216 3118 Karolus
1269 3065 1447 3133 atque
1500 3057 1838 3127 Lutharius,

180 3157 338 3212 ﬁlius
391 3153 651 3210 Lutharii
701 3152 890 3209 fratris
915 3168 1148 3219 eorum,
1200 3165 1340 3206 cum
1365 3149 1707 3220 juramento
1738 3161 1842 3218 pa-

182 3263 313 3302 cem
344 3244 631 3300 fecerunt.

253 3337 381 3389 860.
416 3332 658 3405 Hiemps
686 3346 906 3401 magna
935 3334 992 3386 et
1028 3327 1362 3384 mortalitas
1390 3323 1765 3382 animalium.

250 3426 379 3478 861.
415 3421 561 3492 Udo,
594 3424 879 3490 Berenger
908 3423 1088 3491 atque
1106 3420 1323 3473 Ernost
1351 3414 1607 3489 depositi
1647 3415 1840 3470 hono-

180 3512 375 3568 ribus.

254 3694 382 3746 862.

253 3871 380 3922 863.
411 3864 627 3922 Karlus
653 3864 971 3938 episcopus
999 3861 1164 3931 obiit,
1212 3864 1270 3918 et
1294 3859 1673 3917 Liutberthus
1704 3874 1838 3914 suc-

181 3956 385 4013 cessit.

252 4049 379 4102 864.
410 4044 764 4101 Ludowieus
794 4059 889 4099 rez
917 4041 1270 4109 Radzidum,
1303 4055 1510 4111 regem
1538 4037 1840 4095 Marahen-

179 4136 366 4206 sium,
394 4133 508 4192 sibi
531 4133 782 4204 subegit.

251 4228 380 4281 865.

251 4405 380 4458 866.

254 4494 383 4546 867.

252 4669 381 4724 868.

253 4918 379 4970 869.
408 4913 647 4969 Lutheri
671 4928 773 4968 rex
822 4928 859 4968 a
901 4912 1235 4967 Benevento
1263 4923 1537 4964 reversus
1587 4908 1840 4982 Romam

179 5004 364 5073 venit,
414 5002 616 5075 ibique
673 5002 752 5058 ab
810 5000 1075 5057 Adriano
1131 4997 1520 5070 dampnatus,
1587 4994 1840 5050 domum

178 5091 421 5148 rediens
471 5107 626 5164 pene
673 5107 812 5147 cum
868 5089 990 5145 suis
1037 5087 1320 5144 omnibus
1367 5085 1559 5158 periit.
1616 5083 1840 5140 Eodem

177 5197 344 5238 anno
375 5180 620 5249 Thiodo,
649 5179 844 5238 abbas
873 5176 1203 5245 Fuldensis,
1231 5174 1560 5248 depositus,
1590 5177 1647 5230 et
1691 5171 1839 5242 Sigi-

175 5271 413 5329 hardus
441 5269 663 5327 electus
689 5270 824 5342 est(i
841 5267 944 5339 14⁸)
972 5266 1145 5324 valde
1166 5265 1503 5335 religiosus.

254 5453 402 5524 (114)
432 5453 586 5523 Lege
613 5449 957 5524 moriturus.

278 5520 418 5596 114⁵)
463 5520 588 5596 V6.1:
616 5520 707 5596 vir
735 5521 912 5596 deest.

261 5591 410 5667 (115)
430 5595 578 5653 Hac
605 5593 820 5651 desunt
845 5591 904 5649 3.

435 5685 679 5742 PunOL.
723 5683 896 5740 CXLI.

903 105 986 158 ET
1016 101 1356 158 LAMBERTI
1387 90 1972 156 ASCHAFNABURG.
2003 91 2181 146 PARS
2211 93 2486 147 ALTERA
2517 92 2842 148 GENUINA.

3484 92 3589 143 490

2397 218 2740 274 LAMBERTI
2777 213 3122 270 ANNALES.

2006 327 2127 379 846.
2185 323 2561 392 Ludowieus,
2621 323 2775 377 filius
2828 319 3153 389 Ludowici,
3219 319 3591 375 Pannoniam

1933 412 2187 484 subegit,
2215 417 2270 468 et
2290 412 2601 468 Beheimos
2622 411 2872 466 domum
2897 409 3134 465 rediens
3159 409 3434 466 vastavit.
3461 410 3591 465 Bun

1931 501 2128 559 abbas
2162 501 2576 558 Herveldensis
2606 500 2771 569 obiit,
2813 498 2908 554 cui
2935 501 3248 554 Brunwart
3286 497 3587 553 successit.

2007 595 2128 648 847.
2159 592 2432 661 Otgarius
2459 590 2946 662 archiepiscopus
2975 587 3266 658 Moguntie
3296 587 3462 656 obiit,
3497 584 3594 641 cui

1934 679 2130 737 abbas
2197 680 2511 736 Fuldensis
2571 681 2852 735 Rabanus
2907 676 3210 732 successit.
3270 674 3593 731 Abbatiam

1935 769 2157 826 VValdo
2184 770 2460 842 suscepit.

2009 863 2131 916 848.
2185 859 2274 914 Ad
2331 858 2688 929 Mogontiam
2742 855 2948 911 habito
3004 853 3262 911 sinodali
3319 851 3592 919 concilio,

1936 948 2243 1006 Gotescalc
2271 948 2584 1004 haereticus
2615 947 2980 1019 dampnatus
3011 948 3115 1000 est.

2011 1150 2113 1202 849
2123 1187 2134 1199 .

2011 1241 2114 1293 850
2146 1237 2311 1308 (115).
2346 1235 2628 1291 Dedicata
2684 1237 2771 1289 est
2798 1231 3048 1287 ecclesia
3083 1229 3274 1286 sancti
3302 1227 3600 1296 Wigberti

1937 1333 1990 1382 5.
2024 1325 2328 1382 Kalendas
2386 1321 2736 1381 Novembris
2766 1336 2804 1376 a
2833 1319 3082 1376 Rabano
3136 1315 3600 1386 Mogontiacensi

1938 1414 2413 1486 archiepiscopo.

2008 1507 2132 1560 851.

2010 1597 2134 1650 852.
2189 1590 2515 1650 Translatio
2570 1589 2767 1646 suncti
2820 1587 2970 1643 Lulli
3035 1586 3098 1642 in
3146 1599 3320 1641 ccena
3341 1582 3598 1640 Domini.

2011 1707 2135 1760 853.

2013 1959 2136 2011 854.

2015 2049 2138 2101 855.
2172 2039 2528 2098 Ludowieus
2584 2053 2687 2092 rex
2717 2050 2858 2091 cum
2903 2047 3131 2102 magno
3191 2030 3449 2086 exercitu
3474 2045 3606 2102 per-

1941 2134 2092 2190 rexit
2120 2137 2329 2189 contra
2380 2127 2690 2185 Ratzidum
2745 2138 2952 2194 regem
2999 2120 3458 2177 Maruhensium.
3503 2122 3611 2174 Lu-

1942 2225 2172 2280 tharius
2210 2222 2390 2277 etiam
2420 2234 2525 2274 rex
2554 2223 2866 2273 tonsuram
2898 2217 2954 2267 et
2978 2210 3405 2268 monachicum
3435 2207 3608 2266 habi-

1944 2319 2074 2371 tum
2105 2311 2365 2382 suscepit
2388 2307 2714 2364 moriturus
2741 2303 2804 2358 in
2835 2301 3086 2357 Promia.

2018 2407 2140 2460 856.
2196 2399 2482 2456 Rabanus
2567 2390 3054 2464 archiepiscopus
3119 2385 3612 2461 Mogontiacensis

1946 2493 2106 2564 (115')
2140 2489 2286 2546 obiit
2318 2506 2330 2555 ;
2359 2485 2456 2542 cui
2486 2483 2744 2540 Karolus
2778 2479 3088 2535 successit.

2019 2586 2141 2637 857.
2188 2575 2446 2633 Karolus
2490 2570 3000 2644 archiepiscopus,
3051 2567 3113 2623 in
3162 2566 3460 2638 Mogontia
3488 2580 3614 2620 ma-

1948 2687 2136 2742 gnam
2167 2666 2471 2741 synodum
2501 2661 2733 2719 habuit.

2021 2764 2124 2817 858
2176 2754 2533 2815 Ludowieus
2588 2767 2692 2807 rex
2747 2746 3134 2804 Ludowieum
3185 2745 3378 2801 tilium
3431 2758 3614 2798 suum

1947 2851 2110 2907 misit
2156 2862 2296 2904 cum
2325 2842 2586 2900 exercitu
2629 2853 2854 2909 magno
2896 2836 2976 2893 ad
3003 2835 3302 2892 Abitritos.
3335 2832 3614 2906 [Karolus

1949 2937 2437 3010 archiepiscopus
2465 2929 2779 3006 quandam
2808 2931 3041 2999 partem
3071 2925 3146 2980 de
3171 2922 3412 2996 reliquis
3444 2937 3616 3010 sane:

1950 3035 2022 3086 tae
2080 3008 2437 3084 Innocentis:
2466 3019 2766 3078 transtulit
2789 3018 2866 3072 ad
2893 3017 3039 3086 (H6)
3069 3014 3535 3086 Erphesphurt.l
3561 3008 3618 3078 3]

2022 3123 2144 3174 859.
2204 3113 2558 3172 Ludowieus
2624 3115 2680 3166 et
2733 3105 2989 3162 Karolus
3044 3109 3223 3177 atque
3278 3099 3610 3165 Lutharius,

1948 3209 2108 3264 filius
2166 3202 2426 3262 Lutharii
2453 3201 2648 3257 fratris
2703 3212 2932 3263 eorum,
2967 3210 3107 3249 cum
3133 3193 3478 3264 juramento
3512 3204 3616 3260 pa-

1950 3315 2081 3354 cem
2106 3296 2392 3352 fecerunt.
3383 3273 3385 3276 ’

2022 3391 2146 3443 860.

2021 3482 2143 3532 861.
2179 3474 2326 3541 Udo,
2360 3473 2592 3536 Ernost,
2625 3468 2978 3535 Berngerus,
2998 3461 3341 3527 comites,et
3368 3455 3608 3523 Waldo,

1949 3567 2141 3624 abbas
2171 3560 2510 3629 Fuldensis,
2539 3554 2872 3614 honoribus
2894 3551 3152 3625 depositi
3183 3554 3357 3618 sunt;
3383 3546 3610 3605 Thiodo

1946 3657 2140 3714 abbas
2169 3650 2474 3710 successit.

2019 3765 2142 3817 862.

2018 3853 2139 3906 863.
2174 3848 2429 3904 Karolus
2485 3841 2970 3915 archiepiscopus
3015 3833 3528 3910 [Mogontiacensis
3575 3837 3604 3887 3

1944 3941 1999 3994 4.
2033 3944 2085 3993 5.
2121 3938 2138 4007 ]
2164 3935 2310 3992 obiit
2338 3953 2351 4001 ;
2381 3933 2476 3988 cui
2500 3930 2876 3987 Liutberthus
2907 3925 3210 3981 successit.

2016 4027 2141 4083 864.
2175 4021 2530 4080 Ludowieus
2559 4035 2655 4076 rez
2705 4015 3036 4083 Ratzidum,
3079 4028 3282 4084 regem
3303 4009 3607 4069 Maraben-

1946 4117 2124 4184 sium,
2153 4113 2267 4171 sibi
2295 4109 2551 4181 subegit.

2019 4209 2142 4262 865.

2019 4387 2144 4440 86.

2019 4475 2143 4528 867.

2019 4653 2088 4706 86

2021 4922 2142 4974 869.
2176 4913 2412 4972 Lutheri
2460 4927 2564 4966 rex
2593 4925 2630 4965 a
2657 4906 2996 4963 Benevento
3048 4913 3319 4955 reversus
3351 4899 3604 4952 Romam

1948 5008 2128 5078 venit,
2161 5005 2365 5077 ibique
2415 5000 2494 5056 ab
2522 4997 2784 5054 Adriano
2813 4991 3180 5078 dampnatus
3210 4990 3318 5042 est.
3352 4984 3461 5078 qui
3498 4983 3606 5078 do-

1947 5074 2123 5154 mum
2148 5074 2404 5158 rediens,
2435 5104 2588 5162 pene
2615 5102 2754 5141 cum
2803 5082 2927 5138 suis
2958 5075 3240 5138 omnibus
3268 5074 3459 5148 periit.
3493 5075 3604 5128 Eo-

1947 5188 2088 5243 dem
2139 5198 2300 5242 anno
2329 5178 2576 5244 Thiodo,
2607 5174 2800 5232 abbas
2821 5165 3159 5239 Fuldensis,
3191 5163 3516 5238 depositus,
3549 5165 3608 5218 et

1951 5271 2313 5346 Sigebardus
2343 5268 2564 5324 electus
2589 5269 2695 5334 est,
2718 5262 2818 5318 vir
2843 5257 3179 5328 religiosus.

2026 5506 2176 5580 (115)
2207 5505 2374 5580 Qeest
2403 5505 2451 5580 1.
2483 5503 2538 5554 2.
2573 5501 2625 5552 6.

2025 5576 2175 5649 (116)
2205 5578 2375 5631 Deest
2405 5576 2456 5628 3.
3298 5650 3359 5700 16
