3986 6178
295 133 404 186 497

571 257 883 314 ANNALES
919 252 1698 314 VVEISSEMBURGENSES.

373 361 500 414 905.
543 361 798 416 Cuonrat
827 377 1024 418 comes
1050 361 1276 418 occisus
1304 362 1388 415 est
1418 358 1502 414 ab
1540 354 1894 414 Adelberto.

376 537 506 589 906.
548 535 783 606 Ungarii
811 541 1182 594 vastaverunt
1212 535 1571 594 Saxoniam.

378 627 507 679 907.
547 623 892 682 Adelbertus
934 643 1130 683 comes
1175 625 1512 683 decollatus
1567 629 1677 693 est,
1722 623 1976 696 jubente

303 711 632 768 Ludowico
668 728 825 784 rege.

381 805 509 857 908.
553 801 896 859 Liutboldus
924 803 1044 860 dux
1067 805 1298 862 occisus
1326 807 1414 860 est
1444 803 1532 860 ab
1567 802 1862 874 Ungariis.

383 1000 511 1053 909.
553 996 958 1068 Burghardus,
988 997 1110 1054 dux
1128 999 1596 1069 Thuringorum,
1621 997 1853 1054 occisus
1885 1001 1980 1054 est

305 1084 393 1141 ab
425 1084 719 1154 Ungariis.

384 1179 512 1232 910.
554 1175 908 1232 Ludowicus
934 1192 1035 1232 rex
1060 1178 1350 1250 pugnavit
1379 1193 1522 1232 cum
1556 1177 1848 1246 Ungariis.

385 1357 512 1410 911.
553 1353 796 1424 Ungarii
823 1358 1210 1412 vastaverunt
1234 1354 1567 1411 Franciam.

385 1536 512 1588 912.
537 1531 890 1589 Ludowicus
909 1548 1012 1588 rex
1033 1532 1205 1601 obiit;
1222 1533 1316 1588 cui
1342 1531 1652 1590 Conradus
1673 1532 1980 1588 successit.

386 1764 513 1816 913.

391 2242 520 2295 914.
561 2241 695 2296 Otto
727 2237 1054 2296 Saxonicus
1081 2237 1204 2294 dux
1234 2237 1398 2294 obiit.

388 2332 516 2384 915.
561 2327 802 2398 Ungarii
832 2326 1129 2383 vastando
1157 2329 1450 2384 venerunt
1487 2342 1678 2400 usque
1711 2325 1981 2384 Fuldam.

392 2508 521 2561 916.

384 2633 514 2685 917.

392 2757 524 2810 918.

392 2759 427 2810 9
466 2759 524 2810 8.

391 2759 521 2897 919.
563 2841 914 2898 Cuonradus
970 2856 1075 2898 rex
1127 2841 1291 2910 obiit,
1344 2842 1440 2898 cui
1490 2841 1798 2898 Heinricus
1853 2858 1983 2898 suc-

318 2929 521 2986 cessit.

395 3311 526 3364 920.

396 3745 526 3797 921.
566 3745 690 3798 922.

395 3833 527 3887 923.

395 4061 526 4116 924.

397 4328 526 4382 925.

395 4417 525 4470 926.

389 5212 515 5268 929.

389 5602 540 5675 (141)
576 5602 637 5657 1..
667 5599 826 5657 deest
857 5605 907 5656 1.

1004 135 1085 190 ΕΤ
1123 129 1459 188 LAMBERTI
1503 124 2132 187 ASCHAFNABURG.
2173 128 2360 182 PARS
2399 130 3002 191 ALTERAGENUINA.
3649 140 3750 194 198

2559 253 2900 310 LAMBERTI
2938 256 3278 312 ANNALES.

2154 361 2282 413 905.
2330 360 2592 414 Cuonrat
2619 375 2820 416 comes
2845 361 3080 417 occisus
3112 365 3201 418 est
3228 361 3307 418 ab
3337 362 3673 420 Adelberto.

2153 539 2282 591 906.
2329 535 2570 606 Ungarii
2601 541 2990 595 vastaverunt
3019 541 3360 597 Saxoniam.

2154 627 2281 680 907.
2326 625 2681 682 Adelbertus
2713 642 2914 684 comes
2943 627 3178 685 occisus
3205 633 3313 698 est,
3350 630 3598 702 jubente
3643 634 3750 688 Lu-

2083 711 2326 769 dowico
2356 729 2515 784 rege.

2155 804 2284 858 908.
2329 802 2676 860 Liutboldus
2705 803 2829 861 dux
2855 804 3090 862 occisus
3121 809 3208 862 est
3235 806 3314 863 ab
3349 808 3639 878 Ungariis.

2156 1000 2283 1053 909.
2330 997 2724 1065 Burchardus,
2758 998 2883 1053 dux
2912 998 3377 1071 Thuringorum,
3398 1000 3634 1057 occisus
3665 1007 3754 1059 est

2086 1084 2166 1140 ab
2198 1084 2494 1155 Ungariis.

2159 1178 2287 1230 910.
2330 1173 2684 1230 Ludowicus
2713 1190 2816 1230 rex
2846 1176 3136 1247 pugnavit
3165 1192 3305 1233 cum
3357 1177 3648 1247 Ungariis,
3698 1183 3758 1236 et

2089 1261 2284 1317 victus
2312 1265 2420 1317 est.

2162 1355 2287 1406 911.
2333 1349 2571 1421 Ungarii
2597 1355 2978 1408 vastaverunt
3007 1353 3340 1409 Franciam.

2164 1533 2288 1585 912.
2335 1529 2686 1585 Ludowicus
2718 1546 2819 1586 rex
2845 1529 3026 1598 obiit;
3087 1531 3182 1586 cui
3222 1532 3575 1588 Cuonradus
3629 1551 3759 1592 suc-

2091 1600 2285 1682 cessit.
2322 1603 2491 1656 Hatto
2521 1600 3010 1682 archiepiscopus
3038 1603 3528 1672 Mogontiacensis
3560 1605 3707 1663 obiit
3741 1626 3754 1676 ;

2093 1674 2187 1726 cui
2217 1674 2469 1743 Hereger
2490 1674 2792 1728 successit.

2166 1760 2290 1816 913.

2166 2245 2292 2298 914.
2336 2244 2468 2298 Otto
2501 2240 2830 2297 Saxonicus
2857 2254 3061 2295 comes
3090 2239 3254 2295 obiit.

2163 2335 2288 2387 915.
2331 2329 2571 2399 Ungarii
2601 2327 2902 2385 vastando
2948 2331 3239 2384 venerunt
3287 2344 3481 2402 usque
3529 2329 3590 2384 in
3629 2326 3762 2382 Ful-

2095 2420 2260 2476 dam.

2169 2512 2294 2564 916.

2167 2637 2292 2688 917.

2168 2759 2294 2812 918.
2339 2754 2695 2812 Cuonradus
2727 2769 2830 2810 rex
2860 2751 2970 2808 fuit
2994 2751 3054 2806 in
3074 2751 3513 2808 Herclfesfelde.

2166 2849 2290 2901 919.
2335 2843 2687 2901 Cuonradus
2718 2859 2821 2899 rex
2862 2841 3050 2909 obiit;
3108 2841 3204 2897 cui
3256 2841 3559 2897 Heinricus
3602 2841 3756 2896 Saxo

2097 2931 2401 2990 successit.

2167 3309 2290 3362 920.

2168 3737 2292 3790 921.
2337 3737 2461 3788 922.

2165 3827 2292 3880 923.

2164 4057 2288 4111 924.
2331 4055 2582 4120 Hereger
2597 4047 3082 4120 archiepiscopus
3100 4039 3615 4112 Mogontiacensis(
3629 4043 3718 4096 141
3734 4042 3751 4112 )

2095 4143 2277 4211 obiit;
2303 4142 2397 4198 cui
2428 4139 2784 4195 Hildibertus
2815 4134 3029 4207 [abbas
3051 4129 3362 4188 Fuldensis
3385 4133 3421 4184 l.
3445 4132 3499 4184 4.
3525 4131 3600 4200 5.]
3623 4145 3753 4185 suc-

2093 4232 2288 4292 cessit.
2314 4229 2653 4303 [Abbatiam
2686 4225 2948 4298 suscepit
2976 4221 3353 4279 Hadamarus
3386 4223 3434 4274 1.
3461 4223 3515 4276 4.
3549 4219 3623 4289 5.]

2163 4327 2289 4379 925.

2166 4415 2290 4470 926.

2165 4596 2291 4649 927.
2333 4587 2686 4646 Diethardus
2721 4583 2925 4656 junior
2981 4579 3172 4637 abbas
3229 4570 3642 4630 Herveldensis
3666 4569 3749 4624 fa-

2094 4685 2223 4739 ctus
2254 4683 2362 4750 est,
2389 4693 2528 4734 cum
2561 4673 2813 4732 senioris
2847 4667 3150 4728 Diothardi
3175 4662 3421 4721 consilio
3451 4661 3620 4730 (1-12).

2165 4988 2291 5042 928.
2335 4978 2687 5053 Diethardus
2717 4974 2907 5053 abbas
2928 4958 3583 5053 j_uniqr[H1egrjr_el_c_lAens.i‘S

2092 5032 2989 5183 ﬁgis-ccpus'[ﬁiidvesemensis1.
3024 5039 3099 5109 5.]
3132 5032 3464 5104 drdinatus,
3511 5032 3567 5085 et
3617 5032 3752 5084 Bur-

2173 5125 2357 5182 ardus
2381 5121 2574 5178 abbas
2605 5119 2826 5174 electus
2855 5117 2960 5168 est.

2173 5117 2357 5182 ardﬁs
2381 5117 2574 5178 abbas
2605 5119 2826 5174 electus
2855 5117 2960 5168 est.

2161 5216 2287 5269 929.

2169 5605 2318 5678 (142)
2356 5603 2665 5658 Consensu
2693 5600 2748 5652 2.
2779 5597 2811 5648 6
