3986 6178
285 187 391 242 499

598 306 920 362 ANNALES
969 302 1633 360 HILDESHEIMENSES.

357 399 481 454 930.
519 395 824 452 Thiothart
852 393 1051 450 senior
1078 391 1239 448 abba
1265 391 1429 447 obiit.

1214 179 1471 235 ANNAL.
1513 176 1955 234 HILDESHEIM.
1997 173 2367 240 QUEDLINB.
2409 171 2789 229 WEISSEMB.

3616 167 3716 222 500

2325 297 2648 353 ANNALES
2702 291 3437 361 QUEDLINBURGENSES.

2126 390 2248 443 930.
2292 388 2472 442 Facta
2501 389 2589 441 est
2616 399 2824 457 pugna
2852 381 3050 438 valida
3099 379 3420 436 adversum
3473 378 3719 435 Sclavos

2047 476 2220 547 juxta
2245 476 2481 532 Albiam
2511 490 2699 548 prope
2732 471 3003 538 Lunkini,
3033 470 3094 525 in
3133 486 3256 542 qua
3289 471 3558 526 Saxones
3592 468 3718 538 glo-

354 572 681 628 riosissime
711 571 1002 639 vicerunt,
1030 569 1338 642 prostratis
1372 569 1719 626 Sclavorum
1749 571 1849 623 120
1874 564 2213 633 milibus,in
2243 564 2644 637 captivitatem
2671 579 2812 620 vero
2837 564 2942 616 800
2971 559 3166 615 ductis
3195 577 3208 626 ;
3241 573 3490 614 suorum
3515 561 3720 614 autem

352 661 594 718 duobus
619 660 939 717 comitibus
968 657 1259 716 Luthariis
1291 673 1432 714 cum
1461 657 1830 730 quibusdam
1857 653 1987 712 aliis
2009 654 2246 711 amissis
2272 669 2398 712 non
2423 652 2649 720 multis,
2681 648 2958 725 plurimis
3008 651 3215 705 autem
3239 645 3595 704 vulneratis.

353 753 476 808 931.
519 749 823 807 Heinricus
851 764 958 805 rex
986 747 1281 805 Abotritos
1311 746 1562 818 subegit.

353 929 478 983 932.
521 924 828 982 Heinricus
884 941 989 981 rex
1045 924 1153 980 fuit
1203 924 1264 979 in
1323 921 1597 979 Lonsicin
1649 923 1818 998 (143).
1879 925 1946 979 Et

280 1014 510 1074 Thiodo
535 1014 702 1078 obiit,
737 1013 832 1071 cui
864 1013 1150 1070 Burchart
1178 1012 1479 1069 successit.

355 1107 480 1161 933.
505 1103 780 1174 .Meingez
811 1102 975 1159 abba
1003 1101 1352 1172 eligebatur.

353 1281 477 1336 934.
525 1279 830 1336 Heinricus
858 1295 963 1336 rex
990 1279 1053 1335 in
1083 1277 1400 1336 Wocronin
1427 1278 1574 1350 (144)
1603 1294 1744 1335 cum
1774 1293 1942 1336 exer-

281 1368 400 1425 citu
429 1367 556 1424 fuit.
986 1365 988 1367 ’

347 1549 635 1708 32:79:35)
668 1635 835 1707 (145).
869 1637 1083 1703 Magna
1111 1633 1362 1690 sinodus
1393 1632 1503 1688 fuit
1529 1632 1592 1688 in
1621 1632 1937 1706 Erpesfort.

277 1726 346 1780 Et
367 1723 430 1779 in
450 1723 665 1780 eodem
695 1739 857 1780 anno
894 1721 1199 1779 Heinricus
1254 1737 1357 1777 rex
1407 1721 1586 1789 obiit;
1641 1720 1735 1777 cui
1787 1723 1938 1790 Otto,

275 1811 435 1867 ﬁlius
466 1811 616 1882 ejus,
649 1809 937 1867 successit
964 1809 1025 1865 in
1051 1824 1308 1879 regnum
1339 1809 1510 1880 (146).

2116 748 2240 800 931.
2282 745 2402 799 Rex
2429 741 2731 798 Heinricus
2763 755 2905 796 cum
2945 737 3205 794 exercitu
3253 751 3362 792 suo
3404 735 3721 809 profectus

2047 837 2136 890 est
2162 832 2313 904 (147)
2341 831 2404 890 in
2432 831 2750 888 Abodritos
2781 829 2950 902 (148),
2984 826 3284 884 subiciens
3312 840 3415 883 eos
3446 824 3589 882 sibi.

2124 924 2252 978 932.

2123 1103 2246 1154 933.
2290 1100 2667 1169 Ungarorum
2691 1094 2982 1153 exercitus
3012 1110 3049 1151 a
3085 1108 3224 1164 rege
3255 1091 3526 1148 Heinrico
3559 1091 3723 1148 devi-

2051 1191 2182 1244 ctus
2211 1190 2318 1244 est.

2123 1280 2246 1333 934.
2289 1279 2411 1332 Rex
2459 1275 2767 1332 Heinricus
2813 1274 2875 1329 in
2920 1270 3243 1328 Wucronin
3286 1270 3596 1344 profectus
3634 1273 3726 1326 est

2051 1370 2204 1435 (149)
2235 1364 2558 1436 subjiciens
2587 1379 2692 1423 eos
2716 1362 2848 1422 sibi.

2289 1631 2452 1702 (935).
2494 1631 2707 1698 Magna
2759 1627 3008 1684 sinodus
3063 1626 3172 1682 fuit
3225 1626 3286 1682 in
3343 1625 3716 1700 Erphesfurt.

2050 1723 2221 1793 (937).
2256 1719 2562 1776 Heinricus
2586 1733 2692 1774 rex
2716 1716 2861 1773 obiit
2891 1721 2942 1772 6.
2971 1720 3119 1772 Non.
3146 1714 3316 1783 Julii;
3351 1715 3531 1785 cujus
3562 1712 3721 1770 ﬁlius

2053 1811 2184 1866 Otto
2214 1808 2524 1881 paciﬁcus,
2579 1807 2850 1864 Saxoniae
2901 1807 3110 1875 decus,
3156 1805 3290 1876 jure
3335 1803 3718 1860 haereditario

2050 1897 2317 1970 paternis
2344 1898 2594 1968 elegitur
2619 1895 2938 1951 succedere
2962 1894 3181 1965 regnis.
3218 1892 3490 1950 Mechtild
3519 1891 3722 1947 inclita

345 1987 576 2058 regina,
607 1987 866 2043 obeunte
899 1987 1155 2058 conjuge
1182 2002 1314 2050 suo,
1342 1984 1590 2058 praefato
1615 1985 1838 2042 scilicet
1865 2002 2003 2057 rege
2031 1986 2323 2057 Heinrico,
2357 1985 2703 2042 coenobium
2761 1984 2823 2040 in
2871 1987 3075 2040 monte
3117 1980 3609 2051 Quedelingensi,
3661 1985 3721 2036 ut

346 2075 474 2148 ipse
500 2074 666 2147 prius
695 2074 1062 2143 decreverat,
1097 2077 1304 2129 sancta
1333 2073 1648 2129 devotione
1679 2078 2021 2130 construere
2047 2073 2242 2147 coepit.
2275 2077 2393 2130 Hoc
2419 2089 2676 2144 regnum
2702 2072 2979 2143 gentibus
3023 2087 3151 2127 esse
3179 2069 3386 2136 voluit,
3435 2069 3558 2124 hoc
3587 2069 3720 2124 totis

346 2162 578 2220 viribus
607 2161 787 2218 fovet.
817 2161 923 2229 lbi,
952 2161 1097 2234 quia
1126 2161 1279 2217 bene
1317 2164 1461 2218 nata
1486 2177 1624 2218 raro
1655 2177 1726 2217 ac
1775 2161 2120 2219 difﬁcillime
2174 2162 2539 2232 degenerare
2593 2164 2863 2228 noverat,
2921 2175 3045 2215 non
3081 2158 3212 2214 vilis
3263 2173 3565 2231 personae,
3616 2155 3715 2212 sed

348 2267 601 2308 summae
628 2249 1034 2321 ingenuitatis,
1061 2249 1388 2310 tirunculus
1409 2251 1714 2312 canonicis
1744 2251 2014 2321 religioni
2039 2251 2148 2307 rite
2180 2251 2580 2307 deservituras
2609 2248 2864 2320 collegit.
2887 2263 3108 2320 easque
3129 2263 3322 2321 usque
3345 2246 3426 2306 ad
3451 2249 3720 2304 extrema

344 2339 482 2396 vita:
506 2338 678 2396 istius
705 2338 972 2407 caduca),
995 2343 1268 2397 materno
1295 2354 1483 2407 more,
1510 2338 1910 2412 spiritualium
1940 2356 2052 2397 nec
2079 2354 2204 2400 non
2238 2339 2573 2398 carnalium
2598 2337 2789 2411 copiis
2817 2335 3283 2396 commodorum
3309 2334 3577 2396 enutrirc
3596 2350 3718 2394 non

351 2427 595 2484 destitit.

341 2549 447 2600 937
489 2543 652 2616 (936).
697 2540 828 2600 Otto
851 2557 957 2598 rex
986 2541 1179 2599 fuitin
1206 2541 1673 2612 Herolfesfelde;
1728 2547 1786 2599 et
1831 2559 1940 2598 aec-

279 2633 458 2690 clesia
487 2632 682 2689 sancti
708 2631 990 2688 Bonifacii
1019 2635 1229 2688 exusta
1259 2636 1364 2688 est.

2121 2547 2244 2600 937.
2288 2541 2664 2599 Everhardus
2695 2541 2819 2597 dux
2851 2544 3237 2611 Francorum,
3292 2543 3350 2596 et
3403 2539 3718 2610 VVigman-

2049 2649 2165 2688 nus
2201 2632 2552 2699 Saxonieus,
2589 2636 2770 2704 atque
2801 2630 3116 2705 improbus
3148 2630 3503 2698 Thancmer,
3555 2627 3719 2688 inani

2048 2737 2347 2777 consensu
2368 2720 2792 2793 conspiravere
2809 2720 2870 2774 in
2891 2735 3122 2789 regem:
3144 2718 3248 2774 sed
3275 2718 3374 2774 Dei
3395 2716 3592 2787 gratia
3607 2717 3719 2772 cito

343 2808 643 2867 revelante
671 2809 818 2879 regi,
845 2807 946 2864 illa
975 2808 1185 2882 iniqua
1216 2808 1585 2882 conspiratio
1618 2809 1920 2884 sapienter
1943 2824 2238 2882 oppressa
2263 2813 2370 2865 est.
2394 2812 2546 2865 Nam
2573 2811 2862 2865 Tancmer
2892 2805 3308 2863 miserabiliter
3332 2805 3593 2873 occisus,
3626 2803 3719 2860 alii

344 2902 547 2955 autem
575 2895 854 2964 truncati,
885 2896 1162 2969 suspensi
1194 2901 1352 2954 sunt.
1378 2897 1752 2953 Everhardus
1781 2896 2051 2970 privatus
2081 2896 2332 2965 honore,
2379 2896 2748 2968 degradatus
2779 2899 2868 2953 est
2896 2914 2910 2964 ;
2969 2895 3244 2964 Wigman
3301 2909 3446 2950 vero
3498 2892 3720 2967 suppli-

343 2985 538 3042 cando
567 2985 827 3058 pedibus
847 2985 1024 3055 regis,
1058 2985 1474 3043 reconciliatus
1504 2989 1610 3042 est.
1645 2989 1708 3042 in
1743 2985 1956 3042 eadem
1985 2989 2338 3060 tempestate
2389 2986 2696 3042 venientes
2742 2985 2985 3056 Ungari,
3039 2987 3431 3040 vastaverunt
3473 2982 3722 3038 Thurin-

341 3073 504 3146 giam
538 3092 552 3143 ;
584 3072 802 3130 deinde
831 3073 893 3129 in
921 3073 1264 3142 Saxoniam,
1290 3073 1494 3146 ibique
1524 3073 1585 3130 in
1614 3074 1940 3148 paludibus
1969 3075 2316 3148 caeterisque
2342 3073 2799 3130 difﬁcultatibus
2830 3074 3163 3146 perierunt.
3194 3071 3325 3128 Alia
3354 3076 3562 3128 autem
3583 3086 3720 3143 pars

342 3161 588 3218 nefandi
618 3161 909 3218 exercitus
939 3160 1225 3230 fugiendo
1255 3161 1318 3217 in
1346 3166 1566 3219 terram
1611 3179 1787 3218 suam
1816 3163 2035 3219 reversi
2079 3167 2235 3220 sunt.
2297 3163 2522 3219 Eodem
2574 3178 2736 3219 anno
2795 3161 3167 3218 Hildebertus
3224 3160 3718 3233 archiepiscopus

341 3251 721 3321 Moguntinus
752 3249 916 3318 obiit,
945 3248 1118 3322 eique
1146 3249 1474 3306 Fridericus
1503 3251 1811 3308 successit.

339 3381 444 3434 938
483 3377 652 3449 (937).
696 3375 984 3432 Eberhart
1035 3390 1237 3431 comes
1295 3375 1666 3446 Heinricum,
1743 3376 1934 3432 ﬁlium

272 3465 528 3522 Heinrici
552 3465 730 3535 regis,
764 3468 1011 3536 captum
1039 3463 1288 3535 projecit
1315 3463 1376 3519 in
1405 3464 1661 3521 vincula.

342 3559 445 3611 939
485 3555 654 3626 (938).
696 3553 983 3610 Eberhart
1005 3556 1062 3609 et
1087 3553 1366 3610 Gisilbrat
1387 3553 1679 3610 interfecti
1705 3555 1862 3608 sunt.

2116 3381 2242 3433 938.
2283 3376 2670 3433 Eburhardus
2701 3393 2906 3433 comes
2940 3376 3300 3448 Heinricum,
3330 3374 3525 3430 ﬁlium
3548 3374 3714 3430 Hein-

2045 3465 2151 3521 rici
2180 3466 2356 3536 regis,
2381 3470 2626 3539 captum
2654 3467 2904 3540 projecit
2932 3469 2994 3523 in
3020 3465 3279 3522 vincula.

2117 3558 2243 3610 939.
2287 3555 2408 3610 Hoc
2437 3569 2598 3610 anno
2641 3570 2782 3610 cum
2833 3559 2988 3611 esset
3038 3570 3144 3610 rex
3197 3553 3260 3609 in
3303 3551 3715 3625 superioribus

2046 3643 2321 3715 partibus
2361 3644 2547 3701 Rheni
2601 3644 2892 3716 ﬂuminis,
2952 3643 3254 3700 Heinricus
3305 3641 3490 3698 frater
3537 3643 3714 3716 regis,

343 3729 734 3787 Eburhardus
755 3729 881 3786 dux
911 3732 1295 3793 Francorum,
1330 3731 1508 3803 atque
1541 3728 1968 3790 Gisilbrechtus
1998 3746 2202 3788 comes
2233 3732 2671 3801 Luthariorum,
2715 3737 3080 3804 congregato
3132 3731 3398 3790 nefando
3445 3733 3710 3794 exercitu

344 3822 717 3876 transeuntes
746 3819 1041 3889 Rhenum,
1074 3818 1406 3875 maximam
1425 3823 1659 3891 partem
1675 3818 1844 3892 regni
1859 3818 2215 3894 ~depopulati
2245 3826 2402 3877 sunt.
2430 3825 2579 3879 Cum
2609 3827 2811 3879 autem
2840 3823 3061 3879 reversi
3088 3825 3230 3878 sunt
3258 3821 3713 3893 gratulabundi,

343 3907 698 3964 nunciatum
729 3913 818 3965 est
848 3907 1039 3965 Udoni
1070 3907 1267 3964 amico
1295 3908 1491 3978 regis;
1523 3907 1629 3981 qui
1658 3923 1798 3963 cum
1829 3907 1954 3963 suis
1983 3913 2285 3981 repetente
2310 3910 2542 3966 irruens
2568 3911 2629 3966 in
2674 3927 2797 3968 eos.
2851 3909 3272 3967 Eburhardum
3318 3911 3382 3966 in
3410 3909 3550 3982 ipsa
3578 3911 3712 3983 ripa

341 3995 609 4053 ﬂuminis
634 3996 944 4065 hostiliter,
959 3996 1044 4053 uti
1074 3995 1294 4065 dignus
1319 4001 1466 4063 erat,
1491 3995 1839 4052 occiderunt
1863 4013 1876 4063 ;
1907 3996 2262 4054 Gisilbrecht
2286 4002 2490 4054 autem
2514 3998 2576 4053 in
2602 3997 2770 4054 brevi
2792 3999 3056 4055 ﬂuminis
3084 3998 3368 4070 voragine
3388 3998 3712 4064 dimersus,

342 4089 399 4140 et
427 4085 531 4157 qui
560 4101 701 4142 cum
723 4085 822 4141 illo
867 4090 1056 4156 erant,
1090 4085 1269 4141 simul
1300 4085 1668 4155 interierunt,
1701 4085 2010 4141 Heinricus
2041 4092 2264 4156 autem,
2296 4087 2477 4143 frater
2506 4088 2656 4158 ejus,
2689 4088 3019 4160 assumptis
3061 4087 3442 4159 adjutoribus
3484 4086 3712 4160 suppli-

347 4173 543 4228 cando
583 4175 728 4244 regi,
763 4174 1020 4244 gratiam
1054 4191 1232 4230 suam
1262 4175 1504 4248 recepit.

349 4278 475 4333 940.

349 4365 478 4420 941.

347 4739 474 4796 942.
512 4737 745 4794 Treveri
769 4735 1049 4794 dedicata
1078 4739 1172 4793 est
1197 4736 1450 4795 basilica
1471 4738 1662 4796 sancti
1681 4741 1945 4799 Maximi-

274 4827 338 4884 ni
363 4843 402 4884 a
424 4827 747 4885 Ruotberto
777 4827 1251 4901 archiepiscopo.

348 4919 474 4974 943.
519 4916 775 4975 Sinodus
805 4917 885 4974 ad
909 4918 1186 4976 Bunnam
1216 4922 1583 4990 congregata
1606 4923 1714 4977 est.

351 5009 482 5064 944.

379 5268 498 5338 143)
541 5271 697 5324 terra
717 5269 1108 5327 Liutitiorum.

351 5269 478 5483 ἓ143

378 5341 478 5396 144

379 5412 478 5465 145

378 5339 503 5481 144)
542 5343 698 5395 terra
720 5342 1102 5412 chermark.

379 5412 478 5465 145
539 5413 849 5468 Annorum
887 5416 1102 5469 935-93!

539 5413 849 5468 Annorum
887 5416 1120 5469 935-938
1150 5413 1568 5470 adnotationes
1602 5413 1777 5470 annis
1807 5419 1940 5472 936-

285 5481 390 5560 939
443 5481 840 5560 assignandas
892 5500 1020 5560 esse
1032 5487 1238 5557 patet;
1287 5499 1364 5541 an
1419 5488 1477 5542 et
1529 5486 1824 5560 expeditio
1877 5487 1941 5542 in

281 5553 603 5610 Wucronin
632 5569 793 5612 anno
821 5559 925 5613 935
949 5555 978 5610 ?

351 5625 500 5697 (146)
540 5629 609 5683 Et
631 5657 700 5668 —
754 5641 1011 5697 regnum
1057 5625 1254 5684 deleta
1293 5633 1462 5699 sunt,
1501 5642 1759 5701 qualum
1809 5629 1939 5694 loco

2119 4284 2249 4339 940.
2295 4282 2596 4338 Dedicatio
2627 4281 3169 4338 Gandeshemensis
3199 4282 3482 4338 ecclesiae.

2119 4375 2244 4428 941.
2287 4373 2417 4428 Otto
2446 4387 2551 4427 rex
2579 4371 2653 4427 de
2682 4371 2912 4426 insidiis
2934 4371 3386 4441 conjuratorum
3414 4375 3632 4428 contra
3655 4386 3712 4426 se

2045 4440 2356 4515 liberatus,
2388 4443 2588 4498 statim
2616 4443 2846 4515 pascha
2873 4442 2935 4498 in
2985 4440 3712 4515 Quedelingensicivitate

2047 4513 2349 4638 quosdam
2375 4529 2637 4638 qluorum
2670 4513 2921 4570 nomina
2971 4518 3111 4569 sunt
3153 4513 3309 4581 Erik,
3367 4513 3710 4580 Reinward,

2095 4585 2246 4638 arin.
2276 4589 2393 4638 Asc
2439 4584 2578 4638 eric.
2605 4587 2813 4638 Bacco.
2846 4587 3125 4638 Hermon.
3157 4584 3371 4638 occidi.
3401 4585 3710 4638 quosdam

2095 4585 2246 4649 arin,
2276 4584 2578 4660 ascheric,
2605 4587 3125 4660 Bacco,_llermon,
3157 4584 3371 4655 occidi,
3401 4585 3711 4660 quosdam

2048 4670 2192 4711 vero
2213 4655 2388 4712 exilio
2413 4655 2664 4727 relegari
2680 4656 2881 4725 jussit.
3422 4655 3445 4658 ”
3589 4655 3600 4660 “
3633 4655 3640 4660 ’

2121 4745 2247 4800 942.

2157 4921 2248 4976 43.

2157 4923 2191 4975 4
2234 4962 2248 4976 .

2288 5008 2628 5064 Graecorum
2641 5023 2748 5065 rex
2778 5008 2974 5067 Ottoni
2997 5009 3122 5080 regi
3142 5012 3293 5078 (150)
3324 5009 3510 5067 xenia
3525 5010 3707 5066 misit.

2047 5289 2260 5350 meum
2278 5275 2485 5350 saguli
2511 5275 2606 5350 XI
2621 5275 2863 5345 scripsit
2923 5292 2935 5331 :
2995 5274 3299 5350 Heinricus
3325 5277 3562 5350 primus
3605 5291 3706 5332 rex

2048 5346 2214 5416 obiit,
2229 5345 2323 5401 cui
2346 5347 2476 5402 Otto
2504 5345 2736 5418 primus
2759 5347 3058 5403 successit.

2122 5419 2272 5490 (147)
2308 5433 2370 5490 p_.
2400 5432 2470 5490 e._
2485 5433 2598 5490 sec.
2623 5433 2831 5475 manu.

2145 5487 2267 5560 148)
2303 5487 2658 5546 Abodritum
2680 5492 2886 5560 prima
2909 5506 3115 5549 manu.

2143 5561 2262 5630 149)
2300 5573 2362 5630 p.
2390 5575 2443 5630 e,
2467 5576 2656 5618 manu
2679 5577 2793 5620 sec.

2144 5633 2268 5698 150)
2304 5633 2494 5689 Manu
2520 5637 2574 5690 2.
