3986 6178
379 261 483 313 503

677 375 1004 432 ANNALES
1035 369 1678 428 HILDESHEIMENSES

430 472 552 524 945.
583 466 782 534 Legati
815 465 1140 518 Grecorum
1196 461 1489 515 venerunt
1527 455 1604 513 ad
1625 469 1828 522 regem
1859 453 2014 508 Otto-

357 573 497 613 nem
528 570 666 610 cum
697 551 1073 608 muneribus.

427 666 529 719 946
561 662 730 732 (947).
784 659 990 715 Etheid
1014 657 1223 728 regina
1249 655 1396 712 obiit
1424 660 1477 724 7,
1511 652 1640 708 Kal.
1677 649 1841 707 Febr.

429 948 532 1001 947
543 987 554 998 .

431 1123 554 1176 948.
592 1117 846 1175 Sinodus
901 1116 978 1171 ad
1035 1111 1441 1183 Engilenheim
1485 1112 1848 1178 congregata
1903 1111 2012 1174 est,

361 1210 456 1265 cui
485 1208 739 1264 Marinus
771 1206 1002 1273 legatus
1024 1201 1387 1275 apostolicus
1418 1199 1696 1272 presedit.

432 1301 555 1352 949.
591 1295 945 1351 Cuonradns
997 1292 1119 1346 dux
1151 1290 1262 1345 sibi
1314 1288 1600 1343 conduxit
1628 1287 1811 1341 filiam
1861 1285 2016 1354 regis

362 1384 586 1440 Ottonis
617 1384 674 1438 in
705 1381 1119 1438 habitatricem
1157 1398 1169 1434 :
1217 1383 1273 1434 et
1325 1377 1527 1432 nuncii
1571 1379 1890 1431 Grecorum
1922 1391 2016 1429 ve-

359 1477 576 1528 nerunt
598 1471 864 1528 secundo
881 1469 958 1526 ad
974 1485 1175 1539 regem
1189 1470 1462 1524 Ottonem
1485 1481 1624 1520 cum
1641 1464 2012 1520 muneribus.

431 1655 554 1706 950.
590 1648 812 1703 Bellum
841 1661 1133 1716 magnum
1159 1644 1383 1700 factum
1409 1647 1496 1697 est
1538 1641 1688 1697 inter
1713 1641 2015 1697 Bawarios

361 1745 418 1795 et
448 1737 757 1807 Ungarios.

433 1834 557 1885 951.
589 1830 719 1882 Otto
744 1841 848 1880 rex
869 1825 928 1878 in
961 1823 1188 1878 Italiam
1227 1820 1503 1894 perrexit,
1537 1823 1592 1873 et
1621 1835 1758 1874 cum
1781 1834 1851 1873 eo
1883 1817 2014 1872 Liu—

361 1917 562 1973 dulfus
591 1915 748 1969 ﬁlius
777 1915 925 1984 ejus,
959 1917 1016 1967 et
1062 1911 1413 1968 Cuonradus
1466 1909 1608 1975 dux,
1667 1913 1845 1980 atque
1899 1907 2016 1962 Fri-

362 2006 630 2062 thuricus
663 2002 1152 2075 archiepiscopus
1178 1998 1681 2067 Mogonciacensis
1712 1997 2012 2054 aecclesias.

363 2094 568 2165 Ibique
597 2095 726 2148 Otto
757 2108 860 2146 rex
891 2089 1212 2162 adquisivit
1239 2089 1351 2144 sibi
1397 2088 1475 2143 ad
1497 2088 1838 2144 societatem
1867 2085 2018 2140 Ada-

361 2182 624 2238 lheidam
650 2182 943 2249 reginam,
978 2184 1035 2236 et
1088 2181 1488 2249 Berengerum
1518 2193 1721 2247 regem
1769 2176 1842 2231 de
1875 2179 2018 2230 Lan-

365 2271 651 2342 gobardis
672 2272 786 2326 sibi
813 2269 1066 2340 subegit.

438 2897 561 2947 952.

436 2984 560 3035 953.
599 2979 749 3034 Satis
775 2977 991 3033 acerba
1013 2982 1070 3032 et
1121 2977 1376 3032 nimium
1435 2976 1688 3032 crudelis
1725 2975 2021 3031 dissensio

366 3056 568 3106 exorta
597 3055 684 3104 est
708 3049 857 3104 inter
891 3048 1246 3113 l.imlulfum,
1262 3047 1450 3103 ﬁlium
1471 3049 1718 3118 regis,et
1738 3053 2021 3120 patruum

366 3123 495 3191 ejus
532 3121 886 3182 Heinricum,
918 3121 1049 3191 ipso
1075 3137 1212 3192 rege
1242 3125 1443 3192 partes
1476 3120 1667 3192 fratris
1710 3119 1806 3192 sui
1853 3119 2022 3192 adju-

363 3190 539 3248 vante
577 3212 588 3256 ;
627 3190 961 3264 mansitque
986 3208 1114 3264 iper
1144 3190 1296 3264 duos
1353 3208 1545 3246 annos
1601 3191 1659 3245 in
1705 3190 2018 3264 incendiis,

364 3265 714 3336 czedibusiet
737 3261 1326 3336 depopulationibus,
1359 3264 1649 3336 multique
1683 3279 1802 3336 non
1825 3261 2022 3316 solum

362 3336 437 3391 de
466 3335 715 3408 populo,
750 3333 852 3389 sed
875 3333 1052 3390 etiam
1079 3334 1152 3408 de
1169 3333 1572 3408 optimatibus,
1587 3333 2017 3408 occubuerunt.

364 3403 486 3462 Hoc
509 3403 686 3462 etiam
719 3421 880 3460 anno
901 3403 1472 3472 Mogontiabbsessa
1500 3409 1605 3471 est,
1635 3409 1691 3459 et
1711 3403 2020 3459 castellum

361 3478 527 3549 quod
559 3476 848 3549 Hossadal
907 3477 1081 3549 (153)“
1114 3475 1457 3549 nominatur
1489 3495 1500 3544 ;
1536 3476 1879 3548 factumque
1931 3479 2024 3530 est

365 3545 658 3616 magnum
688 3546 913 3602 bellum
939 3546 999 3600 in
1025 3545 1124 3600 illo
1156 3545 1306 3601 loco.

436 3639 560 3692 954.
596 3634 952 3690 Frithuricus
997 3634 1482 3706 archiepiscopus
1533 3635 2022 3704 Mogontiacensis

364 3723 628 3780 ecclesia).
657 3722 822 3788 obiit,
848 3722 936 3777 vir
965 3738 1219 3777 summae
1243 3721 1633 3785 abstinentiae,
1658 3723 1715 3778 in
1738 3723 2022 3793 religione

366 3815 577 3867 sancta
606 3815 665 3866 et
689 3810 962 3866 doctrina
992 3810 1284 3884 probatus
1310 3829 1322 3878 ;
1354 3814 1410 3866 et
1427 3810 1831 3883 Willihclmus,
1865 3812 2022 3868 ﬁlius

364 3901 542 3971 regis,
599 3900 886 3956 successit
914 3900 975 3956 in
1004 3900 1206 3956 locum
1237 3917 1437 3956 suum.
1489 3901 1882 3958 Thiothardus
1907 3901 2021 3975 piae

364 3989 670 4046 memorias
689 3989 1009 4064 episcopus
1035 3989 1179 4046 obiit
1209 4008 1222 4058 ;
1252 3989 1346 4046 cui
1402 3990 1665 4048 Otwinus
1721 3990 2020 4047 successit.

438 4084 560 4134 955.
587 4081 717 4134 Otto
748 4095 852 4134 rex
885 4079 1172 4149 Ungarios
1201 4095 1339 4134 cum
1366 4095 1591 4150 magno
1644 4080 1907 4152 periculo
1932 4079 2023 4135 sui

370 4181 738 4237 suorumque
762 4181 988 4236 magna
1025 4172 1080 4222 et
1102 4171 1348 4222 eruenta
1387 4167 1530 4223 cede
1568 4168 1886 4240 prostravit
1919 4187 1931 4235 ;
1963 4167 2025 4223 in

368 4271 488 4326 quo
521 4259 721 4311 tamen
748 4255 901 4311 bello
929 4257 1279 4312 Cuonradus
1301 4257 1444 4325 dux,
1471 4273 1652 4327 gener
1680 4258 1856 4328 regis,
1886 4277 2023 4314 cum

255 4388 262 4392 _
371 4343 499 4398 aliis
526 4343 728 4398 multis
755 4345 985 4398 occisus
1025 4351 1133 4401 est.
1170 4349 1234 4401 Et
1279 4347 1581 4402 Heinricus
1615 4349 1735 4403 dux
1762 4349 2026 4418 Bajowa-

370 4431 616 4498 riorum,
648 4430 824 4487 frater
861 4432 1016 4501 regis
1047 4433 1291 4501 Ottonis,
1323 4434 1486 4490 obiit.
1519 4439 1584 4491 Et
1620 4437 1831 4491 eodem
1865 4453 2025 4492 anno

371 4537 473 4576 rex
503 4523 634 4576 Otto
665 4520 1164 4592 periculosissime
1195 4538 1308 4578 con
1351 4525 1499 4597 (154)
1545 4526 1843 4582 Abotritos
1882 4542 2026 4582 con-

371 4610 536 4677 ﬂixit,
571 4627 724 4683 quos
762 4609 918 4666 ﬁlius
960 4616 1272 4669 matertere
1321 4614 1450 4686 ejus
1509 4616 1765 4687 Egberht
1820 4623 2028 4677 contra

369 4699 535 4755 illum
569 4702 969 4771 congregavit.

440 4865 563 4940 956.
599 4861 975 4940 Ruodhertus
1007 4861 1351 4940 Trevericus
1408 4867 1911 4940 archiepiscopus,
1971 4874 2029 4927 et

371 4931 770 4988 Haldamarus
821 4935 982 4990 abba
1036 4936 1340 4992 lv‘uldensis
1405 4931 1663 4994 cosnobii
1727 4931 2022 4998 obierunt.

369 5003 593 5067 Quibus
621 5005 929 5080 Heinricus
962 5009 1279 5080 episcopus
1293 5014 1360 5080 et
1390 5009 1562 5065 Hatto
1596 5011 1756 5066 abba
1783 5027 2027 5069 succes-

369 5076 704 5156 serunt.HI_n
741 5078 966 5156 eodem
996 5076 1194 5134 'anno
1247 5079 1573 5156 Liudulfus,
1625 5082 1785 5137 ﬁlius
1842 5085 2022 5156 regis,

368 5147 628 5217 perrexit
649 5147 709 5202 in
740 5147 989 5217 Italiam,
1016 5165 1273 5223 eamque
1300 5151 1552 5224 subegit.

441 5375 909 5464 (1.53).!‘Ossthsl,
931 5382 993 5464 ζει
1023 5383 1374 5464 Praefectura
1399 5387 1772 5464 Qedglzbslte
1821 5390 2024 5464 circuli

364 5448 783 5586 galdla’nétnsis
822 5448 901 5508 in'
939 5448 1231 5525 Bajoaria.
1286 5459 1348 5513 V.
1407 5459 1486 5515 Cl.
1535 5448 1862 5517 Wedelfind
1909 5465 2023 5518 No-

436 5592 578 5730 (154)
610 5593 678 5649 H.
707 5595 795 5650 ita
828 5595 1015 5652 codex
1042 5600 1080 5655 ἱ.
1111 5616 1160 5657 e.
1192 5618 1332 5658 cum
1363 5603 1650 5660 abotritis.

463 5663 796 5730 155)καηα
822 5670 873 5722 2.
909 5667 1008 5724 hic
1035 5671 1299 5730 Liudolﬁ
1327 5681 1382 5730 et
1411 5677 1650 5730 Liuiam

463 5663 796 5734 155)καηα
822 5670 873 5722 2.
909 5667 1008 5724 hic
1035 5671 1299 5742 Liudolﬁ
1327 5681 1382 5730 et
1411 5677 1762 5746 Liutgarda:
1817 5682 2018 5750 conju-

1290 246 1547 302 ANNAL.
1582 239 2023 297 HILDESHEIM.
2054 240 2450 309 QUEDLIMB.,
2480 239 2860 298 WEISSEMB.

2399 366 2725 420 ANNALES
2762 362 3504 428 QUEDLINBURGENSES.

2195 455 2317 507 9’15.

2196 649 2319 701 946.
2350 645 2520 701 Edith
2549 645 2776 714 regina,
2809 642 3155 700 contectalis
3186 642 3393 712 magni
3439 642 3676 698 Ottonis
3702 658 3790 697 re—

2127 735 2236 805 gis,
2267 751 2546 791 amarum
2577 733 2784 790 mortis
2813 733 3100 807 poculum
3154 732 3518 803 degustavit,
3573 731 3793 788 relictis

2123 830 2261 897 post
2292 841 2353 880 se
2383 824 2624 881 duobus
2639 823 2842 880 liberis
2875 822 3146 880 Liudolfo
3172 827 3229 878 et
3268 821 3611 894 Liutgarde.

2195 915 2318 968 947.
2345 912 2720 984 Privilegiam
2751 928 2787 970 a
2806 927 2969 985 papa
3000 911 3254 984 Agapito
3274 909 3798 979 Quedlinburgen-

2125 1001 2174 1057 si
2199 1002 2772 1076 congregationique
2802 1002 2990 1058 sancti
3044 1001 3286 1056 Servatii
3321 999 3593 1056 defertur
3627 999 3794 1070 (155).

2196 1095 2319 1148 948.
2353 1092 2631 1165 Synodus
2661 1092 2738 1148 ad
2794 1091 3199 1163 Eggilenheim
3253 1094 3630 1161 congregata
3692 1094 3798 1158 est,

2125 1181 2221 1236 cui
2248 1182 2504 1238 Marinus
2528 1183 2673 1254 (156)
2698 1183 2928 1252 legatus
2959 1181 3321 1255 apostolicus
3343 1178 3652 1252 praesedit.

2196 1275 2318 1326 949.
2355 1272 2662 1328 Conradus
2715 1272 2838 1326 dux
2895 1270 3297 1340 Liutgardam,
3329 1269 3519 1324 ﬁliam
3568 1268 3801 1324 Ottonis

2123 1360 2278 1429 regis
2309 1365 2364 1416 ct
2389 1361 2611 1427 Edittae,
2645 1360 2756 1416 sibi
2788 1360 2848 1416 in
2874 1376 3123 1417 uxorem
3149 1359 3335 1414 duxit.
3372 1357 3604 1414 Eodem
3637 1373 3802 1412 anno

2123 1454 2415 1504 venerunt
2469 1448 2738 1505 secundo
2794 1449 2996 1504 nuncii
3041 1451 3380 1504 Graecorum
3440 1446 3524 1502 ad
3593 1462 3800 1515 regem

2125 1540 2397 1594 Ottonem
2430 1556 2570 1594 cum
2598 1539 2970 1594 muneribus.

2194 1632 2317 1684 950.
2351 1628 2579 1684 Bellum
2611 1644 2904 1699 magnum
2958 1628 3181 1684 factum
3229 1631 3316 1682 est
3349 1625 3506 1681 inter
3534 1627 3800 1680 Bavaros

2123 1721 2180 1772 et
2213 1721 2503 1788 Ungaros.

2196 1810 2317 1880 951.
2349 1809 2480 1880 Otto
2494 1823 2612 1880 rex
2641 1806 2898 1880 perrexit
2928 1807 2989 1862 in
3015 1805 3265 1880 Italiam,
3295 1809 3353 1880 e_t
3383 1821 3528 1880 cum
3564 1820 3639 1860 eo
3672 1803 3800 1874 ejus

2125 1877 2282 1950 ﬁlius
2310 1877 2608 1933 Liudolfus
2633 1876 2767 1950 pius
2798 1883 2855 1933 et
2885 1878 3192 1950 Conradus
3219 1876 3800 1950 audacissimus,ge-

2124 1965 2232 2004 ner
2258 1949 2447 2021 ipsius
2478 1947 2654 2019 regis;
2689 1955 2868 2021 atque
2924 1949 3255 2004 Fridericus
3297 1947 3800 2021 archiepiscopus

2126 2017 2908 2089 MogtintiacensisechESiie
2951 2024 3422 2089 ceeterorumque
3450 2017 3802 2074 innumera-

2125 2090 2261 2146 bilis
2289 2092 2609 2147 multitudo
2639 2107 2709 2147 ex
2739 2091 2906 2147 omni
2933 2105 3119 2158 regno
3150 2106 3280 2146 suo.
3301 2089 3514 2161 Ibique
3545 2089 3679 2161 ipse
3702 2104 3802 2161 rex

2125 2161 2548 2218 invictissimus
2575 2165 2706 2219 Otto
2737 2161 3129 2218 Adelheidam
3158 2160 3456 2230 reginam,
3489 2160 3670 2215 vultu
3698 2160 3799 2215 de-

2127 2249 2354 2302 coram,
2383 2233 2632 2306 consilio
2657 2233 2995 2306 providam,
3029 2239 3085 2288 et
3109 2233 3390 2306 universa
3416 2247 3671 2287 morum
3699 2231 3803 2286 ho-

2125 2309 2355 2360 nestate
2391 2305 2562 2360 valde
2616 2302 2988 2377 praeclaram,
3045 2309 3102 2359 et
3154 2302 3340 2377 regali
3366 2317 3635 2377 avorum
3659 2307 3803 2377 _ata-

2127 2391 2461 2458 vorumque
2504 2373 2789 2458 prosapia
2817 2380 3031 2458 ortam,
3066 2375 3332 2458 conjuge.
3359 2373 3802 2458 illustrissimo,

2129 2444 2427 2518 Lothario
2441 2444 2663 2518 scilicet
2689 2444 2861 2516 rege,
2909 2447 3037 2518 jam
3087 2444 3617 2518 tune—viduatam,
3663 2460 3805 2518 con-

2127 2517 2354 2590 nubiali
2387 2515 3142 2590 sibivinculo’sociandam
3173 2515 3555 2590 adquisivit;
3617 2517 3800 2590 cujus

2128 2589 2321 2660 etiam,
2341 2588 2600 2660 consilio
2668 2604 2924 2659 regnum
2971 2585 3425 2660 Longobardize,
3485 2586 3664 2660 quod

2125 2659 2504 2731 haereditario
2528 2661 2663 2731 jure
2688 2657 2964 2730 cesserat,
3007 2657 3145 2716 cum
3200 2657 3530 2731 Beringero
3553 2657 3804 2731 tiranno

2127 2730 2336 2802 ditioni
2374 2747 2503 2802 sua:
2531 2729 2928 2802 'subjugatur.
2983 2731 3204 2787 Eodem
3269 2745 3432 2787 anno
3459 2729 3800 2799 Heinricus,

2127 2800 2284 2856 ﬁlius
2316 2801 2567 2857 Heinrici
2594 2800 2786 2870 ducis,
2835 2807 3010 2859 natus
3040 2807 3147 2859 est.

2199 2892 2322 2944 952.

2201 2977 2323 3029 953.
2358 2977 2510 3032 Satis
2556 2977 2775 3034 acerba
2832 2985 2889 3034 et
2933 2978 3114 3034 nimis
3172 2977 3432 3034 crudelis
3497 2977 3804 3034 dissensio

2131 3050 2337 3101 exorta
2367 3052 2453 3121 est
2483 3047 2645 3121 inter»
2692 3049 3053 3116 Liudolfum,
3113 3049 3304 3104 ﬁlium
3356 3049 3534 3117 regis,
3570 3055 3631 3104 et
3691 3065 3802 3121 pa-

2132 3121 2330 3192 truum
2376 3119 2504 3188 ejus
2549 3119 2909 3190 Heinricum,
2970 3121 3125 3192 ipso,
3158 3137 3295 3189 rege
3351 3126 3551 3192 partes
3601 3119 3802 3175 fratris

2133 3188 2222 3268 sui
2244 3188 2488 3268 juvante
2521 3209 2532 3255 ;
2566 3188 2906 3268 mansitque
2937 3188 3043 3268 per
3093 3188 3246 3268 duos
3277 3188 3573 3268 anho_s_in
3604 3192 3806 3246 incen-

2131 3258 2262 3336 diis,
2297 3261 2564 3336 caedibus
2589 3267 2644 3336 et
2691 3258 3622 3336 depopulationibus,_multique
3677 3278 3802 3318 non

2133 3329 2328 3414 solum
2357 3332 2432 3414 de
2447 3333 2706 3414 populo,
2736 3329 3047 3414 séd'etiarn
3094 3333 3168 3388 de
3191 3329 3585 3414 optimatibus
3617 3349 3801 3414 occuf

2130 3399 2410 3474 buerunt.
2445 3399 2562 3459 Hoc
2593 3399 2773 3460 etiam
2800 3420 2961 3461 anno
2993 3399 3292 3474 Moguntia
3320 3405 3574 3460 obsessa
3603 3410 3714 3474 est,
3746 3409 3800 3460 et

2132 3472 2444 3529 castellum
2482 3475 2954 3548 quod_Bosodal
2993 3472 3343 3548 nominatur
3376 3494 3388 3545 ;
3444 3472 3799 3548 factumque

2131 3548 2222 3598 est
2247 3545 2541 3615 magnum
2561 3545 2788 3602 bellum
2812 3547 2873 3602 in
2901 3547 3000 3604 illo
3031 3547 3183 3604 loco.

2205 3636 2327 3688 954.
2364 3635 2690 3691 Fridericus
2744 3637 3230 3711 archiepiscopus
3297 3637 3800 3709 Moguntiacensis

2132 3721 2395 3777 ecclesiae
2425 3723 2589 3790 obiit,
2622 3725 2713 3780 vir
2742 3741 2994 3781 summae
3023 3726 3417 3796 abstinentiae,
3448 3727 3512 3781 in
3562 3727 3802 3796 religio-

2132 3825 2207 3864 ne
2233 3815 2445 3867 sancta
2500 3817 2556 3868 et
2601 3813 2874 3871 doctrina
2927 3815 3262 3888 probatus;
3311 3820 3371 3871 et
3424 3815 3799 3882 Wilhelmus,

2130 3898 2289 3956 ﬁlius
2312 3901 2494 3972 regis,
2525 3904 2812 3960 successit
2836 3906 2899 3961 in
2926 3904 3128 3962 locum
3179 3922 3380 3963 suum.
3439 3905 3599 3963 Obiit
3655 3907 3803 3962 Lint-

2132 3989 2304 4058 gard,
2327 3990 2493 4060 regia
2523 3991 2742 4064 proles.

2204 4082 2327 4135 955.
2359 4081 2485 4136 Otto
2508 4097 2610 4136 rex
2639 4085 2908 4151 Ungaros
2961 4099 3099 4139 cum
3132 4098 3358 4157 magno
3387 4084 3666 4157 periculo
3711 4084 3801 4140 sui

2133 4166 2762 4228 suorumquemagna
2792 4161 2849 4209 et
2878 4161 3123 4228 cruenta
3165 4156 3326 4211 caede
3364 4156 3661 4228 postravit
3693 4175 3716 4228 ;7
3740 4157 3801 4211 in

2131 4237 2258 4302 quo
2284 4226 2484 4302 tamen
2515 4224 2672 4302 b_ello_
2703 4226 3011 4302 Conradus
3065 4226 3208 4302 dux
3247 4224 3549 4302 cuni_aliis
3595 4227 3800 4302 multis

2133 4296 2372 4366 occisus
2404 4299 2508 4350 est.
2537 4298 2602 4350 Et
2634 4296 2936 4351 Heinricus
2966 4297 3086 4351 dux
3111 4299 3804 4366 Bajowariorum,frater

2133 4364 2564 4444 regisottonis,
2584 4366 2747 4444 obiit.
2766 4372 2945 4444 pono
2995 4368 3116 4426 dux
3143 4364 3356 4444 fortis,
3405 4364 3804 4444 mortemgu-

2135 4435 2307 4490 stavit
2332 4435 2409 4490 ab
2444 4438 2730 4506 Ungariis.
2761 4439 2875 4492 Sed
2895 4443 2951 4494 et
2979 4455 3082 4494 rex
3131 4441 3260 4496 Otto
3291 4435 3802 4506 periculosissime

2135 4511 2342 4586 contra
2372 4507 2692 4586 Abodritos
2717 4510 2999 4586 conflixit,
3049 4526 3204 4582 quos
3256 4507 3428 4586 ﬁlius,
3461 4517 3802 4586 matertera:

2133 4577 2264 4646 ejus
2287 4577 2573 4651 Egbertus
2598 4585 2806 4651 contra
2842 4577 3011 4636 illum
3049 4577 3454 4651 congregavit.
3499 4583 3801 4648 Mechtild,

2134 4661 2378 4731 gemma
2398 4649 2722 4731 praelucida
2751 4651 2896 4731 (t57_)_
2921 4668 2952 4708 e
2983 4649 3190 4731 medio
3229 4649 3490 4731 coronae_
3511 4654 3804 4731 imperia-

2133 4715 2226 4791 lis,
2255 4715 2455 4775 decori
2485 4721 2608 4776 suis
2633 4726 2689 4777 et
2718 4715 2940 4791 gaudio
2966 4723 3195 4779 cunctis
3225 4724 3537 4781 nascendo
3564 4715 3802 4782 enituit.

2135 4790 2402 4845 Otwinus
2431 4790 2750 4865 episcopus
2781 4793 3110 4850 ordinatur.

2205 4882 2327 4934 956.
2358 4879 2680 4949 Liudolfus,
2709 4881 2870 4938 ﬁlius
2898 4883 3076 4952 regis,
3102 4884 3359 4956 perrexit
3381 4885 3804 4956 (t58)ltaliam,

2133 4983 2388 5040 eamque
2420 4970 2630 5042 subegi
2676 4971 2931 5044 imperio
2954 4988 3083 5027 suo.

2130 5399 2252 5482 gift,
2285 5413 2446 5482 ατιηο
2461 5402 2586 5482 949.
2615 5401 2933 5482 Matltildz
2960 5402 3246 5459 nativam
3267 5417 3344 5458 el:
3374 5401 3551 5458 Com.
3581 5404 3804 5476 Regio-

2129 5471 2224 5526 m’s
2254 5470 2597 5541 adescm'pta
2625 5479 2786 5529 sunt.

2203 5543 2352 5609 (156)
2380 5542 2479 5599 Ita
2516 5545 2758 5600 correxi
2779 5543 3066 5600 Maximus
3097 5549 3149 5601 1.

2204 5614 2348 5680 (157)
2381 5614 2448 5679 0.
2473 5615 2559 5670 ita
2595 5618 2648 5669 2.

2202 5683 2350 5754 (158)
2372 5686 2470 5742 Ita
2497 5701 2590 5742 em

2726 5614 2992 5673 erlucida
3030 5619 3070 5671 Ι.

2751 5688 3144 5762 vi;respextt
3175 5689 3224 5746 l.
