  <div class='ocr_page' id='page_1' title='image "/cluster/home/n/w/nwhite01/storage/ocr_20150623/141/hvd.32044054760012/258.png"; bbox 0 0 3980 6176; ppageno 0'>
   <div class='ocr_carea' id='block_1_1' title="bbox 213 254 2882 319">
    <p class='ocr_par' dir='ltr' id='par_1_1' title="bbox 213 254 2882 319">
     <span class='ocr_line' id='line_1_1' title="bbox 213 254 2882 319; baseline 0.002 -7"><span class='ocrx_word' id='word_1_1' title='bbox 213 262 294 316; x_wconf 77' lang='grc'><strong>505</strong></span> <span class='ocrx_word' id='word_1_2' title='bbox 886 255 972 311; x_wconf 88' lang='grc' dir='ltr'><strong>ΕΤ</strong></span> <span class='ocrx_word' id='word_1_3' title='bbox 1007 254 1350 312; x_wconf 78' lang='lat' dir='ltr'><strong>LAMBEBTI</strong></span> <span class='ocrx_word' id='word_1_4' title='bbox 1385 255 1972 313; x_wconf 76' lang='lat' dir='ltr'><strong>ASCHAFNABURG.</strong></span> <span class='ocrx_word' id='word_1_5' title='bbox 2014 259 2191 315; x_wconf 82' lang='lat' dir='ltr'><strong>PARS</strong></span> <span class='ocrx_word' id='word_1_6' title='bbox 2230 262 2508 317; x_wconf 79' lang='lat' dir='ltr'><strong>ALTERA</strong></span> <span class='ocrx_word' id='word_1_7' title='bbox 2546 261 2882 319; x_wconf 83' lang='lat' dir='ltr'><strong>GENUINA.</strong></span> 
     </span>
    </p>
   </div>
   <div class='ocr_carea' id='block_1_2' title="bbox 459 379 1565 436">
    <p class='ocr_par' dir='ltr' id='par_1_2' title="bbox 459 379 1565 436">
     <span class='ocr_line' id='line_1_2' title="bbox 459 379 1565 436; baseline 0.001 -2"><span class='ocrx_word' id='word_1_8' title='bbox 459 380 783 436; x_wconf 82' lang='lat' dir='ltr'><strong>ANNALES</strong></span> <span class='ocrx_word' id='word_1_9' title='bbox 820 379 1565 436; x_wconf 78' lang='lat' dir='ltr'><strong>WEISSEMBURGENSES.</strong></span> 
     </span>
    </p>
   </div>
   <div class='ocr_carea' id='block_1_3' title="bbox 268 471 382 528">
    <p class='ocr_par' dir='ltr' id='par_1_3' title="bbox 268 471 382 528">
     <span class='ocr_line' id='line_1_3' title="bbox 268 471 382 528; baseline -0.026 0"><span class='ocrx_word' id='word_1_10' title='bbox 268 471 382 528; x_wconf 79' lang='grc'><strong>945.</strong></span> 
     </span>
    </p>
   </div>
   <div class='ocr_carea' id='block_1_4' title="bbox 265 699 1844 774">
    <p class='ocr_par' dir='ltr' id='par_1_4' title="bbox 265 699 1844 774">
     <span class='ocr_line' id='line_1_4' title="bbox 265 699 1844 774; baseline -0.004 -14"><span class='ocrx_word' id='word_1_11' title='bbox 265 705 360 760; x_wconf 82' lang='grc'><strong>946</strong></span> <span class='ocrx_word' id='word_1_12' title='bbox 389 701 552 774; x_wconf 82' lang='lat'><strong>(947).</strong></span> <span class='ocrx_word' id='word_1_13' title='bbox 587 701 792 758; x_wconf 90' lang='lat' dir='ltr'><strong>Etheid</strong></span> <span class='ocrx_word' id='word_1_14' title='bbox 815 701 1024 772; x_wconf 82' lang='lat' dir='ltr'><strong>regina</strong></span> <span class='ocrx_word' id='word_1_15' title='bbox 1044 699 1212 770; x_wconf 88' lang='lat' dir='ltr'><strong>obiit,</strong></span> <span class='ocrx_word' id='word_1_16' title='bbox 1252 699 1348 756; x_wconf 91' lang='lat' dir='ltr'><strong>cui</strong></span> <span class='ocrx_word' id='word_1_17' title='bbox 1402 699 1688 755; x_wconf 87' lang='lat' dir='ltr'><strong>Adelheid</strong></span> <span class='ocrx_word' id='word_1_18' title='bbox 1715 714 1844 754; x_wconf 91' lang='lat' dir='ltr'><strong>suc-</strong></span> 
     </span>
    </p>
   </div>
   <div class='ocr_carea' id='block_1_5' title="bbox 205 789 381 846">
    <p class='ocr_par' dir='ltr' id='par_1_5' title="bbox 205 789 381 846">
     <span class='ocr_line' id='line_1_5' title="bbox 205 789 381 846; baseline 0 0"><span class='ocrx_word' id='word_1_19' title='bbox 205 789 381 846; x_wconf 82' lang='lat' dir='ltr'><strong>cessit.</strong></span> 
     </span>
    </p>
   </div>
   <div class='ocr_carea' id='block_1_6' title="bbox 264 970 380 1025">
    <p class='ocr_par' dir='ltr' id='par_1_6' title="bbox 264 970 380 1025">
     <span class='ocr_line' id='line_1_6' title="bbox 264 970 380 1025; baseline -0.017 0"><span class='ocrx_word' id='word_1_20' title='bbox 264 970 380 1025; x_wconf 75' lang='lat'><strong>947.</strong></span> 
     </span>
    </p>
   </div>
   <div class='ocr_carea' id='block_1_7' title="bbox 262 1161 1842 1234">
    <p class='ocr_par' dir='ltr' id='par_1_7' title="bbox 262 1161 1842 1234">
     <span class='ocr_line' id='line_1_7' title="bbox 262 1161 1842 1234; baseline -0.001 -14"><span class='ocrx_word' id='word_1_21' title='bbox 262 1166 377 1220; x_wconf 91' lang='lat'><strong>948.</strong></span> <span class='ocrx_word' id='word_1_22' title='bbox 415 1164 672 1221; x_wconf 88' lang='lat' dir='ltr'><strong>Sinodus</strong></span> <span class='ocrx_word' id='word_1_23' title='bbox 699 1164 773 1220; x_wconf 90' lang='lat' dir='ltr'><strong>ad</strong></span> <span class='ocrx_word' id='word_1_24' title='bbox 808 1163 1150 1234; x_wconf 89' lang='lat' dir='ltr'><strong>lngileheim</strong></span> <span class='ocrx_word' id='word_1_25' title='bbox 1177 1166 1560 1233; x_wconf 85' lang='lat' dir='ltr'><strong>congregata,</strong></span> <span class='ocrx_word' id='word_1_26' title='bbox 1591 1161 1685 1217; x_wconf 92' lang='lat' dir='ltr'><strong>cui</strong></span> <span class='ocrx_word' id='word_1_27' title='bbox 1731 1164 1842 1218; x_wconf 85' lang='lat' dir='ltr'><strong>Ma-</strong></span> 
     </span>
    </p>
   </div>
   <div class='ocr_carea' id='block_1_8' title="bbox 199 1251 1328 1326">
    <p class='ocr_par' dir='ltr' id='par_1_8' title="bbox 199 1251 1328 1326">
     <span class='ocr_line' id='line_1_8' title="bbox 199 1251 1328 1326; baseline -0.002 -18"><span class='ocrx_word' id='word_1_28' title='bbox 199 1253 353 1308; x_wconf 82' lang='lat' dir='ltr'><strong>rinus</strong></span> <span class='ocrx_word' id='word_1_29' title='bbox 381 1253 614 1323; x_wconf 78' lang='lat' dir='ltr'><strong>legatus</strong></span> <span class='ocrx_word' id='word_1_30' title='bbox 639 1252 1003 1326; x_wconf 85' lang='lat' dir='ltr'><strong>apostolicus</strong></span> <span class='ocrx_word' id='word_1_31' title='bbox 1031 1251 1328 1324; x_wconf 64' lang='lat' dir='ltr'><strong>praesedit.</strong></span> 
     </span>
    </p>
   </div>
   <div class='ocr_carea' id='block_1_9' title="bbox 264 1340 1840 1409">
    <p class='ocr_par' dir='ltr' id='par_1_9' title="bbox 264 1340 1840 1409">
     <span class='ocr_line' id='line_1_9' title="bbox 264 1340 1840 1409; baseline -0.001 -12"><span class='ocrx_word' id='word_1_32' title='bbox 264 1345 382 1398; x_wconf 83' lang='lat'><strong>949.</strong></span> <span class='ocrx_word' id='word_1_33' title='bbox 414 1346 634 1397; x_wconf 87' lang='lat' dir='ltr'><strong>Iterum</strong></span> <span class='ocrx_word' id='word_1_34' title='bbox 664 1341 856 1397; x_wconf 65' lang='lat' dir='ltr'><strong>nuntii</strong></span> <span class='ocrx_word' id='word_1_35' title='bbox 876 1343 1197 1396; x_wconf 85' lang='lat' dir='ltr'><strong>Grecorum</strong></span> <span class='ocrx_word' id='word_1_36' title='bbox 1227 1340 1303 1396; x_wconf 90' lang='lat' dir='ltr'><strong>ad</strong></span> <span class='ocrx_word' id='word_1_37' title='bbox 1334 1355 1537 1409; x_wconf 83' lang='lat' dir='ltr'><strong>regem</strong></span> <span class='ocrx_word' id='word_1_38' title='bbox 1568 1341 1840 1396; x_wconf 90' lang='lat' dir='ltr'><strong>Ottonem</strong></span> 
     </span>
    </p>
   </div>
   <div class='ocr_carea' id='block_1_10' title="bbox 197 1429 1844 1504">
    <p class='ocr_par' dir='ltr' id='par_1_10' title="bbox 197 1429 1844 1504">
     <span class='ocr_line' id='line_1_10' title="bbox 197 1429 1844 1504; baseline -0.002 -17"><span class='ocrx_word' id='word_1_39' title='bbox 197 1448 324 1487; x_wconf 90' lang='lat' dir='ltr'><strong>cum</strong></span> <span class='ocrx_word' id='word_1_40' title='bbox 356 1430 778 1504; x_wconf 69' lang='lat' dir='ltr'><strong>praeciossimis</strong></span> <span class='ocrx_word' id='word_1_41' title='bbox 803 1429 1158 1486; x_wconf 89' lang='lat' dir='ltr'><strong>muneribus</strong></span> <span class='ocrx_word' id='word_1_42' title='bbox 1189 1433 1482 1485; x_wconf 88' lang='lat' dir='ltr'><strong>venerunt</strong></span> <span class='ocrx_word' id='word_1_43' title='bbox 1504 1429 1565 1484; x_wconf 90' lang='lat' dir='ltr'><strong>in</strong></span> <span class='ocrx_word' id='word_1_44' title='bbox 1615 1445 1844 1484; x_wconf 89' lang='lat' dir='ltr'><strong>memo-</strong></span> 
     </span>
    </p>
   </div>
   <div class='ocr_carea' id='block_1_11' title="bbox 192 1516 1841 1586">
    <p class='ocr_par' dir='ltr' id='par_1_11' title="bbox 192 1516 1841 1586">
     <span class='ocr_line' id='line_1_11' title="bbox 192 1516 1841 1586; baseline -0.002 -11"><span class='ocrx_word' id='word_1_45' title='bbox 192 1519 274 1575; x_wconf 91' lang='lat' dir='ltr'><strong>ria</strong></span> <span class='ocrx_word' id='word_1_46' title='bbox 297 1519 572 1575; x_wconf 89' lang='lat' dir='ltr'><strong>omnium</strong></span> <span class='ocrx_word' id='word_1_47' title='bbox 600 1523 946 1575; x_wconf 92' lang='lat' dir='ltr'><strong>sanctorum</strong></span> <span class='ocrx_word' id='word_1_48' title='bbox 981 1521 1076 1586; x_wconf 86' lang='lat' dir='ltr'><strong>;et</strong></span> <span class='ocrx_word' id='word_1_49' title='bbox 1100 1519 1230 1574; x_wconf 92' lang='lat' dir='ltr'><strong>Otto</strong></span> <span class='ocrx_word' id='word_1_50' title='bbox 1282 1533 1387 1573; x_wconf 88' lang='lat' dir='ltr'><strong>rex</strong></span> <span class='ocrx_word' id='word_1_51' title='bbox 1442 1517 1605 1573; x_wconf 83' lang='lat' dir='ltr'><strong>dedit</strong></span> <span class='ocrx_word' id='word_1_52' title='bbox 1652 1516 1841 1573; x_wconf 94' lang='lat' dir='ltr'><strong>ﬁliam</strong></span> 
     </span>
    </p>
   </div>
   <div class='ocr_carea' id='block_1_12' title="bbox 195 1607 854 1664">
    <p class='ocr_par' dir='ltr' id='par_1_12' title="bbox 195 1607 854 1664">
     <span class='ocr_line' id='line_1_12' title="bbox 195 1607 854 1664; baseline 0.002 -3"><span class='ocrx_word' id='word_1_53' title='bbox 195 1623 360 1663; x_wconf 91' lang='lat' dir='ltr'><strong>suam</strong></span> <span class='ocrx_word' id='word_1_54' title='bbox 392 1607 670 1664; x_wconf 84' lang='lat' dir='ltr'><strong>Conrado</strong></span> <span class='ocrx_word' id='word_1_55' title='bbox 695 1607 854 1662; x_wconf 91' lang='lat' dir='ltr'><strong>duci.</strong></span> 
     </span>
    </p>
   </div>
   <div class='ocr_carea' id='block_1_13' title="bbox 255 1695 1838 1769">
    <p class='ocr_par' dir='ltr' id='par_1_13' title="bbox 255 1695 1838 1769">
     <span class='ocr_line' id='line_1_13' title="bbox 255 1695 1838 1769; baseline 0 -17"><span class='ocrx_word' id='word_1_56' title='bbox 255 1700 382 1753; x_wconf 90' lang='lat'><strong>950.</strong></span> <span class='ocrx_word' id='word_1_57' title='bbox 413 1697 748 1769; x_wconf 76' lang='lat' dir='ltr'><strong>Reginbold</strong></span> <span class='ocrx_word' id='word_1_58' title='bbox 767 1698 1074 1767; x_wconf 79' lang='lat' dir='ltr'><strong>episcopus</strong></span> <span class='ocrx_word' id='word_1_59' title='bbox 1106 1695 1252 1767; x_wconf 91' lang='grc'><strong>(159)</strong></span> <span class='ocrx_word' id='word_1_60' title='bbox 1310 1696 1473 1752; x_wconf 77' lang='lat' dir='ltr'><strong>obiit.</strong></span> <span class='ocrx_word' id='word_1_61' title='bbox 1531 1696 1838 1766; x_wconf 77' lang='lat' dir='ltr'><strong>Gode/‘rz&#39;d.</strong></span> 
     </span>
    </p>
   </div>
   <div class='ocr_carea' id='block_1_14' title="bbox 187 1788 483 1843">
    <p class='ocr_par' dir='ltr' id='par_1_14' title="bbox 187 1788 483 1843">
     <span class='ocr_line' id='line_1_14' title="bbox 187 1788 483 1843; baseline 0.003 -2"><span class='ocrx_word' id='word_1_62' title='bbox 187 1788 483 1843; x_wconf 79' lang='lat' dir='ltr'><strong>successit.</strong></span> 
     </span>
    </p>
   </div>
   <div class='ocr_carea' id='block_1_15' title="bbox 253 1872 1844 1946">
    <p class='ocr_par' dir='ltr' id='par_1_15' title="bbox 253 1872 1844 1946">
     <span class='ocr_line' id='line_1_15' title="bbox 253 1872 1844 1946; baseline -0.001 -16"><span class='ocrx_word' id='word_1_63' title='bbox 253 1879 382 1930; x_wconf 90' lang='grc'><strong>951.</strong></span> <span class='ocrx_word' id='word_1_64' title='bbox 409 1877 542 1930; x_wconf 90' lang='lat' dir='ltr'><strong>Otto</strong></span> <span class='ocrx_word' id='word_1_65' title='bbox 566 1890 671 1930; x_wconf 92' lang='lat' dir='ltr'><strong>rex</strong></span> <span class='ocrx_word' id='word_1_66' title='bbox 698 1873 958 1946; x_wconf 89' lang='lat' dir='ltr'><strong>perrexit</strong></span> <span class='ocrx_word' id='word_1_67' title='bbox 998 1872 1060 1929; x_wconf 92' lang='lat' dir='ltr'><strong>in</strong></span> <span class='ocrx_word' id='word_1_68' title='bbox 1112 1873 1363 1941; x_wconf 90' lang='lat' dir='ltr'><strong>Italiam,</strong></span> <span class='ocrx_word' id='word_1_69' title='bbox 1433 1878 1490 1929; x_wconf 86' lang='lat' dir='ltr'><strong>et</strong></span> <span class='ocrx_word' id='word_1_70' title='bbox 1525 1872 1844 1945; x_wconf 88' lang='lat' dir='ltr'><strong>adquisivit</strong></span> 
     </span>
    </p>
   </div>
   <div class='ocr_carea' id='block_1_16' title="bbox 178 1961 1844 2107">
    <p class='ocr_par' dir='ltr' id='par_1_16' title="bbox 178 1961 1844 2107">
     <span class='ocr_line' id='line_1_16' title="bbox 178 1961 1844 2107; baseline 0 -89"><span class='ocrx_word' id='word_1_71' title='bbox 178 1963 587 2107; x_wconf 48' lang='lat' dir='ltr'><strong>Adelheidam</strong></span> <span class='ocrx_word' id='word_1_72' title='bbox 615 1964 884 2034; x_wconf 84' lang='lat' dir='ltr'><strong>reginam</strong></span> <span class='ocrx_word' id='word_1_73' title='bbox 917 1982 930 2030; x_wconf 91' lang='lat'><strong>;</strong></span> <span class='ocrx_word' id='word_1_74' title='bbox 957 1967 1014 2020; x_wconf 91' lang='lat' dir='ltr'><strong>et</strong></span> <span class='ocrx_word' id='word_1_75' title='bbox 1041 1965 1436 2034; x_wconf 87' lang='lat' dir='ltr'><strong>Berengerum</strong></span> <span class='ocrx_word' id='word_1_76' title='bbox 1468 1979 1673 2032; x_wconf 83' lang='lat' dir='ltr'><strong>regem</strong></span> <span class='ocrx_word' id='word_1_77' title='bbox 1704 1961 1844 2018; x_wconf 90' lang='lat' dir='ltr'><strong>sub-</strong></span> 
     </span>
     <span class='ocr_line' id='line_1_17' title="bbox 178 2051 497 2107; baseline 0.003 -1"><span class='ocrx_word' id='word_1_78' title='bbox 178 2051 334 2107; x_wconf 85' lang='lat' dir='ltr'><strong>didit</strong></span> <span class='ocrx_word' id='word_1_79' title='bbox 359 2051 405 2106; x_wconf 79' lang='lat' dir='ltr'><strong>s&#39;</strong></span> <span class='ocrx_word' id='word_1_80' title='bbox 460 2051 497 2107; x_wconf 91' lang='lat' dir='ltr'><strong>i.</strong></span> 
     </span>
    </p>
   </div>
   <div class='ocr_carea' id='block_1_17' title="bbox 178 2051 497 2107">
    <p class='ocr_par' dir='ltr' id='par_1_17' title="bbox 178 2051 497 2107">
     <span class='ocr_line' id='line_1_18' title="bbox 178 2051 497 2107; baseline 0.003 -1"><span class='ocrx_word' id='word_1_81' title='bbox 178 2051 334 2107; x_wconf 85' lang='lat' dir='ltr'><strong>didit</strong></span> <span class='ocrx_word' id='word_1_82' title='bbox 359 2051 497 2107; x_wconf 85' lang='lat' dir='ltr'><strong>sibi.</strong></span> 
     </span>
    </p>
   </div>
   <div class='ocr_carea' id='block_1_18' title="bbox 247 2933 1842 3076">
    <p class='ocr_par' dir='ltr' id='par_1_18' title="bbox 247 2933 1842 3076">
     <span class='ocr_line' id='line_1_19' title="bbox 247 2933 1842 3076; baseline -0.003 -1"><span class='ocrx_word' id='word_1_83' title='bbox 420 3018 583 3076; x_wconf 85' lang='lat' dir='ltr'><strong>Satis</strong></span> <span class='ocrx_word' id='word_1_84' title='bbox 626 3017 844 3075; x_wconf 88' lang='lat' dir='ltr'><strong>acerba</strong></span> <span class='ocrx_word' id='word_1_85' title='bbox 893 3021 950 3074; x_wconf 91' lang='lat' dir='ltr'><strong>et</strong></span> <span class='ocrx_word' id='word_1_86' title='bbox 995 3016 1173 3073; x_wconf 90' lang='lat' dir='ltr'><strong>nimis</strong></span> <span class='ocrx_word' id='word_1_87' title='bbox 1228 3016 1484 3073; x_wconf 86' lang='lat' dir='ltr'><strong>crudelis</strong></span> <span class='ocrx_word' id='word_1_88' title='bbox 1546 3016 1842 3072; x_wconf 86' lang='lat' dir='ltr'><strong>dissensio</strong></span> 
     </span>
    </p>
   </div>
   <div class='ocr_carea' id='block_1_19' title="bbox 183 3105 1839 3177">
    <p class='ocr_par' dir='ltr' id='par_1_19' title="bbox 183 3105 1839 3177">
     <span class='ocr_line' id='line_1_20' title="bbox 183 3105 1839 3177; baseline -0.002 -14"><span class='ocrx_word' id='word_1_89' title='bbox 183 3112 378 3164; x_wconf 87' lang='lat' dir='ltr'><strong>exorta</strong></span> <span class='ocrx_word' id='word_1_90' title='bbox 409 3111 506 3163; x_wconf 91' lang='lat' dir='ltr'><strong>est</strong></span> <span class='ocrx_word' id='word_1_91' title='bbox 539 3108 689 3164; x_wconf 91' lang='lat' dir='ltr'><strong>inter</strong></span> <span class='ocrx_word' id='word_1_92' title='bbox 720 3106 1062 3174; x_wconf 86' lang='lat' dir='ltr'><strong>Liutolfum,</strong></span> <span class='ocrx_word' id='word_1_93' title='bbox 1105 3107 1262 3177; x_wconf 90' lang='lat' dir='ltr'><strong>regis</strong></span> <span class='ocrx_word' id='word_1_94' title='bbox 1293 3105 1506 3177; x_wconf 87' lang='lat' dir='ltr'><strong>ﬁlium,</strong></span> <span class='ocrx_word' id='word_1_95' title='bbox 1539 3109 1596 3161; x_wconf 90' lang='lat' dir='ltr'><strong>et</strong></span> <span class='ocrx_word' id='word_1_96' title='bbox 1624 3105 1839 3160; x_wconf 87' lang='lat' dir='ltr'><strong>Heinri-</strong></span> 
     </span>
    </p>
   </div>
   <div class='ocr_carea' id='block_1_20' title="bbox 180 3195 1842 3270">
    <p class='ocr_par' dir='ltr' id='par_1_20' title="bbox 180 3195 1842 3270">
     <span class='ocr_line' id='line_1_21' title="bbox 180 3195 1842 3270; baseline -0.002 -18"><span class='ocrx_word' id='word_1_97' title='bbox 180 3213 309 3252; x_wconf 92' lang='lat' dir='ltr'><strong>cum</strong></span> <span class='ocrx_word' id='word_1_98' title='bbox 337 3202 638 3270; x_wconf 88' lang='lat' dir='ltr'><strong>patruum</strong></span> <span class='ocrx_word' id='word_1_99' title='bbox 661 3213 858 3252; x_wconf 91' lang='lat' dir='ltr'><strong>suum.</strong></span> <span class='ocrx_word' id='word_1_100' title='bbox 893 3196 1117 3252; x_wconf 90' lang='lat' dir='ltr'><strong>Eodem</strong></span> <span class='ocrx_word' id='word_1_101' title='bbox 1147 3211 1308 3252; x_wconf 90' lang='lat' dir='ltr'><strong>anno</strong></span> <span class='ocrx_word' id='word_1_102' title='bbox 1338 3195 1586 3251; x_wconf 88' lang='lat' dir='ltr'><strong>obsessa</strong></span> <span class='ocrx_word' id='word_1_103' title='bbox 1615 3199 1704 3250; x_wconf 89' lang='lat' dir='ltr'><strong>est</strong></span> <span class='ocrx_word' id='word_1_104' title='bbox 1729 3196 1842 3249; x_wconf 84' lang='lat' dir='ltr'><strong>Mo-</strong></span> 
     </span>
    </p>
   </div>
   <div class='ocr_carea' id='block_1_21' title="bbox 181 3285 757 3356">
    <p class='ocr_par' dir='ltr' id='par_1_21' title="bbox 181 3285 757 3356">
     <span class='ocr_line' id='line_1_22' title="bbox 181 3285 757 3356; baseline -0.002 -15"><span class='ocrx_word' id='word_1_105' title='bbox 181 3286 375 3356; x_wconf 89' lang='lat' dir='ltr'><strong>gontia</strong></span> <span class='ocrx_word' id='word_1_106' title='bbox 404 3291 464 3343; x_wconf 89' lang='lat' dir='ltr'><strong>et</strong></span> <span class='ocrx_word' id='word_1_107' title='bbox 491 3285 757 3341; x_wconf 78' lang='lat' dir='ltr'><strong>Bossad.</strong></span> 
     </span>
    </p>
   </div>
   <div class='ocr_carea' id='block_1_22' title="bbox 235 3709 1841 3785">
    <p class='ocr_par' dir='ltr' id='par_1_22' title="bbox 235 3709 1841 3785">
     <span class='ocr_line' id='line_1_23' title="bbox 235 3709 1841 3785; baseline -0.002 -15"><span class='ocrx_word' id='word_1_108' title='bbox 235 3717 355 3772; x_wconf 87' lang='lat'><strong>954.</strong></span> <span class='ocrx_word' id='word_1_109' title='bbox 389 3712 751 3771; x_wconf 86' lang='lat' dir='ltr'><strong>Fridericus</strong></span> <span class='ocrx_word' id='word_1_110' title='bbox 787 3711 1273 3785; x_wconf 88' lang='lat' dir='ltr'><strong>archiepiscopus</strong></span> <span class='ocrx_word' id='word_1_111' title='bbox 1302 3710 1448 3767; x_wconf 89' lang='lat' dir='ltr'><strong>obiit</strong></span> <span class='ocrx_word' id='word_1_112' title='bbox 1478 3713 1536 3766; x_wconf 90' lang='lat' dir='ltr'><strong>et</strong></span> <span class='ocrx_word' id='word_1_113' title='bbox 1565 3709 1841 3766; x_wconf 90' lang='lat' dir='ltr'><strong>Willihel-</strong></span> 
     </span>
    </p>
   </div>
   <div class='ocr_carea' id='block_1_23' title="bbox 176 3802 662 3862">
    <p class='ocr_par' dir='ltr' id='par_1_23' title="bbox 176 3802 662 3862">
     <span class='ocr_line' id='line_1_24' title="bbox 176 3802 662 3862; baseline 0 -4"><span class='ocrx_word' id='word_1_114' title='bbox 176 3818 302 3859; x_wconf 90' lang='lat' dir='ltr'><strong>mus</strong></span> <span class='ocrx_word' id='word_1_115' title='bbox 331 3821 516 3862; x_wconf 86' lang='lat' dir='ltr'><strong>succe</strong></span> <span class='ocrx_word' id='word_1_116' title='bbox 532 3802 662 3860; x_wconf 90' lang='lat' dir='ltr'><strong>ssit.</strong></span> 
     </span>
    </p>
   </div>
   <div class='ocr_carea' id='block_1_24' title="bbox 243 4153 1845 4228">
    <p class='ocr_par' dir='ltr' id='par_1_24' title="bbox 243 4153 1845 4228">
     <span class='ocr_line' id='line_1_25' title="bbox 243 4153 1845 4228; baseline -0.002 -15"><span class='ocrx_word' id='word_1_117' title='bbox 243 4163 364 4213; x_wconf 86' lang='lat'><strong>955.</strong></span> <span class='ocrx_word' id='word_1_118' title='bbox 390 4161 532 4216; x_wconf 91' lang='lat' dir='ltr'><strong>Otto</strong></span> <span class='ocrx_word' id='word_1_119' title='bbox 567 4172 677 4213; x_wconf 88' lang='lat' dir='ltr'><strong>rex</strong></span> <span class='ocrx_word' id='word_1_120' title='bbox 706 4157 996 4226; x_wconf 90' lang='lat' dir='ltr'><strong>Ungarios</strong></span> <span class='ocrx_word' id='word_1_121' title='bbox 1023 4172 1162 4212; x_wconf 90' lang='lat' dir='ltr'><strong>cum</strong></span> <span class='ocrx_word' id='word_1_122' title='bbox 1192 4169 1416 4224; x_wconf 92' lang='lat' dir='ltr'><strong>magno</strong></span> <span class='ocrx_word' id='word_1_123' title='bbox 1441 4153 1708 4228; x_wconf 87' lang='lat' dir='ltr'><strong>periculo</strong></span> <span class='ocrx_word' id='word_1_124' title='bbox 1751 4153 1845 4209; x_wconf 90' lang='lat' dir='ltr'><strong>sui</strong></span> 
     </span>
    </p>
   </div>
   <div class='ocr_carea' id='block_1_25' title="bbox 182 4243 1844 4320">
    <p class='ocr_par' dir='ltr' id='par_1_25' title="bbox 182 4243 1844 4320">
     <span class='ocr_line' id='line_1_26' title="bbox 182 4243 1844 4320; baseline 0.001 -23"><span class='ocrx_word' id='word_1_125' title='bbox 182 4260 553 4320; x_wconf 87' lang='lat' dir='ltr'><strong>suorumque</strong></span> <span class='ocrx_word' id='word_1_126' title='bbox 587 4262 814 4316; x_wconf 88' lang='lat' dir='ltr'><strong>magna</strong></span> <span class='ocrx_word' id='word_1_127' title='bbox 843 4245 986 4302; x_wconf 85' lang='lat' dir='ltr'><strong>cede</strong></span> <span class='ocrx_word' id='word_1_128' title='bbox 1032 4245 1354 4319; x_wconf 84' lang='lat' dir='ltr'><strong>prostravit</strong></span> <span class='ocrx_word' id='word_1_129' title='bbox 1377 4245 1547 4315; x_wconf 83' lang='lat' dir='ltr'><strong>juxta</strong></span> <span class='ocrx_word' id='word_1_130' title='bbox 1593 4243 1844 4299; x_wconf 88' lang='lat' dir='ltr'><strong>ﬂuvium</strong></span> 
     </span>
    </p>
   </div>
   <div class='ocr_carea' id='block_1_26' title="bbox 182 4332 1843 4405">
    <p class='ocr_par' dir='ltr' id='par_1_26' title="bbox 182 4332 1843 4405">
     <span class='ocr_line' id='line_1_27' title="bbox 182 4332 1843 4405; baseline 0 -18"><span class='ocrx_word' id='word_1_131' title='bbox 182 4335 323 4390; x_wconf 85' lang='lat' dir='ltr'><strong>Lech</strong></span> <span class='ocrx_word' id='word_1_132' title='bbox 354 4336 416 4392; x_wconf 89' lang='lat' dir='ltr'><strong>in</strong></span> <span class='ocrx_word' id='word_1_133' title='bbox 447 4335 767 4392; x_wconf 88' lang='lat' dir='ltr'><strong>nativitate</strong></span> <span class='ocrx_word' id='word_1_134' title='bbox 793 4335 982 4391; x_wconf 89' lang='lat' dir='ltr'><strong>sancti</strong></span> <span class='ocrx_word' id='word_1_135' title='bbox 1038 4333 1368 4401; x_wconf 88' lang='lat' dir='ltr'><strong>Laurentii;</strong></span> <span class='ocrx_word' id='word_1_136' title='bbox 1400 4333 1462 4388; x_wconf 90' lang='lat' dir='ltr'><strong>in</strong></span> <span class='ocrx_word' id='word_1_137' title='bbox 1517 4349 1640 4405; x_wconf 91' lang='lat' dir='ltr'><strong>quo</strong></span> <span class='ocrx_word' id='word_1_138' title='bbox 1666 4332 1843 4388; x_wconf 89' lang='lat' dir='ltr'><strong>etiam</strong></span> 
     </span>
    </p>
   </div>
   <div class='ocr_carea' id='block_1_27' title="bbox 180 4420 1605 4482">
    <p class='ocr_par' dir='ltr' id='par_1_27' title="bbox 180 4420 1605 4482">
     <span class='ocr_line' id='line_1_28' title="bbox 180 4420 1605 4482; baseline 0.001 -6"><span class='ocrx_word' id='word_1_139' title='bbox 180 4420 329 4480; x_wconf 85' lang='lat' dir='ltr'><strong>bello</strong></span> <span class='ocrx_word' id='word_1_140' title='bbox 350 4425 482 4481; x_wconf 87' lang='lat' dir='ltr'><strong>dux</strong></span> <span class='ocrx_word' id='word_1_141' title='bbox 514 4425 879 4482; x_wconf 88' lang='lat' dir='ltr'><strong>Cuonradus</strong></span> <span class='ocrx_word' id='word_1_142' title='bbox 913 4441 1050 4480; x_wconf 92' lang='lat' dir='ltr'><strong>cum</strong></span> <span class='ocrx_word' id='word_1_143' title='bbox 1078 4423 1207 4480; x_wconf 89' lang='lat' dir='ltr'><strong>aliis</strong></span> <span class='ocrx_word' id='word_1_144' title='bbox 1239 4424 1474 4479; x_wconf 88' lang='lat' dir='ltr'><strong>occisus</strong></span> <span class='ocrx_word' id='word_1_145' title='bbox 1499 4427 1605 4478; x_wconf 89' lang='lat' dir='ltr'><strong>est.</strong></span> 
     </span>
    </p>
   </div>
   <div class='ocr_carea' id='block_1_28' title="bbox 248 4937 1849 5012">
    <p class='ocr_par' dir='ltr' id='par_1_28' title="bbox 248 4937 1849 5012">
     <span class='ocr_line' id='line_1_29' title="bbox 248 4937 1849 5012; baseline -0.003 -14"><span class='ocrx_word' id='word_1_146' title='bbox 248 4947 372 4999; x_wconf 87' lang='lat'><strong>956.</strong></span> <span class='ocrx_word' id='word_1_147' title='bbox 402 4942 707 5000; x_wconf 86' lang='lat' dir='ltr'><strong>Liutolfus</strong></span> <span class='ocrx_word' id='word_1_148' title='bbox 735 4942 798 4998; x_wconf 93' lang='lat' dir='ltr'><strong>in</strong></span> <span class='ocrx_word' id='word_1_149' title='bbox 829 4939 1057 4997; x_wconf 89' lang='lat' dir='ltr'><strong>Italiam</strong></span> <span class='ocrx_word' id='word_1_150' title='bbox 1097 4939 1375 5012; x_wconf 90' lang='lat' dir='ltr'><strong>perrexit,</strong></span> <span class='ocrx_word' id='word_1_151' title='bbox 1429 4953 1684 5010; x_wconf 76' lang='lat' dir='ltr'><strong>eamque</strong></span> <span class='ocrx_word' id='word_1_152' title='bbox 1737 4937 1849 4994; x_wconf 88' lang='lat' dir='ltr'><strong>sibi</strong></span> 
     </span>
    </p>
   </div>
   <div class='ocr_carea' id='block_1_29' title="bbox 186 5032 434 5104">
    <p class='ocr_par' dir='ltr' id='par_1_29' title="bbox 186 5032 434 5104">
     <span class='ocr_line' id='line_1_30' title="bbox 186 5032 434 5104; baseline 0.024 -20"><span class='ocrx_word' id='word_1_153' title='bbox 186 5032 434 5104; x_wconf 82' lang='lat' dir='ltr'><strong>subegit.</strong></span> 
     </span>
    </p>
   </div>
   <div class='ocr_carea' id='block_1_30' title="bbox 243 5651 768 5793">
    <p class='ocr_par' dir='ltr' id='par_1_30' title="bbox 243 5651 768 5793">
     <span class='ocr_line' id='line_1_31' title="bbox 243 5651 768 5793; baseline -0.027 0"><span class='ocrx_word' id='word_1_154' title='bbox 243 5653 406 5793; x_wconf 63' lang='grc'><strong>823)</strong></span> <span class='ocrx_word' id='word_1_155' title='bbox 429 5651 768 5793; x_wconf 67' lang='grc' dir='ltr'><strong>ἓὲἓῗῗῗίὲῖ</strong></span> 
     </span>
    </p>
   </div>
   <div class='ocr_carea' id='block_1_31' title="bbox 631 5725 773 5796">
    <p class='ocr_par' dir='ltr' id='par_1_31' title="bbox 631 5725 773 5796">
     <span class='ocr_line' id='line_1_32' title="bbox 631 5725 773 5796; baseline -0.007 -15"><span class='ocrx_word' id='word_1_156' title='bbox 631 5725 688 5796; x_wconf 72' lang='grc' dir='ltr'><strong>ι,</strong></span> <span class='ocrx_word' id='word_1_157' title='bbox 718 5728 773 5780; x_wconf 78' lang='lat'><strong>5.</strong></span> 
     </span>
    </p>
   </div>
   <div class='ocr_carea' id='block_1_32' title="bbox 3497 272 3600 325">
    <p class='ocr_par' dir='ltr' id='par_1_32' title="bbox 3497 272 3600 325">
     <span class='ocr_line' id='line_1_33' title="bbox 3497 272 3600 325; baseline 0.01 -1"><span class='ocrx_word' id='word_1_158' title='bbox 3497 272 3600 325; x_wconf 79' lang='lat'><strong>506</strong></span> 
     </span>
    </p>
   </div>
   <div class='ocr_carea' id='block_1_33' title="bbox 2409 386 3150 444">
    <p class='ocr_par' dir='ltr' id='par_1_33' title="bbox 2409 386 3150 444">
     <span class='ocr_line' id='line_1_34' title="bbox 2409 386 3150 444; baseline 0.005 -4"><span class='ocrx_word' id='word_1_159' title='bbox 2409 386 2760 442; x_wconf 82' lang='lat' dir='ltr'><strong>LAMBERTI</strong></span> <span class='ocrx_word' id='word_1_160' title='bbox 2801 388 2895 443; x_wconf 85' lang='lat' dir='ltr'><strong>AN</strong></span> <span class='ocrx_word' id='word_1_161' title='bbox 2902 388 3150 444; x_wconf 85' lang='lat' dir='ltr'><strong>NALES.</strong></span> 
     </span>
    </p>
   </div>
   <div class='ocr_carea' id='block_1_34' title="bbox 2019 473 3599 548">
    <p class='ocr_par' dir='ltr' id='par_1_34' title="bbox 2019 473 3599 548">
     <span class='ocr_line' id='line_1_35' title="bbox 2019 473 3599 548; baseline 0.006 -22"><span class='ocrx_word' id='word_1_162' title='bbox 2019 473 2143 548; x_wconf 78' lang='lat'><strong>945.</strong></span> <span class='ocrx_word' id='word_1_163' title='bbox 2168 473 2364 529; x_wconf 83' lang='lat' dir='ltr'><strong>Nuntii</strong></span> <span class='ocrx_word' id='word_1_164' title='bbox 2395 477 2735 548; x_wconf 74' lang='lat' dir='ltr'><strong>Graecorum</strong></span> <span class='ocrx_word' id='word_1_165' title='bbox 2765 477 2844 548; x_wconf 84' lang='lat' dir='ltr'><strong>ad</strong></span> <span class='ocrx_word' id='word_1_166' title='bbox 2869 493 3073 548; x_wconf 89' lang='lat' dir='ltr'><strong>regem</strong></span> <span class='ocrx_word' id='word_1_167' title='bbox 3123 480 3396 536; x_wconf 87' lang='lat' dir='ltr'><strong>Ottonem</strong></span> <span class='ocrx_word' id='word_1_168' title='bbox 3426 496 3599 536; x_wconf 88' lang='lat' dir='ltr'><strong>vene-</strong></span> 
     </span>
    </p>
   </div>
   <div class='ocr_carea' id='block_1_35' title="bbox 1947 545 3601 620">
    <p class='ocr_par' dir='ltr' id='par_1_35' title="bbox 1947 545 3601 620">
     <span class='ocr_line' id='line_1_36' title="bbox 1947 545 3601 620; baseline 0.007 -25"><span class='ocrx_word' id='word_1_169' title='bbox 1947 545 2247 620; x_wconf 85' lang='lat' dir='ltr'><strong>runtcum</strong></span> <span class='ocrx_word' id='word_1_170' title='bbox 2278 546 2514 614; x_wconf 88' lang='lat' dir='ltr'><strong>magnis</strong></span> <span class='ocrx_word' id='word_1_171' title='bbox 2550 547 2904 604; x_wconf 88' lang='lat' dir='ltr'><strong>muneribus</strong></span> <span class='ocrx_word' id='word_1_172' title='bbox 2943 545 3020 604; x_wconf 51' lang='lat' dir='ltr'><strong>&#39;in</strong></span> <span class='ocrx_word' id='word_1_173' title='bbox 3079 550 3277 620; x_wconf 84' lang='lat' dir='ltr'><strong>vigilia</strong></span> <span class='ocrx_word' id='word_1_174' title='bbox 3331 553 3601 607; x_wconf 90' lang='lat' dir='ltr'><strong>omnium</strong></span> 
     </span>
    </p>
   </div>
   <div class='ocr_carea' id='block_1_36' title="bbox 1951 617 2313 670">
    <p class='ocr_par' dir='ltr' id='par_1_36' title="bbox 1951 617 2313 670">
     <span class='ocr_line' id='line_1_37' title="bbox 1951 617 2313 670; baseline 0.014 -5"><span class='ocrx_word' id='word_1_175' title='bbox 1951 617 2313 670; x_wconf 88' lang='lat' dir='ltr'><strong>sanctorum.</strong></span> 
     </span>
    </p>
   </div>
   <div class='ocr_carea' id='block_1_37' title="bbox 2020 703 3602 778">
    <p class='ocr_par' dir='ltr' id='par_1_37' title="bbox 2020 703 3602 778">
     <span class='ocr_line' id='line_1_38' title="bbox 2020 703 3602 778; baseline 0.008 -23"><span class='ocrx_word' id='word_1_176' title='bbox 2020 703 2123 757; x_wconf 89' lang='lat'><strong>946</strong></span> <span class='ocrx_word' id='word_1_177' title='bbox 2156 703 2321 775; x_wconf 84' lang='lat'><strong>(947).</strong></span> <span class='ocrx_word' id='word_1_178' title='bbox 2352 705 2538 762; x_wconf 88' lang='lat' dir='ltr'><strong>Etheit</strong></span> <span class='ocrx_word' id='word_1_179' title='bbox 2567 707 2775 778; x_wconf 89' lang='lat' dir='ltr'><strong>regina</strong></span> <span class='ocrx_word' id='word_1_180' title='bbox 2805 707 2952 764; x_wconf 88' lang='lat' dir='ltr'><strong>obiit</strong></span> <span class='ocrx_word' id='word_1_181' title='bbox 2984 726 2998 776; x_wconf 93' lang='lat'><strong>;</strong></span> <span class='ocrx_word' id='word_1_182' title='bbox 3025 709 3120 764; x_wconf 91' lang='lat' dir='ltr'><strong>cui</strong></span> <span class='ocrx_word' id='word_1_183' title='bbox 3146 709 3421 766; x_wconf 83' lang='lat' dir='ltr'><strong>Adelheit</strong></span> <span class='ocrx_word' id='word_1_184' title='bbox 3470 727 3602 766; x_wconf 89' lang='lat' dir='ltr'><strong>suc-</strong></span> 
     </span>
    </p>
   </div>
   <div class='ocr_carea' id='block_1_38' title="bbox 1952 790 2244 846">
    <p class='ocr_par' dir='ltr' id='par_1_38' title="bbox 1952 790 2244 846">
     <span class='ocr_line' id='line_1_39' title="bbox 1952 790 2244 846; baseline 0.007 -2"><span class='ocrx_word' id='word_1_185' title='bbox 1952 790 2148 846; x_wconf 90' lang='lat' dir='ltr'><strong>cessit.</strong></span> <span class='ocrx_word' id='word_1_186' title='bbox 2242 809 2244 811; x_wconf 91' lang='grc'><strong>·</strong></span> 
     </span>
    </p>
   </div>
   <div class='ocr_carea' id='block_1_39' title="bbox 2023 970 2147 1023">
    <p class='ocr_par' dir='ltr' id='par_1_39' title="bbox 2023 970 2147 1023">
     <span class='ocr_line' id='line_1_40' title="bbox 2023 970 2147 1023; baseline -0.008 0"><span class='ocrx_word' id='word_1_187' title='bbox 2023 970 2147 1023; x_wconf 82' lang='grc'><strong>947.</strong></span> 
     </span>
    </p>
   </div>
   <div class='ocr_carea' id='block_1_40' title="bbox 2020 1163 3596 1238">
    <p class='ocr_par' dir='ltr' id='par_1_40' title="bbox 2020 1163 3596 1238">
     <span class='ocr_line' id='line_1_41' title="bbox 2020 1163 3596 1238; baseline 0.006 -23"><span class='ocrx_word' id='word_1_188' title='bbox 2020 1164 2144 1216; x_wconf 80' lang='lat'><strong>948.</strong></span> <span class='ocrx_word' id='word_1_189' title='bbox 2183 1163 2465 1233; x_wconf 85' lang='lat' dir='ltr'><strong>Synodus</strong></span> <span class='ocrx_word' id='word_1_190' title='bbox 2499 1163 2574 1219; x_wconf 91' lang='lat' dir='ltr'><strong>ad</strong></span> <span class='ocrx_word' id='word_1_191' title='bbox 2615 1165 3034 1233; x_wconf 89' lang='lat' dir='ltr'><strong>lngelemheim</strong></span> <span class='ocrx_word' id='word_1_192' title='bbox 3084 1174 3444 1238; x_wconf 85' lang='lat' dir='ltr'><strong>congregata</strong></span> <span class='ocrx_word' id='word_1_193' title='bbox 3489 1173 3596 1234; x_wconf 88' lang='lat' dir='ltr'><strong>est,</strong></span> 
     </span>
    </p>
   </div>
   <div class='ocr_carea' id='block_1_41' title="bbox 1951 1249 3296 1327">
    <p class='ocr_par' dir='ltr' id='par_1_41' title="bbox 1951 1249 3296 1327">
     <span class='ocr_line' id='line_1_42' title="bbox 1951 1249 3296 1327; baseline 0.007 -25"><span class='ocrx_word' id='word_1_194' title='bbox 1951 1249 2046 1303; x_wconf 93' lang='lat' dir='ltr'><strong>cui</strong></span> <span class='ocrx_word' id='word_1_195' title='bbox 2077 1251 2333 1306; x_wconf 88' lang='lat' dir='ltr'><strong>Marinus</strong></span> <span class='ocrx_word' id='word_1_196' title='bbox 2352 1252 2585 1321; x_wconf 89' lang='lat' dir='ltr'><strong>legatus</strong></span> <span class='ocrx_word' id='word_1_197' title='bbox 2609 1254 2970 1324; x_wconf 83' lang='lat' dir='ltr'><strong>apostolicus</strong></span> <span class='ocrx_word' id='word_1_198' title='bbox 2998 1257 3296 1327; x_wconf 65' lang='lat' dir='ltr'><strong>praesedit.</strong></span> 
     </span>
    </p>
   </div>
   <div class='ocr_carea' id='block_1_42' title="bbox 2021 1341 3602 1414">
    <p class='ocr_par' dir='ltr' id='par_1_42' title="bbox 2021 1341 3602 1414">
     <span class='ocr_line' id='line_1_43' title="bbox 2021 1341 3602 1414; baseline 0.005 -20"><span class='ocrx_word' id='word_1_199' title='bbox 2021 1341 2144 1394; x_wconf 75' lang='lat'><strong>949.</strong></span> <span class='ocrx_word' id='word_1_200' title='bbox 2182 1345 2397 1396; x_wconf 93' lang='lat' dir='ltr'><strong>lterum</strong></span> <span class='ocrx_word' id='word_1_201' title='bbox 2429 1343 2632 1398; x_wconf 91' lang='lat' dir='ltr'><strong>nuncii</strong></span> <span class='ocrx_word' id='word_1_202' title='bbox 2664 1343 3004 1398; x_wconf 62' lang='lat' dir='ltr'><strong>Graecorum</strong></span> <span class='ocrx_word' id='word_1_203' title='bbox 3062 1345 3140 1400; x_wconf 94' lang='lat' dir='ltr'><strong>ad</strong></span> <span class='ocrx_word' id='word_1_204' title='bbox 3186 1361 3384 1414; x_wconf 90' lang='lat' dir='ltr'><strong>regem</strong></span> <span class='ocrx_word' id='word_1_205' title='bbox 3442 1347 3602 1402; x_wconf 86' lang='lat' dir='ltr'><strong>Otto-</strong></span> 
     </span>
    </p>
   </div>
   <div class='ocr_carea' id='block_1_43' title="bbox 1950 1430 3605 1504">
    <p class='ocr_par' dir='ltr' id='par_1_43' title="bbox 1950 1430 3605 1504">
     <span class='ocr_line' id='line_1_44' title="bbox 1950 1430 3605 1504; baseline 0.004 -22"><span class='ocrx_word' id='word_1_206' title='bbox 1950 1443 2088 1483; x_wconf 89' lang='lat' dir='ltr'><strong>nem</strong></span> <span class='ocrx_word' id='word_1_207' title='bbox 2115 1430 2568 1500; x_wconf 88' lang='lat' dir='ltr'><strong>preciosissimis</strong></span> <span class='ocrx_word' id='word_1_208' title='bbox 2597 1432 2953 1488; x_wconf 90' lang='lat' dir='ltr'><strong>muneribus</strong></span> <span class='ocrx_word' id='word_1_209' title='bbox 2997 1439 3289 1489; x_wconf 88' lang='lat' dir='ltr'><strong>venerunt</strong></span> <span class='ocrx_word' id='word_1_210' title='bbox 3342 1433 3485 1504; x_wconf 84' lang='grc'><strong>(160)</strong></span> <span class='ocrx_word' id='word_1_211' title='bbox 3543 1434 3605 1489; x_wconf 90' lang='lat' dir='ltr'><strong>in</strong></span> 
     </span>
    </p>
   </div>
   <div class='ocr_carea' id='block_1_44' title="bbox 1949 1518 3609 1587">
    <p class='ocr_par' dir='ltr' id='par_1_44' title="bbox 1949 1518 3609 1587">
     <span class='ocr_line' id='line_1_45' title="bbox 1949 1518 3609 1587; baseline 0.004 -15"><span class='ocrx_word' id='word_1_212' title='bbox 1949 1518 2243 1574; x_wconf 90' lang='lat' dir='ltr'><strong>memoria</strong></span> <span class='ocrx_word' id='word_1_213' title='bbox 2269 1519 2542 1575; x_wconf 91' lang='lat' dir='ltr'><strong>omnium</strong></span> <span class='ocrx_word' id='word_1_214' title='bbox 2576 1524 2922 1576; x_wconf 88' lang='lat' dir='ltr'><strong>sanctorum</strong></span> <span class='ocrx_word' id='word_1_215' title='bbox 2961 1539 2973 1587; x_wconf 94' lang='lat'><strong>;</strong></span> <span class='ocrx_word' id='word_1_216' title='bbox 3026 1526 3083 1576; x_wconf 90' lang='lat' dir='ltr'><strong>et</strong></span> <span class='ocrx_word' id='word_1_217' title='bbox 3121 1524 3251 1578; x_wconf 88' lang='lat' dir='ltr'><strong>Otto</strong></span> <span class='ocrx_word' id='word_1_218' title='bbox 3294 1537 3398 1577; x_wconf 88' lang='lat' dir='ltr'><strong>rex</strong></span> <span class='ocrx_word' id='word_1_219' title='bbox 3445 1521 3609 1578; x_wconf 83' lang='lat' dir='ltr'><strong>dedit</strong></span> 
     </span>
    </p>
   </div>
   <div class='ocr_carea' id='block_1_45' title="bbox 1948 1603 2676 1663">
    <p class='ocr_par' dir='ltr' id='par_1_45' title="bbox 1948 1603 2676 1663">
     <span class='ocr_line' id='line_1_46' title="bbox 1948 1603 2676 1663; baseline 0.005 -4"><span class='ocrx_word' id='word_1_220' title='bbox 1948 1603 2138 1661; x_wconf 90' lang='lat' dir='ltr'><strong>ﬁliam</strong></span> <span class='ocrx_word' id='word_1_221' title='bbox 2168 1607 2486 1663; x_wconf 86' lang='lat' dir='ltr'><strong>Cuonrado</strong></span> <span class='ocrx_word' id='word_1_222' title='bbox 2516 1607 2676 1663; x_wconf 89' lang='lat' dir='ltr'><strong>duci.</strong></span> 
     </span>
    </p>
   </div>
   <div class='ocr_carea' id='block_1_46' title="bbox 2021 1696 3604 1770">
    <p class='ocr_par' dir='ltr' id='par_1_46' title="bbox 2021 1696 3604 1770">
     <span class='ocr_line' id='line_1_47' title="bbox 2021 1696 3604 1770; baseline 0.003 -21"><span class='ocrx_word' id='word_1_223' title='bbox 2021 1698 2145 1750; x_wconf 87' lang='lat'><strong>950.</strong></span> <span class='ocrx_word' id='word_1_224' title='bbox 2175 1697 2419 1750; x_wconf 83' lang='lat' dir='ltr'><strong>Factum</strong></span> <span class='ocrx_word' id='word_1_225' title='bbox 2448 1700 2536 1751; x_wconf 87' lang='lat' dir='ltr'><strong>est</strong></span> <span class='ocrx_word' id='word_1_226' title='bbox 2565 1711 2857 1766; x_wconf 90' lang='lat' dir='ltr'><strong>magnum</strong></span> <span class='ocrx_word' id='word_1_227' title='bbox 2879 1696 3160 1770; x_wconf 69' lang='lat' dir='ltr'><strong>praelium</strong></span> <span class='ocrx_word' id='word_1_228' title='bbox 3186 1697 3338 1754; x_wconf 91' lang='lat' dir='ltr'><strong>inter</strong></span> <span class='ocrx_word' id='word_1_229' title='bbox 3391 1697 3604 1768; x_wconf 88' lang='lat' dir='ltr'><strong>Bajoa-</strong></span> 
     </span>
    </p>
   </div>
   <div class='ocr_carea' id='block_1_47' title="bbox 1949 1780 2488 1852">
    <p class='ocr_par' dir='ltr' id='par_1_47' title="bbox 1949 1780 2488 1852">
     <span class='ocr_line' id='line_1_48' title="bbox 1949 1780 2488 1852; baseline 0.007 -17"><span class='ocrx_word' id='word_1_230' title='bbox 1949 1780 2069 1836; x_wconf 91' lang='lat' dir='ltr'><strong>rios</strong></span> <span class='ocrx_word' id='word_1_231' title='bbox 2099 1786 2156 1838; x_wconf 89' lang='lat' dir='ltr'><strong>et</strong></span> <span class='ocrx_word' id='word_1_232' title='bbox 2182 1782 2488 1852; x_wconf 89' lang='lat' dir='ltr'><strong>Ungarios.</strong></span> 
     </span>
    </p>
   </div>
   <div class='ocr_carea' id='block_1_48' title="bbox 2021 1872 3607 1947">
    <p class='ocr_par' dir='ltr' id='par_1_48' title="bbox 2021 1872 3607 1947">
     <span class='ocr_line' id='line_1_49' title="bbox 2021 1872 3607 1947; baseline 0.003 -21"><span class='ocrx_word' id='word_1_233' title='bbox 2021 1875 2144 1927; x_wconf 93' lang='grc'><strong>951.</strong></span> <span class='ocrx_word' id='word_1_234' title='bbox 2179 1874 2310 1928; x_wconf 82' lang='lat' dir='ltr'><strong>Otto</strong></span> <span class='ocrx_word' id='word_1_235' title='bbox 2334 1887 2438 1928; x_wconf 90' lang='lat' dir='ltr'><strong>rex</strong></span> <span class='ocrx_word' id='word_1_236' title='bbox 2467 1873 2725 1946; x_wconf 87' lang='lat' dir='ltr'><strong>perrexit</strong></span> <span class='ocrx_word' id='word_1_237' title='bbox 2751 1873 2813 1928; x_wconf 90' lang='lat' dir='ltr'><strong>in</strong></span> <span class='ocrx_word' id='word_1_238' title='bbox 2864 1872 3111 1943; x_wconf 88' lang='lat' dir='ltr'><strong>Italiam,</strong></span> <span class='ocrx_word' id='word_1_239' title='bbox 3169 1878 3228 1930; x_wconf 82' lang='lat' dir='ltr'><strong>et</strong></span> <span class='ocrx_word' id='word_1_240' title='bbox 3283 1873 3607 1947; x_wconf 87' lang='lat' dir='ltr'><strong>adquisivit</strong></span> 
     </span>
    </p>
   </div>
   <div class='ocr_carea' id='block_1_49' title="bbox 1950 1959 3602 2034">
    <p class='ocr_par' dir='ltr' id='par_1_49' title="bbox 1950 1959 3602 2034">
     <span class='ocr_line' id='line_1_50' title="bbox 1950 1959 3602 2034; baseline 0.002 -20"><span class='ocrx_word' id='word_1_241' title='bbox 1950 1959 2342 2017; x_wconf 81' lang='lat' dir='ltr'><strong>Adelheidam</strong></span> <span class='ocrx_word' id='word_1_242' title='bbox 2370 1962 2642 2033; x_wconf 89' lang='lat' dir='ltr'><strong>reginam</strong></span> <span class='ocrx_word' id='word_1_243' title='bbox 2668 1981 2682 2031; x_wconf 89' lang='lat'><strong>;</strong></span> <span class='ocrx_word' id='word_1_244' title='bbox 2713 1968 2770 2020; x_wconf 92' lang='lat' dir='ltr'><strong>et</strong></span> <span class='ocrx_word' id='word_1_245' title='bbox 2787 1964 3152 2034; x_wconf 82' lang='lat' dir='ltr'><strong>Berngerum</strong></span> <span class='ocrx_word' id='word_1_246' title='bbox 3168 1978 3373 2033; x_wconf 87' lang='lat' dir='ltr'><strong>regem</strong></span> <span class='ocrx_word' id='word_1_247' title='bbox 3399 1962 3602 2019; x_wconf 87' lang='lat' dir='ltr'><strong>subdi-</strong></span> 
     </span>
    </p>
   </div>
   <div class='ocr_carea' id='block_1_50' title="bbox 1948 2049 2188 2106">
    <p class='ocr_par' dir='ltr' id='par_1_50' title="bbox 1948 2049 2188 2106">
     <span class='ocr_line' id='line_1_51' title="bbox 1948 2049 2188 2106; baseline 0 -2"><span class='ocrx_word' id='word_1_248' title='bbox 1948 2049 2036 2104; x_wconf 88' lang='lat' dir='ltr'><strong>dit</strong></span> <span class='ocrx_word' id='word_1_249' title='bbox 2056 2049 2188 2106; x_wconf 90' lang='lat' dir='ltr'><strong>sibi.</strong></span> 
     </span>
    </p>
   </div>
   <div class='ocr_carea' id='block_1_51' title="bbox 2020 2954 2145 3007">
    <p class='ocr_par' dir='ltr' id='par_1_51' title="bbox 2020 2954 2145 3007">
     <span class='ocr_line' id='line_1_52' title="bbox 2020 2954 2145 3007; baseline -0.008 0"><span class='ocrx_word' id='word_1_250' title='bbox 2020 2954 2145 3007; x_wconf 81' lang='lat'><strong>952.</strong></span> 
     </span>
    </p>
   </div>
   <div class='ocr_carea' id='block_1_52' title="bbox 2021 3038 3610 3096">
    <p class='ocr_par' dir='ltr' id='par_1_52' title="bbox 2021 3038 3610 3096">
     <span class='ocr_line' id='line_1_53' title="bbox 2021 3038 3610 3096; baseline 0.001 -2"><span class='ocrx_word' id='word_1_251' title='bbox 2021 3042 2144 3095; x_wconf 87' lang='lat'><strong>953.</strong></span> <span class='ocrx_word' id='word_1_252' title='bbox 2173 3039 2358 3094; x_wconf 88' lang='lat' dir='ltr'><strong>Nimis</strong></span> <span class='ocrx_word' id='word_1_253' title='bbox 2391 3038 2646 3094; x_wconf 87' lang='lat' dir='ltr'><strong>crudelis</strong></span> <span class='ocrx_word' id='word_1_254' title='bbox 2700 3038 2995 3094; x_wconf 88' lang='lat' dir='ltr'><strong>dissensio</strong></span> <span class='ocrx_word' id='word_1_255' title='bbox 3053 3042 3260 3096; x_wconf 87' lang='lat' dir='ltr'><strong>exorta</strong></span> <span class='ocrx_word' id='word_1_256' title='bbox 3315 3042 3404 3096; x_wconf 87' lang='lat' dir='ltr'><strong>est</strong></span> <span class='ocrx_word' id='word_1_257' title='bbox 3456 3040 3610 3096; x_wconf 70' lang='lat' dir='ltr'><strong>inter</strong></span> 
     </span>
    </p>
   </div>
   <div class='ocr_carea' id='block_1_53' title="bbox 1951 3128 3609 3200">
    <p class='ocr_par' dir='ltr' id='par_1_53' title="bbox 1951 3128 3609 3200">
     <span class='ocr_line' id='line_1_54' title="bbox 1951 3128 3609 3200; baseline 0.001 -16"><span class='ocrx_word' id='word_1_258' title='bbox 1951 3128 2313 3197; x_wconf 86' lang='lat' dir='ltr'><strong>Liudolfum,</strong></span> <span class='ocrx_word' id='word_1_259' title='bbox 2352 3128 2509 3198; x_wconf 90' lang='lat' dir='ltr'><strong>regis</strong></span> <span class='ocrx_word' id='word_1_260' title='bbox 2563 3128 2775 3195; x_wconf 90' lang='lat' dir='ltr'><strong>ﬁlium,</strong></span> <span class='ocrx_word' id='word_1_261' title='bbox 2827 3131 2884 3183; x_wconf 92' lang='lat' dir='ltr'><strong>et</strong></span> <span class='ocrx_word' id='word_1_262' title='bbox 2930 3128 3272 3184; x_wconf 82' lang='lat' dir='ltr'><strong>Heinricum</strong></span> <span class='ocrx_word' id='word_1_263' title='bbox 3324 3133 3609 3200; x_wconf 85' lang='lat' dir='ltr'><strong>patruum</strong></span> 
     </span>
    </p>
   </div>
   <div class='ocr_carea' id='block_1_54' title="bbox 1951 3215 3612 3285">
    <p class='ocr_par' dir='ltr' id='par_1_54' title="bbox 1951 3215 3612 3285">
     <span class='ocr_line' id='line_1_55' title="bbox 1951 3215 3612 3285; baseline 0.001 -14"><span class='ocrx_word' id='word_1_264' title='bbox 1951 3233 2150 3272; x_wconf 92' lang='lat' dir='ltr'><strong>suum.</strong></span> <span class='ocrx_word' id='word_1_265' title='bbox 2189 3217 2410 3272; x_wconf 90' lang='lat' dir='ltr'><strong>Eodem</strong></span> <span class='ocrx_word' id='word_1_266' title='bbox 2450 3232 2612 3271; x_wconf 87' lang='lat' dir='ltr'><strong>anno</strong></span> <span class='ocrx_word' id='word_1_267' title='bbox 2641 3215 2894 3271; x_wconf 90' lang='lat' dir='ltr'><strong>obsessa</strong></span> <span class='ocrx_word' id='word_1_268' title='bbox 2914 3216 3212 3285; x_wconf 79' lang='lat' dir='ltr'><strong>Mogontia</strong></span> <span class='ocrx_word' id='word_1_269' title='bbox 3237 3220 3295 3271; x_wconf 90' lang='lat' dir='ltr'><strong>et</strong></span> <span class='ocrx_word' id='word_1_270' title='bbox 3322 3216 3612 3272; x_wconf 79' lang='lat' dir='ltr'><strong>Rossadal</strong></span> 
     </span>
    </p>
   </div>
   <div class='ocr_carea' id='block_1_55' title="bbox 1950 3302 3608 3376">
    <p class='ocr_par' dir='ltr' id='par_1_55' title="bbox 1950 3302 3608 3376">
     <span class='ocr_line' id='line_1_56' title="bbox 1950 3302 3608 3376; baseline -0.002 -15"><span class='ocrx_word' id='word_1_271' title='bbox 1950 3303 2286 3372; x_wconf 84' lang='lat' dir='ltr'><strong>castellum,</strong></span> <span class='ocrx_word' id='word_1_272' title='bbox 2315 3304 2594 3376; x_wconf 84' lang='lat' dir='ltr'><strong>factaque</strong></span> <span class='ocrx_word' id='word_1_273' title='bbox 2622 3308 2715 3360; x_wconf 88' lang='lat' dir='ltr'><strong>est</strong></span> <span class='ocrx_word' id='word_1_274' title='bbox 2741 3303 2802 3359; x_wconf 91' lang='lat' dir='ltr'><strong>in</strong></span> <span class='ocrx_word' id='word_1_275' title='bbox 2833 3302 2933 3359; x_wconf 92' lang='lat' dir='ltr'><strong>illo</strong></span> <span class='ocrx_word' id='word_1_276' title='bbox 2961 3303 3096 3359; x_wconf 92' lang='lat' dir='ltr'><strong>loco</strong></span> <span class='ocrx_word' id='word_1_277' title='bbox 3125 3319 3355 3374; x_wconf 89' lang='lat' dir='ltr'><strong>magna</strong></span> <span class='ocrx_word' id='word_1_278' title='bbox 3379 3318 3608 3375; x_wconf 88' lang='lat' dir='ltr'><strong>pugna.</strong></span> 
     </span>
    </p>
   </div>
   <div class='ocr_carea' id='block_1_56' title="bbox 2019 3729 3611 3802">
    <p class='ocr_par' dir='ltr' id='par_1_56' title="bbox 2019 3729 3611 3802">
     <span class='ocr_line' id='line_1_57' title="bbox 2019 3729 3611 3802; baseline -0.002 -15"><span class='ocrx_word' id='word_1_279' title='bbox 2019 3734 2144 3787; x_wconf 82' lang='lat'><strong>954.</strong></span> <span class='ocrx_word' id='word_1_280' title='bbox 2192 3731 2521 3786; x_wconf 84' lang='lat' dir='ltr'><strong>Fridericus</strong></span> <span class='ocrx_word' id='word_1_281' title='bbox 2577 3729 3067 3802; x_wconf 87' lang='lat' dir='ltr'><strong>archiepiscopus</strong></span> <span class='ocrx_word' id='word_1_282' title='bbox 3116 3729 3611 3800; x_wconf 81' lang='lat' dir='ltr'><strong>Mogontiacensis</strong></span> 
     </span>
    </p>
   </div>
   <div class='ocr_carea' id='block_1_57' title="bbox 1949 3815 3360 3890">
    <p class='ocr_par' dir='ltr' id='par_1_57' title="bbox 1949 3815 3360 3890">
     <span class='ocr_line' id='line_1_58' title="bbox 1949 3815 3360 3890; baseline -0.002 -14"><span class='ocrx_word' id='word_1_283' title='bbox 1949 3818 2117 3887; x_wconf 87' lang='lat' dir='ltr'><strong>obiit,</strong></span> <span class='ocrx_word' id='word_1_284' title='bbox 2145 3818 2241 3874; x_wconf 91' lang='lat' dir='ltr'><strong>cui</strong></span> <span class='ocrx_word' id='word_1_285' title='bbox 2268 3817 2634 3890; x_wconf 83' lang='lat' dir='ltr'><strong>Wilhelmus,</strong></span> <span class='ocrx_word' id='word_1_286' title='bbox 2662 3815 2820 3874; x_wconf 87' lang='lat' dir='ltr'><strong>ﬁlius</strong></span> <span class='ocrx_word' id='word_1_287' title='bbox 2847 3818 3030 3886; x_wconf 89' lang='lat' dir='ltr'><strong>regis,</strong></span> <span class='ocrx_word' id='word_1_288' title='bbox 3053 3817 3360 3874; x_wconf 88' lang='lat' dir='ltr'><strong>successit.</strong></span> 
     </span>
    </p>
   </div>
   <div class='ocr_carea' id='block_1_58' title="bbox 2025 4166 3614 4242">
    <p class='ocr_par' dir='ltr' id='par_1_58' title="bbox 2025 4166 3614 4242">
     <span class='ocr_line' id='line_1_59' title="bbox 2025 4166 3614 4242; baseline -0.003 -13"><span class='ocrx_word' id='word_1_289' title='bbox 2025 4177 2149 4229; x_wconf 88' lang='lat'><strong>955.</strong></span> <span class='ocrx_word' id='word_1_290' title='bbox 2177 4173 2306 4228; x_wconf 89' lang='lat' dir='ltr'><strong>Otto</strong></span> <span class='ocrx_word' id='word_1_291' title='bbox 2332 4185 2435 4226; x_wconf 91' lang='lat' dir='ltr'><strong>rex</strong></span> <span class='ocrx_word' id='word_1_292' title='bbox 2463 4167 2755 4239; x_wconf 86' lang='lat' dir='ltr'><strong>Ungarios</strong></span> <span class='ocrx_word' id='word_1_293' title='bbox 2785 4182 2924 4223; x_wconf 92' lang='lat' dir='ltr'><strong>cum</strong></span> <span class='ocrx_word' id='word_1_294' title='bbox 2967 4181 3195 4237; x_wconf 88' lang='lat' dir='ltr'><strong>magno</strong></span> <span class='ocrx_word' id='word_1_295' title='bbox 3223 4166 3488 4242; x_wconf 88' lang='lat' dir='ltr'><strong>periculo</strong></span> <span class='ocrx_word' id='word_1_296' title='bbox 3520 4168 3614 4226; x_wconf 87' lang='lat' dir='ltr'><strong>sui</strong></span> 
     </span>
    </p>
   </div>
   <div class='ocr_carea' id='block_1_59' title="bbox 1955 4256 3614 4332">
    <p class='ocr_par' dir='ltr' id='par_1_59' title="bbox 1955 4256 3614 4332">
     <span class='ocr_line' id='line_1_60' title="bbox 1955 4256 3614 4332; baseline -0.001 -15"><span class='ocrx_word' id='word_1_297' title='bbox 1955 4276 2325 4332; x_wconf 89' lang='lat' dir='ltr'><strong>suorumque</strong></span> <span class='ocrx_word' id='word_1_298' title='bbox 2356 4273 2583 4328; x_wconf 90' lang='lat' dir='ltr'><strong>magna</strong></span> <span class='ocrx_word' id='word_1_299' title='bbox 2613 4257 2773 4314; x_wconf 65' lang='lat' dir='ltr'><strong>caede</strong></span> <span class='ocrx_word' id='word_1_300' title='bbox 2803 4256 3126 4330; x_wconf 88' lang='lat' dir='ltr'><strong>prostravit</strong></span> <span class='ocrx_word' id='word_1_301' title='bbox 3153 4257 3214 4314; x_wconf 89' lang='lat' dir='ltr'><strong>in</strong></span> <span class='ocrx_word' id='word_1_302' title='bbox 3247 4257 3501 4315; x_wconf 88' lang='lat' dir='ltr'><strong>Lechfelt</strong></span> <span class='ocrx_word' id='word_1_303' title='bbox 3551 4258 3614 4315; x_wconf 91' lang='lat' dir='ltr'><strong>in</strong></span> 
     </span>
    </p>
   </div>
   <div class='ocr_carea' id='block_1_60' title="bbox 1953 4347 3614 4420">
    <p class='ocr_par' dir='ltr' id='par_1_60' title="bbox 1953 4347 3614 4420">
     <span class='ocr_line' id='line_1_61' title="bbox 1953 4347 3614 4420; baseline -0.001 -13"><span class='ocrx_word' id='word_1_304' title='bbox 1953 4349 2141 4407; x_wconf 89' lang='lat' dir='ltr'><strong>natali</strong></span> <span class='ocrx_word' id='word_1_305' title='bbox 2172 4350 2362 4405; x_wconf 88' lang='lat' dir='ltr'><strong>sancti</strong></span> <span class='ocrx_word' id='word_1_306' title='bbox 2395 4347 2689 4404; x_wconf 87' lang='lat' dir='ltr'><strong>Laurentii</strong></span> <span class='ocrx_word' id='word_1_307' title='bbox 2723 4366 2736 4415; x_wconf 93' lang='lat'><strong>;</strong></span> <span class='ocrx_word' id='word_1_308' title='bbox 2768 4348 2830 4402; x_wconf 90' lang='lat' dir='ltr'><strong>in</strong></span> <span class='ocrx_word' id='word_1_309' title='bbox 2883 4362 3006 4420; x_wconf 88' lang='lat' dir='ltr'><strong>quo</strong></span> <span class='ocrx_word' id='word_1_310' title='bbox 3050 4347 3230 4412; x_wconf 89' lang='lat' dir='ltr'><strong>etiam</strong></span> <span class='ocrx_word' id='word_1_311' title='bbox 3280 4347 3440 4405; x_wconf 91' lang='lat' dir='ltr'><strong>bello</strong></span> <span class='ocrx_word' id='word_1_312' title='bbox 3487 4349 3614 4405; x_wconf 92' lang='lat' dir='ltr'><strong>dux</strong></span> 
     </span>
    </p>
   </div>
   <div class='ocr_carea' id='block_1_61' title="bbox 1956 4436 3613 4498">
    <p class='ocr_par' dir='ltr' id='par_1_61' title="bbox 1956 4436 3613 4498">
     <span class='ocr_line' id='line_1_62' title="bbox 1956 4436 3613 4498; baseline -0.003 -1"><span class='ocrx_word' id='word_1_313' title='bbox 1956 4439 2310 4498; x_wconf 89' lang='lat' dir='ltr'><strong>Cuonradus</strong></span> <span class='ocrx_word' id='word_1_314' title='bbox 2336 4455 2476 4494; x_wconf 91' lang='lat' dir='ltr'><strong>cum</strong></span> <span class='ocrx_word' id='word_1_315' title='bbox 2503 4437 2632 4494; x_wconf 89' lang='lat' dir='ltr'><strong>aliis</strong></span> <span class='ocrx_word' id='word_1_316' title='bbox 2661 4436 2865 4493; x_wconf 89' lang='lat' dir='ltr'><strong>multis</strong></span> <span class='ocrx_word' id='word_1_317' title='bbox 2890 4437 3122 4493; x_wconf 86' lang='lat' dir='ltr'><strong>occisus</strong></span> <span class='ocrx_word' id='word_1_318' title='bbox 3147 4443 3255 4494; x_wconf 91' lang='lat' dir='ltr'><strong>est.</strong></span> <span class='ocrx_word' id='word_1_319' title='bbox 3303 4438 3613 4494; x_wconf 88' lang='lat' dir='ltr'><strong>Heinricus</strong></span> 
     </span>
    </p>
   </div>
   <div class='ocr_carea' id='block_1_62' title="bbox 1955 4527 3032 4602">
    <p class='ocr_par' dir='ltr' id='par_1_62' title="bbox 1955 4527 3032 4602">
     <span class='ocr_line' id='line_1_63' title="bbox 1955 4527 3032 4602; baseline -0.002 -17"><span class='ocrx_word' id='word_1_320' title='bbox 1955 4545 2220 4602; x_wconf 89' lang='lat' dir='ltr'><strong>quoque,</strong></span> <span class='ocrx_word' id='word_1_321' title='bbox 2251 4527 2376 4584; x_wconf 83' lang='lat' dir='ltr'><strong>dux</strong></span> <span class='ocrx_word' id='word_1_322' title='bbox 2398 4527 2833 4599; x_wconf 88' lang='lat' dir='ltr'><strong>Bajoariorum,</strong></span> <span class='ocrx_word' id='word_1_323' title='bbox 2867 4527 3032 4583; x_wconf 88' lang='lat' dir='ltr'><strong>obiit.</strong></span> 
     </span>
    </p>
   </div>
   <div class='ocr_carea' id='block_1_63' title="bbox 2031 4946 3616 5024">
    <p class='ocr_par' dir='ltr' id='par_1_63' title="bbox 2031 4946 3616 5024">
     <span class='ocr_line' id='line_1_64' title="bbox 2031 4946 3616 5024; baseline -0.006 -11"><span class='ocrx_word' id='word_1_324' title='bbox 2031 4961 2155 5014; x_wconf 89' lang='grc'><strong>956.</strong></span> <span class='ocrx_word' id='word_1_325' title='bbox 2209 4954 2585 5011; x_wconf 83' lang='lat' dir='ltr'><strong>Ruodbertus</strong></span> <span class='ocrx_word' id='word_1_326' title='bbox 2661 4951 3168 5024; x_wconf 63' lang='lat' dir='ltr'><strong>archiepiscopus</strong></span> <span class='ocrx_word' id='word_1_327' title='bbox 3233 4946 3616 5024; x_wconf 69' lang='lat' dir='ltr'><strong>Treverensis</strong></span> 
     </span>
    </p>
   </div>
   <div class='ocr_carea' id='block_1_64' title="bbox 1959 5017 3617 5089">
    <p class='ocr_par' dir='ltr' id='par_1_64' title="bbox 1959 5017 3617 5089">
     <span class='ocr_line' id='line_1_65' title="bbox 1959 5017 3617 5089; baseline -0.005 -5"><span class='ocrx_word' id='word_1_328' title='bbox 1959 5029 2108 5084; x_wconf 89' lang='lat' dir='ltr'><strong>obiit</strong></span> <span class='ocrx_word' id='word_1_329' title='bbox 2137 5027 2232 5082; x_wconf 92' lang='lat' dir='ltr'><strong>cui</strong></span> <span class='ocrx_word' id='word_1_330' title='bbox 2263 5025 2568 5080; x_wconf 87' lang='lat' dir='ltr'><strong>Heinricus</strong></span> <span class='ocrx_word' id='word_1_331' title='bbox 2599 5017 2884 5078; x_wconf 78' lang='lat' dir='ltr'><strong>successit</strong></span> <span class='ocrx_word' id='word_1_332' title='bbox 2915 5040 2928 5089; x_wconf 91' lang='lat'><strong>;</strong></span> <span class='ocrx_word' id='word_1_333' title='bbox 2962 5024 3020 5075; x_wconf 91' lang='lat' dir='ltr'><strong>et</strong></span> <span class='ocrx_word' id='word_1_334' title='bbox 3038 5017 3422 5089; x_wconf 84' lang='lat' dir='ltr'><strong>Hadamarus</strong></span> <span class='ocrx_word' id='word_1_335' title='bbox 3483 5019 3617 5075; x_wconf 86' lang='lat' dir='ltr'><strong>Ful-</strong></span> 
     </span>
    </p>
   </div>
   <div class='ocr_carea' id='block_1_65' title="bbox 1959 5088 3619 5159">
    <p class='ocr_par' dir='ltr' id='par_1_65' title="bbox 1959 5088 3619 5159">
     <span class='ocr_line' id='line_1_66' title="bbox 1959 5088 3619 5159; baseline -0.005 -5"><span class='ocrx_word' id='word_1_336' title='bbox 1959 5097 2164 5155; x_wconf 90' lang='lat' dir='ltr'><strong>densis</strong></span> <span class='ocrx_word' id='word_1_337' title='bbox 2187 5097 2379 5152; x_wconf 88' lang='lat' dir='ltr'><strong>abbas</strong></span> <span class='ocrx_word' id='word_1_338' title='bbox 2404 5093 2567 5159; x_wconf 92' lang='lat' dir='ltr'><strong>obiit,</strong></span> <span class='ocrx_word' id='word_1_339' title='bbox 2601 5093 2697 5148; x_wconf 90' lang='lat' dir='ltr'><strong>cui</strong></span> <span class='ocrx_word' id='word_1_340' title='bbox 2720 5093 2893 5149; x_wconf 88' lang='lat' dir='ltr'><strong>Hatto</strong></span> <span class='ocrx_word' id='word_1_341' title='bbox 2917 5088 3229 5146; x_wconf 85' lang='lat' dir='ltr'><strong>successit.</strong></span> <span class='ocrx_word' id='word_1_342' title='bbox 3257 5088 3482 5146; x_wconf 87' lang='lat' dir='ltr'><strong>Eodem</strong></span> <span class='ocrx_word' id='word_1_343' title='bbox 3513 5106 3619 5147; x_wconf 89' lang='lat' dir='ltr'><strong>an-</strong></span> 
     </span>
    </p>
   </div>
   <div class='ocr_carea' id='block_1_66' title="bbox 1960 5159 3615 5234">
    <p class='ocr_par' dir='ltr' id='par_1_66' title="bbox 1960 5159 3615 5234">
     <span class='ocr_line' id='line_1_67' title="bbox 1960 5159 3615 5234; baseline -0.004 -10"><span class='ocrx_word' id='word_1_344' title='bbox 1960 5185 2042 5224; x_wconf 91' lang='lat' dir='ltr'><strong>no</strong></span> <span class='ocrx_word' id='word_1_345' title='bbox 2071 5166 2376 5222; x_wconf 88' lang='lat' dir='ltr'><strong>Liudolfus</strong></span> <span class='ocrx_word' id='word_1_346' title='bbox 2396 5165 2458 5220; x_wconf 89' lang='lat' dir='ltr'><strong>in</strong></span> <span class='ocrx_word' id='word_1_347' title='bbox 2480 5162 2710 5234; x_wconf 82' lang='lat' dir='ltr'><strong>Italiam</strong></span> <span class='ocrx_word' id='word_1_348' title='bbox 2735 5160 3024 5234; x_wconf 89' lang='lat' dir='ltr'><strong>perrexi_t,_</strong></span> <span class='ocrx_word' id='word_1_349' title='bbox 3041 5175 3319 5234; x_wconf 70' lang='lat' dir='ltr'><strong>eamque</strong></span> <span class='ocrx_word' id='word_1_350' title='bbox 3349 5159 3464 5217; x_wconf 88' lang='lat' dir='ltr'><strong>sibi</strong></span> <span class='ocrx_word' id='word_1_351' title='bbox 3489 5179 3615 5234; x_wconf 13' lang='lat' dir='ltr'><strong>ﬁsu-</strong></span> 
     </span>
    </p>
   </div>
   <div class='ocr_carea' id='block_1_67' title="bbox 1961 5230 3615 5318">
    <p class='ocr_par' dir='ltr' id='par_1_67' title="bbox 1961 5230 3615 5318">
     <span class='ocr_line' id='line_1_68' title="bbox 1961 5230 3615 5318; baseline -0.001 -25"><span class='ocrx_word' id='word_1_352' title='bbox 1961 5237 2144 5318; x_wconf 63' lang='lat' dir='ltr'><strong>begit.</strong></span> <span class='ocrx_word' id='word_1_353' title='bbox 2178 5239 2246 5290; x_wconf 90' lang='lat' dir='ltr'><strong>Et</strong></span> <span class='ocrx_word' id='word_1_354' title='bbox 2274 5235 2416 5306; x_wconf 88' lang='grc'><strong>(161)</strong></span> <span class='ocrx_word' id='word_1_355' title='bbox 2448 5230 2758 5318; x_wconf 68' lang='lat' dir='ltr'><strong>Megingoi</strong></span> <span class='ocrx_word' id='word_1_356' title='bbox 2779 5230 3416 5290; x_wconf 51' lang='lat' dir='ltr'><strong>Herveldensishbbas</strong></span> <span class='ocrx_word' id='word_1_357' title='bbox 3447 5233 3615 5305; x_wconf 90' lang='lat' dir='ltr'><strong>obiit,</strong></span> 
     </span>
    </p>
   </div>
   <div class='ocr_carea' id='block_1_68' title="bbox 1963 5303 2666 5374">
    <p class='ocr_par' dir='ltr' id='par_1_68' title="bbox 1963 5303 2666 5374">
     <span class='ocr_line' id='line_1_69' title="bbox 1963 5303 2666 5374; baseline -0.009 -11"><span class='ocrx_word' id='word_1_358' title='bbox 1963 5303 2072 5363; x_wconf 78' lang='lat' dir='ltr'><strong>cui</strong></span> <span class='ocrx_word' id='word_1_359' title='bbox 2088 5303 2339 5374; x_wconf 87' lang='lat' dir='ltr'><strong>Hagano</strong></span> <span class='ocrx_word' id='word_1_360' title='bbox 2364 5303 2666 5359; x_wconf 84' lang='lat' dir='ltr'><strong>successit.</strong></span> 
     </span>
    </p>
   </div>
   <div class='ocr_carea' id='block_1_69' title="bbox 2038 5636 2902 5718">
    <p class='ocr_par' dir='ltr' id='par_1_69' title="bbox 2038 5636 2902 5718">
     <span class='ocr_line' id='line_1_70' title="bbox 2038 5636 2902 5718; baseline -0.007 -18"><span class='ocrx_word' id='word_1_361' title='bbox 2038 5644 2188 5718; x_wconf 84' lang='grc'><strong>(161)</strong></span> <span class='ocrx_word' id='word_1_362' title='bbox 2207 5644 2276 5698; x_wconf 84' lang='lat' dir='ltr'><strong>Et</strong></span> <span class='ocrx_word' id='word_1_363' title='bbox 2298 5636 2584 5697; x_wconf 87' lang='lat' dir='ltr'><strong>successit</strong></span> <span class='ocrx_word' id='word_1_364' title='bbox 2613 5637 2826 5696; x_wconf 79' lang='lat' dir='ltr'><strong>desunt</strong></span> <span class='ocrx_word' id='word_1_365' title='bbox 2848 5642 2902 5695; x_wconf 93' lang='lat'><strong>4.</strong></span> 
     </span>
    </p>
   </div>
  </div>
