3980 6176
370 284 474 338 607

677 403 1003 459 ANNALES
1042 401 1704 461 HILDESHEIMENSES.

441 501 564 552 957.
600 492 907 548 Liudulfus
937 492 996 546 in
1025 491 1189 548 Italia
1219 500 1492 549 mortuus
1521 498 1649 561 est;
1682 497 1739 548 et
1774 490 1913 547 inde
1944 490 2023 545 ad

369 581 727 650 Mogontiam
758 585 1214 654 transportatus,
1245 587 1300 639 et
1329 582 1407 639 ad
1430 587 1702 638 sanctum
1721 580 2022 636 Albanum

368 673 456 723 est
480 669 765 742 sepultus.

439 763 562 815 958.
597 759 846 831 Signum
875 759 1067 816 crucis
1099 759 1159 816 in
1188 760 1554 816 vestimentis
1573 761 1889 817 hominum
1919 774 2021 831 ap-

367 849 588 920 paruit,
618 849 730 905 illis
750 850 855 922 qui
914 850 1137 906 derisui
1175 851 1322 906 illud
1373 850 1702 922 habebant,
1763 851 2018 904 mortem

367 937 626 994 inferens
660 957 673 1007 ;
701 939 814 994 illis
837 943 1038 996 autem
1063 940 1167 1012 qui
1188 939 1282 1012 pie
1331 943 1388 995 et
1414 939 1685 1009 religiose
1731 937 1880 994 illud
1916 953 2018 992 ve-

367 1026 681 1098 nerabant,
705 1028 852 1084 nihil
879 1028 1024 1085 mali
1051 1028 1264 1084 intulit.

440 1121 564 1173 959.
578 1117 828 1187 Hagono
854 1117 1017 1175 abba
1041 1117 1276 1190 reliquit
1287 1116 1623 1173 dominium
1645 1115 1736 1171 sui
1751 1113 2014 1171 honoris.

439 1421 562 1474 960.
595 1421 892 1478 Venerunt
907 1420 1084 1491 legati
1114 1420 1342 1477 Rusciae
1373 1420 1564 1490 gentis
1596 1419 1677 1476 ad
1695 1434 1898 1489 regem
1927 1421 2020 1476 0t-

366 1510 590 1580 tonem,
621 1513 678 1564 et
709 1509 1010 1581 deprecati
1038 1514 1176 1566 sunt
1204 1526 1344 1566 eum
1376 1513 1440 1565 ut
1465 1509 1727 1582 aliquem
1769 1524 2017 1569 suorum

366 1595 791 1669 episcoporum
851 1600 1293 1663 transmitteret,
1334 1598 1438 1670 qui
1504 1599 1588 1654 eis
1679 1597 2020 1654 ostenderet

365 1684 527 1742 viam
555 1686 814 1744 veritatis
848 1707 861 1756 ;
895 1691 952 1744 et
979 1688 1231 1760 professi
1263 1693 1401 1744 sunt
1428 1704 1489 1743 se
1546 1686 1697 1743 velle
1741 1685 2016 1746 recedere

363 1774 660 1846 paganico
684 1775 818 1840 ritu,
862 1781 916 1832 et
972 1778 1238 1850 accipere
1292 1777 1642 1846 religionem
1695 1775 2021 1834 christiani-

364 1863 522 1922 tatis.
559 1867 623 1920 Et
677 1865 772 1920 ille
853 1867 1151 1924 consensit
1225 1865 1630 1939 deprecationi
1680 1881 1912 1934 eorum,
1962 1869 2019 1920 et

362 1953 1092 2012 transmisitAdalbertum
1106 1956 1460 2028 episcopum
1471 1955 1588 2011 ﬁde
1619 1954 1980 2012 catholicum
2000 1973 2015 2022 ;

364 2041 565 2113 illique
636 2059 742 2114 per
826 2045 1032 2100 omnia
1084 2045 1312 2100 mentiti
1374 2051 1532 2111 sunt,
1600 2045 1755 2099 sicut
1805 2048 2018 2115 postea

364 2135 610 2187 eventus
634 2132 718 2188 rei
747 2133 1040 2205 probavit.

435 2330 559 2381 961.
596 2327 710 2383 Isto
741 2343 901 2384 anno
926 2333 1214 2385 venerunt
1242 2329 1445 2385 nuncii
1474 2328 1553 2385 ad
1607 2343 1812 2398 regem
1861 2329 2015 2384 Otto-

363 2428 525 2483 nem,
553 2419 610 2470 et
637 2422 1007 2474 vocaverunt
1053 2435 1192 2475 eum
1243 2422 1495 2475 Romam
1533 2418 1594 2474 in
1648 2417 2014 2489 adjutorium

363 2503 654 2559 Johannis
702 2520 897 2578 papae,
947 2510 1012 2562 ut
1058 2507 1353 2577 mitigaret
1405 2506 1775 2563 severitatem
1833 2505 2014 2561 Adal-

361 2589 513 2648 berti
543 2594 722 2666 regis,
757 2611 944 2667 quam
975 2597 1233 2652 exercuit
1259 2612 1439 2669 super
1466 2596 1904 2652 monarchiam.

433 2685 536 2738 962
565 2684 736 2756 (961).
768 2685 986 2758 Illeque
1018 2686 1385 2758 apostolicus
1415 2690 1716 2756 gratanter
1752 2701 1900 2742 eum
1921 2702 2014 2740 su-
2085 2723 2091 2728 ι

363 2772 570 2843 scepit,
603 2777 660 2829 et
683 2775 1010 2830 honoriﬁce
1065 2775 1374 2831 collocavit
1427 2790 1606 2846 super
1670 2775 2016 2830 cathedram

362 2862 695 2930 augustalis
727 2863 1120 2935 principatus,
1172 2865 1455 2936 auxitque
1513 2879 1696 2935 super
1723 2879 1860 2918 eum
1907 2879 2014 2918 au-
2061 2923 2064 2926 ἠ

363 2949 659 3019 gustalem
689 2951 1186 3020 benedictionem,
1231 2958 1297 3009 ut
1348 2953 1672 3026 imperator
1723 2958 2015 3023 angustus

361 3042 679 3096 vocaretur
705 3045 764 3098 et
790 3045 948 3098 esset
999 3043 1168 3114 (962.)
1201 3042 1485 3100 Guntheri
1511 3043 1673 3101 abba
1700 3042 1848 3101 obiit
1876 3060 1891 3112 ;
1919 3044 2017 3100 cui

362 3127 647 3188 successit
675 3129 999 3202 Egillolfus.

431 3219 558 3275 963.
585 3219 706 3276 Hoc
726 3235 888 3278 anno
918 3234 1214 3279 magnum
1247 3220 1520 3278 sinodale
1549 3221 1870 3279 concilium
1888 3221 2014 3279 fac-

359 3292 504 3367 tum
517 3294 607 3367 est
626 3294 814 3367 Bome.
837 3294 900 3348 in
924 3292 1175 3352 ecclesia
1204 3292 1394 3352 sancti
1430 3292 1585 3350 Petri
1613 3311 1626 3362 ;
1648 3293 1851 3367 ibique
1867 3309 2017 3367 prte-

361 3360 594 3436 sidebat
617 3363 746 3436 Otto
776 3363 1100 3436 imperator
1119 3367 1432 3436 angustus,
1465 3360 1848 3436 cummagna
1867 3360 2018 3419 inul-

360 3431 610 3505 titudine
641 3431 1086 3505 episcoporum,
1119 3431 1432 3500 abbatum,
1464 3431 1925 3505 monachorum,
1944 3450 2015 3490 ac

363 3503 510 3576 (162)
541 3503 913 3576 clericorum.
945 3504 1183 3574 Illicque
1215 3505 1568 3576 Benedictus
1587 3520 1750 3576 papa
1770 3504 1849 3576 ab
1871 3520 2016 3576 apo-

361 3571 577 3646 stolica
597 3573 737 3646 sede
763 3573 1028 3642 dejectus
1055 3571 1161 3638 est,
1203 3591 1287 3646 eo
1305 3575 1481 3646 quod,
1498 3571 1717 3646 injuste
1743 3571 2012 3646 vindica-

359 3639 914 3716 vit_s_ublimitatem
975 3645 1227 3716 Romani
1275 3639 1529 3716 imperii,
1560 3639 1647 3716 'et
1698 3645 2013 3715 Adaldago

359 3711 812 3788 archiepiscopo
869 3714 1258 3788 commissus,
1294 3711 1845 3788 in'Sax’oniamque
1912 3711 2012 3772 de-

359 3781 852 3865 ductus,_illicque
883 3785 1070 3865 vitam
1098 3784 1312 3865 ﬁnivit.
1340 3789 1407 3842 Et
1434 3786 1494 3841 in
1525 3786 1656 3865 ipso
1687 3781 1849 3865 anno
1871 3804 2014 3844 seva

358 3855 688 3930 mortalitas
712 3855 1275 3930 invasitexercitum
1298 3855 1696 3930 imperatoris,
1724 3863 1780 3930 et
1830 3859 1890 3913 in
1940 3875 2013 3915 ea

357 3925 1176 4002 ljeinricus,archiepiscopus
1199 3925 1522 4002 Treverica:
1534 3929 1784 3984 civitatis
1793 3973 1806 3998 ,
1819 3935 1876 3986 et
1887 3930 2010 3986 dux

361 3997 713 4074 Godefridus
725 3997 913 4055 vitam
920 3997 1328 4074 perdiderunt,
1353 4001 1648 4074 ceterique
1670 3997 2005 4074 uon'pauci.

427 4073 552 4124 964.
585 4070 705 4142 Isto
729 4086 891 4126 anno
919 4070 1310 4142 Berengarius
1339 4088 1443 4127 rex
1474 4070 2009 4141 Langobardorum

356 4137 643 4216 obsessus
671 4141 732 4216 in
754 4146 957 4198 monte
989 4137 1176 4199 sancti
1207 4143 1436 4216 Leonis,
1465 4137 1666 4216 ibique
1693 4148 1909 4216 captus
1954 4149 2011 4200 et

357 4220 498 4284 cum
517 4210 576 4284 vi
595 4209 889 4284 deductus
913 4228 1038 4270 una
1071 4229 1211 4269 cum
1257 4209 1465 4283 regina
1518 4209 1647 4284 ej'us
1701 4209 2008 4273 cohabita-

356 4278 497 4359 trice
526 4281 773 4359 Willain
799 4284 1140 4359 Bajoariam
1171 4284 1247 4340 ad
1277 4278 1590 4359 castellum
1636 4286 2006 4359 Baveuberg,

354 4349 559 4498 géqpe
587 4349 985 4411 novissimum
1019 4355 1181 4412 diem
1232 4356 1542 4428 praesentis
1595 4357 1730 4414 vitm
1784 4349 2010 4416 dimisit

425 4495 550 4549 965.
581 4495 713 4568 Otto
752 4495 1076 4568 imperator
1127 4495 1202 4552 de
1249 4497 1670 4566 Langobardia
1715 4500 1877 4556 venit
1927 4499 2007 4556 ad

355 4566 799 4640 lj‘ranconofort,
827 4566 884 4640 et
905 4567 1072 4640 illum
1101 4582 1330 4640 annum
1356 4569 1653 4639 integrum
1705 4569 1768 4626 in
1819 4585 2005 4640 regno

351 4637 658 4712 Saxonum
683 4638 988 4706 manebat,
1019 4639 1374 4712 interimque
1404 4637 1615 4697 omnes
1654 4657 1796 4698 suos
1851 4637 2003 4697 adu-

351 4706 520 4780 navit
537 4707 616 4763 ad
640 4724 854 4780 pacem
885 4714 944 4765 et
961 4709 1040 4766 ad
1065 4706 1470 4767 concor'diam.
1505 4714 1570 4767 Et
1597 4713 1758 4767 Brun
1782 4713 2005 4769 archie-

349 4777 1017 4855 piscopus—Agrippina;
1059 4781 1326 4855 civitatis,
1377 4782 1556 4838 frater
1603 4783 1999 4855 imperatoris,

349 4848 544 4906 vitam
566 4866 706 4924 cum
731 4848 888 4924 pace
916 4851 1122 4924 ﬁnivit.

422 4924 546 5000 966.
575 4922 994 5000 Iterumtercia
1018 4923 1164 5000 vice
1194 4923 1342 5000 abiit
1384 4923 1897 5000 Ottouimperator
1922 4926 2002 4981 ad

351 4988 601 5078 italiam,
635 4997 692 5048 et
717 4993 857 5078 inde
885 4993 1094 5078 adiens
1130 4988 1770 5078 liminasanctiﬂPétri,
1797 4995 2002 5078 ibique

350 5061 472 5118 Deo
498 5061 790 5139 et_Sancto
818 5067 986 5121 Petro
1013 5063 1430 5139 supplicando,
1465 5061 1788 5135 gratiarum
1819 5061 2001 5123 actio-

351 5145 459 5216 nes
487 5132 768 5216 refereps,
793 5151 865 5216 eo
893 5136 1061 5216 quod
1082 5132 1298 5192 cuncta
1326 5132 1496 5206 erga'
1515 5152 1656 5193 eum
1712 5153 2002 5214 prospero

352 5215 535 5258 cursu
563 5205 910 5261 egebantur.

421 5277 883 5354 96j'.“§oc_anno
903 5278 1232 5354 transmisit
1260 5279 1584 5354 imperator
1597 5279 1826 5354 legatos
1857 5297 1999 5354 suos

351 5343 430 5425 ad
461 5343 892 5425 Williheimum
923 5343 1466 5425 archiepiscopum,
1499 5353 1556 5406 et
1575 5343 1824 5425 adualios
1845 5352 2003 5425 prin-

349 5415 510 5496 cipes
539 5415 762 5486 ejus,ut
780 5419 1076 5496 Ottonem,
1095 5415 1487 5496 filium-suum
1503 5415 2003 5496 tequivocumque

350 5486 501 5558 ejus,
531 5503 671 5543 cum
701 5489 866 5544 omni
897 5486 1079 5561 regali
1134 5491 1418 5562 dignitate
1474 5486 1870 5564 pro-veherent
1903 5486 2003 5550 ’ad

423 5753 570 5825 (162)
600 5752 670 5809 II.
696 5769 778 5810 m.
810 5755 1293 5828 prapositorum,
1326 5756 1398 5813 cl.
1431 5758 1662 5815 Sazaw.

1291 279 1552 335 ANNAL.
1586 275 2034 334 HlLDESHElH.
2065 272 2444 340 QUEDLIHB.
2475 274 2856 333 WEISSEIB.

2403 401 2732 457 ANNALES
2770 395 3505 466 QUEDLINBURGENSES.

2202 493 2324 544 957.
2383 488 2708 558 Liudolfus,
2767 489 2923 544 ﬁlius
2982 488 3205 544 Ottonis
3263 487 3440 557 regis,
3500 485 3558 542 in
3617 483 3786 542 Italia.

2131 582 2403 634 mortuus
2434 583 2541 646 est,
2571 585 2626 635 et
2644 579 2784 635 inde
2815 580 2893 635 ad
2914 579 3280 649 Moguntiam
3324 581 3781 650 transportatus,

2131 668 2210 724 ad
2240 674 2514 726 sanctum
2540 670 2844 728 Albanum
2875 669 3144 742 sepultus
3177 673 3281 726 est.

2199 761 2324 814 958.
2361 757 2610 827 Signum
2631 758 2824 814 crucis
2849 758 2909 814 in
2931 757 3295 814 vestimentis
3324 755 3641 814 hominum
3681 771 3789 831 ap-

2127 845 2348 919 paruit,
2374 846 2486 902 illis
2507 847 2612 920 qui
2642 847 2862 904 derisui
2893 847 3041 904 illud
3069 847 3395 916 habebant,
3417 850 3674 902 mortem
3698 845 3786 901 in-

2127 931 2322 990 ferens
2355 953 2368 1003 ;
2396 935 2509 992 illis
2538 937 2644 1010 qui
2672 937 2769 1011 pie
2799 942 2858 995 et
2885 937 3156 1010 religiose
3207 937 3354 994 illud
3409 935 3786 995 veneraban-

2129 1025 2242 1091 tur,
2274 1024 2422 1080 nihil
2451 1025 2595 1084 mali
2623 1027 2836 1084 intulit.

2199 1117 2322 1170 959.

2196 1421 2321 1474 960.
2345 1420 2644 1476 Venerunt
2669 1419 2849 1491 legati
2874 1418 3102 1476 Rusciae
3131 1419 3326 1490 gentis
3351 1418 3431 1475 ad
3453 1433 3659 1489 regem
3691 1420 3786 1477 0t-

2124 1509 2348 1578 tonem,
2381 1510 2438 1563 et
2464 1507 2767 1580 deprecati
2800 1512 2939 1566 sunt
2967 1525 3104 1566 cum
3134 1511 3200 1566 ut
3226 1507 3491 1581 aliquem
3529 1523 3783 1564 suorum

2125 1596 2548 1670 episcoporum
2577 1599 3014 1668 transmitteret,
3037 1597 3235 1671 quieis
3258 1597 3601 1654 ostenderet
3617 1597 3783 1655 viam

2124 1685 2426 1755 veritatis;
2458 1691 2515 1743 et
2533 1687 2785 1760 professi
2817 1692 2957 1744 sunt
2980 1703 3042 1744 se
3064 1687 3215 1744 velle
3243 1687 3519 1745 recedere
3582 1703 3620 1745 a
3671 1703 3778 1760 pa-

2128 1775 2428 1847 ganismo,
2469 1780 2526 1832 et
2557 1777 2823 1851 accipere
2845 1793 3067 1833 nomen
3093 1781 3150 1833 et
3194 1776 3542 1848 religionem
3583 1777 3780 1834 chris-

2125 1863 2430 1925 tianitatis.
2461 1868 2527 1923 Et
2554 1865 2650 1922 ille
2680 1865 2986 1924 consensit
3013 1865 3418 1938 deprecationi
3459 1880 3687 1932 eorum,
3721 1869 3780 1920 et

2126 1954 2457 2012 transmisit
2476 1954 2868 2015 Adalbertum
2887 1955 3239 2028 episcopum
3249 1954 3367 2012 ﬁde
3394 1953 3778 2014 catholicum.

2126 2043 2330 2116 Illique
2358 2059 2465 2116 per
2517 2044 2724 2100 omnia
2774 2045 3004 2101 mentiti
3054 2048 3212 2112 sunt,
3257 2044 3407 2099 sicut
3448 2048 3657 2116 postca
3697 2045 3782 2100 rei

2121 2133 2401 2206 probavit
2430 2138 2679 2190 eventus
2705 2153 2718 2203 ;
2747 2135 2892 2207 quia
2918 2151 3030 2192 nec
3059 2135 3153 2191 ille
3182 2135 3498 2208 praedictus
3555 2134 3783 2207 episco-

2121 2239 2236 2295 pus
2265 2223 2452 2280 evasit
2481 2223 2698 2281 lethale
2723 2225 3058 2298 periculum
3099 2224 3178 2281 ab
3216 2223 3445 2280 insidiis
3473 2239 3707 2280 eorum.

2193 2333 2316 2385 961.
2342 2332 2640 2387 Venerunt
2661 2331 2864 2388 nuncii
2897 2331 3185 2390 Johannis
3240 2347 3437 2406 papae,
3494 2336 3782 2389 vocantes

2122 2417 2290 2474 illum
2317 2421 2589 2477 Romam.

2195 2670 2318 2722 962.

2193 3219 2296 3272 963
2307 3258 2318 3271 .

2190 4081 2312 4135 964.

2186 4489 2311 4543 965.

2182 4931 2306 4986 966.

2183 5287 2306 5340 967.

2177 5762 2322 5833 (163)
2354 5763 2529 5819 Anno
2565 5765 2690 5820 966.
