3980 6176
179 210 262 263 509
895 207 980 262 ET
1004 205 1348 264 manu
1371 208 1950 271 ASCHAFNABURG.
1974 219 2154 280 rans
2182 228 2456 286 ALTERA
2477 232 2808 291 GENUINA.
3451 249 3554 302 διο

409 331 730 387 ANNALES
770 329 1503 391 WEISSEMBURGENSES
2358 358 2704 414 LAMBERTI
2747 364 3090 423 ANNAIJES.

223 441 325 492 957.
345 435 650 542 liliutolfus
698 437 758 492 in
789 437 952 494 Italia
993 443 1086 542 est
1113 444 1494 542 mortuus,‘et
1521 441 1659 497 inde
1707 442 1782 498 ad
1965 458 2086 512 957.
2116 436 2418 519 Liudoli'us
2451 465 2511 520 in
2542 466 2710 523 Italia
2757 475 2846 524 est
2890 476 3183 542 mortuus,
3216 479 3272 530 et
3304 475 3440 533 inde
3477 480 3554 536 ad

163 525 484 671 Mglgtontiam
513 529 805 598 portatus,
852 532 908 584 et
936 528 1014 584 ad
1043 534 1321 586 sanctum
1367 530 1668 588 Albanum
1700 548 1785 588 εσθ-
1892 545 2251 615 Mogontiam
2294 558 2583 625 portatus,
2617 561 2672 614 et
2699 559 2778 616 ad
2819 525 3440 623 sanauiL—XIBAAEE
3461 525 3554 625 s2:

160 634 195 690 p
273 632 350 670 us.
1892 635 2116 706 pultus.

339 659 350 670 ⁸
1894 655 2116 695 υωιυε.

215 725 322 778 953-
351 721 597 794 Signum
627 723 818 780 οωοίε
842 723 904 781 in
929 725 1295 782 vestimentis
1325 725 1624 800 ἃΡΡθιῙἯῙίο
1963 750 2085 803 958.
2122 749 2367 820 Signum
2395 753 2586 809 crucis
2612 754 2672 810 in
2701 757 3068 814 vestimentis
3101 760 3404 832 apparuit.

207 1116 316 1169 959.
344 1113 680 1172 Patriarcha
708 1115 781 1172 de
810 1116 1082 1189 Aquileia
1108 1116 1267 1174 venit
1284 1116 1347 1174 in
1377 1115 1666 1174 Herisfelt.
1955 1128 2079 1182 959.
2136 1124 2410 1198 Hagano,
2461 1127 2656 1184 abbas
2711 1129 3143 1203 Herveldensis,
3194 1137 3546 1206 potestatem

1882 1229 2059 1269 suam
2086 1213 2324 1288 reliquit
2350 1215 2430 1272 ob
2460 1215 2868 1274 inﬁrmitatem
2894 1220 3162 1292 corporis
3193 1221 3284 1276 sui
3309 1241 3322 1289 ;
3355 1239 3548 1296 eoque

1880 1301 2137 1371 vivente,
2171 1302 2508 1359 Guntherus
2538 1304 2762 1362 electus
2789 1310 2877 1362 est
2906 1307 2966 1362 in
2992 1306 3193 1364 locum
3223 1309 3376 1381 ejus.

203 1399 314 1454 960,
1952 1392 2075 1445 960.
2127 1392 2424 1447 Venerunt
2473 1391 2652 1463 legati
2709 1394 2936 1450 Rusciae
2981 1396 3172 1465 gentis
3218 1397 3296 1454 ad
3347 1411 3550 1469 regem

1881 1479 2154 1536 Ottonem
2206 1480 2372 1554 (164),
2423 1480 2840 1558 deprecantes,
2872 1487 2936 1539 ut
2984 1483 3248 1560 aliquem
3299 1502 3548 1548 suorum

1879 1567 2299 1640 episcoporum
2321 1570 2760 1637 transmitteret,
2791 1572 2896 1644 qui
2918 1573 3255 1630 ostenderet
3274 1575 3358 1631 eis
3385 1575 3548 1634 viam

1877 1655 2157 1716 veritatis.
2195 1657 2304 1724 Qui
2355 1659 2655 1715 consensit
2701 1660 3110 1738 deprecationi
3140 1679 3370 1731 eorum,
3417 1664 3548 1722 mit-

1878 1747 2008 1799 tens
2056 1744 2442 1802 Adelbertum
2472 1746 2824 1820 episcopum
2873 1749 2990 1804 ﬁde
3027 1751 3410 1823 catholicum,
3441 1753 3544 1826 qui

1878 1833 2056 1889 etiam
2085 1835 2185 1889 vix
2213 1835 2404 1892 evasit
2432 1852 2650 1894 manus
2679 1853 2912 1894 eorum.

178 2338 292 2390 961.
323 2337 626 2390 Veuerunt
652 2334 831 2405 legati
860 2336 1068 2393 domni
1107 2339 1418 2410 apostolici
1453 2339 1531 2396 ad
1559 2356 1765 2412 regem
1946 2335 2068 2388 961.
2101 2335 2398 2388 Venerunt
2444 2333 2621 2404 legati
2651 2335 2859 2390 domni
2887 2335 3196 2407 apostolici
3226 2337 3304 2393 ad
3330 2353 3536 2407 regem

122 2425 395 2491 Ottonem,
453 2428 511 2479 et
559 2430 924 2494 rogaverunt
951 2443 1090 2483 eum
1132 2431 1385 2484 Romam
1415 2445 1661 2501 pergere
1703 2430 1766 2486 in
1875 2423 2169 2489 Ottonem,
2210 2427 2494 2478 vocantes
2541 2439 2680 2478 eum
2730 2427 3004 2491 Romam,
3052 2425 3114 2480 in
3169 2425 3534 2496 adjutorium

123 2512 471 2582 adjutorium
495 2513 785 2569 Johannis
814 2529 1008 2588 papae.
1872 2511 2160 2567 Johannis
2182 2527 2379 2588 papae.
2413 2511 2592 2567 Filius
2617 2513 2746 2583 ejus
2764 2514 2895 2568 Otto
2924 2512 3226 2568 secundus
3244 2513 3307 2568 in
3332 2529 3535 2585 regem

1873 2599 2117 2668 ungitur
2143 2599 2523 2672 Aquisgrani.

178 2709 290 2761 962.
1945 2709 2068 2761 962.
2104 2707 2233 2764 Otto
2279 2723 2384 2762 rex
2412 2705 2670 2782 perrexit
2711 2709 2984 2777 Romam,
3031 2723 3290 2780 eumque
3324 2707 3538 2763 Johan-

1872 2811 1978 2850 nes
2035 2812 2197 2870 papa
2257 2797 2396 2868 (165)
2449 2799 2750 2866 gratanter
2801 2797 3151 2868 suscipiens,
3211 2796 3536 2854 honorifice

1873 2901 2057 2956 supra
2105 2885 2452 2941 cathedram
2501 2884 2877 2956 augustalem
2924 2887 3142 2962 posuit,
3176 2890 3232 2942 et
3259 2885 3536 2944 benedic-

1870 2973 2029 3028 tione
2059 2979 2238 3046 atque
2289 2973 2736 3030 consecratione
2768 2991 2877 3031 sua
2904 2975 3328 3049 imperatorem
3376 2975 3529 3032 fecit.

1870 3061 2206 3117 Guntherus
2253 3061 2667 3117 Herveldensis
2725 3064 2869 3134 (166)
2928 3063 3120 3119 abbas
3176 3064 3322 3120 obiit
3369 3082 3382 3119 :
3438 3065 3535 3120 cui

1870 3149 2085 3220 Egilolf
2109 3151 2411 3208 successit.

169 3223 279 3278 963.
669 3309 677 3312 Α
1939 3243 2061 3294 963.
2109 3243 2324 3310 Magna
2367 3241 2637 3312 synodus
2684 3240 2841 3296 facta
2885 3245 2973 3297 est
3014 3244 3236 3308 Romae,
3274 3240 3370 3296 cui
3401 3241 3533 3296 Otto

661 3309 684 3336 ⁰
1865 3327 2192 3403 imperator
2215 3309 2602 3403 praesidebat,
2633 3346 2774 3396 cum
2813 3329 3126 3392 multitude
3155 3344 3382 3404 magna
3410 3329 3533 3402 epi-

1867 3432 2210 3490 scoporum,
2262 3417 2575 3488 abbatum,
2625 3419 3027 3490 sacerdotum,
3060 3418 3413 3484 clericorum
3460 3434 3531 3482 ac

1864 3507 2348 3574 monachorum;
2390 3507 2593 3580 ibique
2649 3509 2914 3580 dejectus
2967 3514 3052 3566 est
3096 3509 3447 3565 Benedictus
3493 3525 3530 3565 a

1867 3595 2008 3651 sede
2037 3595 2386 3668 apostolica.

1935 3934 2059 3986 964.
2090 3932 2424 4000 Berngerus
2475 3946 2578 3985 rex
2601 3931 2852 3986 obessus
2883 3934 2970 3985 est
2999 3931 3059 3984 in
3102 3933 3305 3985 monte
3340 3930 3529 3985 sancti

1867 4020 2094 4085 Leonis,
2127 4019 2329 4094 ibique
2369 4022 2579 4092 captus
2623 4023 2800 4090 atque
2831 4018 2891 4073 in
2930 4017 3286 4090 Babenburg
3314 4017 3529 4073 ductus

1867 4113 1955 4164 est
1985 4125 2123 4164 cum
2152 4107 2334 4163 Willa
2363 4123 2549 4162 uxore
2577 4123 2708 4164 sua.

160 3953 266 4008 964.
300 3957 688 4024 Berengerus
714 3967 817 4008 rex
842 3952 1097 4008 obessus
1125 3956 1217 4008 est
1246 3952 1307 4008 in
1333 3958 1536 4009 monte
1567 3954 1757 4009 sancti

110 4036 300 4110 Leonis,
346 4043 566 4117 ibique
601 4046 818 4114 captus
847 4045 904 4098 et
953 4041 1016 4098 in
1045 4041 1398 4111 Babenberg
1441 4041 1754 4099 deductus.

155 4254 262 4311 965.
295 4257 430 4314 Otto
481 4257 828 4330 imperator
856 4255 932 4312 de
980 4255 1148 4312 Italia
1192 4254 1545 4312 revertendo
1598 4255 1760 4311 venit
1937 4254 2062 4308 965.
2096 4252 2230 4308 Otto
2257 4250 2582 4324 imperator
2623 4251 2698 4307 de
2729 4251 2895 4310 Italia
2922 4251 3100 4308 venit.
3154 4254 3311 4309 Brun
3339 4253 3529 4311 archit-

108 4339 166 4394 ad
191 4344 652 4403 FranconofurL
1867 4340 2186 4413 episcopus
2228 4339 2618 4412 [Coloniensis
2642 4343 2694 4396 4.
2735 4346 2785 4397 5.
2819 4344 2870 4398 6.
2907 4347 2962 4398 et
2989 4359 3066 4398 m.
3100 4358 3217 4400 rec.
3250 4343 3329 4414 3.]
3359 4342 3524 4409 obiit,

1868 4429 1963 4484 cui
1995 4427 2336 4485 Folcmarus
2360 4429 2659 4486 successit.

154 4855 264 4912 966.
289 4860 424 4915 Otto
473 4859 820 4931 imperator
861 4858 1033 4915 tertia
1079 4858 1207 4914 vice
1261 4859 1340 4915 ad
1371 4859 1597 4917 Italiam
1626 4875 1757 4933 per-
1938 4860 2060 4914 966.
2090 4859 2223 4917 Otto
2251 4858 2577 4931 imperator
2601 4857 2772 4915 tertia
2797 4856 2923 4914 vice
2953 4857 3204 4910 Romam
3235 4849 3414 4908 venit.

100 4943 266 5008 gendo
293 4949 564 5005 Romam
596 4947 892 5020 pervenit.

154 5214 266 5268 967.

1937 5231 2060 5282 967.
2108 5228 2238 5282 Otto
2277 5225 2601 5298 imperator
2632 5224 2782 5295 (167)
2812 5223 2971 5278 misit
3016 5223 3243 5295 legatos
3274 5242 3414 5282 suos
3445 5228 3523 5285 ad

1863 5315 2298 5372 Willihelmum
2325 5313 2843 5385 archiepiscopum
2866 5317 2921 5368 et
2941 5313 3088 5369 alios
3113 5315 3434 5390 principes,
3457 5322 3524 5373 ut

1866 5409 2139 5464 Ottonem
2167 5403 2357 5459 ﬁlium
2379 5419 2555 5458 suum
2578 5417 2717 5457 cum
2741 5402 2906 5458 omni
2926 5403 3211 5474 dignitate
3239 5407 3424 5477 regali
3444 5406 3523 5462 ad

170 5601 281 5674 164)
310 5602 598 5674 primum
624 5602 685 5654 4.

1931 5603 2084 5674 (166)
2115 5603 2295 5660 deest.
2333 5606 2382 5657 1.

170 5601 286 5744 164)
310 5602 598 5674 primum
624 5602 685 5654 4.

168 5672 260 5727 165
310 5673 498 5730 deest.
531 5675 590 5728 4.
626 5675 682 5726 5.

1931 5607 2060 5673 (166
2115 5603 2295 5660 deest.
2333 5606 2382 5657 1.

1931 5603 2169 5746 (167iL.
2215 5675 2391 5733 deest.
2445 5678 2494 5731 1.
2548 5675 2601 5730 4.
2661 5679 2712 5730 5.
