3986 6178
415 181 519 239 515

725 301 1050 360 ANNALES
1090 303 1759 364 HILDESHEIMENSES.

415 415 473 468 et
498 411 789 468 Ekbertus
818 428 1020 470 comes
1045 415 1221 486 jussu
1252 414 1630 488 imperatoris
1659 417 2077 491 comprehensi

415 505 555 559 sunt
602 504 659 558 et
697 500 872 560 exilio
920 503 1209 576 deputati.
1260 505 1486 564 Eodem
1546 523 1707 566 anno
1754 508 2079 581 imperator

414 602 553 644 cum
583 605 811 660 magno
833 593 1096 650 exercitu
1115 592 1612 668 Galliamlinvasit
1636 613 1708 656 ac
1726 597 2072 659 devastavit.

480 821 605 876 979.
649 821 970 880 lnﬁdelitas
1014 824 1260 880 Geronis
1305 825 1542 882 comitis
1585 842 1694 900 per
1722 827 2073 886 Waldonem

409 906 715 979 publicata
743 915 833 968 est
861 928 874 966 :
922 912 1082 968 unde
1112 917 1169 969 et
1196 912 1310 986 ipsi
1343 917 1509 970 extra
1544 914 1844 974 civitatem
1873 919 2071 988 Maga~

409 995 650 1068 daburg
674 997 736 1054 in
765 1015 983 1073 campo
1005 1001 1178 1070 juxta
1202 1001 1442 1059 Albiam
1471 1003 1844 1074 dimicantes,
1877 1006 1957 1062 ab
1987 1006 2074 1063 in-

408 1084 601 1142 vicem
629 1086 918 1145 interfecti
948 1094 1124 1158 sunt;
1177 1095 1236 1146 et
1282 1090 1361 1147 ad
1400 1091 1677 1151 ultimum
1707 1094 2071 1153 inﬁdelitatis

407 1188 544 1229 reus
564 1175 714 1232 Gero
737 1191 939 1232 comes
964 1177 1294 1234 decollatus
1317 1183 1422 1235 est.

477 1265 600 1317 980.
645 1264 954 1320 Lotharius
978 1280 1083 1320 rex
1123 1282 1263 1322 cum
1305 1266 1545 1337 magnis
1589 1266 1943 1323 muneribus
1989 1267 2098 1323 ad.

404 1348 829 1421 imperatorem
858 1353 1126 1424 veniens,
1160 1370 1288 1410 sese
1336 1372 1475 1411 cum
1523 1355 1646 1411 ﬁlio
1689 1372 1798 1412 suo
1831 1355 2070 1427 subjicit

402 1436 694 1496 voluntati
722 1440 1132 1514 imperatoris;
1173 1447 1232 1500 et
1261 1444 1476 1501 eodem
1505 1459 1667 1501 anno
1697 1445 1936 1503 ﬁrmata
1961 1459 2068 1519 pa-

403 1542 468 1582 ce
492 1527 820 1600 imperator
849 1531 1078 1588 ltaliam
1104 1533 1452 1604 penetravit.

472 1617 595 1671 981.
638 1620 968 1690 Imperator
995 1621 1226 1692 pascha
1251 1620 1574 1678 celebravit
1603 1622 1811 1678 Rome.

469 1900 592 1953 982.
636 1899 768 1955 Otto
823 1898 1151 1972 imperator
1207 1903 1500 1974 pugnavit
1555 1904 2061 1978 periculosissime

398 1991 606 2044 contra
630 1989 988 2043 Sarracenos
1014 1989 1075 2045 in
1109 1989 1500 2048 Calabrorum
1532 1995 1825 2066 partibus,
1858 1995 2061 2079 ibique

396 2089 520 2129 non
549 2076 729 2148 pauci
753 2076 827 2132 de
853 2078 1244 2149 optimatibus
1274 2081 1707 2139 occubuerunt.
1742 2085 1809 2140 Et
1838 2083 1900 2140 in
1924 2076 2061 2158 ipso

396 2178 558 2221 anno
589 2166 739 2234 Otto,
771 2165 894 2222 dux
933 2169 1428 2242 Bajowariorum,
1462 2171 1630 2230 obiit.

463 2451 588 2508 983.
629 2448 959 2521 Imperator
988 2451 1211 2506 Verene
1260 2451 1551 2524 placitum
1589 2454 1823 2520 habuit,
1853 2455 2058 2529 ibique

392 2534 697 2590 Heinricus
726 2535 926 2592 minor
967 2539 1042 2592 de
1074 2537 1251 2595 exilio
1280 2539 1516 2611 ductus,
1543 2541 1668 2597 dux
1698 2544 2056 2614 Bajowario-

391 2639 528 2680 rum
557 2623 844 2681 constitus
873 2628 977 2681 est.
1033 2627 1102 2682 Et
1130 2627 1345 2684 eodem
1391 2643 1552 2686 anno
1580 2630 1774 2688 Sclavi
1802 2632 2053 2689 rebelles

391 2711 583 2772 effecti
610 2717 769 2771 sunt.
820 2714 904 2770 Ac
937 2729 1062 2771 non
1101 2713 1280 2786 longe
1332 2720 1472 2790 post
1497 2721 1550 2774 8.
1586 2718 1671 2776 Id.
1713 2721 2056 2780 Decembris

391 2804 524 2860 Otto
551 2801 1023 2873 benignissimus
1067 2804 1396 2877 imperator
1431 2807 1600 2876 obiit,
1629 2808 1754 2866 ﬁlio
1792 2815 1849 2867 et
1885 2811 2054 2884 equi-

388 2907 542 2949 voeo
571 2892 702 2963 ejus
729 2905 918 2962 regna
944 2891 1310 2966 relinquens.

460 2984 584 3037 984.
629 2979 863 3035 Filiolus
911 2979 1308 3054 imperatoris,
1339 2984 1556 3040 tercius
1587 2981 1859 3044 videlicet
1897 2989 2050 3059 Otto,

389 3085 497 3143 per
525 3068 870 3126 unctionem
900 3069 1212 3138 Johannis,
1253 3072 1617 3130 Ravennatis
1661 3076 2053 3149 archiepisco—

388 3155 470 3228 pi,
503 3157 864 3229 Aquisgrani
888 3157 951 3214 in
980 3157 1075 3216 die
1101 3160 1317 3218 natalis
1364 3162 1600 3220 Domini
1629 3169 1844 3223 unctus
1873 3171 1962 3224 est
1987 3168 2048 3224 in

386 3261 610 3316 regem.
653 3246 767 3302 Sed
814 3252 1042 3320 postea,
1072 3256 1404 3322 comperta
1449 3267 1594 3309 nece
1649 3254 2048 3327 imperatoris,

385 3335 692 3392 Heinricus
731 3337 1044 3409 quondam
1075 3338 1200 3394 dux
1229 3341 1304 3395 de
1344 3341 1520 3397 exilio
1548 3358 1875 3413 regressus,
1908 3362 2047 3401 cum

386 3424 502 3482 sibi
543 3424 883 3482 faventibus
912 3426 1304 3499 Agrippinam
1336 3429 1638 3488 civitatem
1686 3432 1944 3502 intravit,
1977 3450 2047 3491 ac

382 3528 590 3584 regem
615 3512 896 3582 retinuit;
938 3529 1316 3589 regnumque
1341 3518 1472 3589 ejus
1499 3519 1842 3578 invadenda
1867 3522 2049 3596 pluri-

383 3615 520 3657 mos
547 3600 661 3656 sibi
687 3600 764 3656 de
791 3601 1134 3658 Saxonibus
1163 3605 1502 3678 associavit,
1524 3608 1631 3680 qui
1657 3625 1797 3665 eum
1822 3610 1885 3666 in
1914 3628 2048 3684 pro-

381 3689 547 3746 ximo
574 3690 806 3764 pascha
835 3690 1348 3764 Quidelingaburg
1377 3695 1457 3751 ad
1486 3712 1692 3769 regem
1718 3699 2039 3770 elegerunt.

385 3777 549 3836 Unde
575 3779 830 3854 quidam
859 3780 933 3837 de
981 3781 1372 3855 optimatibus
1419 3785 1557 3842 huic
1607 3787 1879 3846 electioni
1920 3807 2044 3849 non

381 3869 846 3940 consentientes,
879 3870 984 3927 sed
1027 3871 1184 3943 regis
1223 3872 1420 3931 vicem
1460 3875 1656 3948 magis
1685 3877 1979 3950 dolentes,
2010 3898 2044 3939 e

379 3962 588 4016 contra
615 3957 782 4015 haud
806 3959 1117 4017 modicum
1160 3960 1633 4036 decertaverunt,
1664 3969 1721 4023 et
1746 3983 1950 4040 regem
1978 3970 2041 4027 in

376 4063 633 4120 regnum
663 4063 844 4104 suum
888 4049 1294 4120 restituerunt,
1328 4056 1386 4109 et
1432 4053 1776 4113 Heinrieum
1822 4058 2040 4116 ducem

376 4137 842 4208 Bajowariorem-
885 4138 1087 4195 denuo
1137 4139 1481 4200 effecerunt.
1522 4146 1593 4201 Et
1627 4145 1842 4202 eodem
1879 4163 2043 4206 anno

374 4224 697 4282 laudandae
735 4228 1042 4284 memoriae
1073 4230 1341 4287 Otwinus
1369 4232 1518 4305 (179)
1549 4233 1688 4307 pius
1729 4237 1933 4309 presul
1955 4239 2042 4295 vi-

375 4317 504 4372 tam
530 4313 738 4374 ﬁnivit.

1323 181 1586 240 ANNAL.
1628 181 2070 243 HILDESHEIM.
2113 181 2486 253 QUEDLINB.
2527 193 2908 257 WEISSEMB.

3735 210 3836 264 516

2457 321 2786 380 ANNALES
2824 322 3574 390 QUEDLINBURGENSES.

2254 839 2377 894 979.

2249 1282 2373 1336 980.

2245 1638 2369 1693 981.

2243 1923 2365 1977 982.

2236 2473 2358 2528 983.

2231 3005 2354 3060 984.
2396 3001 2635 3058 Filiolus
2676 3001 3078 3076 imperatoris,
3108 3003 3313 3060 tertius
3342 3003 3626 3061 videlicet
3673 3007 3828 3073 Otto,

2158 3107 2268 3164 per
2289 3091 2635 3148 unctionem
2670 3091 2979 3163 Johannis,
3010 3092 3376 3151 Ravennatis
3416 3093 3834 3168 archiepisco-

2157 3182 2242 3256 pi,
2289 3181 2652 3255 Aquisgrani
2721 3182 2784 3240 in
2841 3182 2940 3240 die
3008 3182 3228 3242 natalis
3602 3189 3828 3243 unctus

2157 3274 2246 3327 est
2293 3270 2356 3326 in
2406 3285 2630 3341 regem.
2675 3270 2789 3326 Sed
2836 3276 3068 3344 postea,
3111 3276 3423 3346 comperta
3466 3277 3672 3330 morte
3720 3273 3834 3330 im-

2156 3359 2470 3432 peratoris,
2499 3359 2806 3416 Heinricus
2859 3360 3172 3434 quondam
3223 3360 3347 3418 dux
3387 3361 3463 3418 de
3512 3361 3700 3420 exilio
3735 3377 3830 3419 re-

2157 3462 2419 3518 gressus,
2453 3463 2594 3503 cum
2637 3447 2744 3504 sibi
2790 3447 3126 3506 faventibus
3157 3449 3600 3522 Aggrippinam
3625 3450 3829 3508 civit»

2155 3539 2274 3592 tem
2315 3535 2589 3604 intravit;
2644 3535 2936 3593 Simulans
2985 3553 3046 3593 se
3086 3537 3284 3610 primo
3312 3537 3392 3594 ob
3413 3538 3516 3610 jus
3565 3553 3825 3611 propm-

2155 3623 2396 3697 quitatis
2424 3624 2697 3697 partibus
2727 3624 2884 3695 regis
2912 3625 3156 3682 infantis
3183 3625 3530 3682 ﬁdelissime
3560 3627 3828 3699 patroci-

2153 3715 2457 3780 naturum,
2476 3726 2681 3781 regem
2705 3711 2921 3782 tenuit;
2955 3713 3096 3769 dein
3126 3711 3520 3769 accrescentis
3553 3714 3823 3770 avaritiae

2154 3799 2406 3858 stimulis
2455 3800 2732 3872 agitatus,
2763 3802 3150 3875 quorundam
3189 3801 3368 3859 etiam
3421 3803 3822 3876 persuasione

2150 3890 2308 3947 male
2336 3889 2585 3962 illectus,
2616 3906 2875 3962 regnum
2920 3891 3226 3964 tyrannice
3266 3891 3505 3960 invasit,
3539 3896 3731 3965 atque
3763 3893 3825 3949 in

2150 3979 2215 4036 id
2266 3979 2536 4036 elationis
2601 3996 2793 4054 usque
2859 3982 3152 4055 prorupit,
3205 3986 3270 4038 ut
3317 3986 3374 4038 et
3425 3997 3529 4037 rex
3583 3981 3709 4038 dici
3769 3987 3826 4038 et

2148 4067 2212 4125 in
2257 4083 2464 4140 regem
2535 4068 2811 4126 benedici
2865 4075 3188 4145 appeteret.
3252 4069 3367 4127 Sed
3431 4085 3539 4126 rex
3597 4069 3725 4127 dici
3790 4086 3826 4127 a

2147 4156 2361 4229 paucis
2411 4155 2706 4228 obtinuit;
2759 4157 2821 4214 in
2877 4173 3084 4230 regem
3128 4171 3272 4218 vero
3328 4157 3629 4227 benedici,
3681 4171 3829 4234 pro-

2147 4243 2389 4302 hibente
2419 4248 2561 4316 Deo,
2578 4245 2933 4319 prohibente
2962 4247 3233 4304 ﬁdelium
3263 4245 3380 4306 sibi
3401 4257 3527 4306 non
3557 4257 3828 4306 consen-

2147 4334 2441 4404 tientium,
2477 4334 2585 4392 sed
2628 4335 2755 4407 regi
2783 4335 2968 4394 electo
3014 4341 3072 4394 et
3108 4340 3290 4394 uncto
3313 4337 3449 4410 jure
3478 4335 3826 4396 faventium

2146 4422 2544 4481 decertatione
2575 4440 2699 4482 non
2724 4425 2941 4483 meruit
2961 4427 3128 4498 (180).
3175 4425 3359 4484 Missis
3396 4425 3638 4482 interim
3672 4442 3822 4499 pro-

799 4492 1072 4587 batisad
1091 4496 1248 4587 regis
1276 4500 1475 4557 aviam
1524 4502 1588 4558 in-
1619 4505 2126 4582 Longobardiam,
2159 4512 2379 4571 scilicet
2423 4513 2503 4570 ad
2543 4492 2985 4587 imperatricem
3024 4492 3351 4586 augustam
3383 4492 3818 4580 Adelheid.am,

795 4581 1026 4678 legatis,
1057 4584 1118 4640 hi
1147 4586 1252 4657 qui
1293 4593 1491 4678 partes
1533 4593 1691 4664 regis
1709 4595 1807 4666 adj
1817 4599 1973 4654 uturi
1998 4581 2398 4672 jurisjurandi
2425 4581 2666 4660 vincqu
2689 4603 2752 4660 id
2779 4604 2896 4660 hoc
2921 4581 3172 4661 ﬁrmiter
3197 4603 3638 4678 perduraturos
3672 4620 3812 4661 sese

797 4673 1301 4766 constrinxerant,
1322 4677 1478 4736 hanc
1504 4683 1986 4753 pertubationem
2008 4690 2219 4748 ordine
2243 4692 2610 4762 intimantes,
2637 4691 2687 4747 si
2711 4691 2860 4765 quid
2880 4693 2956 4748 de
2986 4707 3176 4766 regno
3197 4673 3276 4751 ac
3301 4696 3522 4766 nepote
3546 4698 3816 4762 cuni-et,

794 4762 1090 4854 adventus
1123 4763 1216 4822 sui
1243 4769 1300 4824 et
1346 4769 1579 4829 consilii
1608 4787 1722 4844 ope
1752 4775 1876 4832 suis
1929 4781 1996 4835 ut
2039 4779 2154 4838 cito
2200 4781 2347 4853 (181)
2378 4762 2767 4853 succurreret,
2802 4762 3084 4838 obnixius
3132 4762 3439 4854 rogavero.
3490 4781 3607 4839 illa
3637 4797 3816 4852 vro,

794 4852 1110 4946 conciliato
1138 4853 1416 4946 primitus
1447 4859 1561 4916 sibi
1587 4860 1794 4921 divino
1819 4866 2114 4938 subsidio,
2143 4852 2472 4928 accelerate
2501 4871 2838 4930 admodum
2867 4871 3094 4942 itinere,
3119 4852 3260 4929 cum
3287 4887 3446 4929 nuru
3471 4887 3589 4929 sua
3615 4872 3819 4946 impe-

793 4941 1010 5033 ratrice
1037 4944 1428 5033 Theophanu,
1460 4955 1654 5008 matre
1680 4954 1857 5025 regis,
1890 4972 2002 5014 nec
2025 4972 2151 5016 non
2191 4958 2401 5017 illustri
2440 4960 2751 5019 abbatissa
2785 4960 3090 5019 Machtilde
3118 4959 3244 5019 ﬁlia
3271 4976 3400 5030 sua,
3430 4960 3624 5018 amita
3653 4941 3822 5033 ejus-

793 5029 936 5122 dem
965 5032 1123 5103 regis
1155 5033 1420 5108 infantis,
1452 5040 1880 5101 comitantibus
1911 5044 2092 5105 fratre
2124 5063 2234 5105 suo
2262 5065 2401 5122 rege
2431 5051 2796 5122 Burgundiae
2835 5050 3130 5121 Conrado,
3162 5055 3220 5108 et
3246 5029 3400 5107 duce
3430 5029 3818 5108 Francorum

792 5121 924 5193 ejus
950 5123 1283 5196 teqnivoco,
1317 5142 1456 5185 cum
1503 5130 1682 5188 totiUs
1715 5133 1916 5208 Italiaa,
1948 5136 2168 5210 Galliae,
2200 5121 2448 5208 Sueviai,
2490 5121 2779 5212 Francius,
2810 5138 3208 5210 Lotharingiae
3234 5138 3449 5214 primis
3475 5157 3491 5207 ;
3545 5149 3818 5196 occursu

790 5225 1034 5283 quoque
1055 5214 1385 5287 Saxonum,
1411 5219 1874 5295 Thuringorum,
1891 5225 2266 5295 Sclavorum,
2283 5243 2424 5285 cum
2449 5227 2745 5286 universis
2770 5225 3195 5301 optimatibus;
3227 5225 3334 5300 qui
3354 5224 3542 5284 unitis
3567 5226 3818 5285 animo-

435 5503 582 5583 (_l_j9)
623 5505 1014 5583 liiidemensis
1043 5515 1241 5583 glossa
1268 5533 1453 5575 manu
1481 5537 1637 5581 saec.

437 5578 586 5643 (180)
626 5578 695 5635 Μ.
727 5581 1004 5652 quamvis
1033 5578 1237 5656 regem
1266 5590 1434 5663 apud
1462 5607 1526 5650 se
1553 5578 1794 5655 teneret.
1830 5597 2020 5656 Claro-

2132 5546 2270 5589 noa.
2299 5531 2485 5589 Saxo.

2200 5548 2210 5583 ι
2257 5573 2270 5587 .
2299 5548 2485 5589 Saxo.

2200 5548 2345 5674 684)
2385 5604 2484 5661 Ita
2511 5601 2862 5673 emendavi;
2890 5600 3024 5658 cibo
3056 5604 3105 5656 1.
