3986 6178
402 149 504 202 519

1321 139 1575 194 ANNAL.
1618 136 2058 194 HILDESHEIM.
2099 133 2469 200 QUEDLINB.
2511 134 2889 191 WEISSEMB.

1554 264 1881 319 ANNADES
1921 259 2658 327 QUEDLINBURGENSES.

3720 134 3818 187 διο

826 403 964 443 rum
987 385 1223 442 nisibus
1243 391 1347 442 aut
1369 402 1480 458 pro
1510 401 1649 457 rege
1679 385 1930 442 ﬁdeliter
1959 381 2251 453 morituri,
2285 386 2407 451 aut,
2439 381 2606 454 quod
2637 380 2740 436 Dei
2764 379 2955 451 gratia
3001 379 3227 436 factum
3255 383 3368 449 est,
3408 377 3628 434 victuri
3658 379 3825 450 (186),

823 480 979 533 Roza
1011 476 1160 549 (187)
1208 491 1560 532 convenere.
1614 476 1944 548 Habitoque
1998 472 2144 529 inibi
2192 471 2439 528 consilio
2492 471 2780 541 maximo,
2839 468 3186 526 mirandum
3241 468 3828 541 memorandumque

822 565 1079 640 posteris
1111 564 1372 635 signum,
1406 564 1576 621 stella
1605 563 1877 621 videlicet
1926 561 2236 636 perlucida
2285 561 2349 617 in
2395 560 2530 634 ipso
2579 559 2843 633 partium
2896 557 3193 626 conﬂictu,
3251 556 3454 614 medio
3507 555 3645 612 coeli
3702 573 3828 622 axe,

823 653 1028 710 media
1057 653 1210 710 ultra
1237 669 1470 710 morem
1496 651 1612 721 die,
1645 651 1818 726 quasi
1847 651 2120 707 divinum
2142 649 2271 720 regi
2301 654 2477 722 capto
2508 647 2834 722 praebitura
2851 649 3163 718 juvamen,
3181 647 3412 702 cunctis
3443 647 3551 718 qui
3583 646 3832 702 aderant

824 742 1204 799 cernentibus
1236 741 1735 815 stupentibusque
1763 739 2037 796 radiavit.
2073 740 2202 806 Qua
2224 739 2380 809 visa,
2412 737 2724 810 perterrita
2769 752 3034 809 moxque
3086 735 3331 792 cedente
3379 739 3550 808 parte
3589 734 3829 806 injuste,

827 832 1134 887 Heinricus
1163 829 1469 905 praefatus,
1500 835 1792 902 usurpato
1818 829 2062 885 nomine
2093 833 2149 884 et
2175 843 2360 897 regno
2387 828 2521 898 jure
2551 826 2840 899 privatus,
2874 840 3078 896 regem
3109 825 3280 893 aviae,
3313 823 3493 880 matri
3518 828 3577 879 et
3616 823 3832 879 amitize

821 923 1187 996 praesentare
1217 918 1484 987 cogitur;
1517 918 1972 990 interventuque
1999 915 2158 986 regis
2203 914 2459 972 Conradi
2513 913 2702 970 soceri
2759 913 2852 969 sui
2908 929 2980 969 ac
3035 911 3376 985 principum
3423 911 3834 984 qualicunque

826 1007 1020 1080 gratia
1057 1007 1336 1073 donatus,
1363 1005 1424 1061 in
1445 1006 1704 1078 patriam
1733 1009 1984 1062 maestus
2011 1003 2285 1060 abcessit.
2321 1006 2580 1076 Accepto
2605 1001 2809 1075 itaque
2837 1001 3088 1075 pignore
3120 1000 3320 1071 unico,
3370 999 3677 1074 praedicta:
3728 999 3834 1056 im—

823 1094 1074 1163 periales
1104 1093 1366 1166 dominae
1397 1093 1721 1150 Saxoniam
1750 1093 2027 1150 adierunt
2057 1110 2070 1148 :
2099 1107 2170 1148 ac
2199 1090 2394 1164 primo
2435 1106 2593 1164 saepe
2615 1090 2746 1162 jam
2793 1089 3017 1147 dictam
3061 1087 3558 1160 Quedelingensis
3610 1088 3832 1145 monti-

827 1181 946 1234 (θιὼ
972 1181 1185 1239 vertice
1214 1181 1577 1238 eminentem
1603 1198 1796 1255 usque
1827 1181 2126 1238 civitatem
2151 1195 2273 1236 una
2301 1179 2730 1252 pervenientes,
2763 1177 3076 1234 dulcisona
3102 1175 3360 1234 laudum
3388 1175 3680 1244 melodia,
3700 1176 3838 1233 cleri

831 1268 1053 1325 scilicet
1077 1286 1147 1326 ac
1176 1270 1386 1344 populi
1417 1271 1766 1343 Christoque
1796 1270 1942 1326 inibi
1974 1269 2396 1326 famulantium
2421 1268 2724 1338 virginum
2769 1267 2914 1340 (188)
2973 1283 3228 1323 occursu
3272 1265 3534 1337 gemino,
3585 1265 3838 1336 gaudio-

837 1372 974 1411 πω
1003 1356 1223 1415 affectu
1251 1364 1308 1416 et
1329 1376 1440 1432 pro
1471 1360 1708 1433 optato(
1719 1360 1836 1432 189)
1856 1358 2136 1432 spiritalis
2164 1358 2369 1415 matris
2395 1358 2657 1414 adventu
2687 1361 2742 1413 et
2766 1371 2874 1430 pro
2905 1355 3250 1429 triumphali
3295 1355 3456 1425 regis
3493 1359 3719 1410 eventu
3747 1354 3838 1428 pie

830 1447 1281 1519 gratulantium,
1310 1448 1751 1505 ofﬁciosissime
1783 1453 2094 1522 susceptae,
2125 1448 2292 1521 quod
2320 1445 2620 1520 reliquum
2650 1449 2776 1503 erat
2799 1445 2908 1502 viae
2939 1445 3089 1518 (190)
3123 1459 3370 1501 summo
3419 1459 3565 1500 cum
3609 1443 3839 1500 honore

828 1538 1139 1593 msiere.

1275 1610 1619 1680 (Hucusque
1646 1609 1980 1665 Annalium
2009 1606 2654 1678 Herolfesfeldensium
2679 1605 3049 1662 continuatio
3075 1604 3440 1675 pertinuisse
3464 1603 3729 1660 videtur.

428 1785 749 1842 ANNALES
780 1783 1441 1843 MLDESHEIMENSES.

471 1893 594 1947 985.
636 1890 932 1958 Oscam.
974 1889 1066 1946 vir
1093 1907 1347 1948 summa:
1377 1908 1473 1949 ca-

399 1977 587 2033 ritatis
615 1993 685 2034 ac
717 1979 1023 2034 castitatis.
1055 1980 1117 2036 in
1148 1985 1356 2036 sancta
1380 1997 1471 2036 re-

397 2065 620 2136 ligione
670 2069 998 2139 probatus.
1050 2084 1189 2124 cum
1249 2086 1472 2141 magno

401 2169 701 2210 consensu
729 2153 869 2211 cieri
895 2171 966 2212 ac
989 2155 1184 2229 plebis
1218 2159 1297 2215 ad
1328 2174 1472 2232 pon-

401 2241 679 2301 tiﬁcalem
705 2245 997 2303 honorem
1020 2253 1337 2317 promotus
1360 2253 1469 2304 est.

401 2333 466 2388 Et
481 2331 697 2389 eodem
714 2347 875 2391 anno
898 2336 1162 2392 Saxones
1180 2337 1473 2395 Sclaviam

400 2419 770 2492 invaserunt,
826 2423 1050 2496 quibus
1100 2425 1179 2481 ad
1237 2425 1474 2499 supple-

400 2513 671 2566 mentum
749 2510 964 2568 Misaco
1039 2529 1178 2570 cum
1250 2529 1474 2584 magno

399 2596 661 2654 exercitu
685 2599 878 2668 venit;
905 2601 1008 2674 qui
1040 2606 1228 2658 totam
1255 2608 1474 2659 terram

399 2684 564 2742 illam
589 2685 882 2745 incendiis
912 2695 970 2746 et
1015 2691 1279 2748 caedibus
1325 2691 1476 2749 mul-

398 2773 471 2829 tis
498 2774 979 2835 devastaverunt.

1581 1787 1904 1843 ANNALES
1932 1783 2651 1851 QUEDLINBURGENSES
2928 1783 3276 1838 LAMBERTI
3313 1781 3669 1837 ANNALES.

1649 1895 1773 1948 985.
1817 1893 2083 1949 Saxones
2108 1890 2403 1949 Sclaviam
2421 1890 2649 1947 invase-
2827 1890 2952 1945 985.
2986 1886 3836 1960 Gozberdus[Hirsfeldensem

1577 1985 1735 2046 runt,
1767 1979 1990 2052 quibus
2031 1979 2109 2036 ad
2159 1979 2648 2052 supplementum
2758 1981 2809 2033 5.
2837 1977 2912 2048 6.]
2938 1975 3247 2033 abbatiam
3271 1975 3556 2044 reddidit,
3588 1974 3688 2031 cui
3715 1978 3840 2030 Ber-

1579 2069 1835 2126 Misacho
1865 2085 2003 2124 cum
2028 2083 2254 2138 magno
2273 2068 2534 2124 exercitu
2555 2083 2651 2123 ve-
2756 2066 3003 2123 nharius
3034 2065 3335 2122 successit.

1579 2158 1698 2225 nit;
1750 2158 1855 2229 qui
1879 2162 2065 2213 totam
2097 2161 2315 2213 terram
2363 2156 2527 2212 illam
2565 2155 2650 2211 in-

1580 2246 1805 2302 cendiis
1817 2251 1873 2302 et
1885 2246 2150 2302 caedibus
2165 2245 2647 2302 devastaverunt.

1581 2335 1820 2392 Interim
1866 2340 2235 2392 memoratus
2283 2333 2378 2390 ille
2427 2333 2651 2390 Heinri-

1582 2441 1708 2492 cus,
1733 2423 1937 2480 divino
1957 2424 2242 2480 instinctu
2262 2423 2342 2479 ad
2375 2438 2437 2478 se
2458 2439 2652 2478 rever-

1583 2530 1708 2580 sus,
1743 2513 1890 2586 quid
1919 2512 2123 2584 egerit,
2149 2512 2210 2568 in
2255 2517 2548 2585 quantum
2591 2527 2654 2567 se

1581 2603 1718 2675 plus
1747 2618 1922 2674 aequo
1961 2607 2018 2658 et
2061 2602 2313 2657 honesto
2361 2600 2652 2670 extulerit,

1581 2696 1640 2748 et
1667 2708 1738 2746 ex
1768 2694 1996 2764 quanto
2027 2688 2331 2758 deciderit,
2365 2688 2541 2744 anxie
2573 2704 2659 2744 se-

1582 2797 1723 2836 cum
1753 2794 1875 2836 non
1907 2777 2093 2834 semel
2111 2780 2503 2852 pertractans,
2523 2777 2658 2848 jux-

1582 2873 1641 2925 ta
1684 2867 2097 2937 evangelicam
2138 2865 2403 2922 veritatis
2446 2881 2658 2921 vocem

614 2970 725 3011 sua
753 2972 815 3012 se
845 2955 1201 3014 exaltatione
1224 2958 1608 3016 humiliatum
1638 2957 2035 3030 conspiciens,
2065 2954 2376 3012 dedecoris
2425 2954 2790 3012 conscientia
2837 2955 3143 3028 pungitur,
3189 2953 3384 3028 culpae
3428 2953 3626 3027 paeni-

613 3043 794 3100 tentia
820 3045 1135 3103 cruciatur.
1167 3048 1442 3104 Veniente
1464 3048 1526 3104 in
1557 3045 2012 3104 Frankanafurd
2038 3060 2177 3115 rege
2202 3043 2426 3099 infante
2457 3043 2624 3100 tertio
2656 3045 2906 3114 Othone,
2937 3043 3162 3100 ibidem
3192 3049 3250 3100 et
3278 3044 3405 3116 ipse
3437 3043 3626 3099 adve-

611 3133 782 3189 niens
807 3134 1145 3192 humiliavit
1176 3153 1238 3192 se
1260 3137 1438 3208 juste,
1467 3153 1590 3210 quo
1620 3152 1865 3210 poenam
1897 3135 2174 3192 evaderet
2193 3132 2466 3189 elationis
2509 3133 2771 3204 injustas,
2814 3134 3061 3207 regique
3109 3133 3383 3206 puerulo,
3436 3148 3624 3205 quem

613 3223 896 3280 orbatum
927 3225 1352 3296 captivaverat.
1387 3227 1558 3298 cujus
1585 3241 1841 3296 regnum
1866 3223 2175 3296 tyrannice
2207 3222 2528 3289 invaserat,
2561 3222 2952 3295 praesentibus
2987 3223 3250 3279 dominis
3292 3221 3622 3295 imperiali-

609 3311 745 3381 bus,
778 3330 934 3386 quas
962 3314 1131 3383 regni
1152 3331 1296 3370 cura
1322 3331 1527 3387 penes,
1556 3315 1712 3382 avia,
1745 3318 1934 3369 matre
1965 3317 2021 3369 et
2067 3312 2254 3368 amita
2283 3311 2438 3380 regis
2470 3311 2743 3382 ejusdem
2788 3311 3052 3381 infantis,
3095 3312 3342 3368 humilis
3384 3311 3622 3379 habitu,

609 3401 852 3457 humilis
877 3407 936 3458 et
958 3406 1116 3472 actu,
1148 3402 1327 3458 totius
1355 3402 1416 3458 in
1449 3407 1694 3476 aspectu
1725 3401 1954 3474 populi,
1989 3400 2290 3457 ambabus
2321 3400 2381 3454 in
2408 3415 2597 3455 unum
2625 3399 2995 3472 complicatis
3025 3400 3333 3469 manibus,
3365 3401 3623 3458 militem

614 3504 676 3543 se
702 3493 760 3545 et
787 3505 928 3544 vera
957 3488 1201 3544 ulterius
1229 3489 1348 3545 ﬁde
1369 3490 1762 3547 militaturum
1792 3489 2027 3545 tradere
2053 3504 2176 3545 non
2207 3488 2464 3557 erubuit,
2488 3487 2570 3543 nil
2590 3487 2952 3561 paciscendo
2973 3488 3086 3544 nisi
3110 3489 3316 3562 vitam,
3342 3489 3427 3546 nil
3448 3505 3626 3546 oran-

611 3576 692 3632 do
721 3577 833 3632 nisi
861 3576 1135 3646 gratiam.
1167 3582 1240 3634 At
1263 3577 1548 3647 dominae,
1597 3594 1876 3651 quarum,
1909 3582 1975 3634 ut
1995 3577 2278 3648 diximus,
2311 3593 2455 3633 cura
2479 3592 2733 3648 regnum
2763 3575 3041 3650 regisque
3069 3577 3391 3649 regebatur
3417 3578 3621 3635 infan-

611 3663 710 3732 tia,
740 3666 889 3722 tanti
913 3665 1019 3721 viri
1049 3665 1375 3723 summissa
1402 3666 1702 3722 deditione
1732 3666 2067 3723 admodum
2097 3664 2578 3738 gratulabunda,
2606 3695 2674 3705 —
2693 3665 2839 3738 quia
2866 3665 3138 3738 priorum
3163 3667 3350 3724 moris
3378 3672 3470 3725 est
3493 3684 3620 3724 non

612 3752 809 3810 solum
836 3753 998 3810 mala
1021 3769 1132 3826 pro
1161 3753 1338 3810 bonis
1359 3754 1508 3826 (191)
1534 3770 1658 3810 non
1687 3754 1956 3826 reddere,
1989 3754 2095 3811 sed
2139 3754 2319 3810 etiam
2349 3769 2458 3826 pro
2489 3752 2664 3809 malis
2693 3751 2858 3810 bona
2903 3754 3255 3827 rependere,
3307 3789 3375 3796 —
3426 3756 3616 3827 digno

612 3859 751 3898 eum
778 3844 1005 3899 honore
1038 3847 1410 3916 susceptum,
1456 3843 1646 3914 gratia
1693 3843 1855 3900 fideli
1911 3845 2225 3912 donatum,
2285 3842 2556 3898 ductoria
2599 3841 2805 3898 itidem
2857 3841 3144 3913 dignitate
3200 3844 3615 3916 sublimatum,

610 3931 828 3989 deinde
857 3949 981 3990 non
1011 3937 1246 3990 tantum
1274 3932 1426 3989 inter
1455 3933 1703 4004 amicos,
1737 3933 1842 3990 sed
1870 3934 2053 3990 etiam
2077 3933 2230 3989 inter
2259 3931 2674 3999 amicissimos,
2733 3931 2817 3987 uti
2858 3933 2958 4004 jus
3003 3932 3472 4007 propinquitatis
3503 3937 3620 3992 exi-

611 4021 808 4092 gebat,
841 4021 1044 4080 debito
1073 4021 1403 4080 dilectionis
1430 4026 1791 4079 venerantur
1819 4022 2056 4080 affectu.
2108 4021 2449 4079 Thidericus
2499 4024 2558 4076 et
2602 4018 2862 4077 Ricdach
2909 4021 3293 4080 marchiones
3345 4024 3615 4096 praeclari

617 4109 914 4167 obierunt.

1327 4240 1334 4267 Ι

468 4289 594 4344 986.
636 4286 766 4342 Otto
791 4301 897 4343 rex
943 4285 1143 4342 adhuc
1179 4286 1468 4360 puerulus

397 4390 538 4431 cum
567 4389 794 4445 magno
850 4375 1111 4432 exercitu
1161 4377 1468 4433 Saxonum

395 4463 557 4520 venit
583 4463 646 4520 in
687 4462 1005 4533 Sclaviam,
1054 4463 1258 4537 ibique
1307 4463 1470 4522 venit

395 4552 474 4610 ad
503 4569 644 4610 eum
674 4552 888 4610 Misaco
918 4569 1058 4610 cum
1091 4553 1468 4610 multitudine

393 4640 951 4715 nimia,obtulitque
980 4641 1033 4698 ei
1063 4657 1254 4699 unum
1276 4657 1470 4699 came-

391 4729 519 4798 lum
567 4735 625 4788 et
677 4729 796 4788 alia
843 4730 1022 4789 xenia
1068 4731 1276 4800 multa,
1319 4736 1375 4788 et
1404 4748 1466 4787 se

389 4818 591 4892 ipsum
643 4819 824 4876 etiam
876 4816 1143 4877 subdidit
1189 4820 1467 4894 potestati

390 4907 570 4964 illius.
604 4908 714 4976 Qui
763 4907 942 4965 simul
980 4915 1314 4982 pergentes,
1366 4910 1466 4966 de-

389 5001 776 5055 vastaverunt
820 5002 1007 5055 totam
1051 5001 1268 5055 terram
1298 4998 1466 5054 illam

390 5086 682 5143 incendiis
759 5092 816 5145 et
893 5087 1465 5161 depopulationibus

391 5175 616 5233 multis.

467 5407 613 5478 (186)
652 5410 740 5478 est
785 5405 1008 5478 fortiter
1035 5405 1264 5478 victuri,
1305 5407 1430 5463 sine
1487 5422 1660 5462 mora
1697 5419 2049 5461 convenere.

395 5476 610 5535 Habito
631 5476 849 5533 deinde
880 5493 929 5533 c.
965 5477 1109 5534 Chr.
1140 5479 1205 5534 S.

463 5548 617 5693 $187;
652 5552 806 5606 Rara
837 5549 1158 5631 Thietynar.
1281 5563 1290 5571 ‘

491 5624 592 5678 188
667 5622 792 5679 Vox
819 5621 1043 5679 excidit
1071 5621 1134 5676 in
1164 5621 1298 5677 cadi

491 5621 617 5679 188)
667 5622 792 5679 Vox
819 5621 1043 5679 excidit
1071 5621 1134 5676 in
1164 5621 1382 5678 codice.

1648 4291 1771 4345 986.
1814 4289 1945 4346 Otto
1971 4303 2078 4345 rex
2114 4286 2313 4345 adhuc
2353 4286 2642 4361 puerulus
2823 4290 2948 4343 986.
2990 4288 3123 4344 Otto
3154 4303 3260 4345 rex
3309 4304 3464 4362 puer
3510 4289 3842 4348 Bohemios

1575 4393 1716 4433 cum
1763 4391 1990 4448 magno
2038 4376 2300 4434 exercitu
2340 4377 2646 4434 Saxonum
2751 4374 3024 4445 vastavit,
3077 4375 3186 4432 sed
3239 4377 3622 4436 Misichonem
3689 4396 3840 4437 cum

1577 4466 1834 4540 perrexit
1860 4467 1924 4523 in
1975 4465 2289 4537 Sclaviam,
2338 4465 2540 4538 ibique
2567 4465 2646 4522 ad
2753 4463 3106 4522 muneribus
3133 4464 3380 4524 obviam
3408 4467 3696 4541 suscepit.

1575 4570 1716 4612 eum
1744 4554 1904 4612 venit
1931 4553 2189 4612 Misacho
2215 4571 2354 4611 cum
2383 4554 2646 4610 multitu-

1575 4643 1714 4700 dine
1738 4644 1948 4716 nimia,
2005 4643 2338 4718 obtulitque
2375 4643 2429 4700 ei
2455 4659 2646 4700 unum

1575 4732 1876 4792 camelum
1905 4737 1963 4789 et
1991 4731 2109 4790 alia
2136 4732 2315 4789 xenia
2343 4732 2552 4800 multa,
2582 4748 2644 4788 se

1573 4822 1774 4896 ipsum
1822 4822 2001 4879 etiam
2055 4821 2322 4878 subdidit
2371 4821 2649 4893 potestati

1573 4911 1748 4966 illius.
1783 4910 1894 4976 Qui
1947 4909 2126 4966 simul
2175 4909 2644 4982 progredientes,

1574 4999 2039 5055 devastaverunt
2091 5002 2280 5055 totam
2332 5003 2552 5054 terram
2582 4997 2646 5052 il-

1572 5087 1696 5144 lam
1717 5087 2010 5144 incendiis
2053 5090 2111 5143 et
2151 5085 2646 5161 populationibus

1573 5175 1796 5232 multis.

2262 5410 2384 5472 189)
2425 5405 2772 5478 Gaudioquc
2794 5403 3012 5478 aﬁ‘ectu
3030 5408 3086 5460 et
3122 5408 3456 5478 peroptato.

2260 5478 2378 5550 190)
2418 5476 2792 5550 Ῑῐαμεονῆεωὶ
2816 5493 2830 5550 ξ
2859 5476 2985 5532 vitae
3017 5480 3065 5532 1.

2260 5547 2381 5610 191)
2421 5547 2581 5606 Malis
2612 5549 2756 5610 Cltr.
2796 5547 2976 5607 Saxo.
