3980 6176
179 155 264 206 521
880 155 965 208 ΕΤ
1002 152 1343 209 LAMBERTI
1386 151 1966 210 ASCHAFNABURG.
2007 153 2184 209 PARS
2223 156 2498 214 ALTERA
2537 161 2862 216 GENUINA.
3484 172 3588 224 522

276 279 438 331 ANN.
477 275 1118 332 HILDESHEIMENSES

1478 281 1639 334 ΛΝΝ.
1683 277 2195 340 QUEDLENBURG.

1277 401 1500 456 Eodem
1533 417 1694 457 anno
1722 400 2155 457 monasterium
2192 402 2252 458 in
2282 411 2484 461 monte

2741 285 3085 341 LAMBERTI
3125 289 3443 348 ANNALES

418 486 768 542 occidentali
820 486 1278 558 Quedelingensi
1330 489 1392 544 in
1440 490 1666 546 honore
1721 493 1945 544 sanctae
2003 490 2100 544 Dei
2153 492 2449 560 genitricis
2497 496 2710 563 Mariae,
2762 496 2842 551 ob
2900 499 3343 556 monimentum

421 576 577 631 unici
607 581 663 630 et
687 575 882 631 dilecti
911 576 1180 645 germani
1229 576 1426 633 fratris
1471 578 1582 647 sui,
1618 578 1731 633 sub
1780 576 2062 648 religione
2109 579 2325 650 regulae
2366 584 2553 639 sancti
2600 585 2893 640 Benedicti
2943 601 2978 641 a
3018 588 3342 657 Meclitildc,

418 663 708 735 imperiali
739 679 980 734 gemma
1008 670 1065 720 et
1089 664 1234 731 ﬁlia,
1259 665 1714 721 studiinsissime
1738 671 2143 722 constructum
2169 673 2272 723 est.
2298 669 2400 725 Ida
2422 687 2662 743 quoque
2680 673 2896 742 regalis
2917 674 3186 742 domina,
3209 693 3348 733 con-

420 752 643 808 tectalis
674 752 940 822 Liudolﬁ,
973 753 1076 808 ﬁlii
1106 755 1309 823 magni
1344 755 1571 811 Ottonis
1603 754 2004 823 imperatoris,
2033 754 2197 810 obiit.

240 846 364 898 987.
407 845 618 898 lterum
648 843 911 897 Saxones
948 842 1241 897 Sclaviam

171 936 424 998 vastant,
460 931 615 986 unde
637 930 715 985 illi
747 929 1064 1002 compulsi,
1085 931 1242 1001 regis

177 1019 383 1074 ditioni
435 1036 496 1074 se
548 1018 835 1088 subdunt,
888 1023 944 1073 ct
1000 1018 1243 1075 castella

170 1109 341 1178 juxta
369 1107 600 1163 Albiam
633 1113 1059 1163 restaurautur.
1076 1114 1242 1180 Aque

174 1212 412 1270 quoque
455 1195 881 1264 exundabant;
947 1196 1243 1252 nihilomi-

175 1292 286 1332 nus
358 1282 414 1332 et
476 1280 692 1332 ventus
750 1277 926 1348 plura
993 1275 1246 1332 aediﬁcia

177 1366 396 1422 stravit.

243 1457 365 1510 988.
414 1455 657 1510 zEstatis
691 1454 883 1510 fervor
925 1454 1147 1509 nimius
1176 1470 1244 1510 ac

177 1543 518 1614 repentinus
551 1544 634 1599 Id.
654 1542 788 1598 Julii
817 1559 1009 1615 usque
1041 1543 1241 1598 Id.Au-

177 1633 326 1700 gusti
357 1633 796 1689 immanissime
826 1632 1240 1700 exardescens,

174 1721 372 1790 fruges
401 1720 758 1793 absumpsit.
809 1724 929 1776 Rex
974 1721 1035 1776 in
1074 1721 1246 1792 Engi-

174 1808 436 1866 lenheim
465 1811 696 1866 Pascha
725 1809 1063 1866 celebravit.

241 1904 368 1956 989.
433 1899 805 1970 Theophanu
879 1898 1240 1971 imperatrix,

169 1992 368 2042 mater
391 1986 825 2056 regis,Romam
853 1986 1242 2060 perrexit,ibi-

168 2091 295 2146 que
323 2075 585 2130 natalem
631 2074 862 2130 Domini
904 2074 1238 2142 celebravit,

169 2168 226 2218 et
254 2179 502 2218 omnem
548 2163 851 2234 regionem
885 2163 1004 2232 regi
1035 2163 1241 2218 subdi-

171 2251 274 2306 dit.
305 2253 371 2306 Et
390 2250 603 2306 eodem
626 2266 787 2306 anno
819 2251 1092 2320 Osdagus
1122 2251 1243 2323 epi-

172 2356 390 2413 scopus
415 2340 582 2395 obiit.

240 2430 678 2501 990.Gerdagus
691 2429 1001 2486 ordinatur
1012 2431 1241 2503 episco-

172 2538 286 2594 pus
321 2525 385 2576 14
416 2520 542 2577 Kal.
592 2520 872 2577 Februar.
923 2524 1040 2577 Hoc
1077 2537 1240 2577 anno

171 2614 434 2668 Saxones
463 2610 760 2667 Abotritos
783 2610 877 2666 bis
908 2610 1121 2680 grandi
1164 2611 1242 2666 ir-

167 2701 444 2774 ruptione
474 2700 968 2757 vastabant.Multi
989 2716 1236 2773 quoque

1425 847 1550 899 987.
1587 849 1852 900 Saxones
1887 843 2179 900 Sclaviam
2211 844 2423 901 iterum

1351 915 1717 988 invaserunt,
1759 913 1941 988 et__ad
1988 914 2262 988 ultimum
2311 917 2424 988 ipsi

1355 985 1544 1041 Sclavi
1584 985 1738 1057 regis
1801 984 2010 1057 ditioni
2044 984 2423 1057 subduntur,

1351 1060 1410 1111 et
1438 1056 1682 1111 castella
1707 1057 1878 1125 juxta
1924 1055 2158 1111 Albiam
2199 1055 2425 1113 flumen

1351 1127 1914 1200 denuogrestaurata
1936 1131 2092 1200 sunt.
2121 1130 2184 1200 Et
2204 1128 2265 1182 in
2293 1144 2427 1200 pro-

1349 1197 1516 1269 xima
1563 1198 1780 1269 hyeme
1822 1213 1994 1269 aquae
2035 1197 2425 1255 nimium—in-

1351 1268 1796 1340 nundaverunt,
1849 1268 1906 1323 et
1953 1274 2166 1340 ventus
2211 1269 2426 1340 ingens

1351 1339 1542 1395 multa
1562 1339 1814 1394 aedificia
1845 1339 2038 1394 stavit.

1425 1467 1548 1520 988.
1600 1464 1834 1520 Estatis
1890 1464 2082 1519 fervor
2143 1465 2424 1522 immanis

1352 1569 1505 1624 pene
1519 1557 1764 1608 cunctos
1779 1552 2004 1607 fructus
2025 1554 2419 1626 consumpsit.

1352 1643 1482 1697 Mox
1539 1639 1786 1710 grandis
1845 1639 2174 1696 mortalitas
2232 1641 2422 1697 homi-

1351 1745 1500 1785 num
1527 1730 1850 1785 subsecuta
1871 1733 1977 1784 est.

1425 1911 1548 1963 989.
1649 1909 1904 1963 Cometes
1991 1913 2420 1979 apparuerunt,

1351 2011 1503 2066 quas
1532 1993 1867 2067 pestilentia
1911 1994 2287 2067 subsequuta
2335 2001 2425 2051 est

1351 2083 1596 2154 grandis
1652 2082 1970 2138 hominum
2021 2088 2078 2138 ct
2122 2085 2423 2154 jumento-

1347 2187 1502 2237 rum,
1555 2177 1610 2226 et
1653 2171 1913 2226 maxime
1960 2171 2166 2228 boum.
2220 2171 2422 2241 Osdag

1348 2275 1591 2332 quoque
1638 2260 1959 2332 episcopus
2007 2261 2277 2328 moritur,
2326 2262 2420 2316 cui

1351 2347 1496 2403 Gerd
1505 2363 1657 2417 agus
1687 2347 1988 2403 successit.

1419 2439 1543 2493 990.
1575 2435 1820 2509 Eclipsis
1855 2435 1995 2492 solis
2036 2437 2191 2494 facta
2229 2442 2316 2493 est
2358 2443 2421 2494 12

1350 2523 1606 2580 Kalend.
1668 2524 1955 2581 Novemb.
2008 2525 2158 2582 hora
2211 2526 2423 2598 quinta

1352 2613 1490 2668 diei.

2604 853 2726 906 987.
2760 855 2974 908 lterum
3005 869 3108 908 rex
3137 855 3482 912 Bohcmiam
3514 856 3599 912 in-

2536 939 2790 1004 travit,et
2814 956 2948 996 eam
2973 941 3050 996 ad
3081 941 3442 1001 deditionem
3468 962 3598 1002 coe-

2537 1025 2635 1093 git.

2605 1470 2728 1522 988.
2753 1468 2990 1523 Estatis
3018 1469 3214 1526 fervor
3245 1471 3604 1529 nimius.Ru-

2533 1561 2736 1626 pertus
2809 1557 3050 1629 (192-95)
3117 1560 3604 1634 archiepiscopus

2531 1643 3023 1711 Mogontiacensis
3071 1648 3254 1704 obiit:
3291 1649 3383 1705 cui
3413 1650 3605 1706 Willi-

2534 1731 2695 1799 gisus
2728 1733 3030 1790 successit.

2605 1927 3103 2000 989.Theophanu
3125 1930 3470 2002 imperatrix
3488 1936 3596 1989 Ho—

2532 2030 2695 2070 mam
2729 2017 3002 2087 perrexit,
3036 2035 3401 2093 omnemque
3433 2021 3598 2078 illam

2529 2103 2833 2172 regionem
2863 2106 2984 2175 regi
3017 2107 3329 2164 subdidit?

2600 2444 2724 2496 990.

165 2790 405 2846 illorum
435 2793 492 2844 et
520 2788 756 2861 penitus
801 2789 1272 2844 nominatissimi
1301 2788 1669 2860 interrempti
1715 2794 1872 2858 sunt,
1907 2789 2005 2845 alii
2049 2789 2110 2845 in
2139 2789 2385 2845 ﬂumine
2418 2792 2630 2847 necati.
2666 2793 2930 2849 Saxones
2963 2793 3062 2850 Dei
3089 2795 3282 2866 gratia
3312 2812 3451 2854 cum

163 2895 313 2951 pace
342 2883 399 2934 et
428 2878 672 2933 victoria
698 2877 1020 2933 redierunt.
1055 2878 1311 2933 Misacho
1339 2883 1394 2932 et
1421 2877 1751 2946 Bolizlawo,
1774 2878 1958 2934 duces
1991 2878 2361 2946 Sclavorum,
2386 2881 2672 2949 gravibus
2694 2881 3014 2939 inimicitiis
3042 2883 3194 2941 inter
3219 2901 3282 2940 se
3314 2903 3450 2942 con-

162 2967 460 3024 flixerant.
483 2970 547 3022 Et
576 2967 789 3023 eodem
815 2982 978 3022 anno
1007 2966 1265 3038 eclypsis
1296 2965 1436 3022 solis
1463 2967 1665 3035 fiebat,
1692 2982 1814 3039 quo
1841 2982 1964 3022 non
1995 2967 2235 3022 modica
2269 2968 2753 3042 subsequebatur
2776 2971 3104 3028 mortalitas
3129 2974 3446 3033 hominum

157 3062 342 3130 atque
367 3057 776 3128 jumentorum
813 3060 877 3111 1'2
908 3054 1159 3111 Kalend.
1191 3053 1550 3111 Novembris

230 3237 362 3290 991.
437 3234 808 3306 Theophanu
879 3233 1235 3306 imperatrix

157 3322 330 3379 obiit.
382 3323 655 3395 lgnisque
687 3322 762 3378 de
810 3323 1004 3377 Hreno
1035 3337 1237 3377 ascen-

157 3412 313 3468 dens
362 3411 532 3468 villas
570 3426 758 3483 prope
805 3411 1029 3484 positas
1078 3425 1238 3466 com-

156 3500 377 3556 bussit.
432 3501 636 3556 Piratae
712 3501 893 3557 etiam
951 3501 1235 3556 Staverun

159 3590 308 3661 (196)
366 3589 758 3662 depredando
828 3593 1234 3659 vastaverunt,

158 3679 406 3751 aliaque
455 3678 517 3734 in
563 3678 729 3734 litore
777 3677 912 3733 loca
959 3676 1233 3750 perdide-

158 3773 322 3823 runt.
363 3768 493 3823 Otto
522 3782 626 3822 rex
655 3783 792 3822 cum
820 3781 1044 3836 magno
1077 3781 1236 3821 exer-

158 3856 282 3912 citu
338 3856 646 3911 Saxonum
701 3871 771 3911 ac
818 3854 1234 3927 supplemento

158 3945 423 4001 Misacon
455 3944 893 4014 Brennanburg
921 3943 1156 3999 obsedit
1181 3947 1237 3998 et

156 4033 431 4090 vicitJllo
455 4037 657 4089 autem
679 4033 816 4089 inde
841 4031 1234 4102 digrediente,

155 4121 492 4179 Saxonicus
533 4121 784 4194 quidam
805 4121 948 4177 Kizo
979 4121 1236 4176 eandem

159 4212 386 4268 Urbem
439 4211 796 4267 Liutizorum
852 4209 1074 4266 auxilio
1128 4225 1236 4265 au-

155 4300 370 4356 dacter
412 4299 554 4355 satis
596 4304 802 4355 contra
849 4299 1006 4369 regis
1045 4299 1237 4371 impe—

153 4389 318 4444 rium
377 4388 613 4457 invasit,
671 4392 850 4460 atque
922 4387 1235 4460 praedicto-

155 4493 301 4532 rum
360 4475 708 4533 Sclavorum
762 4475 1082 4549 pertinatia
1137 4475 1239 4532 ad-

155 4582 409 4621 versum
433 4565 534 4636 jus
559 4564 769 4637 fasque
811 4581 992 4621 omne
1020 4564 1237 4635 injuste

155 4653 376 4709 ditioni
405 4670 528 4708 suae
572 4653 808 4722 subegit
833 4672 846 4721 ;
880 4654 1120 4709 crebras
1150 4652 1238 4708 la-

157 4742 556 4799 trociniarum
580 4741 938 4815 irruptiones
967 4742 1028 4797 in
1063 4743 1240 4798 Saxo-

153 4831 331 4886 niam
352 4831 526 4902 juxta
547 4830 784 4886 Albiam
810 4831 1039 4887 ﬂumen
1067 4830 1237 4886 moli-

152 4925 256 4976 tus
287 4926 401 4990 est,
435 4936 472 4976 a
505 4920 729 4992 quibus
760 4921 862 4977 Dei
893 4921 1084 4992 gratia
1114 4936 1238 4976 non

153 5009 375 5079 victor,
405 5009 488 5064 se]
518 5010 693 5065 veluti
723 5010 1005 5080 fugitivus
1024 5009 1234 5083 predo,

154 5097 455 5154 latitando
488 5098 719 5169 aufugit

1415 3237 1537 3290 991.
1625 3232 1994 3305 Theophanu
2068 3232 2413 3304 imperatrix

2592 3237 2714 3290 991.
2790 3235 3158 3309 Theophanu
3243 3240 3587 3314 imperatrix

1344 3337 1483 3376 cum
1524 3321 1646 3378 filio
1693 3338 1803 3377 suo
1847 3321 2204 3394 imperatore
2246 3320 2410 3377 tertio
2521 3322 2686 3378 obiit.
2719 3323 2876 3394 Ignis
2915 3324 2989 3379 de
3021 3328 3182 3382 Reno
3216 3329 3500 3400 ascendit,
3534 3337 3591 3389 et

1345 3410 1555 3466 Ottone
1571 3410 1856 3482 paschale
1877 3409 2091 3465 festum
2117 3408 2411 3482 imperiali

1344 3499 1530 3572 gloria
1547 3499 1711 3571 apud
1727 3497 2264 3567 Quedelingensem
2279 3514 2410 3570 per-

1342 3590 1460 3661 egit
1477 3588 1795 3656 civitatem;
1822 3586 1925 3642 ubi
1942 3587 2120 3644 etiam
2143 3586 2410 3643 marchio

1339 3683 1746 3736 Tuscanorum
1778 3678 1948 3746 Hugo
1979 3681 2035 3732 et
2059 3676 2185 3732 dux
2213 3676 2598 3733 Sclavonicus
2630 3679 2826 3735 Misico
2859 3695 3024 3736 cum-

1342 3768 1565 3825 ceeteris
1601 3770 1847 3838 Europae
1895 3766 2103 3838 primis
2154 3765 2379 3822 ibidem
2429 3766 2870 3823 conﬂuentibus
2921 3768 3005 3823 af-

1342 3857 1524 3923 fuere,
1559 3855 1636 3910 ad
1663 3853 2023 3926 obsequium
2054 3853 2418 3925 imperatorii
2441 3854 2850 3926 lionoris,quaa
2879 3853 3009 3925 qui-

1342 3946 1484 4002 libet
1501 3943 1934 4016 pretiosissima
1953 3941 2438 4014 possederat,pro
2456 3941 2646 3996 xeniis
2661 3942 3005 4008 deferendo;

1344 4052 1375 4092 e
1403 4034 1624 4108 quibus
1650 4032 1848 4088 Misico
1896 4031 2115 4104 aliique
2156 4046 2343 4102 quam
2396 4029 2640 4101 plurimi
2682 4029 3009 4084 honorifice

1343 4122 1552 4179 donati
1579 4121 1640 4176 in
1673 4121 1931 4192 patriam
1979 4118 2302 4174 redierunt.
2357 4118 2529 4185 Hugo
2579 4133 2720 4171 vero
2748 4133 2886 4171 cum
2911 4132 3009 4173 ea-

1344 4211 1482 4268 dem
1509 4209 1884 4282 imperatrice
1907 4207 2152 4279 ﬁlioque
2183 4220 2694 4278 suo,quocunque
2723 4204 2890 4275 regni
2917 4203 3011 4260 vel

1343 4297 1709 4373 imperando
1763 4296 1858 4353 vel
1932 4294 2197 4366 regendo
2273 4291 2748 4367 proﬁciscuntur,
2820 4292 3010 4349 famu-

1343 4389 1528 4446 lando
1582 4386 1987 4462 prosequitur,
2047 4400 2237 4457 usque
2285 4384 2433 4439 dum
2484 4384 2820 4453 Niumagon
2874 4398 3010 4455 per-

1343 4483 1591 4535 ventum
1620 4481 1708 4534 est
1763 4475 1847 4532 lbi
1873 4473 2192 4545 ergo,dum
2222 4472 2490 4546 quadam
2517 4472 2692 4545 quasi
2720 4471 3011 4545 compede

1349 4573 1539 4625 totum
1591 4581 1701 4622 sua
1753 4565 1978 4621 ditione
2031 4561 2370 4632 colligasset
2421 4562 2765 4634 imperium,
2831 4562 3012 4618 Theo-

1343 4658 1556 4731 phanu
1585 4656 1737 4727 (197)
1768 4652 2115 4726 imperatrix
2135 4656 2556 4707 consummato
2576 4650 2640 4706 in
2667 4649 2845 4706 bonis
2876 4651 3010 4704 vitae

1348 4763 1470 4802 suae
1501 4761 1701 4809 cursu,
1730 4743 1884 4816 proh
1912 4742 2084 4799 dolor
2108 4742 2120 4796 !
2155 4740 2319 4813 quod
2340 4745 2428 4796 est
2453 4739 2796 4796 miserabile
2826 4737 3009 4806 dictu,

1343 4835 1672 4890 immatura
1702 4831 2046 4889 dissolvitur
2075 4835 2265 4886 morte
2295 4835 2357 4884 17
2389 4829 2523 4885 Kal.
2550 4828 2683 4885 Julii
2707 4846 2720 4897 ;
2751 4826 3015 4896 indeque

1344 4920 1590 4992 lugubri
1663 4919 2062 4994 imperatoris,
2135 4916 2239 4973 ﬁlii
2294 4915 2514 4972 scilicet
2583 4913 2696 4982 sui,
2775 4916 3014 4968 caetero-

1345 5025 1602 5082 rumque
1650 5024 1897 5064 suorum
1926 5005 2196 5063 fidelium
2240 5003 2529 5060 comitatu
2557 5004 2762 5057 evecta
2793 4998 2871 5053 ad
2919 5011 3015 5051 ur—

1344 5099 1485 5155 bem
1531 5098 1794 5154 defertur
1842 5093 2256 5168 Agrippinam,
2311 5091 2496 5162 inque
2544 5087 2794 5144 ecclesia
2821 5083 3014 5141 sancti

1343 5187 1718 5246 Pantaleonis
1749 5184 2047 5255 martyris,
2081 5185 2146 5235 ut
2183 5180 2316 5250 ipsa
2361 5179 2724 5242 decreverat,
2759 5173 3014 5244 stipante

1344 5279 1792 5352 episcoporum,
1853 5269 2294 5329 monachorum
2349 5265 2770 5335 virginumque
2832 5263 3010 5326 ccetu,

232 5459 502 5524 (192-95)
537 5456 836 5522 Rupertus
867 5485 935 5494 —
964 5454 1240 5510 successit
1264 5469 1334 5508 ex
1365 5453 1524 5508 Ann.
1554 5451 1842 5518 Hildesli.,
1876 5465 1914 5505 a
1935 5452 2059 5505 975.

229 5529 390 5598 (196)
421 5529 483 5598 In
516 5525 716 5592 Frisia,

235 5582 398 5667 '(197')
429 5597 532 5652 Th.
566 5582 752 5668 usqzie
781 5611 903 5650 suae
930 5611 1110 5651 cursu
1140 5595 1354 5651 desunt
1387 5597 1438 5652 1.
1468 5591 1790 5648 Leibnitius
1817 5606 1885 5648 ea
1917 5605 1990 5648 ea:
2020 5590 2170 5648 Chr.
2198 5587 2348 5643 Sacr.
2377 5582 2694 5652 supplevit.

421 5684 710 5740 PATROL.
748 5682 917 5740 CXLI.

3311 5667 3369 5717 i7

2520 3410 2691 3466 villas
2722 3411 3030 3483 proximas
3075 3414 3430 3490 absumpsit.
3475 3425 3588 3478 Go-

2521 3499 2805 3556 tehardus
2853 3502 3188 3559 monachus
3236 3510 3428 3567 factus
3475 3517 3586 3568 est.
