3986 6178
1328 164 1587 220 ANNAL.
1616 156 2043 216 HlLDESHEIM
2072 155 2440 221 QUEDLINB.
2474 155 2851 212 WEISSEMB.
3697 150 3807 204 524

492 295 654 350 ΑΝΝ.
675 288 1338 347 HILDESHEIMENSES.
1806 285 1967 339 ANN.
2005 281 2309 347 QUEDLIN
2315 283 2373 336 Β.

1455 378 1687 433 astante
1716 371 1897 429 etiam
1926 370 2092 426 omni
2121 369 2278 425 clero
2316 385 2387 425 ac
2412 368 2658 443 populo,
2702 367 2911 423 ultimo
2941 364 3108 421 ﬂebi-

1454 464 1584 521 liter
1611 461 1940 520 tumulatur
1967 460 2214 521 honore,
2248 458 2471 514 Eodem
2500 473 2660 514 anno
2702 453 3110 512 Ercanbaldus

1456 553 1628 625 (198),
1652 548 1991 621 Biligrimus
2020 545 2305 620 episcopi,
2335 544 2696 602 Frithuricus
2722 541 3113 615 archiepisco-

1456 656 1573 714 pus
1604 634 2076 705 Saltzburgensis
2125 634 2421 690 obierunt.
2454 636 2520 689 Et
2549 632 2789 688 Emnild
2813 630 2936 686 ﬁlia
2965 630 3110 685 Bru-

1401 728 1408 735 ’
1456 727 1652 785 nonis.
1704 723 2019 794 Manogold
2083 738 2346 795 quoque,
2404 737 2527 777 non
2586 721 2831 776 inﬁmus
2885 718 3110 775 Sueviaa

1456 817 1666 874 matris
1696 814 1877 884 ﬁlius,
1930 811 2200 869 Saxoniae
2230 811 2395 879 obiit,
2427 828 2497 868 ac
2525 815 2768 885 propter
2796 808 2970 865 ﬁdele
2997 824 3113 863 ser-

1456 906 1664 962 vitium
1711 900 2075 977 imperatrici
2099 898 2439 957 Adelheidee
2481 916 2588 973 per
2619 915 2681 955 se
2712 900 2861 967 (199)
2890 894 3112 953 exhibi-

1456 1000 1606 1064 tum,
1662 992 1795 1065 ipsa
1841 989 2163 1048 comitante
2231 988 2766 1060 Quedelingensem
2806 986 3117 1043 advehitur

1457 1082 1776 1150 civitatem,
1800 1079 2000 1152 ibique
2030 1077 2357 1134 honoriﬁce
2387 1077 2686 1150 sepelitur.

386 174 490 229 523

2914 274 3256 333 LAMBEBTI
3280 274 3621 330 ANNALES.

463 1185 585 1238 992.
618 1183 748 1237 Otto
776 1194 881 1235 rex
911 1193 1049 1233 cum
1081 1175 1284 1232 valida
1315 1190 1456 1230 suo-

390 1287 526 1326 rum
556 1285 742 1325 manu
769 1268 981 1323 iterum
1024 1264 1460 1334 Brennanburg

391 1358 554 1424 adiit,
594 1356 875 1428 venitque
923 1355 1003 1411 ad
1050 1370 1190 1410 eum
1238 1352 1462 1408 Heinri-

391 1466 496 1505 cus
526 1449 650 1504 dux
680 1446 1108 1518 Barjariorum,
1131 1449 1188 1502 et
1204 1443 1460 1500 Bolizlao

391 1541 835 1596 Boemanorum
866 1536 1164 1609 princeps,
1198 1551 1336 1591 cum
1377 1534 1461 1589 in-

394 1626 553 1700 genti
608 1626 986 1683 multitudine
1044 1626 1120 1696 ;in
1170 1622 1461 1679 auxilium

392 1716 535 1787 regi.
591 1714 847 1771 Bolizlao
895 1727 1057 1781 vero,
1104 1709 1461 1769 Mizachonis

393 1804 573 1867 ﬁlius,
605 1819 713 1875 per
742 1802 1006 1874 seipsum
1037 1799 1115 1856 ad
1144 1798 1461 1855 dominum

394 1908 599 1963 regem
620 1891 820 1947 venire
842 1904 1232 1961 nequaquam
1254 1887 1461 1943 valens

397 2011 467 2022 -
486 1978 840 2036 imminebat
868 1977 1093 2051 Quippe
1122 1975 1204 2031 illi
1235 1975 1461 2046 grande

398 2072 607 2125 contra
635 2067 959 2124 Buscianos
988 2065 1214 2121 bellum
1234 2097 1303 2105 —
1320 2079 1462 2120 suos

402 2156 517 2213 sibi
565 2156 717 2228 (200)
770 2156 912 2212 satis
952 2153 1204 2210 ﬁdeliter
1247 2152 1461 2209 milites

398 2246 461 2301 in
512 2245 906 2301 ministerium
951 2243 1108 2314 regis
1144 2242 1458 2298 direxerat.

400 2337 617 2391 Verum
646 2334 929 2391 dominus
957 2349 1082 2400 rex,
1100 2332 1276 2388 bonis
1308 2330 1461 2388 Scla-

399 2438 617 2478 vorum
701 2419 1202 2495 promissionibus
1286 2416 1462 2476 conﬁ-

400 2509 573 2579 dens,
625 2510 867 2581 suisque
913 2506 1286 2581 principibus
1330 2504 1466 2561 resi-

406 2602 554 2655 stere
594 2597 828 2663 nolens,
878 2612 1094 2670 pacem
1109 2595 1221 2651 illis
1248 2594 1463 2651 iterum

402 2686 715 2754 concessit,
744 2690 801 2741 et
823 2685 963 2741 inde
993 2684 1056 2740 in
1094 2682 1352 2757 patriam
1380 2697 1466 2737 re-

401 2774 643 2832 meavit.
656 2774 771 2830 Sed
794 2773 875 2829 illi
896 2788 1063 2830 more
1095 2770 1269 2827 solito
1299 2785 1466 2827 men-

402 2863 488 2921 titi
520 2867 661 2919 sunt
684 2877 792 2936 per
821 2858 1277 2919 omnia.Eodem
1303 2873 1465 2914 anno

402 2952 712 3022 Gerdagus
777 2949 1095 3024 episcopus
1161 2951 1344 3004 Rome
1404 2944 1470 3001 li-

401 3040 569 3097 mina
596 3038 787 3095 sancti
805 3036 955 3094 Petri
969 3036 1253 3093 orationis
1282 3050 1468 3092 causa

402 3129 577 3199 adiit;
626 3127 885 3201 indeque
932 3129 1234 3182 revertens
1267 3123 1467 3182 Cumis

400 3218 547 3276 obiit
587 3225 617 3274 7
650 3217 734 3273 Id.
774 3214 1133 3274 Decembris.
1169 3214 1279 3280 Qui
1317 3212 1469 3270 sedit

398 3310 462 3366 in
487 3309 839 3384 episcopatu
863 3322 1056 3364 annos
1083 3303 1263 3373 duos,
1294 3319 1464 3361 men-

400 3414 493 3456 ses
521 3403 577 3468 2,
599 3398 727 3455 dies
760 3399 845 3453 14.
868 3396 1092 3452 Misaco
1118 3392 1269 3467 (201)
1297 3392 1463 3463 obiit,

398 3487 790 3557 successitque
810 3485 866 3541 ei
885 3482 1048 3554 ﬁlius
1079 3480 1246 3537 illius
1271 3478 1468 3535 Boliz-

402 3576 556 3631 lavo.

1638 1173 1762 1227 992.
1796 1166 2231 1223 Gloriosissima
2270 1169 2326 1222 et
2362 1165 2634 1222 famosis-

1570 1257 1722 1313 sima
1746 1255 2042 1312 dedicatio
2065 1258 2284 1311 sanctze
2301 1253 2633 1310 Halversta-

1568 1345 1769 1400 densis
1822 1342 2088 1400 ecclesiae
2121 1343 2277 1399 facta
2305 1346 2394 1399 est
2420 1348 2507 1398 17.
2532 1343 2635 1398 Ca-

1567 1432 1727 1489 lend.
1763 1432 2049 1488 Novemb.
2084 1447 2121 1487 a
2168 1430 2493 1486 venerabili
2524 1446 2634 1486 suo

1570 1522 1877 1596 provisore
1908 1518 2288 1576 Hildewardo
2327 1520 2632 1594 episcopo,

2813 1165 3075 1221 992.0tto
3100 1179 3197 1218 rex
3220 1158 3623 1233 Brandeburg
3648 1158 3823 1218 obse-

2742 1252 2847 1309 dit.
2872 1251 3106 1308 Gerdah
3132 1250 3672 1307 Hildesheimensis
3702 1247 3824 1323 epi-

2743 1359 2962 1415 scopus
2992 1341 3138 1397 obiit
3166 1344 3313 1413 (208)
3341 1359 3355 1407 ;
3408 1340 3615 1396 donus
3645 1344 3821 1397 Bern-

2744 1432 2988 1487 wardus
3004 1431 3201 1501 regius
3220 1429 3714 1497 cancellarius,in
3742 1430 3823 1485 di-

2745 1519 2899 1576 vinis
2925 1524 2983 1576 et
3008 1518 3289 1575 humanis
3313 1518 3500 1574 rebus
3532 1518 3822 1574 sollertis-

1570 1626 1731 1666 anno
1758 1626 1878 1665 suze
1903 1608 2294 1665 ordinationis
2324 1611 2413 1677 24,
2447 1624 2634 1681 quam

1571 1715 1775 1754 secum
1804 1698 1865 1753 in
1892 1701 2036 1770 typo
2064 1695 2406 1769 apostolicae
2437 1696 2635 1768 digni-

1572 1789 1703 1845 tatis
1732 1785 2108 1844 duodenario
2138 1802 2391 1843 numero
2425 1790 2481 1842 11
2516 1785 2637 1858 epi-

1572 1878 1736 1951 scopi
1763 1882 2279 1944 consecraverunt,
2330 1875 2604 1932 videlicet
2647 1875 2965 1947 Willigisus
3004 1871 3227 1930 archie-

1570 1967 1857 2040 piscopus
1878 1965 2273 2036 Moguntinus,
2325 1964 2675 2021 Gisilharius
2705 1962 3228 2035 Magdeburgensis

1572 2054 2077 2128 archiepiscopus,
2110 2053 2364 2110 Lievitzo
2414 2053 2888 2125 Hamburgensis
2937 2050 3229 2124 archiepi-

1574 2161 1816 2219 scopus,
1834 2142 2137 2200 Liudolfus
2166 2148 2550 2215 Augustanus
2580 2144 2917 2217 episcopus,
2936 2140 3232 2197 Hildebol-

1571 2234 1686 2290 dus
1710 2232 2166 2290 Wormatiensis
2196 2232 2539 2306 episcopus,
2566 2231 2879 2288 Retharius
2904 2230 3232 2288 Padarbur-

1572 2321 1776 2379 nensis
1805 2322 2125 2395 episcopus
2183 2322 2353 2393 (202),
2400 2323 2514 2395 Erp
2564 2320 2964 2378 Fardunensis
3006 2320 3232 2393 episco-

1573 2428 1708 2486 pus,
1754 2413 1935 2466 Ursus
1990 2408 2321 2466 Paduanus
2365 2409 2706 2483 episcopus,
2758 2410 2893 2479 Hug
2938 2408 3233 2465 Citizensis

1574 2499 1914 2571 episcopus,
1966 2496 2366 2569 Raginbratus
2408 2496 2965 2567 Mikilanburgensis
3011 2496 3235 2570 episco-

1571 2605 1708 2662 pus,
1731 2588 1821 2643 Ad
1848 2586 1978 2643 haec
2006 2585 2155 2656 Agio
2186 2588 2512 2660 Capuanus
2537 2585 3051 2659 archiepiscopus,
3069 2582 3238 2640 Rein-

1570 2676 1796 2734 vardus
1848 2674 2223 2732 Tridentinus
2279 2675 2625 2748 episcopus,
2692 2677 2895 2732 Manso
2948 2672 3232 2730 Cassinus

1573 2766 1786 2835 abbas,
1844 2765 2223 2822 Thiatmarus
2277 2764 2471 2821 abbas
2527 2764 2833 2836 Corbejus,
2884 2764 3038 2820 Luzo
3090 2760 3236 2835 (203)

1574 2853 2059 2925 Lunaburgensis
2098 2850 2310 2920 abbas,
2358 2851 2658 2909 Othradus
2706 2850 2900 2909 abbas
2939 2850 3237 2908 Mersbur-

1575 2943 1797 3015 gensis,
1850 2941 2207 2999 Lantbrecht
2257 2940 2594 3013 Longhelus
2643 2942 2789 3013 (204)
2833 2939 3046 3010 abbas,
3090 2956 3238 3014 prae-

1576 3036 1739 3089 sente
1766 3046 1904 3102 rege
1937 3047 2147 3087 sereno
2177 3028 2345 3086 tertio
2378 3031 2610 3099 Ottone,
2645 3046 2879 3105 suaque
2909 3032 3045 3088 avia
3068 3026 3239 3086 Adel-

1574 3120 1747 3178 heide
1776 3124 2034 3192 augusta
2062 3118 2371 3193 praeclara,
2404 3124 2461 3176 et
2490 3118 2625 3177 ﬁlia
2655 3137 2765 3176 sua
2792 3136 3035 3190 gemma
3060 3117 3237 3190 regiae

1577 3209 1777 3282 stirpis
1805 3207 2133 3282 praelucida
2162 3208 2307 3280 (205)
2328 3208 2640 3265 Machtilda
2665 3209 2834 3281 (206),
2857 3214 2915 3266 et
2933 3214 3109 3282 nepte
3127 3224 3240 3265 sua

1576 3297 1789 3354 Hadwi
1831 3295 2177 3354 veneranda
2226 3294 2538 3354 abbatissa
2577 3299 2747 3370 (207),
2799 3297 2953 3356 duce
2996 3314 3240 3372 quoque

1574 3384 1941 3454 Bernhardo,
1991 3388 2049 3441 et
2103 3384 2370 3441 Leidulfo
2400 3385 2616 3442 comite
2658 3389 2966 3460 Capuano,
3012 3391 3070 3444 et
3093 3403 3242 3461 prae-

1574 3470 1739 3529 fectis
1795 3477 1973 3545 atque
2025 3471 2374 3545 proceribus
2447 3473 2742 3547 plurimis,
2787 3473 2861 3547 let
2908 3475 3243 3547 innumera

1575 3564 1754 3635 atque
1780 3558 2264 3635 inasquiparabili
2307 3559 2691 3620 multitudine
2746 3559 2886 3620 cleri
2932 3581 3004 3621 ac
3031 3560 3243 3638 populi

1572 3650 1635 3706 in
1658 3650 1905 3708 laudem
1933 3649 2035 3706 Dei
2057 3649 2603 3725 conclamantibus,
2636 3650 2981 3710 dedicantes
3024 3653 3241 3728 praefa-

2745 1624 2901 1675 mus,
2935 1606 3236 1674 successit,
3282 1609 3347 1661 18
3379 1604 3526 1678 (209)
3560 1606 3820 1663 Kalend.

2748 1695 3021 1753 Februar.
3058 1695 3370 1752 ordinatus
3400 1696 3578 1767 (210).

1574 3741 1699 3795 tam
1732 3736 2044 3795 ecclesiam
2072 3737 2305 3796 orando
2323 3739 2626 3811 juverunt.

547 3842 630 3895 l2.
665 3834 908 3894 Calend.
943 3831 1293 3892 Novembris
1343 3833 1535 3887 totum
1565 3827 1783 3885 coelum
1813 3832 1901 3884 ter
1929 3828 1992 3883 in
2035 3832 2209 3885 nocte
2234 3828 2433 3884 visum
2472 3833 2561 3886 est
2584 3830 2838 3887 rubrum
2868 3828 3071 3887 fuisse.
3104 3833 3225 3888 Hoc
3256 3831 3474 3889 eodem
3507 3847 3674 3889 anno
3701 3833 3835 3888 Gen

538 3927 733 3997 dagus
758 3920 1279 3981 Hildesheimensis
1300 3917 1621 3993 episcopus
1641 3916 1927 3973 orationis
1955 3932 2142 3974 causa
2169 3919 2423 3973 Romam
2453 3919 2730 3991 perrexit,
2756 3922 2815 3975 et
2830 3918 2990 3988 inde,
3014 3934 3313 3992 reversus,
3331 3920 3393 3977 in
3411 3920 3838 3992 Longobardia

540 4013 725 4073 obivit
755 4018 812 4070 et
839 4012 1153 4087 presbyter
1179 4025 1325 4066 suus
1359 4004 1776 4072 Suideboldus,
1810 4009 1867 4061 et
1891 4004 2186 4062 diaconus
2244 4021 2389 4061 suus
2418 4005 2605 4076 Bodo,
2647 4008 2903 4082 ejusque
2927 4006 3109 4064 frater
3155 4009 3494 4083 Hroprecht
3518 4014 3578 4067 et
3632 4024 3836 4065 came-

539 4103 733 4161 rarius
764 4119 929 4159 suus.
960 4098 1254 4160 Successit
1282 4100 1485 4154 autem
1511 4094 1624 4152 sibi
1656 4093 2005 4151 Berwardus
2035 4093 2379 4168 episcopus.
3064 4103 3079 4109 “

1652 4186 1755 4239 993
1820 4184 1884 4239 In
1950 4185 2124 4239 nocte
2183 4182 2401 4239 natalis
2467 4184 2655 4241 sancti
2764 4190 2867 4243 993

469 4195 596 4249 993.
614 4190 1035 4259 Bernwardus,
1054 4186 1254 4259 regius
1279 4184 1473 4259 capelf

399 4262 629 4335 Ianus,‘
664 4264 884 4335 sanctae
937 4252 1473 4335 Hildinesheménsi
1581 4253 1884 4335 §tephani‘
1938 4252 2397 4335 protomartyris
2440 4253 2518 4335 ‘id
2570 4259 2659 4312 est

402 4328 683 4402 (ecclesiae
704 4330 1013 4402 ordinatur
1032 4328 1470 4402 episcopus_18_.

402 4403 535 4459 Kal.
571 4401 737 4458 Febr.
768 4401 930 4468 Kiso,
950 4397 1269 4473 qui—antea
1286 4397 1477 4473 rebel-

402 4474 478 4530 lis
510 4473 781 4530 extiterat
804 4476 862 4528 et
874 4468 1296 4541 refﬁgaﬁdem
1320 4468 1475 4525 Scla-

401 4545 493 4602 vis
533 4542 901 4616 jampridem
938 4539 1302 4616 promissam
1344 4554 1478 4595 eva-

404 4609 613 4687 cuans,
638 4609 903 4687 séipsum
932 4609 1073 4669 cum
1102 4609 1226 4687 suis
1255 4614 1311 4666 et
1338 4624 1478 4687 cum

404 4680 674 4761 predicta
694 4680 841 4761 urbe
863 4680 1300 4761 tirennanburg
1319 4681 1479 4752 regis

405 4756 613 4815 ditioni
664 4756 947 4813 subdidit.
987 4758 1111 4811 Rex
1152 4767 1295 4809 vero
1343 4768 1485 4809 san-

408 4835 572 4885 ctum
610 4827 771 4884 diem
821 4825 1066 4901 paschae
1107 4824 1169 4880 in
1207 4823 1478 4893 Engilen-

966 4896 1130 4953 heim
1156 4894 1477 4951 celebravit

508 5006 626 5077 198)
655 5008 715 5062 Ε.
743 5000 1223 5077 Strazburgensis
1255 5000 1585 5059 Annalista
1606 4999 1793 5057 Saxo.

510 5073 633 5149 199⁷)
659 5079 912 5149 Persepe
942 5075 1086 5131 Chr.
1115 5073 1299 5129 Saxo.

506 5140 630 5217 200)
662 5147 731 5202 Η.
764 5140 881 5204 υοῖιο
900 5148 1034 5217 jam
1048 5157 1243 5217 erasa
1257 5158 1282 5214 ;
1300 5143 1341 5198 ἱ.
1370 5156 1418 5198 e.
1452 5140 1668 5217 Ottoni.

511 5214 640 5289 201)
669 5219 823 5289 hic.
856 5214 1005 5289 sici.
1037 5214 1086 5289 t‘._
1104 5215 1144 5270 i.
1176 5215 1240 5289 1;.
1269 5228 1455 5270 manu
1481 5216 1535 5289 2,
1569 5226 1791 5289 coagva.

509 5283 638 5358 202)
683 5286 1010 5343 Hildericus
1039 5283 1542 5358 Havelburgensis
1589 5283 1929 5358 episcopus,
1962 5287 2078 5358 Erp

419 5356 532 5414 etc.
561 5356 705 5413 Chr.
747 5357 1291 5427 Halberstadense;
1333 5362 1388 5412 et
1417 5360 1575 5413 certe
1619 5356 1831 5413 namcf:
1860 5356 2082 5413 deside-

420 5433 619 5486 ratur.

497 5501 642 5573 (203)
667 5501 714 5556 Ι.
745 5516 792 5557 e.
828 5499 1187 5573 Liudericus.

516 5567 644 5643 204)
672 5571 995 5643 Longensis
1026 5570 1171 5643 Chr.
1188 5567 1387 5643 _Halb.

518 5638 646 5715 205)
672 5645 768 5699 Ita
796 5638 997 5713 Eorigo
1025 5656 1101 5699 ex
1128 5640 1353 5698 Chron.
1382 5638 1921 5712 Hatﬁerstadensi;
1944 5654 2079 5713 per-

1581 4330 1635 4382 7.
1668 4324 1908 4382 Calend.
1939 4324 2225 4395 lanuarii,
2272 4324 2614 4382 inauditum
2649 4325 2864 4382 seculis
2882 4326 3244 4384 miraculum

1580 4395 1867 4478 vidimus,
1901 4395 2175 4478 videlicet
2217 4395 2376 4452 circa
2421 4397 2703 4478 primumn
2718 4397 3087 4478 gallicinium
3103 4403 3246 4478 tan-

1583 4466 1951 4548 tam‘lucem.
1972 4466 2170 4548 subito
2200 4483 2274 4548 ei:
2291 4466 2585 4548 aquilone
2610 4466 2943 4548 eﬁlulsisse,
2965 4473 3032 4525 ut
3044 4468 3245 4548 pluri-

1584 4538 1668 4614 mi
1693 4537 1957 4595 dicerent
1976 4537 2137 4593 diem
2166 4537 2325 4614 oriri.
2359 4537 2524 4614 Stetit
2552 4544 2755 4614 autem
2784 4537 2974 4614 unam
3000 4537 3247 4614 plénam

1583 4610 1833 4677 horam;
1855 4613 2086 4683 postea,
2116 4608 2366 4684 rubente
2399 4610 2797 4684 aliquatulum
2826 4608 3084 4684 cmlofin
3107 4608 3247 4684 soli-

1587 4684 1716 4754 tum
1741 4680 2103 4754 conversum
2130 4684 2219 4736 est
2246 4680 2530 4754 colorem.
2548 4682 2726 4754 ,Dodo
2753 4680 3072 4754 episcopus
3096 4681 3246 4753 (211)

1585 4751 1754 4821 obiit,
1785 4751 1882 4807 cui
1922 4751 2098 4821 Suige

2099 4767 2203 4806 rus
2231 4752 2322 4807 vir
2349 4752 2614 4819 illustris,
2663 4752 2888 4809 sanctas
2915 4752 3249 4810 Halverstaé-
3314 4782 3341 4801 ο

1584 4822 1796 4896 densis
1817 4821 2079 4896 ecclesias
2106 4822 2431 4896 coenobita,
2462 4824 2772 4896 successit.
2797 4823 3090 4896 Egbertus
3120 4826 3249 4881 Tre-

1581 4892 1832 4949 virensis
1859 4892 2342 4967 archiepiscopus
2373 4893 2537 4953 obiit.

2174 4998 2377 5058 lucida
2405 5018 2456 5058 ο.

2276 5073 2403 5142 206)
2431 5071 2750 5130 Abbatissa
2778 5070 3339 5142 Quedlinburgensi.

2277 5141 2404 5212 207)
2435 5143 2865 5212 Gernrodensi;
2897 5159 2972 5200 ex
3002 5141 3218 5201 Chron.
3242 5141 3765 5205 Halberstadensi.

2279 5216 2403 5287 208)
2431 5216 2496 5272 Ο.
2530 5215 2626 5270 cui
2652 5214 2982 5287 bernuuart
3010 5215 3295 5272 successit
3318 5220 3373 5272 2.

2280 5286 2408 5353 209)
2438 5287 2535 5343 Ita
2562 5288 2803 5343 correxi
2814 5286 2983 5357 ,{Vlll
3018 5291 3065 5357 1,
3100 5289 3252 5357 1114,
3278 5289 3365 5344 XV
3395 5292 3447 5343 5.

2280 5360 2403 5427 210)
2433 5357 2749 5413 Ordinatus
2794 5356 2907 5413 sibi
2926 5356 3181 5412 Heinrici
3209 5374 3364 5414 com.
3399 5358 3717 5416 Heinricus
3750 5362 3856 5417 σω

2188 5426 2497 5496 Sigifridus
2523 5433 2730 5485 contra
2750 5428 2982 5501 piratos
3026 5432 3296 5501 pugnat;
3341 5445 3612 5501 quorum
3644 5431 3669 5485 l
3707 5430 3857 5487 occi-

2189 5513 2317 5573 c_us,
2352 5503 2405 5554 11
2440 5506 2579 5573 sunt
2605 5498 2779 5573 capti'
2801 5498 3047 5556 addunt
3065 5504 3116 5568 5,
3151 5504 3205 5557 6.
3231 5498 3380 5557 Haec
3412 5502 3632 5560 desunt
3656 5504 3727 5559 in
3757 5502 3858 5559 ii:-

2189 5570 2332 5637 ἄρηι,
2350 5571 2650 5628 codicibus
2678 5570 2734 5628 ἃ.
2764 5573 2889 5628 994.

2261 5640 2410 5713 (211)
2438 5637 3116 5714 Mimigardevm'densis.
