3986 6178
255 110 358 165 n5
963 101 1046 156 ET
1086 100 1443 158 LAMBEBTI
1484 94 2098 154 “CHAFNABURG.
2138 97 2324 157 PARS
2361 103 2642 162 ALTERA
2678 106 3011 165 GENUINA.

1450 247 1798 305 ANNALES
1847 241 2530 311 HILDESHEIMENSES.

252 392 596 455 celebravit.
631 399 698 452 Et
743 395 878 452 inde
943 410 977 450 a
1043 393 1355 483 nativitate
1394 389 1912 483 sancti_Joannis
1959 389 2242 483 baptista:
2299 410 2497 469 usque
2525 395 2588 452 in
2632 403 2684 454 5.
2738 400 2824 455 Id.
2877 402 3237 462 Novembris
3290 423 3459 483 pene
3513 431 3756 477 omnem

253 492 529 543 aestatem
561 489 620 542 et
648 490 1004 542 autumnum
1037 483 1272 539 siccitas
1299 481 1492 538 nimia
1515 482 1576 535 et
1597 479 1813 536 fervor
1828 479 2103 535 inmanis
2126 480 2268 550 fuit;
2301 483 2384 540 ita
2410 489 2475 540 ut
2501 485 2974 546 innumerabiles
2990 491 3194 562 fruges
3221 479 3365 556 ηὸῃ
3385 508 3756 575 pervenirem

253 577 334 634 ad
361 581 822 649 temporaneam
852 573 1250 664 maturitatem
1280 575 1527 664 propter
1560 569 1716 664 solis
1740 568 2207 664 ardo_rem;_quo
2220 588 2353 664 non
2373 575 2683 632 modicum
2704 577 3192 651 subsequebatur
3216 568 3502 658 frigus,et
3525 610 3750 664 magna

250 667 357 723 nix
409 665 646 732 cecidit,
697 679 1038 736 magnaque
1086 662 1270 734 pestis
1304 658 1485 716 simul
1535 663 1596 714 et
1652 656 2012 716 mortalitas
2065 659 2387 718 hominum
2417 669 2598 737 atque
2643 665 3061 737 jumentorum
3108 656 3340 733 evenit:
3395 656 3461 737 Et
3484 697 3555 737 eo
3579 656 3742 740 anno

253 758 532 814 Saxones
561 753 752 810 tribus
783 752 1012 808 vicibus
1043 751 1484 824 expeditionem
1522 750 1930 821 paraverunt
1953 745 2015 802 in
2044 749 2308 815 Selavos,
2341 756 2399 809 et
2427 752 2574 809 nihil
2620 755 3003 828 profecerunt
3032 776 3046 828 ;
3079 774 3110 815 e
3140 767 3358 822 contra
3387 768 3578 824 Selavi
3615 786 3739 827 cre-

254 845 380 900 bris
413 844 564 916 (212)
596 842 928 900 latrociniis
951 840 1279 898 Saxoniam
1316 837 1698 909 fatigabant.

861 1019 1216 1074 ANNAUUM
1252 1013 2056 1072 WEISSEMBUBGENSIUM
2096 1017 2590 1079 CONTINUATIO.
2629 1026 2798 1080 ANNl
2835 1029 3124 1084 985-1147.

326 1163 456 1221 985.
494 1163 627 1219 Otto
658 1157 804 1230 dux,
837 1156 996 1216 ﬁlius
1027 1156 1320 1216 Cuonradi
1341 1154 1536 1247 ducis,
1568 1151 1732 1247 istud
1755 1165 1954 1247 ceno-
1992 1160 2040 1212 A
2144 1161 2300 1216 1048.
2338 1159 2711 1233 Swidegerus
2741 1181 2905 1238 papa
2935 1166 3116 1238 obiit;
3146 1169 3243 1226 cui
3271 1173 3482 1246 Puppe
3514 1171 3721 1247 episco

250 1249 430 1310 bium
457 1249 522 1308 id
553 1256 645 1307 est
677 1249 1053 1319 Wicenburg,
1094 1248 1152 1303 vi
1176 1247 1406 1314 invasit,
1436 1243 1580 1300 loca
1609 1240 1952 1300 distribuit.
2061 1261 2178 1321 pus
2211 1249 2524 1306 Brissanus
2555 1253 2857 1309 successit.

325 1345 456 1400 986.
493 1337 862 1397 Batdem‘cus
893 1339 1196 1408 episcolaus
1225 1337 1366 1392 obiit
1393 1335 1780 1403 Ruoppertus
1809 1333 1945 1402 cpi-

2138 1340 2294 1393 1050.
2328 1339 2593 1396 Domnus
2642 1344 2797 1396 Brun
2826 1339 3115 1400 Tullensis
3154 1345 3476 1420 episcopus
3519 1348 3582 1405 in
3635 1365 3724 1407 se-

252 1445 476 1502 scopus
509 1429 856 1486 ordinatur.

329 1523 460 1578 989.
515 1517 870 1576 Gisilharius
904 1516 1094 1575 abbas
1146 1515 1310 1582 obiit,
1370 1512 1466 1569 cui
1498 1506 1774 1568 Gerricus
1801 1525 1948 1568 suc-

253 1609 458 1667 cessit.

328 1701 463 1756 993.
504 1695 791 1770 Synodus
821 1695 1042 1768 Aequis
1081 1694 1236 1751 facta
1263 1704 1370 1767 per
1397 1687 1803 1762 Dominicum,
1833 1691 1945 1747 Ro-

256 1803 462 1845 manae
494 1784 782 1842 aecelesiae
815 1784 1168 1857 episcopum
1193 1784 1359 1852 (213).

337 1877 498 1931 1000.
527 1873 819 1942 Adelgeid
849 1872 1199 1944 imperatrix
1230 1870 1396 1926 obiit.

332 1966 492 2019 1001.
526 1960 801 2018 Gerricus
831 1957 1153 2015 abbaciam
1197 1956 1476 2024 reddidit,
1524 1959 1583 2013 et
1615 1953 1947 2027 Sigebodo-

258 2067 402 2108 nem
444 2049 644 2121 elegit.

341 2145 501 2199 1002.
533 2141 667 2198 Otto
686 2138 892 2197 tertius
924 2132 1250 2210 imperator
1277 2136 1442 2205 obiit,
1494 2137 1593 2194 cui
1637 2134 1942 2193 Heinricus

263 2228 574 2287 successit.
628 2227 930 2299 Sigebodo
983 2223 1172 2282 abbas
1220 2225 1385 2295 obiit,
1428 2225 1528 2281 eui
1583 2221 1944 2282 Luithardus

265 2320 572 2377 successit.

343 2411 501 2466 1004.
549 2403 899 2464 Waltherus
931 2404 1238 2474 episcOpus
1268 2403 1617 2462 ordinatur.
1649 2405 1942 2462 Monaste-

266 2498 427 2554 rium
458 2495 620 2552 istud
648 2494 1038 2551 combustum
1067 2496 1171 2547 est.

347 2590 504 2643 1007.
536 2584 808 2641 GerriCUS
839 2579 978 2656 pius
1009 2575 1200 2636 abbas
1229 2577 1392 2636 obiit.

347 2680 504 2733 1009.
541 2675 695 2731 Brun
727 2683 1051 2748 episcopus
1080 2669 1364 2741 martyrio
1397 2674 1742 2728 coronatur.

350 2767 507 2822 1014.
543 2762 850 2820 Heinricus
884 2763 1087 2818 Romae
1115 2757 1448 2832 appellatUS
1480 2764 1574 2817 est
1602 2773 1794 2816 cesar.

350 2857 508 2910 1024.
546 2849 906 2910 Cuonradus
935 2849 1230 2906 secundus
1262 2863 1371 2904 rex
1400 2847 1670 2917 efﬁcitur
1709 2851 1762 2902 6.
1796 2841 1942 2902 Idus

277 2945 443 3016 Sept.

351 3038 510 3091 1025.
544 3031 850 3087 Heinricus
882 3029 1209 3101 imperator
1251 3022 1418 3093 obiit,
1450 3026 1548 3082 cui
1587 3021 1944 3084 Cuonradus

278 3125 819 3268 sufggfltliomnus
843 3201 1144 3263 Brunicho
1173 3201 1488 3276 presbyter
1517 3205 1575 3259 et
1603 3201 1942 3259 monachus

279 3302 446 3360 obﬁL

355 3393 516 3447 1033.
554 3387 903 3444 Dedicatum
949 3388 1038 3440 est
1066 3380 1391 3439 oratorium
1443 3379 1632 3438 sancti
1682 3377 1833 3436 Petri
1884 3377 1945 3434 in

281 3479 643 3548 Wizenburg
692 3493 729 3534 a
775 3471 1168 3546 Reginboldo,
1233 3469 1495 3542 Spirensi
1526 3469 1836 3544 episeopo,
1892 3471 1950 3524 et

281 3569 522 3644 eclipsis
552 3567 706 3624 facta
736 3569 824 3622 est
848 3565 911 3621 in
941 3562 1247 3620 nativitate
1276 3560 1709 3633 apostolorum.

357 3663 519 3716 1038.
551 3655 843 3714 Dissentio
879 3651 1038 3711 facta
1066 3654 1154 3709 est
1177 3650 1251 3707 de
1282 3650 1545 3707 adventu
1575 3647 1813 3706 Domini
1842 3658 1950 3720 per

285 3745 733 3814 Willihelmum,
767 3741 1290 3815 Argentinensium
1323 3739 1695 3813 episcopum.

361 3839 520 3894 1039.
557 3831 911 3894 Cuonradus
946 3831 1275 3905 imperator
1313 3827 1478 3896 obiit,
1512 3827 1608 3884 cui
1638 3825 1949 3885 Heinricus

285 3925 444 3983 ﬁlius
472 3923 773 3981 successit.

364 4019 523 4072 1042.
558 4011 797 4083 Ungarii
828 4025 1033 4081 regem
1057 4023 1235 4064 suum
1268 4003 1642 4078 expulerunt.

363 4107 522 4161 1043.
557 4101 732 4158 Gisila
777 4097 1126 4173 imperatrix
1169 4094 1333 4152 obiit.
1390 4093 1700 4149 Folmarus
1755 4089 1949 4147 abbas

289 4194 458 4261 obiit,
489 4192 585 4248 cui
615 4189 918 4247 Arnoldus
945 4185 1248 4242 successit.
1293 4181 1596 4238 Heinricus
1626 4193 1730 4237 rex
1760 4184 1950 4250 Agne-

289 4288 410 4339 tem
439 4278 609 4336 duxit
631 4277 925 4348 reginam.

366 4373 524 4427 1044.
568 4372 686 4424 Rex
713 4362 1023 4422 Heinricus
1067 4377 1206 4419 eum
1232 4359 1491 4417 exercitu
1547 4355 1834 4429 Ungarios
1864 4354 1952 4412 in-

291 4461 451 4518 vasit
478 4463 534 4516 et
553 4457 827 4532 praelium
859 4452 1238 4510 committens
1259 4447 1492 4518 devicit,
1518 4459 1844 4532 regemque
1862 4445 1947 4502 eis

292 4531 567 4604 restituit.
587 4549 650 4600 1n
679 4544 812 4616 ipso
843 4540 1001 4598 bello
1035 4537 1142 4595 fuit
1161 4537 1310 4610 ipse,
1341 4541 1398 4592 et
1428 4531 1817 4591 Gebehardus
1840 4533 1950 4588 Ra-

293 4632 684 4708 dixponensis
737 4630 1083 4704 episcopus,
1135 4631 1192 4684 et
1247 4626 1402 4681 Brun
1445 4620 1947 4692 Wirzeburgensis

293 4724 634 4796 episcopus,
665 4725 721 4778 et
749 4717 943 4776 caeteri
969 4714 1160 4772 multi.

370 4814 523 4867 1045.
559 4812 731 4865 Brun
761 4809 1066 4878 episcopus
1097 4803 1238 4859 obiit
1276 4801 1446 4872 (214).

370 4902 524 4956 1047.
558 4895 868 4955 Heinricus
893 4909 996 4952 rex
1026 4896 1391 4950 conventum
1420 4898 1714 4958 magnum
1745 4885 1947 4942 Romae

288 4987 523 5058 habuit,
565 4985 769 5060 ibique
813 4984 1078 5055 dejectus
1120 4992 1303 5054 papa,
1351 4981 1408 5034 et
1437 4973 1812 5044 Swidegerus
1843 4976 1946 5030 Ba-

288 5075 726 5150 benbergensis
753 5071 1071 5150 episcopus
1121 5071 1183 5127 in
1232 5069 1371 5126 sede
1402 5063 1734 5141 apostolica
1762 5063 1944 5121 collo-

2059 1423 2200 1481 dem
2231 1427 2624 1499 apostolicam
2655 1429 2938 1486 elevatur.

2133 1517 2288 1570 1052.
2322 1517 2532 1586 Magna
2562 1516 2812 1572 sinodus
2857 1524 3225 1590 congregata
3255 1526 3342 1578 est
3393 1522 3454 1579 in
3481 1526 3720 1594 Mogon-

2054 1599 2138 1657 tia
2168 1601 2264 1657 cui
2314 1603 2426 1659 Leo
2455 1613 2618 1676 papa
2648 1609 2705 1660 et
2734 1604 3039 1662 Heinricus
3087 1606 3418 1682 imperator
3441 1613 3724 1685 praeside-

2053 1687 2222 1745 bant.

2130 1781 2286 1836 1053.
2322 1779 2590 1836 Demnus
2623 1783 2800 1852 Brun,
2834 1782 2939 1854 qui
2977 1787 3035 1838 et
3066 1785 3180 1842 Leo
3211 1795 3392 1860 papa,
3425 1798 3566 1845 cum
3592 1801 3718 1847 ma-

2051 1882 2174 1938 gna
2202 1883 2392 1925 manu
2424 1871 2787 1926 Francorum
2819 1875 2999 1943 atque
3033 1871 3380 1931 Latinorum
3426 1871 3718 1949 pugnavit

2050 1962 2259 2014 contra
2315 1958 2761 2026 Nortmannos;
2805 1963 2891 2016 set
2920 1960 3040 2016 heu
3099 1964 3253 2034 proh
3285 1961 3495 2021 dolor!
3556 1977 3712 2040 pene

2050 2047 2142 2103 sui
2173 2063 2386 2104 omnes
2414 2047 2766 2105 deciderunt
2818 2051 3173 2122 pugnando,
3225 2057 3283 2110 et
3330 2053 3457 2127 ipse
3485 2053 3584 2112 vix
3617 2063 3714 2112 ur-

2049 2135 2220 2193 bium
2253 2137 2585 2194 monitione
2618 2137 2785 2209 (214‘)
2815 2136 3100 2196 salvatus.

2126 2227 2284 2282 1054.
2315 2227 2582 2281 Domnus
2615 2227 2727 2282 Leo
2748 2237 2912 2299 papa
2949 2239 3151 2284 nouns
3195 2229 3344 2288 obiit
3367 2226 3431 2288 in
3462 2229 3711 2290 Christo.

2053 2310 2355 2385 Sigebodo
2380 2313 2674 2386 Spirensis
2701 2314 3024 2390 episcopus
3049 2317 3214 2375 obiit.

2127 2404 2284 2459 1055.
2346 2402 2691 2473 Conjuratio
2736 2402 2965 2477 Welphi
3010 2403 3181 2462 ducis
3231 2407 3718 2467 Karendinorum

1982 2525 2022 2578 Β
2054 2495 2265 2548 contra
2303 2489 2750 2563 imperatorem.

2125 2585 2282 2638 1056.
2315 2583 2582 2636 Domnus
2612 2594 2776 2656 papa
2814 2575 3225 2652 Gebehardus,
3275 2581 3382 2659 qui
3413 2589 3471 2643 et
3495 2585 3714 2657 Victor,

2051 2667 2341 2736 Goslaria,
2376 2668 2557 2737 venit,
2588 2667 2794 2742 ibique
2825 2669 3132 2728 Heinricus
3164 2673 3574 2731 Romanorum
3601 2675 3716 2729 im-

2051 2762 2296 2830 perator
2325 2763 2621 2827 angustus
2653 2758 2857 2815 tertius
2885 2753 3032 2818 obiit
3057 2775 3070 2828 ;
3112 2761 3208 2817 cui
3240 2760 3524 2819 Henricus
3553 2757 3715 2820 ﬁlius

2053 2847 2106 2918 ej
2117 2863 2187 2902 us
2241 2847 2548 2904 successit.

2130 2939 2288 2992 1058.
2319 2935 2624 2993 Heinricus
2652 2953 2859 2994 comes
2887 2938 3212 3004 Palatinus,
3242 2940 3458 2997 menu's
3480 2940 3718 2998 insania

2055 3028 2289 3096 captus,
2309 3028 2618 3082 tonsuram
2637 3031 2694 3082 et
2717 3027 3144 3084 monachicum
3169 3029 3446 3086 habitum
3465 3029 3716 3103 accepit,

2054 3128 2126 3170 ac
2158 3114 2594 3170 monasterium
2647 3115 2867 3172 Gorzize
2898 3115 3014 3172 sub
3061 3119 3262 3190 specie
3290 3118 3598 3190 religionis
3625 3120 3717 3176 in»

2055 3201 2268 3269 travit;
2299 3201 2404 3257 sed
2457 3217 2598 3258 eum
2642 3219 2826 3276 quem
2857 3204 3199 3274 ingressum
3225 3206 3362 3263 vitas
3388 3211 3593 3280 posuit
3619 3220 3720 3280 pse

2055 3287 2198 3345 dem
2219 3290 2482 3356 retraxit,
2503 3306 2752 3364 seseque
2777 3292 2840 3348 in
2869 3309 3010 3349 eum
3035 3307 3218 3365 quem
3248 3294 3519 3368 despexit
3545 3310 3718 3351 man»

2056 3378 2207 3434 dum
2237 3379 2396 3434 male
2436 3395 2620 3435 sanus
2651 3381 2872 3452 injecit,
2927 3382 3174 3454 insuper
3201 3387 3258 3439 et
3284 3383 3579 3440 domnam
3605 3387 3720 3441 Ma-

2057 3468 2334 3537 thildam,
2368 3469 2624 3526 Gozelini
2655 3470 2826 3527 ducis
2876 3470 3086 3538 ﬁliam,
3135 3487 3253 3545 que
3285 3471 3399 3528 sibi
3427 3472 3488 3528 in
3520 3473 3720 3530 matri-

2058 3557 2265 3613 monio
2308 3558 2520 3629 juncta
2551 3558 2680 3626 fuit,
2712 3561 2834 3616 heu
2860 3559 3065 3616 infelix
3094 3560 3418 3632 parracida
3443 3563 3716 3634 peremit.

2059 3645 2283 3700 Eodem
2315 3661 2477 3702 anno
2507 3646 2857 3703 Liutboldus
2897 3647 3384 3722 archiepiscopus
3407 3647 3573 3706 obiit.

2135 3737 2290 3791 1059.
2321 3734 2627 3791 Heinricus
2654 3751 2859 3793 comes
2888 3732 3104 3793 iterum
3143 3730 3471 3810 penitentia
3500 3732 3718 3796 ductus

2058 3823 2495 3880 monasterium
2520 3824 2827 3894 ingressus
2855 3829 2962 3882 est.

2134 3912 2289 3966 1060.
2323 3911 2677 3968 Cuonradus
2708 3913 3027 3985 episcopus
3078 3909 3369 3986 Spirensis
3398 3913 3564 3982 obiit,
3621 3913 3718 3972 cui

2059 3997 2395 4055 Einhardus
2423 3999 2726 4056 successit.

2135 4091 2288 4144 1061.
2331 4085 2540 4145 Cuono
2590 4087 2714 4145 dux
2765 4081 3252 4147 Karendinorum
3305 4084 3469 4148 obiit.
3519 4096 3717 4162 Agnes

2056 4175 2334 4234 velamen
2363 4177 2687 4234 testimonii
2717 4178 2964 4253 accepit.

2134 4267 2290 4321 1062.
2321 4270 2494 4322 Anno
2527 4265 2896 4323 Coloniensis
2925 4266 3250 4340 episcopus
3272 4282 3478 4338 regem
3493 4262 3717 4326 Heinri-

2057 4370 2198 4410 cum
2227 4352 2403 4408 matri
2434 4353 2751 4426 subripuit,
2785 4370 3034 4428 seseque
3064 4353 3147 4411 illi
3177 4355 3537 4428 magistrum
3566 4372 3715 4430 prte-

2058 4442 2210 4500 fecit.
2255 4438 2478 4498 Eodem
2531 4459 2775 4516 quoque
2800 4459 2962 4500 anno
3011 4445 3266 4501 Romam
3316 4444 3523 4502 directi
3575 4441 3717 4502 sunt

2057 4548 2233 4606 papae
2257 4531 2400 4598 duo,
2431 4532 2766 4587 Parmensis
2795 4532 3116 4605 episcopus
3141 4538 3198 4589 et
3228 4534 3528 4600 Lucensis,
3558 4527 3713 4589 inter

2056 4631 2212 4696 Quos
2243 4633 2434 4694 usque
2464 4619 2542 4677 ad
2573 4619 2883 4692 sanguinis
2911 4619 3265 4677 effusionem
3281 4623 3572 4678 certatum
3599 4625 3710 4679 est.

2131 4715 2286 4768 1065.
2335 4708 2638 4766 Heinricus
2666 4711 2917 4783 quartus
2945 4708 3007 4764 in
3066 4707 3232 4766 tertia
3271 4708 3418 4766 feria
3463 4709 3712 4782 pascha

2056 4795 2325 4870 gladium
2378 4797 2559 4855 cinxit
2603 4797 2970 4864 Wormaciaa,
3041 4795 3422 4854 Heberhardo
3477 4798 3708 4855 archie-

2053 4889 2305 4962 piscopo
2333 4883 2675 4943 Treverensi
2697 4883 3104 4941 benedicente.

2132 4972 2286 5028 1066.
2341 4971 2584 5026 Cometa
2615 4967 2912 5041 apparuit.
2955 4967 3310 5024 Adalbertus
3373 4970 3706 5028 Bremen's‘is

2054 5059 2594 5134 episcopus,homo
2624 5065 2910 5129 nequam,
2943 5055 3316 5112 consiliarius
3342 5055 3597 5116 Heinrici
3617 5073 3706 5118 rea

289 5171 480 5236 catur,
513 5143 556 5224 δῖ
577 5183 700 5240 quo
743 5143 847 5222 rex
899 5143 1025 5235 ipse
1078 5163 1390 5230 augustus,
1453 5161 1650 5227 Agnes
1699 5165 1944 5227 quoque
1978 5227 2016 5240 ἢ
2054 5147 2146 5219 gis
2175 5146 2328 5240 inter
2354 5145 2516 5202 mala
2543 5159 2698 5240 quae
2737 5145 3019 5240 operatus
3048 5147 3138 5202 est
3175 5145 3370 5240 plura,
3402 5143 3702 5240 abbatias,

287 5256 638 5330 imperatrix
667 5257 807 5311 sunt
831 5244 1132 5324 appellati.

366 5419 514 5489 (212)
545 5417 609 5472 Η.
649 5431 711 5489 _c.
837 5413 904 5489 S_._
921 5410 1187 5489 Lgnanu
1215 5407 1476 5489 secunda
1529 5406 1592 5460 in
1627 5405 1752 5460 loco
1781 5417 1939 5487 raso.

289 5478 592 5549 Hismarus
640 5481 1044 5543 DCCCCXCW.
1095 5495 1282 5536 manu
1324 5478 1580 5547 prima;
1632 5490 1764 5547 qua
1806 5478 1946 5545 jam

292 5565 627 5637 sequuntur
649 5555 898 5615 diversis
927 5551 1200 5609 manibus
1228 5551 1458 5618 scripta
1485 5552 1648 5604 sunt.

1977 5227 2020 5279 Ι)
2050 5235 2474 5311 praeposituras
2499 5239 2555 5290 et
2573 5248 2752 5291 omne
2771 5231 2938 5304 quod
2963 5231 3037 5290 de
3058 5239 3404 5294 sanctorum
3419 5235 3702 5295 domibus

2141 5399 2266 5454 213)
2299 5400 2380 5452 W.
2411 5397 2555 5453 Hac
2583 5409 2768 5452 manu
2797 5399 2850 5451 3.

2143 5469 2270 5535 214)
2295 5469 2488 5526 Manu
2503 5471 2559 5535 4,
2591 5481 2807 5524 cozva.

2144 5537 2290 5613 214‘)
2320 5541 2394 5596 Id
2417 5545 2502 5596 est
2529 5537 2879 5596 munitione.

2123 5401 2141 5614 ἒ
