3986 6178
291 147 393 200 527
1213 144 1469 199 ANNAL.
1514 140 1950 200 HllDESHElM.
1994 136 2365 202 QUEDLINB.
2396 141 2769 200 WEISSEMB.

3599 142 3707 197 528

1229 270 1553 326 ANNALES
1591 261 2329 323 WEISSEMBURGENSES
2367 268 2432 321 A.
2476 268 2768 323 967-1147.

289 358 579 415 abradere
608 356 819 430 potuit,
848 372 969 411 sua:
1000 356 1281 429 nequitiae
1307 356 1642 414 fautoribus
1667 372 1775 429 per
1816 368 1939 410 ma-
1976 353 2024 406 Α
2053 353 2208 408 Deus
2233 353 2431 411 dilecti
2452 355 2545 411 sui
2574 354 2813 413 Sebaldi
2841 354 3054 411 merita
3081 369 3190 427 per
3217 351 3506 410 virtutum
3527 368 3719 426 opera

287 464 402 503 nus
431 447 585 518 regis
617 446 771 502 tradi
800 445 958 516 fecit,
1008 445 1255 519 insuper
1303 446 1460 502 duas
1493 446 1779 503 abbacias
1810 444 1946 498 Cor-

285 536 483 592 beiam
510 540 565 591 et
592 535 935 591 Laurissam
969 534 1081 590 sibi
1108 534 1458 591 vindicavit.
1512 536 1712 593 Milites
1744 537 1947 590 autem

288 623 794 680 Laurissamensis
827 623 1067 679 abbatis
1110 622 1258 679 illud
1302 639 1441 693 egre
1492 624 1745 679 ferentes
1776 620 1944 693 (215),

284 711 362 767 ad
384 711 782 767 resistendum
813 712 1176 768 editicabant
1216 712 1604 781 munitiones,
1649 714 1943 785 ponentes

284 800 343 854 in
390 800 503 855 illis
554 800 877 856 custodias.
924 800 1199 856 Similiter
1246 802 1569 874 episcopus
1636 798 1945 869 Mogontiaa

286 888 617 959 Sigifridus,
651 889 949 962 ceterique
991 889 1278 962 episcopi,
1310 890 1494 945 duces
1535 894 1591 945 et
1621 888 1943 961 principes,

284 994 616 1050 omnesque
664 982 987 1034 sectatores
1031 978 1283 1049 justiciaa
1333 978 1747 1050 conspirantes
1780 977 1947 1049 apud

284 1065 634 1132 'l‘riburiam,
668 1067 881 1122 hortati
912 1071 1051 1122 sunt
1078 1081 1282 1135 regem
1316 1071 1379 1122 ut
1398 1082 1781 1140 quecumque
1809 1081 1948 1121 con-

286 1152 415 1208 silio
445 1153 707 1226 episcopi
734 1159 867 1209 acta
896 1154 1144 1210 fuissent
1180 1154 1344 1210 irrita
1372 1155 1609 1226 faceret,
1661 1160 1718 1211 et
1765 1155 1843 1210 ab
1873 1169 1945 1209 eo

285 1246 541 1297 cessaret
570 1261 581 1309 ;
614 1241 780 1313 quod
811 1242 1162 1315 episcopum
1190 1259 1315 1298 non
1346 1243 1517 1300 latuit
1550 1262 1562 1311 ;
1592 1259 1739 1299 nam
1768 1247 1943 1299 nocte

283 1330 522 1386 nemine
551 1335 942 1403 persequente
974 1331 1221 1403 aufugit.
1254 1332 1347 1389 Sic
1393 1348 1500 1404 per
1543 1332 1800 1403 gratiam
1844 1332 1940 1388 Dei

283 1435 451 1474 sacer
486 1419 582 1474 ille
630 1418 797 1475 locus
847 1420 1036 1476 sancti
1096 1420 1317 1477 Nazarii
1365 1438 1506 1476 cum
1561 1421 1769 1477 ceteris
1797 1421 1944 1477 locis

282 1525 452 1581 equae
502 1508 648 1578 legis
698 1509 962 1565 salvatus
1007 1515 1115 1565 est.
1152 1511 1374 1566 Eodem
1428 1526 1588 1566 anno
1637 1510 1943 1565 Heinricus

280 1613 385 1669 rex
414 1600 645 1653 Bertam
696 1598 967 1668 reginam
998 1598 1168 1654 duxit
1204 1598 1433 1654 Ottonis
1465 1598 1829 1655 marchionis
1876 1598 1942 1653 1i-

2054 442 2285 499 mundo
2310 443 2613 501 revelavit.

2128 536 2283 589 1071.
2312 534 2640 590 Ruodolfus
2672 536 2998 591 Suevorum
3019 532 3144 588 dux
3164 532 3491 602 conjugem
3513 547 3717 598 suam,

2052 637 2238 693 quam
2270 638 2377 694 per
2406 622 2630 679 malam
2665 622 2896 678 famam
2936 620 3170 692 abjecit,
3210 636 3416 676 coram
3457 619 3720 676 Alexan-

2053 710 2164 766 dro
2193 726 2356 784 papa
2384 716 2784 785 expurgatam
2813 711 3026 767 iterum
3066 709 3309 781 recepit.
3362 708 3639 766 Monachi
3662 712 3724 764 et

2054 798 2281 856 familia
2322 800 2689 856 Stabulensis
2719 798 2952 856 cenol-ii
2981 798 3218 871 patroni
3251 797 3344 853 sui
3392 797 3589 853 sancti
3616 799 3720 853 Re-

2054 888 2233 944 macli
2284 889 2505 945 auxilio
2547 889 2623 945 de
2670 888 2909 957 magnis
2955 886 3233 961 periculis
3285 885 3520 943 liberati
3553 890 3719 943 sunt.

2054 980 2266 1047 Magna
2292 978 2541 1034 sinodus
2589 977 2796 1034 habita
2823 981 2915 1033 est
2940 975 2999 1032 in
3051 975 3369 1045 Mogontia,
3401 974 3496 1031 cui
3546 974 3723 1030 Hein-

2054 1066 2213 1122 ricus
2257 1083 2361 1123 rex
2402 1072 2461 1123 et
2513 1066 3023 1139 archiepiscopus,
3083 1063 3260 1133 legati
3307 1079 3453 1120 vero
3500 1063 3723 1120 domni

2054 1154 2383 1226 apostolici,
2415 1160 2472 1211 et
2498 1154 2877 1211 diversarum
2894 1152 3339 1227 provinciarum
3360 1151 3637 1226 episcopi
3666 1155 3725 1208 et

2054 1242 2303 1298 abbates
2339 1242 2760 1316 praesidebant.
2814 1242 2898 1298 lbi
2929 1242 3144 1298 Karlus
3188 1241 3512 1314 episcopus
3563 1244 3721 1299 Con-

2055 1332 2438 1389 stantinensis
2480 1332 2784 1399 aacclesiae,
2817 1331 3091 1387 nondum
3141 1335 3344 1387 tamen
3374 1330 3717 1400 ordinatus,

2052 1421 2217 1493 quod
2239 1438 2362 1477 non
2384 1437 2492 1495 per
2512 1422 2733 1478 ostium
2758 1425 2848 1477 set
2862 1436 2968 1493 per
2988 1419 3407 1493 symoniacam
3427 1418 3719 1487 heresim,

2050 1508 2113 1564 id
2144 1516 2230 1566 est
2258 1511 2601 1583 pecuniam,
2648 1510 2711 1566 in
2741 1509 2894 1566 ovile
2941 1508 3262 1575 intraverit,
3303 1512 3629 1564 accusatus
3663 1512 3723 1563 et

2052 1598 2375 1667 convictus,
2437 1599 2515 1655 ab
2565 1598 2916 1672 episcopatu
2970 1597 3221 1669 ejicitur.
3279 1598 3412 1654 Otto
3467 1596 3719 1666 Bajuva-

279 1685 442 1741 liam.
490 1686 583 1742 Pic
642 1687 1073 1742 recordationis
1130 1686 1511 1743 Eberhardus
1567 1687 1939 1743 Treverensis
1976 1702 2021 1757 Β
2050 1686 2277 1743 riorum
2325 1688 2469 1752 dux,
2519 1686 2693 1761 quasi
2721 1687 3092 1758 eonjurasset
3132 1686 3195 1742 in
3243 1701 3451 1756 regem
3499 1684 3723 1741 Heinri-

281 1774 774 1847 archiepiscopus
805 1774 989 1830 obiit:
1022 1774 1083 1829 in
1115 1775 1288 1846 cujus
1319 1774 1522 1830 locum
1553 1792 1692 1831 eum
1718 1776 1942 1832 electus

280 1868 434 1919 esset
464 1865 692 1933 Cuono,
745 1862 1004 1919 Colonias
1061 1863 1440 1935 praepositus,
1503 1864 1711 1937 populi
1739 1868 1943 1921 Treve-

278 1966 485 2005 rorum
517 1949 901 2019 indignantes
930 1949 1253 2006 noluerunt
1280 1968 1420 2006 eum
1454 1952 1773 2025 suscipere,
1835 1951 1942 2008 sed

279 2054 506 2109 magna
535 2054 723 2093 manu
755 2043 1126 2094 armatorum
1170 2039 1418 2096 collecta
1448 2045 1624 2097 nocte
1655 2058 1794 2097 eum
1838 2057 1940 2112 ag-

280 2128 489 2199 gressi,
515 2143 727 2183 omnes
757 2128 869 2183 sibi
901 2128 1241 2184 resistentes
1264 2136 1705 2201 percusserunt,
1736 2131 1939 2203 ipsum

278 2217 575 2273 domuum
604 2221 660 2273 et
683 2216 839 2286 regis
870 2218 1143 2285 missum,
1192 2219 1530 2290 Spirensem
1583 2219 1938 2293 episcopum

282 2307 651 2373 Enhardum,
711 2323 1042 2379 omnesque
1090 2308 1351 2380 optimos
1402 2313 1458 2364 et
1485 2324 1579 2364 res
1610 2325 1820 2365 eorum
1852 2326 1941 2365 se-

280 2411 419 2450 cum
447 2394 768 2466 duxerunt,
800 2399 856 2450 et
898 2411 1021 2450 non
1051 2399 1187 2467 post
1215 2394 1393 2465 longe
1426 2395 1768 2468 Spirensem
1812 2397 1937 2470 epi-

2052 1795 2213 1847 cum,
2259 1778 2450 1836 hostis
2476 1778 2781 1850 judicatus
2812 1781 2920 1849 est,
2970 1782 3029 1833 et
3073 1777 3268 1833 honor
3294 1776 3430 1848 ejus
3456 1775 3539 1832 ad
3567 1775 3718 1833 alios

2051 1866 2393 1924 translatus.

2126 1956 2605 2027 1072.8igifridus
2634 1955 2943 2026 Mogontize
2964 1953 3477 2028 archiepiscopus,
3496 1953 3716 2010 ductus

2051 2045 2281 2119 spiritu,
2332 2044 2644 2103 Cluniense
2691 2043 3012 2100 cenobium
3058 2043 3367 2113 ingressus
3399 2046 3537 2111 est;
3585 2042 3715 2116 qui,

2048 2134 2332 2190 reductus
2362 2150 2399 2191 a
2427 2134 2675 2202 civibus,
2703 2133 2766 2189 in
2796 2138 2933 2188 voto
2963 2147 3086 2187 non
3117 2131 3471 2203 permansit.

2125 2228 2280 2279 1073.
2330 2222 2631 2279 Heinricus
2680 2238 2784 2277 rex
2815 2238 2955 2277 cum
2998 2220 3061 2276 in
3111 2219 3317 2275 multis
3364 2219 3719 2275 offendisset

2048 2309 2347 2381 principes
2399 2310 2568 2379 regni
2620 2310 2772 2381 ejus,
2828 2309 3079 2365 oderant
3121 2324 3285 2375 eum,
3319 2308 3472 2381 quin
3525 2308 3717 2364 immo

2050 2400 2172 2453 tota
2199 2398 2457 2454 Saxonia
2484 2397 2659 2470 quasi
2708 2398 2797 2453 vir
2837 2413 2996 2453 unus
3022 2396 3275 2452 recessit
3313 2396 3391 2452 ab
3431 2412 3505 2452 eo
3535 2400 3594 2452 et
3624 2412 3714 2452 re—

280 2500 534 2556 scopum
570 2488 627 2538 et
666 2499 807 2539 suos
844 2482 1098 2540 libertati
1124 2484 1357 2554 dantes,
1398 2485 1713 2557 praefatum
1747 2487 1938 2542 senio-
2024 2484 2309 2543 bellavit.

276 2588 400 2628 rem
435 2574 722 2629 Cunonen
765 2571 1092 2627 miserabili
1146 2575 1442 2628 tormento
1502 2574 1621 2629 heu
1672 2574 1936 2631 infelices

276 2664 717 2735 percusserunt.
753 2663 965 2717 Comes
996 2660 1401 2729 Willihelmus,
1434 2662 1539 2734 qui
1558 2666 1616 2718 et
1642 2665 1933 2732 Basthart,

276 2750 760 2820 Anglossaxones
790 2755 848 2807 et
877 2766 1080 2821 regem
1107 2750 1347 2806 illorum
1376 2751 1612 2822 occidit,
1652 2767 1937 2823 regnum-

275 2857 393 2913 que
421 2838 695 2895 obtinuit.

351 2959 506 3009 1067.
536 2954 625 3009 Ad
656 2952 1042 3025 sepulchrum
1074 2953 1375 3010 Cuononis
1426 2954 1707 3026 martyris
1757 2955 1936 3028 plura

2124 2580 2278 2632 1074.
2314 2576 2617 2632 Heinricus
2664 2592 2769 2631 rex
2815 2578 3245 2644 coangustatus
3284 2573 3487 2644 nimis,
3520 2573 3716 2630 oravit

2049 2664 2369 2721 Dominum
2398 2665 2619 2721 intente
2657 2664 3049 2737 promisitque
3080 2664 3499 2735 penitentiam,
3533 2667 3592 2719 et
3621 2679 3713 2719 re-

2047 2769 2235 2824 gnum
2264 2754 2394 2825 ejus
2415 2754 2838 2811 conﬁrmatum
2859 2757 2965 2808 est.
2988 2751 3211 2807 Eodem
3230 2767 3393 2807 anno
3415 2751 3715 2825 dissipata

2045 2845 2185 2897 sunt
2208 2840 2449 2898 castella
2469 2858 2605 2914 quae
2636 2856 2738 2896 rex
2768 2840 2905 2896 fecit
2935 2840 2995 2896 in
3041 2839 3479 2897 offendiculum
3527 2843 3715 2898 Saxo-

2045 2932 2179 2987 niaa.
2214 2936 2343 3004 Ipse
2372 2936 2462 2987 est
2484 2948 2586 2987 rex
2624 2930 2949 2998 Heinricus,
2991 2930 3096 3003 qui
3138 2930 3381 2985 excluso
3422 2929 3712 3003 episcopo

276 3046 431 3100 Deus
460 3042 881 3099 misericordiae
909 3057 1030 3097 suae
1071 3057 1263 3114 sygna
1294 3043 1449 3115 cepit
1474 3043 1728 3117 operari.
1759 3044 1934 3100 Hein-
1974 3047 2014 3103 C
2046 3019 2137 3117 δῷ

2118 3019 2158 3075 )i
2188 3019 2324 3074 fecit
2352 3018 2718 3075 Wormaciaa.

272 3131 498 3188 bardus
538 3132 830 3205 Spirensis
885 3131 1204 3205 episcopus
1256 3132 1422 3201 obiit,
1480 3133 1577 3189 cui
1629 3133 1935 3190 Heinricus

274 3221 578 3277 successit.
615 3219 967 3278 Godefridus
1000 3221 1414 3277 Loutariorum
1443 3222 1571 3277 dux
1600 3221 1936 3295 periclitan-

272 3316 391 3367 tem
422 3314 674 3367 Romam
706 3315 763 3366 et
792 3310 1056 3366 hostium
1086 3310 1364 3366 incursus
1399 3312 1706 3367 timentem
1728 3311 1932 3368 defen-

269 3401 411 3457 dere
443 3402 710 3457 mittitur.

343 3512 499 3563 1068.
534 3513 717 3579 Aquae
749 3506 1215 3561 inundaverunt.
1252 3509 1462 3575 Magna
1505 3510 1562 3561 et
1591 3510 1729 3562 ante
1758 3506 1931 3563 inau-

269 3597 391 3651 dita
420 3596 691 3651 sterilitas
720 3594 843 3649 vini
873 3600 930 3649 et
948 3593 1115 3667 pomi
1145 3594 1301 3649 facta
1333 3600 1438 3649 est.

2119 3112 2274 3164 1075.
2301 3107 2610 3163 Heinricus
2632 3122 2736 3162 rex
2756 3104 3099 3161 universam
3120 3105 3288 3176 regni
3306 3105 3397 3160 sui
3413 3104 3714 3161 contraxit

2040 3196 2338 3266 militiam,
2387 3196 2693 3265 ingentem
2743 3193 2965 3250 scilicet
3014 3194 3363 3263 exercitum,
3424 3198 3484 3250 et
3533 3194 3713 3265 juxta

2044 3288 2280 3341 Unstrot
2336 3285 2590 3341 ﬂuvium
2640 3283 2864 3340 bellum
2919 3283 3118 3340 intulit
3176 3283 3567 3351 Saxonibus;
3626 3283 3711 3339 ibi

2038 3374 2242 3429 multis
2286 3373 2531 3429 milibus
2560 3372 2862 3446 utrimque
2891 3371 3280 3445 interemptis,
3326 3388 3432 3428 rex
3455 3371 3708 3428 tandem

2036 3464 2224 3520 victor
2275 3462 2520 3519 effectus
2567 3466 2673 3518 est.
2726 3460 3123 3517 Herimannus
3182 3459 3708 3532 Babenbergensis

2037 3554 2377 3626 episcopus,
2410 3553 2498 3608 vir
2525 3551 2790 3607 mendax
2830 3556 2888 3607 et
2917 3551 3187 3607 avariciae
3236 3550 3502 3619 deditus,
3536 3556 3705 3623 post-

2034 3656 2222 3714 quam
2268 3638 2418 3694 sedit
2465 3654 2658 3697 annos
2695 3643 2779 3705 10,
2833 3637 2947 3693 sub
3004 3636 3286 3707 Gregorio
3312 3652 3474 3709 papa
3516 3636 3708 3706 digna

344 3716 501 3800 4969-
532 3714 793 3782 Hyemps
824 3692 1051 3800 magna
1071 3713 1135 3800 et
1153 3725 1387 3781 aspera,
1422 3713 1479 3765 et
1506 3725 1611 3800 re;
1639 3710 1927 3767 Henricus
2035 3692 2436 3785 agaso}.
2463 3692 2779 3800 (le—positus,
2826 3692 2936 3782 si;
2989 3692 3208 3781 mea...
3238 3692 3343 3781 re;
3393 3692 3703 3780 hami}...

267 3798 563 3855 barbaros
616 3802 778 3853 trans
825 3797 1058 3869 Alpiam
1100 3796 1327 3851 flumen
1382 3797 1735 3854 constitutos
1790 3816 1929 3855 cum
2034 3835 2174 3875 cum
2206 3821 2440 3874 armato
2490 3796 2674 3873 milite
2707 3815 3029 3873 Samnium
3068 3815 3396 3885 ingressus,
3430 3815 3700 3871 Saxones

266 3888 526 3943 exercitu
573 3886 809 3954 invasit,
865 3885 1161 3959 populum
1192 3885 1451 3942 multum
1509 3886 1746 3955 occidit,
1790 3889 1930 3945 civi-

266 3981 414 4033 tates
456 3976 765 4047 destruxit,
814 3976 953 4031 fana
996 3992 1135 4031 cum
1186 3974 1563 4031 simulacliris
1598 3977 1926 4046 succendit,

263 4066 667 4139 captivitatem
727 4082 1019 4136 magnam
1078 4081 1218 4121 cum
1272 4064 1520 4120 victoria
1577 4067 1923 4138 reportavit.

266 4155 489 4210 Eodem
545 4171 706 4210 anno
766 4154 928 4223 Dedi,
984 4153 1257 4209 marchio
1317 4154 1665 4220 Saxonicus,
1710 4154 1928 4213 levavit

265 4259 517 4297 manum
545 4246 751 4297 contra
793 4258 1018 4312 regem,
1051 4248 1106 4297 et
1159 4242 1340 4297 nichil
1371 4243 1699 4315 pragvaluit.
1753 4245 1927 4302 Adal-

264 4330 401 4386 lieid
429 4332 651 4401 eonjux
688 4331 963 4386 Ruodolﬁ
1005 4330 1196 4400 ducis,
1229 4331 1395 4403 quod
1437 4332 1768 4388 castitatem
1800 4350 1923 4390 non

264 4421 586 4475 servaverit
643 4418 795 4475 falso
857 4424 1159 4486 accusata,
1212 4424 1270 4474 et
1316 4420 1532 4477 marito
1582 4426 1636 4477 et
1694 4422 1921 4480 honore

263 4509 495 4582 privata
526 4513 631 4564 est.

337 4622 492 4673 1070.
526 4615 878 4673 Godefridus
932 4613 1388 4672 Luothariorum
1432 4615 1574 4683 dux,
1635 4618 1725 4673 vir
1755 4620 1920 4677 mirae

260 4705 545 4774 audaciae,
577 4705 636 4760 in
697 4704 884 4760 natali
939 4703 1175 4760 Domini
1204 4703 1367 4760 obiit.
1436 4708 1574 4761 Item
1632 4707 1920 4765 Dominus

2033 3924 2277 3982 quoque
2306 3923 2522 3980 pacem
2550 3910 2817 3980 petentes
2845 3905 3125 3977 suscepit,
3160 3908 3249 3961 set
3269 3903 3490 3960 sevicia
3506 3904 3703 3975 magis

2032 4014 2220 4070 quam
2252 3996 2444 4066 gratia
2468 3996 2774 4051 insecutus
2806 3998 2898 4049 est
2924 3993 3262 4049 universos.

2108 4090 2267 4155 1076,
2320 4089 2476 4151 1077,
2532 4087 2689 4155 1078,
2742 4086 3288 4151 1079,1080,1081,
3342 4085 3699 4152 1082,1083,

2037 4178 2194 4244 1084,
2230 4164 2385 4240 1085',
2423 4175 2579 4228 1086.

2106 4266 2262 4319 1087.
2291 4261 2900 4330 Berthaimperatria:
2928 4259 3091 4316 obiit.
3110 4260 3473 4316 Counradus
3488 4261 3701 4329 factus

2035 4357 2120 4407 est
2153 4366 2264 4407 rex
2293 4353 2344 4407 3.
2375 4350 2521 4406 Kal.
2559 4349 2735 4404 Junii
2760 4348 3154 4419 Aquisgrani.

2112 4443 2264 4496 1088.
2303 4442 2458 4495 1089.
2482 4469 2552 4477 —
2584 4440 2741 4492 1146.

2031 4528 2220 4584 Manu
2242 4528 2451 4584 saeculi
2461 4526 2584 4581 XII
2604 4524 2844 4581 tandem
2862 4523 3131 4593 subjecta
3154 4529 3237 4579 est
3262 4524 3482 4579 ultima
3502 4532 3648 4580 nota
3675 4539 3702 4581 .°

2108 4621 2262 4673 1147.
2293 4619 2413 4673 Rex
2452 4613 2764 4672 Cunradus
2805 4628 3045 4669 crucem
3075 4612 3337 4685 suscepit
3390 4611 3471 4667 ad
3521 4628 3702 4686 expe-

2031 4706 2330 4763 dicionem
2358 4701 2903 4760 lherolosimorum.

854 4794 1215 4849 ANNALIUM
1256 4794 2013 4858 QUEDLINBURGENSIUM
2052 4794 2543 4852 GONTlNUATlO.
2585 4795 2752 4848 ΑΝΝΙ
2792 4794 3084 4848 994-1025.

328 4888 394 4939 99
406 4882 783 4939 LLiuldolfus
799 4881 1156 4938 Trevirensis
1178 4880 1440 4938 ecclesiae
1463 4882 1776 4939 ordinatur
1796 4887 1917 4958 epi-
2027 4884 2186 4941 facta
2203 4887 2291 4939 est
2309 4881 2674 4955 pluviarum,
2692 4884 2755 4935 ut
2773 4880 2835 4935 in
2851 4878 3154 4952 plerisque
3171 4876 3400 4947 stagnis
3420 4881 3478 4934 et
3498 4878 3700 4952 pisces

259 4988 498 5044 scopus.
532 4974 646 5043 Erp
668 4970 1070 5027 Fardunensis
1112 4968 1431 5041 episcopus
1465 4969 1630 5037 obiit,
1665 4970 1760 5025 cui
1787 4974 1917 5026 Ber-
2027 4976 2419 5038 morerentur,
2463 4976 2520 5028 et
2546 4971 2608 5026 in
2656 4969 2823 5025 terris
2848 4967 3095 5024 arbores
3124 4965 3400 5040 plurimae
3448 4967 3698 5039 penitus

256 5062 523 5115 nhardus
562 5060 862 5116 successit.
916 5060 1113 5115 Hiems
1140 5057 1462 5114 durissima
1504 5063 1556 5114 3.
1614 5062 1763 5114 Non.
1809 5062 1919 5115 No—
2026 5065 2453 5127 arescerent,et
2471 5060 2671 5129 fruges
2698 5057 2959 5131 perirent
2982 5060 3040 5111 et
3066 5055 3276 5111 linum.
3309 5054 3701 5130 Subsequuta

256 5149 486 5204 vembr.
510 5153 733 5217 exorta,
760 5164 950 5220 usque
972 5151 1179 5204 3.Non.
1222 5146 1352 5202 Maii
1394 5146 1567 5214 stetit,
1598 5146 1916 5203 rarissimis
2023 5167 2266 5225 quoque
2310 5154 2368 5207 et
2423 5148 2668 5220 grandis
2715 5146 3053 5221 pestilentia
3091 5144 3431 5212 hominum,
3483 5161 3700 5217 porco-

255 5237 591 5293 intermissa
621 5236 853 5292 diebus.
876 5238 1096 5293 Deinde
1117 5235 1410 5309 pestiferis
1436 5239 1494 5291 et
1523 5235 1749 5305 frigidis
1769 5236 1916 5293 ﬂan-
2024 5258 2180 5307 rum,
2215 5241 2401 5295 boum
2426 5244 2483 5295 et
2502 5238 2708 5294 ovium
2737 5255 2750 5292 :
2779 5241 2952 5309 prata
2981 5235 3158 5291 etiam
3186 5233 3249 5288 in
3269 5233 3577 5306 plerisque
3606 5234 3695 5289 lo-

258 5326 413 5380 tibus
444 5326 653 5389 ventis,
682 5326 958 5381 noctibus
999 5326 1270 5398 plurimis
1294 5343 1404 5398 pro
1434 5342 1564 5381 rore
1592 5326 1913 5383 hibernum
2022 5329 2106 5384 eis
2124 5329 2206 5385 ita
2226 5331 2606 5407 exaruerunt,
2632 5325 2809 5381 veluti
2830 5324 2966 5393 igne
2991 5327 3200 5379 exusta
3218 5321 3694 5378 fuissent.Sclavi

255 5418 468 5474 cecidit
496 5418 702 5488 frigus.
750 5417 839 5472 Ad
892 5416 1169 5472 ultimum
1202 5421 1347 5474 Non.
1379 5416 1511 5472 Julii
1544 5416 1774 5487 grande
1820 5422 1913 5473 est
2018 5417 2268 5490 insuper
2296 5432 2530 5483 omnes,
2554 5414 2818 5487 exceptis
2842 5412 3103 5482 Sorabis,
3135 5426 3173 5467 a
3214 5410 3559 5468 Saxonibus
3593 5411 3694 5467 de-

254 5509 478 5567 factuin
500 5507 655 5577 gelu,
673 5510 951 5577 tentaque
970 5506 1202 5563 siccitas
1222 5505 1543 5562 ﬂuminum
1569 5510 1625 5563 et
1654 5507 1907 5579 penuria
2019 5504 2303 5573 fecerunt,
2324 5502 2599 5577 Liutpold
2621 5502 2909 5573 Bajoarici
2928 5500 3129 5562 limitis
3153 5499 3427 5556 marchio
3455 5499 3684 5572 clarus,

329 5594 471 5667 (213$)
518 5598 717 5652 Vocem
750 5596 1045 5665 supplevi.
