3986 6178
250 230 351 284 529

979 226 1066 281 ET
1100 227 1448 286 LAMBERTI
1486 227 2082 285 ASCHAFNABURG.
2128 234 2305 293 PARS
2344 244 2622 301 ALTERA
2661 252 2986 310 GENUINA.

3604 268 3706 323 530

1220 326 1551 382 ANNALES
1592 325 2340 394 QUEDLINBURGENSES.
2383 342 2451 396 A.
2495 347 2749 403 995-996,

242 446 303 504 in
332 443 1024 556 ϐίνίίᾶξῖψίζῖῑδωείη
1045 446 1300 556 δοερίῖίο
1320 463 1444 556 Δειιο
1460 464 1570 556 Pfl'
1584 448 1929 556 ἐθηθεξΐεὶιξ
1966 449 2014 502 Α
2046 453 2418 556 Landbertus
2445 469 2747 525 successit.
2773 443 3182 531 Hildewardus
3208 481 3565 537 venerabilis
3587 485 3709 556 epi-

243 553 384 594 cum
412 534 637 606 sagitta
694 533 1023 607 improvise
1070 535 1437 606 vulneratus,
1494 544 1525 593 7
1583 541 1735 594 Non.
1773 535 1933 591 Junii

243 626 386 683 obii.
422 625 724 695 Egbertus
776 639 1002 694 comes,
1032 625 1428 697 prudentibus
1481 626 1821 701 sapientior
1879 630 1936 681 et

242 713 502 773 fortibus
533 713 855 781 audacior,
889 715 1034 769 Non.
1068 715 1280 788 Aprilis
1323 732 1354 770 e
1393 715 1601 772 medio
1656 713 1931 771 excessit.

244 804 577 875 Heinricus,
608 801 867 861 Sifridus
896 805 953 858 et
984 802 1106 860 Udo
1135 804 1344 861 fratres
1373 822 1514 861 cum
1549 805 1685 862 suis
1736 804 1936 860 navali

241 893 452 970 praelio
477 893 848 950 dimicantes
880 895 1086 948 contra
1114 894 1600 962 Nordemannos,
1633 893 1779 949 victi
1798 896 1937 949 sunt

243 989 302 1042 et
329 984 492 1058 capti
520 1003 534 1053 ;
568 999 643 1040 ex
669 981 901 1056 quibus
934 981 1057 1037 Udo
1080 999 1218 1040 cum
1249 983 1523 1058 plurimis
1566 982 1737 1039 bello
1786 982 1937 1039 occi-

243 1091 352 1131 sus
382 1073 688 1143 occubuit,
720 1069 921 1128 caeteri
950 1087 1084 1127 eum
1120 1078 1351 1147 septem
1404 1072 1661 1131 milibus
1693 1073 1937 1129 talento-

236 1178 380 1220 rum
401 1160 702 1235 redempti
728 1163 889 1216 sunt.
921 1162 1126 1216 Fames
1158 1163 1346 1219 etiam
1371 1162 1486 1217 hoc
1511 1176 1688 1218 anno
1706 1178 1934 1233 magna

242 1249 401 1307 facta
422 1253 511 1306 est
539 1248 825 1323 pluribus
851 1247 912 1303 in
940 1247 1085 1304 locis
1119 1251 1419 1307 Saxoniae.

313 1339 434 1396 995.
467 1337 823 1396 Saxonibus
844 1336 1014 1409 pejor
1033 1353 1239 1395 annus
1255 1340 1451 1414 priore
1474 1338 1762 1396 exoritur.
1783 1344 1931 1396 Nam

243 1430 407 1484 tanta
428 1426 491 1482 in
518 1442 627 1482 eos
652 1425 762 1498 qui
784 1429 1076 1481 vocantur
1096 1428 1402 1484 Osterludi
1453 1428 1621 1501 (216),
1654 1429 1933 1501 pestilen-

240 1516 313 1574 tia
336 1514 577 1584 exarsit,
612 1518 681 1570 ut
712 1528 924 1569 eorum
954 1529 1075 1569 non
1105 1516 1321 1572 solum
1349 1517 1588 1583 domus,
1608 1517 1724 1597 sed
1746 1518 1929 1575 etiam

234 1606 379 1663 villae
405 1604 698 1679 plurimae
731 1603 982 1659 mortuis
1008 1604 1461 1663 habitatoribus
1496 1623 1697 1663 vacuae
1730 1624 1929 1664 rema-

229 1699 453 1753 nerent.
483 1697 675 1750 Fame
708 1692 957 1765 insuper
977 1709 1221 1765 magna
1243 1696 1595 1770 compressi,
1624 1700 1748 1753 tam
1776 1696 1929 1754 assi-

2043 558 2266 617 scopus
2291 548 2349 604 in
2384 554 2936 629 Stitterlingheburg
2961 561 3105 632 (218)
3129 564 3359 622 civitate
3378 548 3705 628 cenobilim

2042 639 2370 723 construxit
2396 642 2694 713 virginum
2729 652 2813 703 12.
2845 649 3083 706 Calend.
3118 658 3387 723 Augusti.

2112 721 2175 778 ln
2208 726 2716 790 Halberstadensis
2742 737 3032 794 territorio
3060 721 3339 809 ecclesiae,
3371 748 3713 822 Hordorpio

2040 814 2306 887 nomine,
2330 825 2505 875 natus
2535 828 2622 880 est
2651 824 2868 896 infans,
2918 827 3064 883 nihil
3095 833 3362 903 corporis
3404 814 3642 893 habens
3678 857 3716 895 a

2042 905 2383 974 posteribus
2430 911 2733 982 deorsum,
2788 932 2899 972 nec
2958 934 3149 985 crura,
3211 937 3320 977 nec
3361 926 3715 983 membrum

2041 989 2206 1045 virile
2259 998 2362 1050 aut
2415 998 2724 1069 muliebre,
2779 1004 2883 1058 sed
2930 1008 3350 1064 tantummodo
3420 1010 3717 1069 dimidius

2040 1078 2244 1147 homo,
2268 1082 2499 1140 habens
2529 1090 2857 1160 posteriora
2888 1093 3060 1164 quasi
3091 1094 3218 1150 avis
3280 1096 3404 1152 sine
3458 1099 3713 1171 plumis,

2040 1182 2248 1225 aurem
2279 1172 2550 1231 dextram
2602 1180 2896 1250 majorem
2929 1181 3186 1249 sinistra,
3251 1189 3307 1241 et
3362 1188 3607 1244 oculum
3645 1190 3717 1244 si-

2039 1258 2256 1315 militer
2294 1263 2533 1322 sinistro
2583 1269 2926 1339 majorem;
2986 1271 3268 1328 dentibus
3321 1292 3465 1331 vero
3516 1279 3713 1334 crocei

2039 1348 2253 1437 coloris
2274 1351 2592 1426 horribilis,
2624 1357 2861 1414 sinistro
2891 1359 3140 1417 brachio
3177 1363 3409 1435 absque
3447 1371 3712 1437 quatuor

2036 1433 2236 1503 digitis
2290 1438 2415 1493 solo
2464 1457 2601 1495 cum
2660 1442 2873 1514 pollice
2927 1443 3176 1516 integer,
3231 1433 3439 1503 dextro
3466 1433 3707 1521 penitus

2037 1526 2427 1583 eratbrachio
2457 1529 2764 1601 privatus;
2796 1532 2899 1604 qui
2931 1537 3067 1587 ante
3098 1534 3470 1606 baptismum
3491 1539 3707 1593 attoni-

2036 1618 2134 1670 tus
2166 1615 2375 1672 videns
2424 1619 2633 1691 oculis,
2682 1624 2817 1692 post
2867 1621 3239 1695 baptismum
3298 1630 3497 1681 autem
3556 1628 3705 1698 (219)

2039 1704 2247 1760 oculos
2274 1722 2593 1779 nunquam
2638 1709 2933 1780 aperiens,
2975 1716 3192 1783 quarto
3224 1731 3343 1768 suae
3384 1715 3708 1772 nativitatis

227 1784 357 1842 duis
418 1783 798 1842 Sclavorum
854 1781 1315 1863 incursionibus
1381 1785 1810 1856 fatigabantur,
1869 1791 1933 1842 ut
1970 1798 2011 1852 B
2043 1793 2137 1848 die
2166 1794 2483 1851 infandum
2515 1797 2766 1853 moritur
2792 1781 3153 1855 monstrum.
3177 1804 3508 1859 Commune
3533 1805 3707 1861 dam-

225 1874 484 1949 peccatis
548 1872 687 1928 suis
745 1872 1245 1945 promerentibus
1294 1874 1453 1946 juste
1513 1873 1722 1931 de’eis
1782 1875 1931 1931 illud

229 1963 656 2039 propheticum
689 1960 919 2017 dictum
947 1960 1241 2018 videatur
1296 1982 1307 2019 :
1360 1965 1602 2021 Mittam
1627 1981 1810 2035 super
1836 1981 1929 2021 eos

241 2054 351 2111 tria
365 2053 617 2125 judicia
638 2050 926 2122 pessima,
953 2057 1213 2121 pestem,
1259 2053 1535 2123 gladium
1576 2060 1633 2112 et
1680 2056 1926 2126 famem.

243 2147 358 2200 Rex
406 2157 662 2217 quoque
738 2139 943 2196 tertius
996 2142 1137 2197 Otto
1200 2157 1341 2198 eum
1398 2159 1627 2215 magno
1667 2143 1931 2200 exercitu

247 2231 561 2306 Apodritos
602 2234 665 2286 et
721 2228 1028 2303 quasdam
1076 2228 1488 2287 Wlotaborum
1541 2235 1691 2306 (217)
1742 2237 1931 2289 terras

248 2321 559 2387 invadens,
592 2317 889 2376 incendiis
936 2320 998 2374 et
1055 2317 1610 2391 deprmdationibus
1654 2320 1930 2395 plurimis

248 2410 524 2479 vastavit,
554 2409 693 2466 licet
722 2414 956 2465 motum
985 2423 1201 2463 eorum
1221 2409 1385 2466 nullo
1407 2412 1598 2468 modo
1626 2427 1934 2485 compres-

251 2501 409 2559 serit.
468 2503 765 2556 Reversus
823 2496 1088 2569 denique
1135 2496 1213 2553 ab
1258 2497 1358 2554 illa
1412 2501 1819 2573 expeditione,
1871 2500 1931 2555 in

253 2589 724 2659 Quedelingensi
757 2586 994 2643 civitate
1021 2602 1059 2641 a
1087 2593 1417 2645 memorata
1447 2592 1506 2645 et
1530 2606 1771 2663 semper
1809 2606 1931 2645 me-

252 2678 553 2736 moranda
569 2678 761 2734 amita
793 2691 923 2746 sua,
962 2674 1266 2732 Mechtilde
1326 2677 1661 2747 abbatissa,
1715 2678 1933 2750 regalis

252 2768 559 2844 praeconio
613 2764 816 2823 laudis
871 2764 1055 2834 digne
1107 2764 1440 2838 suscipitur.
1505 2768 1594 2824 Ibi
1642 2767 1933 2825 Adelheid

252 2872 547 2929 germana
571 2855 730 2912 illius
763 2869 958 2923 soror,
989 2852 1300 2925 tequivoca
1330 2854 1554 2912 scilicet
1595 2858 1746 2913 aviae
1807 2872 1931 2911 sure

255 2945 657 3021 imperatricis
682 2943 1035 3012 Adelheide,
1058 2943 1268 3014 spretis
1294 2960 1404 3017 pro
1453 2947 1670 3003 Christi
1726 2962 1933 3002 amore

254 3036 504 3108 regibus
556 3032 759 3107 procis
809 3038 868 3089 et
922 3047 1134 3089 eorum
1190 3034 1446 3105 nunciis,
1495 3036 1932 3109 promissisque

2038 1898 2186 1938 num
2240 1884 2300 1939 in
2352 1885 2687 1957 pestilentia
2738 1903 3063 1958 porcorum
3118 1894 3176 1945 et
3217 1890 3405 1946 boum
3464 1910 3708 1948 omnem

2040 1972 2423 2028 Germaniam
2449 1978 2645 2029 vexat.
2670 1975 3070 2030 Theodericus
3127 1992 3329 2033 comes
3385 1979 3707 2043 Palatinus,

2039 2064 2096 2116 et
2124 2060 2304 2117 frater
2332 2062 2463 2132 ejus
2514 2062 2861 2135 Sigibertus,
2926 2067 3191 2121 Saxones
3241 2068 3512 2139 praeclari
3563 2070 3710 2141 (220)

2038 2149 2334 2207 obierunt.

2111 2244 2235 2297 996.
2266 2243 2388 2296 Lux
2413 2239 2576 2297 clara
2605 2246 2828 2298 sanctse
2858 2245 3253 2312 Augustensis
3279 2246 3542 2303 ecclesiae
3577 2246 3710 2302 Liu-

2040 2329 2302 2402 dolphus
2330 2329 2649 2403 episcopus
2680 2336 2731 2387 8.
2763 2331 3003 2389 Calend.
3029 2335 3277 2402 Augusti
3307 2336 3446 2391 huic
3476 2335 3709 2391 mundo

2042 2419 2404 2485 subtractus,
2434 2419 2658 2475 ccelesti
2687 2420 3118 2476 adnumeratur
3138 2422 3379 2479 familiae
3406 2442 3419 2491 ;
3481 2425 3577 2480 cui
3609 2427 3711 2479 Ge-

2039 2507 2342 2564 vehardus
2376 2508 2545 2579 (221),
2574 2509 2723 2564 inter
2752 2509 3021 2580 egregios
3052 2510 3304 2567 abbates
3345 2513 3707 2586 praecipuus,

2043 2596 2477 2652 subordinatur
2503 2598 2844 2670 episcopus.
2881 2597 3098 2653 Dehinc
3129 2604 3530 2671 prtecurrente
3563 2605 3709 2655 tem-

2043 2702 2214 2759 pore,
2240 2701 2381 2741 cum
2407 2685 2630 2741 multos
2650 2703 2686 2741 a
2714 2685 3054 2741 sanctuario
3074 2686 3591 2742 Dominidivinum
3616 2703 3709 2741 ra-

2043 2780 2212 2849 peret
2230 2773 2549 2847 judicium,
2578 2791 2819 2845 gemma
2847 2775 3024 2831 etiam
3053 2776 3434 2831 sacerdotum
3478 2780 3534 2831 et
3590 2775 3710 2848 epi-

2045 2862 2307 2936 scopalis
2338 2878 2590 2919 aureum
2621 2863 2804 2919 decus
2829 2864 3152 2934 dignitatis,
3186 2864 3547 2920 venerandae
3580 2863 3709 2919 Hal—

2042 2952 2449 3010 verstadensis
2502 2953 2765 3009 ecclesiae
2822 2954 3233 3010 Hildewardus
3282 2954 3601 3027 episcopus
3651 2958 3704 3007 '7.

2045 3043 2288 3099 Calend.
2312 3044 2649 3099 Decembris
2668 3043 2746 3098 ab
2767 3044 2948 3115 hujus
2972 3044 3232 3100 vanitate
3255 3043 3438 3099 seculi
3456 3042 3707 3110 solutus,

254 3140 382 3184 non
434 3123 632 3181 50111111
686 3121 1015 3191 thesauris:
1061 3121 1163 3176 sed
1211 3122 1388 3179 Etiam
1419 3123 1575 3181 Ultra
1602 3124 1927 3181 valentiam
1972 3144 2013 3197 C
2042 3149 2199 3189 verte
2226 3132 2505 3200 caritatis,
2536 3150 2668 3206 quae
2692 3133 2951 3190 Christus
2978 3138 3083 3199 est,
3116 3136 3512 3205 przesentatur
3537 3133 3707 3187 obtu-

256 3215 459 3273 aureis
511 3212 821 3269 montibus
875 3214 933 3266 et
986 3209 1254 3279 urbibus,
1317 3212 1430 3268 sub
1472 3213 1622 3285 jugo
1677 3213 1939 3285 regulari

257 3303 553 3362 canonice
584 3299 958 3371 degendum,
993 3304 1220 3356 astante
1264 3316 1553 3372 germano
1585 3303 1762 3359 fratre
1825 3319 1934 3359 suo

256 3394 627 3467 imperatore
643 3390 816 3447 tertio
847 3391 1080 3461 Ottone,
1112 3390 1290 3447 totius
1318 3391 1379 3447 in
1411 3398 1658 3466 aspectu
1690 3396 1934 3448 senatus

258 3499 332 3540 ac
362 3480 582 3556 plebis,
614 3483 968 3536 sanctorum
995 3479 1257 3553 Dionysii
1274 3485 1330 3536 et
1356 3483 1601 3538 Servatii
1623 3480 1935 3554 obsequiis

260 3587 399 3629 sese
446 3587 560 3645 pro
609 3569 808 3643 patria
855 3568 1096 3638 dicavit,
1171 3570 1504 3645 eademque
1556 3574 1707 3629 hora
1781 3571 1933 3627 sacri

256 3660 588 3718 velaminis
645 3658 947 3715 arrabone
992 3658 1239 3722 Christo.
1289 3676 1512 3733 sponso
1556 3661 1798 3729 caelesti,
1853 3660 1932 3733 ab

257 3748 526 3804 antistite
575 3747 850 3819 ejusdem
905 3747 1168 3804 ecclesia;
1244 3748 1646 3820 Hildewardo,
1705 3749 1931 3805 caeteris

257 3837 444 3893 etiam
489 3836 960 3910 archiepiscopis
1007 3842 1065 3893 et
1119 3837 1418 3911 episcopis
1469 3855 1676 3895 coram
1723 3837 1932 3894 astan-

260 3924 449 3992 tibus,
494 3926 849 3997 consignata
890 3930 996 3982 est.
1044 3929 1163 3984 Hoc
1208 3928 1387 3983 etiam
1433 3944 1595 3984 anno
1642 3927 1931 4000 Bajoariae

259 4014 530 4085 regionis
554 4014 678 4070 dux
711 4014 1022 4070 Heinricus
1052 4016 1352 4072 secundus
1383 4017 1707 4073 immatura
1740 4020 1931 4072 morte

257 4102 468 4158 obivit.
503 4103 604 4158 Hic
646 4103 829 4172 enim,
892 4108 1127 4160 mortuo
1176 4104 1534 4177 imperatore
1583 4106 1793 4161 Ottone
1847 4121 1935 4161 se-

263 4191 492 4259 eundo,
514 4192 709 4248 aliena
738 4192 941 4266 potius
963 4210 1149 4266 quam
1198 4195 1441 4268 propria
1492 4194 1797 4250 voluntate
1852 4196 1932 4251 ad

256 4281 680 4337 invadendum
704 4297 955 4352 regnum
985 4288 1233 4339 eatenus
1261 4283 1491 4340 illectus
1520 4288 1627 4353 est,
1653 4288 1738 4355 ut,
1768 4299 1931 4340 com-

262 4372 570 4444 prehenso
597 4370 974 4444 imperatoris
1031 4372 1177 4440 ﬁlio,
1238 4373 1364 4445 ipse
1415 4388 1520 4428 rex
1563 4372 1927 4444 eligeretur;

2046 3222 2227 3293 tibus,
2255 3222 2411 3278 illius
2443 3222 2792 3279 humilitatis
2815 3227 2872 3278 et
2902 3222 3256 3289 dilectionis,
3292 3237 3475 3293 super
3522 3237 3709 3293 quam

2045 3312 2206 3367 credi
2235 3313 2613 3385 potest(222),
2647 3311 2741 3384 pie
2797 3310 3057 3367 imitator
3103 3311 3368 3367 eﬂ‘ectus.
3428 3309 3531 3365 Cui
3584 3326 3712 3364 suc-

2043 3402 2224 3457 cessit
2252 3401 2550 3469 Arnolfus,
2582 3400 2791 3456 illustri
2820 3400 2996 3456 valde
3020 3400 3305 3473 prosapia
3324 3403 3582 3465 exortus,
3606 3398 3710 3454 sed

2044 3490 2314 3546 moribus
2340 3490 2597 3546 nobilior
2645 3493 2703 3545 et
2756 3488 2988 3545 sincera
3041 3488 3315 3558 largitate
3362 3486 3705 3562 praeclarus.

2042 3580 2235 3652 Hujus
2275 3580 2452 3636 etiam
2484 3580 2623 3635 anni
2684 3578 2907 3634 vernali
2964 3583 3228 3650 tempore
3278 3578 3564 3651 praefatus
3606 3592 3707 3631 rex

2043 3671 2195 3735 Otto,
2247 3672 2564 3740 compacta
2611 3667 2763 3724 inter
2821 3669 3084 3723 Saxones
3139 3671 3195 3722 et
3252 3666 3495 3723 Sclavos
3536 3681 3703 3738 pace.

2042 3757 2269 3813 Italiam
2328 3755 2603 3829 perrexit,
2663 3760 2720 3811 et
2792 3754 3158 3810 dominicam
3210 3753 3706 3810 resurrectionem

2041 3846 2232 3919 Papim
2246 3843 2515 3918 paschali
2544 3844 2713 3915 (223),
2743 3859 2910 3899 more
2941 3842 3274 3897 celebravit.
3305 3842 3523 3897 Dehinc
3541 3842 3703 3897 omni

2041 3950 2226 4007 regno
2273 3937 2545 4006 potenter
2584 3933 2804 4004 potitus
2860 3930 3074 3995 Italico,
3135 3933 3387 3985 Romam
3459 3930 3704 3985 veniens

2038 4023 2228 4078 beatae
2258 4019 2564 4076 memorias
2589 4020 2926 4075 Johannem
2978 4018 3127 4089 (221)
3183 4033 3409 4089 papam
3454 4017 3703 4073 defunc-

2041 4118 2168 4169 tum
2197 4111 2440 4167 invenit.
2474 4110 2581 4165 Cui
2606 4113 2888 4182 nepotem
2919 4124 3095 4163 suum
3122 4110 3482 4178 Brunonem,
3504 4108 3702 4163 virum

2038 4202 2209 4259 valde
2237 4188 2612 4273 p'raeclarum,
2641 4214 2763 4254 non
2796 4197 2993 4253 solum
3024 4196 3129 4251 sed
3156 4201 3213 4252 et
3269 4196 3543 4252 omnium
3594 4200 3703 4252 Ro-

2038 4305 2361 4347 manorum
2393 4286 2665 4342 unanimi
2694 4289 2833 4341 voto
2882 4284 3102 4341 civium
3154 4285 3497 4358 pontiﬁcem
3557 4285 3703 4340 elec-

2036 4384 2187 4445 tum,
2261 4374 2575 4445 subrogari
2635 4373 2731 4447 pie
2804 4373 3122 4443 consensit,
3187 4390 3371 4447 quem
3423 4373 3697 4443 Romani,

263 4460 376 4517 sed
429 4464 567 4518 ante
618 4461 1127 4518 consecrationem
1180 4462 1530 4534 paenitentia
1606 4456 1924 4527 abductus,
1964 4494 2010 4548 Β
2041 4469 2286 4540 dempto
2318 4463 2607 4521 Brunonis
2636 4462 2903 4531 nomine,
2935 4463 3281 4533 Gregorium
3310 4467 3693 4519 vocaverunt.

262 4565 527 4621 regnum
577 4549 837 4622 respuit;
888 4555 946 4607 et
969 4551 1094 4622 regi
1144 4550 1444 4607 humiliter
1472 4551 1798 4623 subjectus,
1828 4554 1931 4608 Ba-

257 4638 498 4712 joarico
526 4639 853 4696 honoriﬁce
874 4641 1137 4697 donatus
1165 4645 1255 4697 est
1289 4656 1496 4711 regno.
1531 4645 1594 4697 In
1647 4657 1769 4714 quo
1816 4657 1928 4715 pro

170 4714 193 4731 ’
265 4727 698 4799 componenda
718 4743 867 4800 pace
888 4730 971 4786 ita
1001 4729 1156 4785 ultra
1185 4729 1413 4802 priores
1443 4728 1717 4798 eﬂloruit,
1749 4735 1814 4786 ut
1850 4731 1929 4787 ab

264 4815 428 4872 illius
459 4815 669 4871 incolis
698 4817 866 4888 regni
895 4818 1199 4873 Heinricus
1230 4818 1519 4891 paciﬁcus
1548 4823 1603 4875 et
1634 4824 1802 4891 pater
1827 4835 1931 4891 pa-

265 4906 396 4961 trie:
426 4905 845 4978 appellaretur.
881 4909 1009 4973 Quo
1039 4913 1298 4979 mortuo,
1330 4908 1490 4965 ﬁlius
1522 4925 1666 4963 suus
1710 4908 1931 4964 Heinri-

265 5011 397 5061 cus,
440 5010 543 5050 rex
576 4994 825 5064 futurus,
861 4998 1236 5068 Bajoaricum
1266 4998 1576 5065 ducatum,
1608 5014 1744 5067 rege
1768 5001 1927 5055 Otto-

262 5100 344 5141 ne
367 5084 539 5140 tertio
562 5084 844 5151 donante,
878 5087 1159 5159 suscepit,
1185 5088 1607 5145 Ghevehardus
1639 5091 1927 5145 Constan~

263 5174 476 5230 tiensis
500 5175 761 5232 ecclesiae
812 5177 1131 5250 episcopus
1187 5179 1568 5235 venerandus
1619 5179 1784 5246 obiit,
1835 5180 1930 5236 cui

404 5336 493 5408 16)
532 5336 583 5393 Ι.
612 5351 660 5394 ε.
695 5336 1001 5408 Ostfalahi.

365 5407 497 5479 217)
536 5408 584 5463 Ι.
618 5424 665 5464 e.
699 5407 1160 5479 Welataborum,
1183 5410 1541 5468 Wiltzorum.

362 5478 490 5551 218)
536 5478 1043 5551 Stoterlingeburg
1069 5478 1221 5536 inter
1241 5483 1535 5539 Ovacram
1565 5487 1623 5540 et
1669 5484 1927 5542 llsinam.

364 5550 493 5607 219)
533 5550 629 5606 Ita
647 5551 715 5605 L.
739 5555 875 5607 ante
906 5566 957 5607 ι’.

347 5622 498 5764 (220)
536 5621 631 5677 Ita
658 5622 730 5677 L.
763 5626 816 5678 et
844 5623 1009 5678 Ann.
1040 5622 1225 5679 Saxa.
1246 5623 1496 5696 praedati
1523 5641 1573 5681 c.

348 5690 466 5764 (221
536 5691 919 5750 Gebehardus
962 5692 1408 5764 Elewangensis
1426 5695 1573 5761 abba

348 5690 498 5765 (221)
536 5691 919 5750 Gebehardus
962 5690 1408 5766 Elewangénsis
1426 5695 1719 5761 abbatum
1768 5714 1935 5771 egre-

2039 4560 2137 4617 Hic
2186 4571 2328 4626 ergo
2384 4554 2522 4610 sede
2579 4552 2965 4609 intronizatus
3023 4552 3350 4624 apostolica
3400 4552 3697 4606 domuum

2039 4652 2332 4708 Ottonem.
2383 4644 2501 4699 huc
2553 4657 2746 4715 usque
2800 4644 3082 4697 vocatum
3132 4656 3357 4710 regem,
3432 4655 3551 4694 non
3605 4655 3696 4694 so-

2036 4739 2164 4795 lum
2224 4740 2513 4799 Romano,
2569 4731 2675 4786 sed
2732 4734 2789 4786 et
2843 4744 2996 4802 pene
3052 4728 3233 4783 totius
3287 4730 3536 4798 Europae
3591 4742 3697 4798 po-

2035 4826 2179 4899 pulo
2234 4822 2624 4885 acclamante,
2684 4821 2747 4872 12
2803 4814 3042 4874 Calend.
3102 4814 3278 4882 Junii,
3337 4813 3397 4868 in
3444 4812 3577 4883 ipsa
3606 4828 3696 4867 as-

2037 4912 2332 4970 censionis
2384 4906 2592 4966 Christi
2618 4904 2924 4961 festivitate
2966 4901 3328 4965 veneranda,
3372 4899 3694 4955 indictione

2037 5006 2090 5072 9,
2118 5002 2539 5072 imperatorem
2588 4990 2958 5049 consecravit
3009 4992 3352 5057 augustum.
3401 4991 3535 5043 Post
3563 4987 3691 5041 haec

2037 5090 2237 5147 ltalico
2265 5087 2371 5143 rite
2403 5083 2691 5155 disposito
2716 5098 2925 5152 regno,
2951 5078 3262 5135 Franciam
3290 5076 3614 5142 revertitur,
3639 5079 3696 5131 et

2036 5180 2100 5236 in
2130 5175 2457 5251 Agrippina
2487 5171 2730 5231 Colonia
2754 5168 2974 5226 summi
3001 5166 3375 5241 imperatoris
3392 5165 3693 5235 condigno

2039 5339 2173 5412 gius
2205 5354 2252 5412 s.
2285 5351 2336 5412 e_.
2359 5335 2521 5389 Ann.
2551 5331 2734 5412 Saxo.

2110 5409 2261 5481 (222)
2298 5409 2357 5462 P.
2381 5419 2558 5459 verus
2585 5401 2841 5458 Israelita
2869 5416 2929 5473 p.

2039 5483 2202 5556 Αηη-
2230 5482 2414 5556 S0330-
2460 5545 2496 5556 ..

2113 5551 2260 5623 (223)
2300 5545 2500 5623 [legali
2519 5545 2662 5623 Chr.
2852 5620 2859 5623 _
2898 5614 2960 5623 Μ
3145 5612 3180 5623 η
3483 5611 3492 5621 ι

2114 5609 2259 5697 (224)
2309 5609 2515 5677 Vol-em
2528 5633 2602 5675 ea:
2618 5617 2781 5675 Ann.
2808 5620 2861 5672 et
2886 5614 3109 5671 Chron.
3134 5612 3279 5670 Sam.
3295 5611 3511 5679 recepi,
3539 5609 3699 5666 deest

2045 5698 2111 5753 in
2140 5711 2191 5752 ι’.

3061 5415 3113 5454 e.
3141 5398 3365 5455 Chron.
3392 5396 3576 5454 Saxo.
3610 5397 3693 5466 cf,
