3986 6178
296 223 392 276 531
1210 217 1466 272 ANNAL.
1508 210 1940 271 HILDESHEIM
2002 208 2371 274 OUEDLINB.
2414 210 2788 268 WEISSBMB.

3615 215 3721 268 532

1214 394 1218 398 .
1262 340 1589 395 ANNALES
1630 334 2370 404 QUEDLINBURGENSES.
2413 338 2480 390 A.
2522 337 2763 392 997—998

289 465 522 524 honore
551 465 709 522 diem
740 464 1001 522 celebrat
1029 464 1312 524 natalem.
1337 464 1692 520 Adalbertus
1722 461 1951 534 episco-
1989 461 2036 514 Α
2064 457 2305 513 natione
2328 460 2583 526 Graecus,
2612 458 2949 514 conditione
2979 473 3211 530 servus,
3247 462 3386 514 astu
3452 458 3734 514 callidisi-

294 572 412 630 pus
443 555 516 611 de
549 558 736 626 Praga
765 554 1000 611 civitate
1026 554 1281 618 aPrucis
1301 554 1559 624 glorioso
1585 550 1869 624 martyrio
1897 553 1950 604 9.

297 643 539 702 Calend.
569 643 699 708 Maii
730 648 1070 700 coronatur.
1105 643 1485 699 Bernhardus
1532 643 1695 714 (225),
1755 639 1953 694 Wirtz-

302 733 620 805 burgensis
661 733 981 812 episcopus
1028 733 1308 799 ecclesiae,
1360 731 1744 806 imperatoria
1798 729 1956 799 lega-

301 821 461 878 tione
493 822 1070 900 ConstantinOpolim
1099 822 1342 892 missus,
1373 822 1433 876 in
1466 819 1689 875 Achaia
1717 816 1956 891 provin-

296 909 391 966 cia
424 911 694 969 moritur.
742 912 846 969 Cui
885 911 1214 980 Heinricus,
1256 909 1565 966 clarissimi
1618 905 1955 964 cancellarii

299 997 566 1056 Hiriberti
601 998 796 1070 frater,
828 1000 1023 1056 clarus
1054 1003 1110 1054 et
1135 998 1282 1073 ipse,
1311 997 1687 1054 substituitur
1727 995 1954 1069 episco-

297 1102 435 1160 pus.

369 1182 494 1233 997.
539 1175 729 1232 Sclavi
754 1176 964 1232 innata
990 1175 1101 1231 sibi
1128 1176 1382 1250 perﬁdia
1411 1176 1569 1244 tacti,
1623 1175 1790 1250 pacis
1839 1173 1953 1229 fre-

298 1268 511 1336 gerunt
535 1268 802 1341 pactum,
829 1263 1235 1342 terminosque
1269 1265 1590 1320 Saxonices
1629 1261 1952 1318 latrociniis

297 1351 676 1404 corroserunt
700 1346 948 1403 furtivis.
983 1350 1143 1414 Quos
1176 1353 1384 1404 contra
1406 1352 1744 1404 commotus
1769 1347 1955 1418 impe-

294 1440 456 1498 rator
484 1435 906 1492 Ztodoraniam
955 1453 1141 1509 quam
1199 1437 1377 1506 vulgo
1439 1436 1760 1492 Heveldum
1809 1436 1952 1505 (226)

292 1527 534 1592 vocant,
564 1524 868 1594 egregiam
888 1524 1040 1580 inter
1063 1524 1440 1581 Sclavanicas
1467 1529 1706 1594 terram,
1729 1537 1954 1590 magno

291 1611 508 1670 invasit
534 1613 812 1681 exercitu,
844 1613 1000 1681 vicit,
1034 1613 1343 1685 praedavit,
1371 1613 1674 1685 victorque
1723 1612 1782 1666 in
1837 1615 1954 1668 Ma-

295 1702 665 1772 gadeburch,
696 1701 1068 1780 praecipuam
1095 1702 1367 1758 Saxoniae
1415 1701 1650 1767 urbem,
1700 1699 1952 1770 gloriose

294 1791 669 1847 subintravit.
705 1791 941 1846 Interim
967 1794 1169 1846 autem
1195 1790 1342 1846 dum
1387 1790 1710 1863 imperator
1739 1805 1956 1859 augus-

294 1884 414 1950 tus,
448 1879 652 1938 tertius
683 1878 956 1936 videlicet
985 1881 1136 1951 Otto,
1193 1878 1516 1936 Heveldum
1576 1877 1953 1934 devastando

295 1967 606 2042 percurrit,
637 1967 982 2038 congregati
1013 1967 1265 2024 Wlotabi
1314 1968 1668 2037 Bardangac
1716 1967 1954 2042 provin-

296 2057 453 2113 ciam
481 2057 795 2130 improvisi
819 2057 1042 2131 rapinis
1073 2057 1276 2114 multis
1307 2058 1577 2127 aggressi
1609 2062 1746 2113 sunt
1775 2061 1831 2112 et
1867 2057 1952 2112 in-

295 2147 540 2204 cendiis.
574 2147 745 2214 Quod
773 2148 1044 2204 videntes
1093 2148 1412 2215 Westfalai,
1469 2165 1624 2229 quos
1671 2148 1952 2220 praefatus

292 2235 619 2312 imperator
641 2235 704 2296 in
729 2235 1169 2312 expeditionem
1195 2251 1451 2310 pergens
1483 2237 1560 2292 ad
1608 2234 1950 2291 custodien-

294 2323 438 2386 dam
462 2324 783 2398 reliquerat
809 2325 1177 2400 provinciam
1227 2325 1488 2381 celeriter
1515 2324 1811 2380 Liuthicos
1841 2324 1954 2388 for-

292 2414 428 2470 titer
445 2413 767 2490 excipiunt,
784 2413 1017 2490 ipsique
1049 2429 1189 2469 eum
1215 2413 1393 2492 pauci
1422 2418 1642 2483 essent,
1679 2413 1952 2469 innume-

291 2514 425 2558 ram
454 2514 832 2574 paganorum
859 2497 1301 2556 multitudinem
1319 2501 1482 2554 tanta
1513 2498 1674 2554 crede
1697 2502 1951 2571 proster-

291 2591 462 2642 nunt.
491 2590 841 2662 tantamque
872 2586 950 2646 ab
979 2586 1050 2642 iis
1079 2587 1350 2666 praedam
1377 2586 1683 2660 diripiunt,
1725 2591 1791 2641 ut
1840 2601 1950 2642 nec

291 2675 473 2732 caedis
501 2675 658 2732 illius
687 2691 798 2733 nec
816 2676 1034 2750 praedae
1061 2692 1350 2737 numerus
1372 2675 1493 2732 ullo
1515 2676 1699 2732 modo
1734 2675 1949 2731 huma-

290 2781 371 2824 no
402 2767 602 2838 posuit
626 2765 911 2844 explicari
939 2781 1232 2822 sermone.
1265 2769 1382 2822 Hoc
1406 2781 1567 2822 anno
1596 2765 1949 2822 instauratio

292 2860 511 2912 sancta:
533 2855 1103 2928 Metropolitanensis
1125 2855 1408 2912 ecclesiae.
1443 2855 1951 2924 Quedelingnensi

293 2941 554 3012 castello,
569 2943 742 3014 jussu
762 2942 1086 3017 imperialis
1103 2943 1238 2998 ﬁliae
1256 2943 1582 3000 Machtildis
1607 2943 1946 3009 abbatissae,

291 3029 456 3087 omni
480 3029 675 3086 studio
698 3030 1021 3104 peragitur.
1050 3032 1243 3097 Quam
1267 3049 1406 3086 cum
1428 3031 1506 3087 ab
1527 3047 1642 3087 avo
1670 3031 1946 3104 aviaque,

289 3119 534 3210 regibus
557 3118 778 3176 scilicet
801 3119 1066 3178 Heinrico
1087 3124 1142 3176 et
1171 3120 1484 3210 Macthilde
1521 3124 1944 3210 constructam,
1987 3153 2028 3210 ρ

291 3208 603 3266 arctiorem
635 3225 824 3282 quam
883 3213 1064 3266 tantae
1099 3209 1466 3266 celsitudinis
1511 3209 1611 3281 jns
1646 3208 1941 3279 exigebat,

288 3302 532 3376 propter
556 3299 911 3355 confluentis
956 3299 1163 3374 populi
1210 3298 1607 3372 frequentiam
1659 3303 1943 3368 cerneret,

288 3385 495 3444 innata
512 3403 581 3442 ac
599 3391 877 3442 concreta
893 3386 1004 3443 sibi
1021 3386 1536 3452 benevolentia,ad
1551 3390 1946 3454 augmentum

290 3473 561 3546 ejusdem
583 3476 644 3530 in
694 3475 921 3530 honore
948 3475 1138 3530 sancti
1171 3475 1414 3530 Servatii
1438 3474 1870 3550 archiepiscopi
1891 3479 1948 3530 et

291 3561 672 3628 confessoris,
703 3561 926 3616 latioris
946 3567 1003 3617 et
1044 3561 1265 3617 altioris
1295 3566 1603 3617 structurae
1625 3561 1946 3617 aediﬁcium

291 3665 596 3726 apponere
616 3650 864 3720 curavit,
883 3650 1050 3723 quod
1066 3650 1244 3706 etiam
1267 3650 1442 3705 totius
1461 3655 1760 3706 conventu
1809 3651 1948 3706 cleri

289 3756 360 3797 ac
389 3740 599 3815 populi
618 3740 697 3798 ab
713 3740 976 3808 Arnulfo,
1005 3740 1481 3796 Halberstadensi
1524 3741 1806 3814 episcopo
1841 3757 1949 3797 nu-

288 3846 396 3910 per
411 3829 706 3899 ordinato,
727 3846 863 3886 cum
881 3830 1009 3886 aliis
1023 3829 1548 3903 archipraasulibus
1565 3831 1945 3904 etepiscopis,

288 3936 444 3994 quos
472 3920 657 3977 modo
671 3919 1029 3978 nominatim
1059 3917 1330 3976 evolvere
1368 3918 1619 3989 longum
1654 3923 1762 3990 est,
1810 3936 1949 3976 con-

291 4009 523 4080 gruenti
555 4009 632 4065 ad
658 4009 1071 4066 decorandum
1103 4008 1203 4064 Dei
1235 4007 1486 4064 domum
1511 4011 1563 4062 6.
1600 4007 1736 4063 ldus
1759 4009 1950 4080 [Martii

291 4097 554 4155 dedicari
583 4097 737 4153 fecit.
774 4101 839 4154 Et
854 4115 975 4155 non
992 4098 1174 4170 longo
1197 4103 1337 4171 post
1357 4103 1627 4171 tempore
1651 4101 1950 4169 cpnstruc-

293 4189 416 4244 tam
445 4185 506 4241 in
522 4186 690 4243 brevi
721 4187 1154 4244 Walbicensem
1181 4186 1515 4255 ecclesiam,
1548 4185 1608 4241 in
1663 4186 1796 4259 ipso
1845 4203 1950 4244 au-

294 4273 454 4344 gusti
472 4274 658 4350 patris
685 4275 774 4330 sui
805 4275 1031 4332 Ottonis
1051 4275 1147 4331 die
1173 4274 1602 4341 anniversario,
1637 4274 1714 4330 ab
1736 4274 1950 4330 eodem

293 4362 542 4420 Arnulfo
573 4362 875 4438 episcopo,
904 4365 1117 4422 eodem
1144 4363 1323 4420 etiam
1349 4379 1510 4420 anno
1528 4380 1663 4419 cum
1682 4363 1949 4419 maximo

293 4451 432 4508 cleri
457 4451 769 4528 plebisque
795 4451 1259 4528 tripudio,Nonis
1285 4452 1415 4510 Maii
1445 4452 1774 4509 honoriﬁce
1789 4451 1954 4508 dedi-

293 4541 464 4599 cavit.
493 4542 618 4598 Hoc
643 4541 823 4598 etiam
855 4557 1016 4598 anno
1047 4541 1414 4599 Crescentius
1434 4541 1706 4614 quidam,
1752 4541 1959 4598 diabo-

290 4629 405 4692 lica
434 4631 645 4688 fraude
669 4630 976 4706 deceptus,
1005 4635 1257 4688 Romam
1282 4631 1527 4688 absente
1549 4645 1712 4704 papa
1738 4633 1956 4700 Grego-

296 4719 384 4778 rio
414 4720 650 4789 invasit,
676 4720 1133 4798 Johannemqne
1149 4720 1456 4793 quendam
1479 4720 1947 4788 Calabritanum,

295 4825 479 4886 quem
509 4809 772 4868 domnus
799 4809 1124 4884 imperator
1155 4811 1284 4867 Otto
1315 4810 1394 4866 ob
1421 4809 1602 4866 Graeci
1629 4809 1946 4882 imperato-

297 4897 376 4958 ris
425 4897 614 4958 ﬁliam
653 4897 766 4956 sibi
839 4898 1225 4955 matrimonio
1286 4898 1726 4972 adquirendam
1811 4915 1949 4956 cum

295 4987 654 5046 Bernwardo
701 4986 984 5066 episcopo
1045 4987 1621 5062 Constantinopolim
1685 4985 1947 5055 miserat,

293 5073 433 5134 inde
463 5092 602 5133 cum
634 5078 973 5134 Graecorum
1002 5079 1396 5133 revertentem
1424 5075 1653 5148 legatis,
1702 5091 1762 5131 se
1801 5075 1952 5132 indi-

294 5179 415 5234 gno
467 5165 698 5237 excepit
742 5165 993 5234 honore,
1046 5165 1333 5239 illumque
1376 5181 1498 5221 non
1551 5170 1673 5222 tam
1726 5180 1950 5237 papam

293 5269 478 5328 quam
511 5257 848 5325 apostatam
878 5253 1266 5322 constituens,
1288 5252 1516 5331 legatos
1532 5255 1950 5328 imperatorios

290 5344 408 5402 sub
434 5341 711 5399 custodia
737 5343 938 5404 Roma:
990 5342 1243 5400 retinuit.
1302 5343 1407 5402 Hic
1459 5360 1602 5416 ergo
1647 5344 1948 5406 Johannes

385 5521 515 5582 225)
553 5518 706 5582 Lege
736 5517 1164 5582 Brunwardus.

385 5521 515 5582 225)
553 5519 706 5643 nge
736 5519 982 5574 Brunwa

363 5519 514 5732 32263
552 5593 598 5644 Α
661 5587 979 5645 Habolam.

385 5663 487 5717 227
561 5660 688 5720 Vox
711 5661 905 5720 deleta
927 5664 982 5719 2.

385 5591 495 5645 226·
552 5587 649 5644 Ad
661 5587 979 5645 Habolam.

385 5589 514 5732 2273
561 5660 688 5720 Vox
711 5661 905 5720 deleta
927 5664 979 5719 2.

1993 4503 2040 4559 D

2064 545 2276 621 simus,
2303 547 2725 619 imperatorem
2769 551 3093 617 augustum
3138 548 3252 621 plze
3281 547 3593 604 memoriae
3643 562 3734 602 se-

2063 633 2331 690 cundum
2361 637 2633 692 Ottonem
2662 636 2774 698 sub
2806 651 3068 710 paupere
3101 635 3309 692 adiens
3359 636 3598 708 habitu,
3651 634 3733 691 ob

2063 723 2462 780 interventum
2503 725 2728 780 dilectae
2787 741 2908 780 suae
2957 725 3299 782 contectalis
3351 725 3736 797 Theophanu

2061 811 2454 885 imperatricis
2471 820 2760 883 augustae,
2793 814 2956 884 regia
2986 815 3250 887 primum
3281 819 3372 870 est
3397 814 3576 870 alitus
3631 813 3734 868 sti-

2061 917 2136 974 pe
2169 920 2182 970 ;
2215 901 2431 958 dehinc
2462 909 2847 976 procurrente
2871 909 3160 977 tempore,
3189 903 3458 977 vulpina,
3493 918 3624 976 qua
3650 901 3738 957 ni-

2061 991 2296 1047 minum
2327 992 2600 1058 callebat,
2629 993 2890 1049 versutia
2939 992 3254 1065 praefatum
3310 997 3565 1049 eotenus
3620 991 3734 1046 cir-

2062 1081 2362 1136 cumvenit
2385 1086 2728 1150 augustum,
2765 1086 2829 1137 ut
2853 1097 2962 1154 pro
2991 1080 3126 1137 loco
3151 1085 3207 1137 et
3259 1085 3529 1154 tempore
3587 1079 3736 1135 satis

2063 1167 2337 1224 clementi
2363 1169 2440 1224 ab
2466 1185 2537 1225 eo
2568 1169 2758 1239 gratia
2780 1157 3047 1234 habitus,
3079 1185 3233 1242 pene
3289 1169 3443 1225 inter
3493 1168 3734 1242 primos
3770 1190 3803 1205 ~~

2063 1273 2254 1329 usque
2285 1257 2364 1313 ad
2394 1258 2839 1314 defunctionem
2893 1274 3068 1314 suam
3125 1258 3320 1314 clarus
3378 1257 3731 1314 haberetur.

2063 1347 2201 1401 Post
2226 1345 2646 1401 dormitionem
2681 1361 2822 1401 vero
2872 1345 3120 1400 secundi
3177 1345 3404 1401 Ottonis
3461 1345 3733 1416 augusti,

2062 1439 2349 1503 regnante
2400 1435 2529 1505 jam
2583 1434 2706 1490 ﬁlio
2756 1451 2866 1490 suo
2923 1434 3093 1490 tertio
3163 1433 3438 1490 videlicet
3492 1436 3732 1501 Ottone,

2063 1538 2246 1595 quem
2269 1522 2347 1577 ab
2377 1523 2509 1596 ipso
2532 1523 2740 1580 matris
2772 1529 2960 1594 utero,
2989 1523 3192 1578 divina
3241 1522 3573 1578 subsecuta
3631 1523 3737 1577 mi-

2064 1611 2376 1679 seratione,
2406 1614 2677 1668 Romano
2711 1611 3054 1667 sublimavit
3108 1611 3381 1684 imperio,
3439 1610 3735 1692 praefatus

2061 1697 2363 1754 lohannes
2385 1698 2650 1768 ingenita
2680 1698 2793 1754 sibi
2824 1715 2894 1754 eo
2925 1698 3189 1754 securius
3219 1699 3404 1754 valuit
3437 1699 3732 1764 versutia,

1993 1806 2032 1860 B
2061 1802 2184 1859 quo
2209 1786 2365 1857 regis
2394 1787 2644 1844 infantia
2669 1792 2725 1843 et
2753 1787 3076 1860 primatum
3098 1787 3252 1842 illius
3272 1787 3737 1860 permittebatur

2060 1876 2308 1932 incuria.
2340 1877 2431 1932 Ad
2456 1877 2585 1932 haec
2606 1877 2886 1933 defuncto
2905 1876 3254 1934 Placentinae
3284 1877 3556 1933 ecclesiae
3583 1877 3735 1950 epis-

2060 1981 2233 2038 copo,
2282 1965 2373 2020 vir
2427 1965 2603 2021 bonae
2654 1965 2873 2021 indolis
2923 1965 3004 2021 illi
3053 1965 3404 2036 subeligitur
3439 1984 3452 2033 ;
3487 1981 3620 2038 quo
3649 1967 3733 2021 in-

2058 2043 2237 2124 digne
2269 2055 2477 2126 ejecto,
2506 2055 2784 2128 praefatus
2813 2055 3133 2126 Johannes,
3163 2071 3284 2110 non
3344 2059 3566 2128 pastor
3629 2054 3731 2110 sed

2057 2143 2257 2217 lupus,
2291 2145 2547 2201 eandem
2577 2161 2699 2200 non
2740 2145 3066 2219 regendam
3099 2143 3228 2200 sed
3280 2143 3730 2200 devastandam

2061 2234 2323 2308 suscepit
2349 2234 2681 2290 ecclesiam.
2717 2236 2910 2299 Quam
2937 2251 3074 2290 cum
3106 2233 3332 2307 aliquot
3361 2234 3543 2290 annis
3573 2239 3731 2290 tene-

2057 2326 2165 2392 ret,
2198 2322 2460 2378 avaritiaa
2487 2321 2785 2378 diabolico
2817 2322 3142 2378 inebriatus
3171 2338 3426 2390 veneno,
3488 2323 3554 2378 in
3604 2327 3732 2378 tan-

2059 2413 2187 2464 tum
2220 2425 2280 2465 se
2313 2409 2565 2466 elevavit
2593 2425 2773 2485 super
2800 2425 2883 2480 se,
2937 2416 3003 2466 ut
3052 2409 3247 2482 ipsam
3307 2413 3515 2466 Romae
3568 2411 3732 2467 beati

2058 2497 2207 2553 Petri
2235 2498 2490 2571 apostoli
2520 2497 2743 2566 sedem,
2782 2505 2846 2555 ut
2868 2499 3219 2571 praedictum
3251 2503 3359 2567 est,
3393 2499 3730 2555 antichristi

2059 2587 2403 2642 membrum
2433 2603 2570 2642 vere
2600 2586 2866 2657 effectus,
2901 2587 3251 2644 fornicando
3280 2587 3483 2661 potius
3516 2604 3730 2644 cacca-

2058 2680 2162 2742 ret,
2195 2691 2383 2748 quam
2409 2675 2754 2731 venerando
2796 2675 3093 2732 insideret.

2129 2765 2252 2817 998.
2287 2761 2386 2816 His
2408 2762 2648 2830 auditis,
2681 2763 2964 2818 dominus
3004 2763 3327 2836 imperator
3386 2764 3731 2820 secundam

2056 2850 2487 2924 profectionem
2510 2851 2834 2924 paravitin
2894 2852 3140 2908 Italiam.
3202 2852 3310 2907 Cui
3363 2853 3731 2909 venerabilis

2057 2955 2218 3012 papa
2249 2940 2562 3009 Gregorius
2613 2941 2801 3013 Papiae
2849 2941 3093 2997 obviam
3134 2941 3401 3006 veniens,
3463 2943 3618 2998 dum
3678 2944 3732 2999 ei

2056 3030 2320 3101 pessima
2340 3029 2631 3085 Johannis
2663 3035 2719 3085 et
2749 3031 3065 3087 Crescentii
3095 3035 3259 3100 gesta
3285 3037 3614 3100 narrasset,
3644 3033 3730 3087 di-

2056 3117 2197 3173 vino
2219 3123 2558 3174 commotus
2585 3119 2730 3188 zelo,
2759 3121 3117 3192 quantocius
3146 3136 3269 3176 una
3298 3137 3440 3176 cum
3484 3126 3730 3194 aposto-

2054 3205 2168 3261 lico
2197 3212 2482 3279 properat
2501 3210 2770 3263 Romam.
2809 3208 2981 3273 Quod
3014 3208 3322 3264 audientes
3352 3210 3590 3282 praefati
3623 3213 3728 3266 Sa-

2056 3300 2210 3352 tanae
2240 3296 2514 3365 ministri,
2535 3298 2836 3353 Johannes
2865 3298 3108 3370 quidem
3135 3297 3343 3369 fugam
3374 3299 3524 3371 iniit,
3557 3303 3729 3356 Cres—

2058 3385 2288 3440 centius
2322 3401 2462 3440 vero
2492 3386 2792 3458 praesidio,
2825 3387 2990 3458 quod
3041 3392 3301 3443 veterem
3360 3391 3622 3444 Romam
3672 3395 3730 3444 et

2060 3474 2428 3529 Leonianum
2451 3473 2760 3546 conjungit
2776 3475 3106 3542 castellum,
3142 3492 3202 3530 se
3221 3491 3365 3532 cum
3390 3478 3515 3532 suis
3541 3477 3731 3532 inclu-

2059 3563 2150 3618 sit.
2175 3567 2336 3619 Tunc
2357 3564 2607 3635 quidam
2632 3579 2752 3619 non
2769 3567 3008 3620 tantum
3023 3565 3402 3637 imperatoris
3424 3573 3726 3639 quantum

2059 3651 2270 3707 Christi
2301 3651 2476 3707 amici
2508 3652 2890 3722 insequentes
2920 3653 3274 3719 Johannem,
3327 3655 3728 3726 comprehen-

2057 3741 2275 3797 derunt
2302 3758 2440 3796 eum
2469 3742 2636 3812 (227),
2665 3744 2719 3796 et
2747 3740 3021 3797 timentes
3051 3741 3210 3808 ne,si
3240 3759 3382 3798 eum
3410 3743 3487 3798 ad
3503 3760 3728 3816 augus-

2059 3833 2188 3885 tum
2218 3830 2605 3898 destinarent,
2637 3829 2969 3901 impunitus
3001 3830 3207 3897 abiret,
3243 3830 3516 3899 linguam
3567 3833 3620 3888 ei
3670 3837 3730 3888 et

2059 3935 2236 3975 nares
2265 3919 2486 3992 pariter
2532 3919 2919 3976 absciderunt
2969 3920 3300 3994 oculosque
3346 3921 3430 3976 illi
3486 3922 3727 3994 penitus

2059 4013 2358 4063 eruerunt.
2394 4007 2516 4063 Hoc
2545 4007 2626 4063 ita
2646 4006 2930 4064 divinitus
2948 4007 3252 4078 mulctato,
3272 4010 3541 4065 domnus
3563 4026 3728 4099 papa

2060 4097 2375 4168 Gregorius
2405 4097 2608 4152 sedem
2652 4097 3042 4168 apostolicam
3090 4097 3421 4154 honorifice
3479 4097 3724 4172 recepit,

2060 4201 2316 4258 eamque
2333 4200 2522 4257 usque
2540 4184 2616 4239 ad
2639 4183 2869 4240 obitum
2889 4186 2979 4241 sui
2994 4185 3174 4241 libere
3197 4185 3431 4243 insedit.
3457 4192 3726 4261 Impera-

2065 4283 2151 4330 tor
2185 4275 2363 4348 igitur
2391 4279 2683 4342 angustus
2715 4277 2966 4330 Romam
3012 4275 3362 4342 adveniens,
3420 4278 3728 4333 sanctissi-

2059 4360 2226 4420 mam
2254 4364 2370 4420 illic
2403 4362 2611 4419 Christi
2651 4364 3148 4419 resurrectionem
3197 4365 3538 4433 celebravit,
3603 4371 3728 4422 sta-

2064 4451 2292 4525 timque
2316 4458 2454 4526 post
2481 4452 2651 4508 albas
2685 4453 2858 4509 scalis
2879 4459 2934 4510 et
2965 4454 3259 4510 machinis
3313 4471 3517 4511 arcem
3573 4459 3729 4527 (228)

2066 4557 2254 4612 quam
2303 4541 2671 4598 Crescentius
2721 4543 3037 4612 insederat,
3089 4543 3381 4599 hactenus
3437 4544 3732 4600 omnibus

2061 4628 2613 4702 inexpugnabilem,
2629 4629 2852 4686 fortiter
2862 4635 3167 4703 expugnat
3175 4630 3466 4704 illumque
3477 4637 3733 4704 captum

2058 4717 2361 4787 decollari,
2379 4722 2435 4773 et
2449 4735 2480 4774 e
2494 4735 2733 4775 summo
2750 4719 2902 4775 arcis
2918 4719 3354 4792 praecipitatum
3371 4720 3432 4774 in
3448 4719 3730 4792 patibulo

2057 4805 2316 4879 pedibus
2346 4805 2633 4878 suspendi
2656 4807 2853 4878 jussit.
2888 4810 3079 4863 Mense
3103 4807 3255 4862 Julio
3301 4812 3471 4863 terra:
3521 4813 3731 4864 motus

2058 4893 2250 4951 factus
2277 4899 2365 4951 est
2391 4895 2691 4952 horribilis
2715 4913 2824 4969 per
2850 4901 3037 4953 totam
3069 4896 3414 4967 Saxoniam,
3475 4897 3729 4970 duoque

2057 4983 2288 5058 lapides
2317 4984 2484 5054 igniti
2507 5001 2577 5040 ex
2601 4985 2819 5040 tonitru
2843 4985 3201 5055 ceciderunt,
3249 5001 3408 5040 unus
3463 4985 3528 5040 in
3586 4985 3732 5058 ipsa

2059 5075 2287 5131 civitate
2312 5075 2822 5145 Magdeburgensi,
2843 5076 2992 5132 alter
3002 5076 3156 5132 ultra
3175 5075 3410 5132 Albiam
3442 5075 3726 5134 ﬂuvium.

2060 5166 2328 5230 Quorum
2344 5165 2626 5221 inusitata
2647 5165 2916 5240 delapsio
2937 5165 3135 5221 dirum
3161 5166 3328 5221 omni
3349 5166 3583 5239 populo
3599 5168 3725 5222 exi-

2058 5254 2207 5310 tium
2259 5253 2549 5310 minando
2607 5255 2954 5327 portendit;
3016 5255 3181 5327 quod
3227 5255 3288 5310 in
3323 5255 3726 5331 sequentibus

2059 5343 2504 5414 evidentissime
2528 5359 2819 5418 apparere
2835 5339 3262 5425 conspeximus
3288 5348 3452 5413 ;tunc
3474 5345 3722 5416 scilicet,

2132 5517 2377 5592 (228)7M,
2411 5517 2662 5592 domum
2689 5518 3051 5588 Theoderici,
3087 5517 3191 5576 ubi
3219 5516 3340 5578 illis
3394 5533 3720 5592 pervorsus

2060 5587 2310 5646 sedebat
2335 5589 2498 5646 Ann.
2525 5591 2710 5648 Semo.
3039 5587 3042 5588 ⁷
3391 5587 3404 5612 ⁵
