3986 6178
162 242 260 297 533

908 228 993 280 ET
1033 223 1374 280 LAMBERTI
1412 213 1995 276 ASCHAFNABURG.
2038 221 2216 277 PARS
2256 224 2529 278 ALTERA
2571 217 2876 277 GENUINA

3498 221 3603 274 534

1200 347 1519 405 ANNALES
1559 345 2303 411 QUEDLINBURGENSES.
2347 349 2412 400 A.
2456 347 2580 401 999.

163 504 289 545 cum
314 483 593 542 mundus
613 480 726 536 iste
751 473 1109 534 insanabilis
1132 473 1324 546 plaga
1341 472 1552 528 ictibus
1573 474 1662 526 ter
1676 487 1834 527 cere-
1870 469 1913 521 A
1947 467 2036 539 rit,
2067 484 2174 523 nec
2205 468 2359 524 notis
2388 448 2792 523 in/tellectuum
2821 484 2929 524 nec
2981 468 3162 525 etiam
3216 484 3432 523 vocum
3483 464 3605 522 cui-

160 577 260 633 bro
281 579 457 632 tenus
488 584 852 646 percussus,
891 565 1022 637 ipsa
1043 565 1108 618 ut
1128 562 1208 618 ita
1237 563 1437 618 dicam
1457 560 1656 616 vitalia
1684 559 1837 616 ami-

162 667 243 722 sit.

223 757 339 809 999.
362 756 518 808 Nam
541 740 1376 819 insignissimaimpcratoria
1397 739 1576 812 prolis
1596 753 1841 808 gemma

160 842 444 908 Mechtild,
479 838 696 909 magni
730 832 961 893 Ottonis
980 829 1216 906 augusti
1241 828 1384 896 ﬁlia,
1407 846 1562 902 qua,
1583 833 1650 885 ut
1682 844 1840 900 saepe

161 930 654 1000 memoravimus,
675 920 1058 999 sceptrigeris
1074 915 1233 974 edita
1261 919 1631 991 parentibus,
1661 917 1841 972 vires-

160 1022 335 1079 centis
364 1019 724 1076 rudimenta
755 1011 1045 1074 infantiae,
1081 1009 1260 1063 bona
1289 1007 1505 1063 indolis
1535 1011 1741 1080 utpote
1760 1006 1842 1078 ip-

162 1113 276 1167 sius
306 1125 552 1165 corona
583 1107 710 1162 tilia
743 1104 913 1177 (229),
935 1101 1194 1156 honesta
1232 1098 1510 1153 decenter
1540 1097 1841 1152 nutricum

162 1201 268 1257 sub
294 1216 442 1256 cura
474 1195 792 1253 descendit
821 1195 968 1264 (230)
1005 1209 1016 1258 ;
1046 1205 1186 1261 qua
1219 1187 1431 1244 ﬂorida
1479 1187 1697 1243 dehinc
1747 1201 1843 1240 va-

163 1289 416 1346 cillantis
445 1290 726 1358 tempora
743 1278 1092 1354 juventutis,
1129 1291 1384 1347 corpore
1442 1276 1841 1346 sensibusque

161 1379 291 1454 plus
335 1375 566 1433 cateris
616 1374 678 1430 id
733 1371 923 1428 atatis
980 1373 1413 1432 maturescens,
1472 1365 1674 1437 nilque
1730 1362 1842 1418 sibi

164 1453 467 1525 commissi
494 1465 708 1519 dextra
752 1457 1056 1530 regiminis
1105 1454 1495 1526 disciplinam
1552 1453 1844 1509 errabun-

166 1558 308 1614 dum
336 1555 714 1626 relinquens,
749 1546 1043 1612 amabilis,
1090 1543 1370 1610 affabilis,
1429 1546 1555 1616 pia,
1614 1540 1844 1596 cunctis

164 1645 382 1715 largior
403 1657 594 1715 quam
627 1638 738 1694 sibi
761 1634 1052 1704 degebat;
1088 1632 1415 1687 undecimo
1446 1635 1613 1686 ortus
1629 1629 1720 1683 sui
1734 1643 1846 1683 an-

162 1751 239 1790 no
262 1729 643 1803 Metropolitae
677 1724 792 1781 sibi
822 1720 1234 1791 hareditaria,
1268 1721 1403 1775 licet
1437 1718 1612 1775 tantis
1644 1717 1851 1788 impar

162 1821 470 1890 oneribus,
514 1818 936 1890 imperatorem
1002 1814 1209 1865 tamen
1258 1808 1539 1865 consulto
1598 1811 1851 1878 patrum

161 1931 269 1971 nec
301 1927 428 1967 non
461 1905 766 1965 communi
820 1900 1126 1968 electione,
1184 1899 1519 1954 antistitum
1558 1894 1850 1952 benedic-

161 2006 320 2060 tione
348 2001 636 2074 perpetua
663 1992 934 2064 regendo
965 1987 1312 2062 praﬁcitur.
1347 1989 1500 2044 Cum
1551 2002 1699 2041 vero
1749 1983 1850 2074 ad

161 2073 528 2164 Pytagorica
582 2084 815 2141 bivium
869 2081 1226 2154 perventum
1277 2079 1361 2130 est
1427 2075 1654 2142 littera,
1715 2073 1852 2128 sine

163 2197 359 2240 mora.
381 2178 508 2233 sine
540 2174 730 2242 tadio,
768 2167 1099 2240 angustiori
1137 2165 1368 2233 semita,
1392 2164 1516 2236 spei
1543 2180 1681 2236 qua
1721 2178 1852 2218 non

167 2268 489 2327 confundit
519 2265 736 2321 ﬁducia
770 2263 1030 2332 arrepta,
1066 2260 1192 2312 tota
1220 2254 1404 2310 animi
1433 2253 1737 2323 diligentia
1785 2270 1852 2309 se

168 2375 407 2432 suaque
428 2357 505 2413 ab
525 2371 642 2410 non
664 2369 800 2409 esse
829 2351 909 2406 ad
926 2363 1138 2404 verum
1164 2349 1379 2400 conata
1400 2347 1490 2399 est
1510 2359 1641 2398 esse
1665 2347 1853 2398 trans-

169 2451 346 2507 ferre.
412 2450 545 2502 Hac
572 2441 855 2500 fratruele
886 2455 1016 2504 suo,
1036 2437 1212 2506 largo
1237 2433 1454 2490 scilicet
1485 2435 1714 2500 Ottone,
1743 2437 1854 2488 Ro-

173 2555 344 2596 mam
415 2533 853 2610 proﬁciscente,
904 2524 1295 2599 imperatoria
1345 2523 1472 2578 vice
1527 2521 1855 2578 commissa

175 2628 292 2684 sibi
322 2641 514 2697 regna
538 2639 656 2678 non
686 2620 928 2677 levitate
955 2615 1220 2672 feminea
1250 2612 1612 2683 gubernans,
1636 2611 1856 2667 barba-

175 2734 390 2774 rorum
421 2714 597 2770 etiam
629 2709 946 2767 induratos
977 2705 1228 2762 vertices
1270 2719 1481 2773 regum
1535 2700 1855 2758 artiﬁcioso

175 2805 326 2864 aviti
359 2801 713 2877 paternique
730 2797 847 2853 ritu
870 2793 1098 2866 ingenii
1114 2793 1196 2848 ita
1216 2791 1539 2865 placabiles
1573 2789 1858 2860 subjuga-

176 2893 458 2964 bilesque
487 2881 851 2952 reddiderat,
885 2888 950 2938 ut
972 2879 1399 2953 hujuscemodi
1423 2879 1587 2951 pacis
1638 2877 1856 2933 funda-

175 2987 412 3048 menta,
445 2980 570 3051 qua
596 2992 756 3032 nunc
815 2975 1026 3029 sancta
1079 2969 1182 3025 Dei
1238 2968 1488 3024 ecclesia
1535 2983 1646 3040 pro
1689 2971 1858 3039 parte

177 3067 881 3141 fruitur,posttantarum
893 3059 1370 3117 devastationem
1389 3055 1855 3129 provinciarum,

1947 573 2131 630 quam
2159 558 2426 614 edicibile
2451 573 2602 613 reor.
2639 557 2857 629 Hisque
2886 558 2968 612 ibi
3002 557 3453 631 dispositissime
3503 571 3603 611 or-

1948 645 2184 713 dinatis,
2218 646 2483 702 oviculas
2523 645 2744 718 quibus
2797 645 3084 714 singulari
3135 650 3382 717 praeerat
3434 658 3601 710 cura,

1949 735 2239 790 adventus
2255 735 2346 790 sui
2367 734 2774 808 expectatione
2794 749 3144 805 suspensas,
3170 738 3440 789 materna
3457 733 3603 788 dile-

1949 823 2138 880 ctione
2168 825 2388 894 revisit,
2440 825 2743 896 dignoque
2771 823 2848 879 ab
2878 822 2990 878 illis
3021 823 3245 877 honore
3301 827 3600 894 suscepta,

1949 913 2222 984 pauculis
2250 915 2518 985 posthaec
2552 916 2848 984 superstes
2871 912 3104 977 diebus,
3147 911 3388 967 modica
3440 911 3606 966 febre

1951 1001 2206 1074 pulsata,
2236 1001 2544 1073 inopinata
2574 1001 2800 1056 cunctis
2832 1000 2935 1055 sed
2977 999 3213 1054 sibimet
3263 999 3380 1070 ipsi
3424 999 3606 1066 longe

1952 1095 2087 1146 ante
2116 1090 2356 1162 provisa
2390 1093 2598 1156 morte,
2633 1089 2857 1160 quippe
2885 1092 2940 1142 et
2967 1087 3126 1142 diem
3160 1087 3327 1142 illum
3384 1090 3440 1142 et
3493 1086 3609 1140 ho-

1951 1195 2080 1234 ram
2107 1178 2384 1250 precibus
2415 1179 2562 1247 (232)
2593 1176 2829 1231 assidue
2861 1174 3187 1247 pravenire
3215 1174 3500 1245 cupierat,
3548 1180 3608 1228 7.

1953 1267 2034 1321 ld.
2072 1266 2368 1322 Februarii
2396 1265 2676 1332 resoluto,
2724 1264 2888 1336 quod
2939 1279 3010 1318 ex
3057 1264 3171 1317 hoc
3222 1267 3610 1335 compactum

1951 1356 2289 1412 necessario
2313 1355 2562 1410 solubile
2613 1359 2756 1421 erat,
2813 1352 3190 1424 corpusculo,
3242 1352 3294 1407 ei
3344 1351 3450 1422 qui
3496 1357 3610 1421 est,

1953 1445 2118 1517 quod
2150 1449 2255 1511 est,
2280 1443 2446 1516 quod
2478 1460 2665 1498 unum
2692 1447 2782 1498 est
2803 1458 3002 1511 suum,
3034 1457 3156 1512 quo
3183 1440 3314 1511 ejus
3366 1439 3610 1510 partici-

1954 1532 2197 1605 patione
2223 1535 2346 1586 tam
2377 1529 2701 1586 honoriﬁce
2730 1545 2841 1584 usa
2870 1532 2977 1594 est,
3005 1527 3448 1596 gratulabunda
3475 1527 3614 1582 red-

1956 1621 2133 1684 didit;
2161 1624 2339 1691 atque
2364 1619 2424 1674 in
2449 1619 2645 1674 medio
2672 1617 2930 1674 basilicae
2962 1616 3146 1672 sancti
3173 1616 3322 1672 Petri
3343 1620 3398 1671 et
3419 1614 3613 1671 sancti

1963 1709 2243 1780 Stephani
2269 1708 2438 1778 juxta
2466 1707 2730 1762 tumulos
2754 1720 2988 1776 regum,
3035 1705 3126 1760 avi
3180 1709 3236 1760 et
3281 1704 3427 1759 avia
3485 1718 3613 1758 sua

1893 1815 1933 1868 Β
1964 1797 2211 1852 Heinrici
2234 1802 2290 1851 et
2335 1795 2675 1864 Mechtildis,
2730 1794 2954 1864 ejulatu
3009 1793 3193 1849 nimio
3246 1792 3617 1864 planctuque

1960 1902 2224 1951 suorum,
2250 1885 2408 1940 diem
2431 1884 2641 1940 futura
2666 1881 3113 1938 resurrectionis
3144 1880 3384 1937 feliciter
3405 1897 3616 1952 expec-

1960 1978 2173 2042 tatura,
2208 1972 2566 2028 reconditur.
2594 1971 2735 2037 Quis
2753 1971 2951 2040 igitur,
2973 1969 3107 2025 licet
3134 1968 3522 2025 adamantino
3540 1967 3616 2022 ri-

1963 2078 2103 2132 gore
2121 2059 2922 2132 pracordialiterinduratus,
2941 2058 3078 2114 huic
3093 2055 3434 2114 miserando
3450 2072 3618 2129 spec-

1963 2149 2158 2206 taculo
2214 2149 2384 2204 siccis
2437 2153 2666 2222 poterat
2721 2148 3006 2203 interesse
3057 2146 3267 2213 oculis,
3299 2159 3436 2200 cum
3465 2141 3619 2197 orba

1965 2244 2308 2296 sanctorum
2328 2239 2593 2310 Dionysii
2610 2243 2667 2292 et
2683 2237 2926 2295 Servatii
2946 2236 3273 2310 prasulum
3291 2231 3618 2299 catervula,

1963 2346 2073 2386 nec
2106 2345 2227 2384 non
2259 2333 2474 2383 sancta
2499 2327 2598 2383 Dei
2629 2326 2930 2395 genitricis
2979 2326 3241 2382 maxime
3291 2339 3364 2379 ex
3414 2325 3620 2378 monte

1964 2418 2339 2489 occidentali,
2359 2434 2428 2474 ac
2451 2415 2640 2473 sancti
2666 2415 2915 2471 Andreae
2941 2431 3013 2470 ex
3043 2411 3398 2470 Walbicensi
3422 2427 3623 2467 cano-

1963 2509 2064 2564 bio
2081 2508 2365 2574 vernula,
2391 2523 2649 2580 quarum
2669 2505 2802 2578 ipsa
2825 2505 2902 2561 ab
2920 2505 3106 2574 initio,
3129 2508 3194 2560 ut
3214 2501 3622 2576 praediximus,

1966 2598 2270 2655 fundatrix
2291 2598 2722 2662 extiterat,eum
2754 2595 2974 2651 caeteris
3005 2597 3223 2650 sancta
3255 2592 3529 2647 Pusinna
3563 2592 3627 2648 in

1966 2687 2373 2753 Winathusen,
2417 2690 2746 2756 sanctoque
2790 2683 3082 2740 Wicberto
3135 2683 3195 2737 in
3251 2680 3433 2754 plano
3451 2679 3630 2749 juxta

1965 2779 2194 2832 curtem
2224 2775 2455 2846 regiam
2496 2773 2954 2840 famulantibus,
2988 2787 3248 2845 quarum
3289 2770 3436 2840 (233)
3493 2767 3636 2827 licet

1968 2865 2256 2940 primava
2270 2879 2662 2938 nequaquam
2685 2862 3077 2918 constructrix
3093 2859 3284 2924 fuerit,
3302 2862 3633 2932 postquam

1966 2953 2295 3010 hareditati
2322 2955 2470 3009 avia
2504 2969 2628 3008 sua
2656 2952 2977 3008 Mechtild'is
2997 2951 3130 3022 jure
3168 2947 3636 3022 propinquitatis

1969 3043 2272 3112 successit,
2295 3048 2568 3098 materno
2599 3057 2701 3097 eas
2733 3057 2900 3097 more
2932 3039 3009 3097 ad
3041 3039 3102 3096 id
3137 3037 3421 3110 temporis
3464 3038 3638 3095 omni

183 3163 328 3233 post
345 3129 634 3214 effrenem
655 3151 954 3209 barbaria
976 3152 1361 3210 motum,non
1389 3143 1606 3214 gladio,
1627 3159 1748 3199 non
1768 3160 1860 3198 ar-
1901 3165 1941 3222 ρ
1972 3131 2230 3188 sollertia
2252 3131 2482 3186 foverat
2509 3163 2576 3171 --
2609 3133 2749 3185 tunc
2772 3129 2933 3201 dico,
2959 3145 3098 3184 cum
3123 3133 3402 3197 matrem,
3444 3143 3638 3200 quam

179 3253 320 3316 mis,
337 3262 463 3303 non
478 3243 612 3300 ullis
632 3242 985 3299 bellicorum
1003 3235 1412 3293 instrumentis
1429 3238 1854 3306 apparatuum,

179 3339 321 3395 licet
379 3340 438 3393 et
491 3334 569 3390 ad
616 3333 743 3388 hac
803 3328 1210 3404 praecipienda
1252 3326 1392 3382 satis
1428 3329 1582 3380 esset
1614 3323 1855 3391 idonea,

182 3427 477 3484 continua
503 3422 863 3494 vigiliarum,
890 3418 1254 3484 orationum,
1281 3414 1614 3485 inediaque
1636 3412 1859 3467 instan-

183 3517 283 3583 tia,
309 3513 422 3571 soli
455 3517 574 3569 Deo
599 3512 843 3575 ihtenta,
877 3508 1035 3564 illius
1066 3505 1320 3562 docente
1367 3508 1423 3559 et
1482 3501 1857 3558 confortante

182 3603 465 3660 subsidio
513 3601 710 3675 prima
756 3598 1042 3673 posuerit,
1100 3594 1383 3668 ponendo
1442 3590 1856 3657 construxerit,

181 3711 384 3768 eoque
410 3708 603 3765 usque
635 3696 856 3746 struere
880 3705 1004 3744 non
1035 3684 1340 3753 destiterit,
1372 3699 1494 3756 quo
1525 3697 1648 3737 non
1690 3679 1858 3768 labo-

181 3767 384 3840 rando
416 3780 524 3837 sed
547 3781 676 3850 ejus
706 3777 1016 3834 laboribus
1049 3772 1470 3836 subintrando.
1533 3767 1858 3824 succeden-

182 3877 272 3928 tes
299 3869 700 3945 postmodum
732 3882 901 3937 reges
935 3869 1101 3920 tanto
1156 3861 1388 3918 facilius
1419 3874 1658 3914 summa
1706 3857 1859 3927 ejus-

183 3960 328 4018 dem
356 3959 529 4034 pacis
555 3957 928 4026 attingerent,
961 3956 1189 4026 quanto
1220 3950 1354 4023 ipsa
1385 3947 1521 4005 imis
1584 3945 1860 4020 primitus

185 4047 616 4109 construendis
689 4043 1029 4116 vigilantius
1086 4041 1450 4098 insudasset.
1515 4035 1860 4094 Novissiinis

182 4156 459 4212 namque
492 4135 862 4209 temporibus
893 4131 1036 4202 suis,
1066 4130 1366 4202 colloquio
1415 4126 1580 4200 apud
1627 4125 1860 4180 Parthe-

183 4230 467 4303 nopolim
497 4226 724 4294 habito,
755 4227 1056 4280 conventu
1083 4220 1506 4295 episcoporum
1538 4231 1677 4272 cum
1707 4214 1860 4271 duce

187 4317 569 4382 Bernhardo,
604 4314 892 4371 comitum
920 4329 988 4368 ac
1044 4311 1222 4367 totius
1251 4312 1492 4364 senatus
1548 4303 1861 4378 plebisque

190 4423 519 4471 concursu,
553 4403 993 4461 confluentibus
1019 4414 1261 4474 quoque
1293 4396 1515 4452 ibidem
1567 4392 1734 4449 omni
1784 4408 1857 4448 ex

187 4499 440 4554 natione
470 4492 700 4564 legatis,
733 4491 1174 4564 undiquesecus
1205 4489 1354 4558 (231)
1386 4484 1622 4549 vallata,
1657 4482 1854 4555 qualis
1898 4518 1940 4572 Β

187 4586 394 4651 fuerit,
411 4600 601 4657 quam
616 4577 1207 4653 inreprehensibilem
1221 4593 1284 4632 se
1300 4572 1651 4637 exhibuerit,
1667 4587 1857 4645 quam

190 4676 355 4732 mira
378 4672 734 4730 discretione
764 4669 980 4741 cuique
1010 4685 1119 4724 sua
1149 4664 1432 4730 tribuerit,
1485 4667 1714 4735 quanta
1765 4680 1863 4719 ve-

192 4763 507 4821 neratione
529 4760 854 4834 prasulum
885 4774 1173 4832 personas
1201 4773 1323 4828 pra
1355 4752 1580 4809 cateris
1632 4753 1860 4809 cunctis

191 4852 556 4919 tractaverit,
637 4855 864 4924 quanta
923 4848 1162 4903 solertia
1225 4845 1559 4917 optimates,
1605 4842 1858 4914 judices,

195 4947 497 5014 aliosque,
529 4957 791 5016 quorum
819 4941 880 4996 id
900 4955 1057 4994 cura
1075 4935 1444 5008 relinquitur,
1465 4949 1575 5007 pro
1611 4933 1863 4989 consoli-

195 5035 410 5092 danda
438 5050 500 5089 re
521 5022 784 5106 publica,
808 5045 918 5102 pro
942 5027 1186 5100 privatis
1207 5026 1387 5081 etiam
1409 5023 1621 5080 usibus
1643 5022 1860 5078 conﬁr-

195 5123 446 5180 mandis
465 5119 783 5185 monuerit,
805 5121 1032 5190 quanta
1057 5114 1296 5170 lenitate
1347 5111 1480 5184 pios
1533 5110 1861 5184 permulse-

196 5214 293 5279 rit,
328 5215 558 5285 quanta
577 5207 938 5264 districtione
993 5220 1126 5261 reos
1177 5202 1466 5268 terruerit,
1513 5203 1860 5272 quantaque

196 5300 500 5358 industria
529 5298 787 5372 patriam
818 5291 1256 5352 conservaverit
1285 5289 1582 5361 adjuverit
1609 5291 1666 5346 et
1686 5303 1862 5346 auxe-

295 5467 424 5522 229)
455 5467 554 5521 Ita
590 5465 655 5519 L.
686 5461 810 5517 ﬁlio
849 5477 898 5517 c.

296 5523 425 5594 230)
458 5536 672 5592 Melius
697 5530 1062 5588 transcendit
1089 5530 1251 5585 Αηη.
1283 5531 1339 5582 et
1369 5524 1515 5583 Chr.
1543 5523 1689 5581 δατ.

294 5602 425 5686 231)
457 5609 554 5686 I_ta
583 5605 822 5686 gerres-3°
845 5619 870 5686 ί
893 5602 1053 5659 unde
1081 5616 1236 5674 quos
1259 5613 1433 5654 secus
1462 5612 1512 5653 ε.

300 5674 434 5755 232)
463 5681 562 5737 Ita
588 5679 654 5736 L.
687 5674 895 5752 probis
921 5690 970 5731 c.

272 5468 295 5754 ἓ

1971 3221 2160 3296 pridie
2189 3221 2508 3292 valentem,
2538 3220 2855 3281 viventem,
2878 3235 2949 3275 ac
2965 3218 3208 3292 populis
3233 3217 3640 3288 imperantem

1969 3314 2278 3379 noverant,
2304 3309 2546 3381 inopine
2589 3307 2982 3373 subtractam,
3039 3305 3281 3377 suisque
3327 3320 3640 3376 nusquam

1970 3401 2085 3456 nisi
2107 3400 2164 3458 in
2194 3405 2418 3455 aeterna
2445 3399 2674 3454 visione
2703 3397 3013 3455 obtutibus
3042 3394 3394 3460 redituram,
3429 3409 3637 3449 sarco-

1969 3489 2173 3562 phago
2201 3488 2343 3558 (234)
2370 3485 2595 3542 includi
2621 3501 2691 3541 ac
2741 3485 2972 3541 tumulo
3025 3481 3271 3538 recondi
3324 3481 3636 3552 deﬂerent,

1971 3593 2153 3650 seque
2177 3593 2315 3632 cum
2345 3593 2416 3632 ea
2439 3575 2591 3632 mori
2616 3591 2802 3647 quam
2826 3589 3137 3647 superesse
3167 3571 3366 3639 malle,
3411 3571 3640 3631 amenti

1970 3667 2240 3739 quadam
2273 3663 2696 3720 vociferatione
2756 3662 3138 3719 clamarent?
3196 3659 3351 3726 Quid
3400 3658 3578 3732 plura
3607 3661 3635 3717 '?

1972 3755 2068 3811 His
2100 3755 2343 3810 tandem
2376 3753 2648 3809 ﬂebiliter
2673 3751 2948 3825 peractis,
3000 3749 3264 3824 praefata
3317 3749 3638 3806 sanctimo-

1970 3844 2156 3899 niales
2204 3843 2442 3899 femina
2493 3859 2632 3899 cum
2688 3841 2986 3915 episcopis
3046 3841 3189 3910 (235)
3242 3854 3398 3911 quos
3428 3838 3636 3898 divina

1971 3932 2286 3989 clementia
2311 3932 2467 3987 illius
2491 3929 2758 4002 exequiis
2789 3928 3152 4002 improvisos
3184 3926 3396 3984 adesse
3426 3926 3632 3998 dispo«

1973 4025 2194 4089 suerat,
2227 4019 2478 4076 Arnulfo
2509 4023 2565 4076 et
2590 4017 2972 4084 Bernwardo,
3004 4031 3113 4072 nec
3134 4029 3258 4071 non
3288 4015 3440 4071 duce
3461 4017 3634 4071 Bern,

1970 4111 2162 4167 hardo
2220 4109 2664 4175 convenientes,
2721 4106 3064 4163 fratruelem
3142 4103 3331 4180 ipsius
3388 4104 3633 4165 damna

1971 4199 2292 4259 Mechtildis
2341 4195 2752 4264 Adelheidam,
2802 4212 2991 4268 quam
3047 4194 3162 4250 sibi
3218 4193 3633 4268 adoptaverat,

1970 4308 2160 4364 quam
2173 4289 2345 4345 unice
2360 4288 2666 4354 dilexerat,
2684 4303 2871 4359 quam
2886 4301 2996 4359 pro
3013 4284 3137 4342 ﬁlia
3153 4283 3404 4342 delicate
3416 4283 3634 4342 nutrie-

1971 4385 2084 4452 rat,
2140 4380 2256 4436 hoc
2298 4377 2493 4434 solum
2524 4376 2762 4433 inﬂictis
2786 4375 3137 4432 vulneribus
3161 4375 3496 4434 remedium
3515 4390 3634 4430 res-
3696 4368 3698 4370 ’

1971 4473 2094 4526 tare
2116 4472 2443 4535 cernentes,
2483 4466 2544 4522 in
2565 4465 2884 4522 dominum
2907 4481 2977 4522 ac
3005 4468 3260 4521 matrem
3284 4464 3398 4520 sibi
3424 4463 3634 4519 unani-

1969 4558 2144 4614 miter
2165 4555 2391 4628 eligunt
2416 4576 2428 4625 ;
2454 4555 2803 4628 legatosque
2845 4553 2974 4610 hac
3017 4553 3213 4627 primo
3263 4553 3509 4610 Francia
3552 4551 3631 4608 ad

1969 4647 2409 4720 imperatricem
2441 4644 2854 4715 Adelheidam,
2881 4647 3138 4700 matrem
3168 4641 3324 4699 illius
3373 4639 3628 4698 Mechtil-

1970 4739 2083 4805 dis,
2113 4735 2334 4793 deinde
2358 4735 2439 4792 ad
2469 4735 2899 4806 imperatorem
2941 4736 3281 4789 Romanum
3329 4731 3626 4800 Ottonem,

1970 4826 2313 4884 fratruelem
2365 4825 2638 4882 videlicet
2685 4824 2897 4898 ipsius,
2953 4826 3154 4878 Roma
3207 4821 3628 4893 deportaturos

1970 4916 2135 4973 omni
2159 4915 2271 4972 sub
2299 4914 2592 4971 celeritate
2609 4912 3036 4970 transmittunt.
3062 4909 3173 4976 Qui
3202 4909 3475 4966 festinato
3499 4923 3629 4980 per~

1971 5005 2294 5076 gentes,ad
2313 5007 2632 5074 augustam
2649 5001 2889 5058 inbrevi
2903 4999 3169 5066 veniunt,
3202 5013 3458 5070 eamque
3494 4996 3631 5056 licet

1970 5099 2106 5152 ante
2127 5107 2402 5166 praesaga
2421 5095 2621 5146 mente
2639 5089 2865 5162 aliquid
2887 5087 3000 5144 sibi
3047 5085 3415 5144 intolerabile
3458 5101 3629 5142 even-

1971 5187 2168 5240 turum
2201 5177 2542 5253 prascierit,
2565 5177 2787 5234 nuncio
2814 5177 2914 5232 illo
2947 5174 3165 5232 infelici
3195 5174 3424 5231 viscere
3453 5178 3626 5232 tenus

1971 5271 2244 5328 sauciant
2262 5288 2275 5338 ;
2301 5266 2750 5340 assumptisque
2765 5265 2894 5324 aliis
2909 5265 2992 5322 ibi
3013 5281 3218 5322 secum
3231 5264 3626 5338 imperatrieis

2061 5518 2190 5575 234)
2222 5519 2319 5574 Ita
2344 5518 2412 5572 L.
2441 5531 2613 5572 sarco
2633 5531 2683 5572 c.

2064 5446 2188 5503 233)
2212 5446 2307 5501 Ita
2333 5445 2403 5500 L.
2430 5446 2650 5499 Harum
2683 5459 2734 5501 c.

2064 5450 2168 5503 233
2212 5446 2307 5501 Ita
2333 5446 2403 5500 L.
2430 5446 2650 5499 Harum
2683 5459 2734 5501 c.

2061 5521 2168 5575 234
2222 5519 2319 5574 Ita
2344 5518 2412 5572 L.
2441 5531 2613 5572 sarco
2633 5531 2683 5572 c.

2042 5446 2194 5666 3235i
2224 5592 2284 5648 C.
2307 5604 2360 5647 e.
2387 5589 2600 5648 desunt
2627 5601 2652 5662 ;
2682 5588 2883 5645 Leibn.
2915 5601 2991 5645 ea:
3013 5588 3174 5645 Ann.
3196 5587 3344 5645 δατ.
3379 5587 3620 5655 recepit.
