3980 6176
309 191 411 244 535

1265 185 1524 240 ANNAL.
1567 182 2011 239 HILDESHEIM.
2056 182 2430 247 QUEDLINB.
2472 183 2849 240 WEISSEMB.

3627 182 3734 234 536

1306 310 1628 365 ANNALES
1669 307 2403 373 QUEDLINBURGENSES.
2448 309 2513 362 A.
2570 309 2725 363 1000.

312 408 585 481 ejusdem
626 406 854 474 legatis,
878 408 1129 461 Romam
1145 407 1518 480 perveniunt,
1543 406 1966 478 imperatorem
2006 408 2052 459 Α
2079 404 2350 475 largitate
2380 405 2486 461 sed
2510 419 2760 477 corpore
2817 402 3119 469 deﬁciens,
3179 400 3520 457 necessario
3576 399 3743 473 quie’

314 501 636 567 augustum
662 493 881 548 recenti
904 495 1137 567 nepotis
1167 511 1342 568 papae
1373 495 1689 563 Brunonis,
1720 493 1825 565 qui
1856 496 1968 548 Ro-

312 601 495 643 mana
526 583 732 652 lingua
756 584 1071 653 Gregorius
1102 592 1368 651 vocatur,
1413 585 1578 640 obitu
1634 583 1970 639 admodum

2081 497 2213 548 tura
2236 493 2329 549 vel
2358 493 2668 549 modicum
2700 508 2830 547 sese
2861 490 3231 547 reclinaverit
3259 508 3272 557 ;
3306 488 3367 544 id
3422 493 3627 544 tamen
3680 487 3739 543 in

2077 587 2217 638 voto
2248 581 2499 649 habens,
2520 598 2594 637 ne
2616 580 2709 636 vel
2742 580 3029 646 sedendo,
3063 579 3158 635 vel
3188 579 3424 643 stando,
3482 577 3574 632 vel
3605 576 3742 649 qui-

312 676 594 729 maestum
626 671 948 745 reperiunt,
980 689 1049 729 ac
1095 674 1277 746 priori
1334 673 1725 747 posteriorem
1782 672 1971 728 multo
2077 670 2330 727 buslicet
2348 669 2845 742 occupationibus
2866 669 3123 735 detenta,
3142 683 3413 741 unquam
3436 664 3745 722 afamilia-

316 761 654 833 graviorem
685 761 1025 833 adjiciendo
1053 762 1347 829 dolorem,
1371 762 1450 817 ob
1472 778 1788 818 excessum
1846 778 1972 817 sure

314 850 731 906 illustrissimm
783 851 980 907 amita!
1011 868 1083 907 ex
1115 857 1328 906 moesto
1362 852 1813 907 maestissimum
1844 850 1974 907 red-

315 940 485 995 dunt.
522 944 648 995 Non
681 939 877 995 solum
920 941 1120 1012 itaque
1152 940 1475 1013 imperator
1502 945 1793 1007 angustus
1822 941 1973 1009 ejus-

316 1046 434 1103 que
467 1045 757 1101 sequaces
789 1029 1473 1102 Mechthildispi-zeclarte
1501 1029 1873 1102 corporalem
1891 1030 1976 1083 in-

318 1116 556 1173 teritum
580 1115 803 1185 lugent,
848 1116 953 1171 sed
979 1133 1366 1189 quocumque
1386 1133 1490 1188 per
1508 1117 1690 1185 vicos,
1723 1132 1829 1189 per
1855 1116 1977 1188 pla-

318 1209 467 1271 teas,
490 1220 597 1276 per
615 1205 894 1277 compita.
914 1220 1022 1278 per
1043 1204 1200 1276 avia,
1216 1205 1378 1260 necis
1406 1205 1560 1260 illius
1578 1205 1741 1261 fama
1757 1204 1973 1273 sonuit,

318 1300 562 1370 pectora
586 1295 913 1360 tundendo,
942 1296 1133 1351 crines
1166 1296 1510 1366 lacerando,
1570 1296 1797 1352 luctum
1855 1313 1976 1368 prae

323 1384 557 1457 gaudiis
579 1384 864 1451 amando,
897 1384 1100 1456 ipsum
1131 1402 1249 1441 tera
1297 1385 1674 1441 lachrimosis
1727 1385 1978 1441 vocibus

320 1474 581 1548 pulsant.
615 1474 952 1546 Resumptis
983 1490 1125 1542 ergo
1152 1474 1397 1529 demum
1427 1480 1563 1546 post
1597 1479 1825 1530 tantam
1847 1491 1978 1547 per-

324 1560 725 1616 turbationem
753 1561 937 1616 animi
957 1562 1200 1629 viribus,
1225 1563 1550 1635 imperator
1572 1563 1849 1635 praefatus
1868 1579 1980 1637 pro

326 1648 630 1721 obsequiis
654 1650 1014 1706 venerandze
1041 1668 1165 1706 sure
1197 1653 1392 1707 amitae
1420 1652 1715 1720 exhibitis,
1762 1657 1820 1708 et
1870 1668 1981 1725 pro

2080 758 2316 815 rissimo
2362 759 2474 813 sibi
2520 757 3060 814 misericordiarum
3085 772 3263 829 opere
3293 759 3574 811 cessaret.
3614 756 3745 809 Haec

2080 847 2259 917 igitur
2284 846 2629 920 postpositis
2680 864 2816 919 qure
2866 862 3010 902 esse.
3048 844 3344 909 videntur,
3394 860 3518 899 non
3577 844 3744 915 quod

2082 936 2200 992 sint
2222 940 2393 1008 (238),
2411 937 2555 1009 quia
2572 940 2901 1003 transeunt,
2932 934 3037 991 sed
3057 934 3223 1007 quod
3244 934 3419 989 nobis
3450 948 3749 987 sensuum

2082 1026 2367 1099 qualitate
2399 1027 2752 1097 degentibus
2784 1042 2916 1081 esse
2946 1025 3282 1090 videantur,
3314 1026 3379 1078 ut
3406 1021 3529 1077 dixi
3560 1020 3752 1076 nobili

2084 1116 2183 1171 illa
2240 1115 2500 1171 hominis
2554 1115 2949 1189 praerogativa
2996 1113 3075 1169 ad
3118 1129 3190 1169 ea
3246 1129 3382 1185 quae
3420 1127 3558 1167 vere
3587 1115 3752 1169 sunt.

2086 1205 2190 1278 qui
2220 1221 2327 1260 nec
2359 1209 2558 1261 ortum
2592 1205 2681 1261 sui
2712 1204 3036 1276 respiciunt
3066 1219 3176 1257 nec
3206 1202 3388 1257 ﬁnem
3419 1205 3611 1257 totam
3665 1214 3754 1254 se—

2088 1310 2149 1348 se
2181 1294 2414 1363 erigens
2460 1294 2597 1350 nisu
2652 1295 2802 1364 (239)
2857 1309 2925 1347 ac
2986 1291 3215 1346 meliori
3267 1290 3441 1346 oculo
3487 1304 3756 1361 superna

2089 1399 2327 1455 semper
2352 1384 2611 1449 intuens,
2640 1382 2907 1438 tamdem
2934 1381 3191 1437 emeritae
3224 1379 3558 1435 admodum
3619 1382 3757 1433 mta-

2088 1473 2184 1539 tis,
2210 1472 2284 1528 ad
2310 1489 2446 1528 eum
2480 1488 2662 1539 quem
2694 1471 3130 1527 medulletcnus
3157 1470 3415 1525 sitiverat
3457 1472 3520 1523 16
3579 1468 3753 1538 (240).

2090 1561 2208 1618 Cal.
2240 1564 2483 1629 Januar,
2514 1561 2792 1617 laborum
2846 1576 3094 1615 suorum
3151 1556 3618 1631 centuplicatam
3671 1570 3758 1610 re-

2091 1654 2337 1722 ceptura
2367 1649 2727 1715 mercedem,
2761 1648 3032 1719 angelico
3056 1647 3273 1720 stipata
3298 1651 3477 1715 coetu,
3497 1644 3759 1714 gloriosa

325 1738 608 1794 electione
637 1739 882 1809 sororis,
917 1744 1112 1810 grates
1146 1741 1291 1811 (236)
1324 1746 1545 1797 sanctae
1578 1742 1983 1812 congregatio-
2022 1757 2061 1810 Β
2091 1739 2385 1809 migravit,
2416 1744 2595 1811 atque
2625 1738 2687 1794 in
2715 1738 2964 1795 basilica
3007 1736 3285 1794 Salisensi
3345 1736 3513 1807 (241),
3567 1749 3758 1807 quam

326 1827 388 1883 ni
417 1828 735 1885 remandat
766 1829 1135 1898 innumeras,
1164 1847 1422 1904 eamque
1452 1830 1666 1886 honori
1722 1836 1779 1887 et
1819 1831 1985 1887 oneri

328 1916 535 1973 matris
567 1917 864 1990 spiritalis,
900 1934 1021 1973 non
1051 1923 1113 1974 ut
1142 1919 1334 1991 potuit
1364 1920 1737 1991 imperando.
1771 1921 1873 1975 sed
1923 1924 1989 1975 ut

328 2005 499 2079 pium
547 2005 744 2061 decuit
804 2006 1188 2078 postulando,
1249 2008 1567 2063 succedere
1617 2008 1985 2065 deliberavit.

332 2094 503 2159 Quod
533 2098 589 2150 et
614 2094 811 2150 divina
848 2094 1162 2151 ordinante
1185 2096 1497 2152 clementia
1526 2097 1650 2153 sine
1669 2115 1838 2153 mora
1860 2115 1991 2171 per-

331 2182 545 2252 agitur.
601 2186 659 2237 In
702 2182 931 2237 solenui
976 2199 1241 2255 namque
1295 2184 1587 2240 Michaelis
1647 2182 1990 2253 archangeli

331 2273 483 2328 festo
513 2271 796 2328 electione
826 2272 1053 2340 iterata,
1084 2273 1161 2328 ab
1193 2273 1439 2329 Arnulfo
1483 2274 1757 2344 ejusdem
1805 2273 1991 2329 eccle-

335 2362 435 2417 siae
462 2361 766 2435 episcopo,
799 2362 1134 2417 astantibus
1162 2361 1290 2418 aliis
1314 2362 1609 2435 episcopis
1655 2368 1711 2418 et
1764 2363 1992 2418 domna

334 2450 521 2521 regali
555 2450 777 2523 Sophia
808 2467 1011 2507 sorore
1043 2467 1155 2507 sua
1184 2452 1436 2522 majore,
1467 2457 1524 2507 et
1556 2457 1732 2526 nepte
1760 2469 1869 2508 sua
1923 2452 1991 2507 il-

332 2539 503 2595 lustri
532 2538 847 2595 abbatissa
873 2540 1205 2610 Hathwiga,
1260 2540 1609 2613 cunctisque
1654 2541 1821 2610 regni
1878 2541 1993 2613 pri-

332 2628 594 2684 matibus
622 2629 937 2702 utriusque
971 2646 1174 2699 sexus,
1207 2646 1413 2686 coram
1435 2630 1605 2686 altari
1632 2630 1825 2686 sancti
1846 2630 1995 2686 Petri

331 2716 743 2790 apostolorum
766 2717 1051 2792 principis
1072 2722 1130 2774 et
1148 2719 1337 2773 sancti
1357 2718 1640 2792 Stephani
1663 2724 1994 2791 protomar-

330 2806 475 2878 tyris
503 2807 732 2863 honore
758 2822 1027 2876 congruo
1058 2806 1455 2877 benedicitur,
1489 2808 1705 2863 throno
1754 2808 1994 2864 domnm

329 2894 540 2950 matris
563 2894 944 2965 sublimatur,
976 2895 1200 2995 regula;
1232 2896 1675 2964 commissione,
1703 2897 1764 2953 in
1786 2914 1909 2970 qua
1933 2913 1995 2952 se

330 2982 562 3054 sibique
576 2982 981 3054 subjectarum
994 2982 1180 3039 vitam
1197 2984 1369 3057 quasi
1394 2984 1453 3039 in
1468 2984 1711 3058 speculo
1730 2990 1996 3058 spectare

331 3070 729 3145 omniumque
764 3072 999 3129 solertia
1031 3088 1236 3143 regere
1264 3074 1473 3141 discat,
1504 3090 1627 3130 non
1685 3075 1997 3131 modicum

332 3163 617 3216 oneratur
642 3179 655 3230 ;
687 3160 956 3234 quidque
987 3161 1162 3235 spatii
1190 3161 1494 3218 miseratio
1520 3162 1738 3219 deinde
1793 3164 1997 3220 Omni-

329 3248 588 3324 potentis
635 3251 1012 3319 concesserit,
1070 3251 1358 3321 dignitate
1408 3252 1626 3308 eximia
1675 3256 1731 3309 et
1752 3252 1995 3322 gaudio,

329 3355 456 3396 non
488 3342 687 3397 tamen
719 3339 846 3396 sine
869 3357 1015 3397 cura
1036 3339 1329 3414 pervigili,
1364 3344 1757 3396 transactura.
1792 3340 2000 3397 Modici

330 3428 509 3499 igitur
537 3429 834 3485 intervalli
867 3429 1062 3502 spatio
1092 3428 1437 3495 Adelheida,
1488 3429 1750 3501 praefatae
1806 3429 1997 3485 Mach-

334 3517 494 3574 tildis
524 3517 797 3587 genitrix,
824 3516 1031 3572 inclita
1062 3519 1472 3573 Romanorum
1497 3517 1842 3589 iinperalrix
1900 3533 2003 3573 au-

334 3609 531 3677 gusta,
563 3620 700 3676 quae
732 3608 962 3660 statum
992 3604 1226 3676 imperii
1252 3610 1408 3660 terra
1424 3606 1697 3678 marique
1729 3606 1840 3661 sibi
1868 3606 2005 3662 sub-

336 3689 452 3746 acti
479 3704 603 3745 una
633 3706 773 3745 cum
803 3706 913 3747 suo
944 3694 1242 3759 consorte,
1278 3696 1534 3761 augusto
1568 3692 1789 3748 scilicet
1832 3709 2003 3764 mag-

336 3792 418 3833 no
449 3780 507 3833 et
534 3776 793 3851 paciﬁco
821 3779 1051 3845 Ottone,
1084 3794 1207 3835 non
1236 3779 1436 3835 minus
1458 3780 1681 3837 meritis
1712 3781 2008 3839 moribus-

338 3882 457 3941 que
484 3866 837 3938 insignierat
863 3868 1135 3940 egregiis,
1168 3884 1355 3942 quam
1382 3868 1479 3925 ille
1496 3869 1725 3926 viribus
1738 3875 1795 3927 et
1806 3872 2010 3928 trium-

337 3956 475 4031 phis
527 3956 964 4015 consolidasset
1014 3958 1286 4027 eximiis;
1338 3962 1474 4031 post
1518 3959 1750 4016 obitum
1805 3960 2007 4034 itaque

342 4046 473 4117 ejus
502 4049 559 4102 et
588 4046 720 4119 ipsa
749 4063 856 4120 per
886 4051 1075 4104 totum
1109 4047 1310 4105 seculo
1337 4047 1619 4116 moriens,
1653 4049 1833 4122 quasi
1883 4065 2008 4106 non

346 4133 462 4190 sibi
490 4138 635 4191 nata
663 4135 769 4191 sed
794 4135 1046 4209 inopum
1076 4136 1287 4193 usibus
1314 4140 1550 4194 tantum
1591 4137 1875 4194 divinitus
1920 4154 2011 4195 es-

348 4226 436 4279 set
462 4223 727 4295 provisa,
761 4224 1057 4298 quidquid
1088 4225 1311 4283 habere
1337 4226 1549 4298 potuit,
1586 4227 1754 4297 regni
1801 4226 2009 4284 videli-

350 4314 442 4366 cet
467 4325 717 4366 censum
744 4315 866 4367 toto
891 4312 1034 4368 orbe
1067 4312 1377 4370 tributario
1398 4314 1531 4385 jure
1557 4314 1654 4371 vel
1678 4314 1854 4371 etiam
1899 4315 2008 4372 do-

351 4398 520 4454 nario
549 4399 889 4471 quaesitum,
934 4400 1087 4456 inter
1138 4406 1350 4458 caetera
1408 4403 1693 4460 virtutum
1748 4403 2006 4475 insignia

353 4485 638 4542 manibus
659 4502 997 4560 pauperum
1022 4488 1084 4544 in
1114 4488 1383 4546 caelestes
1413 4490 1858 4564 deportandum
1887 4493 2011 4550 the-

358 4591 569 4631 sauros
598 4575 773 4632 hilari
803 4581 1002 4633 mente
1032 4581 1089 4634 et
1114 4577 1262 4635 facie
1284 4581 1712 4637 commendare
1732 4597 1857 4639 non
1883 4581 2016 4639 des-

354 4663 485 4720 titit.
518 4664 786 4721 Vidimus
818 4681 1082 4739 namque
1113 4682 1248 4723 eam
1274 4668 1652 4739 creberrime,
1688 4670 1794 4728 sed
1832 4687 2019 4728 secre-

356 4752 608 4825 tissima,
641 4770 809 4811 more
837 4755 1202 4813 rusticarum
1245 4757 1323 4814 ad
1378 4757 1442 4815 id
1485 4759 1879 4818 desiderabile
1927 4761 2020 4818 sui

356 4860 512 4917 opus
543 4845 931 4914 succinctam,
963 4862 1039 4903 ne
1075 4846 1167 4904 vel
1216 4846 1349 4921 ipsa
1394 4850 1654 4907 vestium
1710 4851 2019 4923 prolixitas

354 4930 543 4988 ullam
573 4932 686 4989 sibi
714 4932 982 5004 ingerere
1008 4940 1213 5008 posset
1232 4938 1553 5004 morulam,
1578 4939 1879 4996 ambabus
1909 4956 2020 5014 pro

356 5020 568 5078 dextra
588 5023 871 5079 manibus
903 5040 1077 5081 usam
1104 5025 1275 5098 (237),
1310 5032 1435 5097 tam
1465 5028 1570 5084 diu
1597 5029 1699 5103 pio
1728 5029 1867 5086 huic
1895 5029 2022 5086 ins-

359 5108 543 5165 titisse
587 5109 802 5183 labori,
869 5128 1187 5188 quousque
1238 5114 1553 5173 vacillante
1594 5116 1836 5173 incessu
1900 5132 2023 5176 non

429 5197 599 5276 (236)
634 5201 717 5256 Μ.
772 5205 827 5257 2.
879 5202 940 5258 in
992 5204 1428 5276 margineipost
1454 5209 1513 5262 et
1535 5209 1783 5276 scripta,
1817 5208 1922 5264 sed
1948 5222 2024 5266 ea:

356 5265 520 5341 Ann.
554 5265 702 5341 Sua.
736 5277 790 5327 et
807 5287 922 5341 pro
947 5265 1239 5333 senteﬁtia
1268 5265 1366 5333 hic
1390 5265 1711 5335 statuenda
1751 5265 1903 5337 erat.

452 5339 581 5410 237)
603 5341 699 5397 Ita
722 5342 791 5396 L.
809 5339 937 5399 ‘usa
968 5360 1018 5401 c.

451 5410 579 5486 23S)
610 5411 675 5486 ρ.
699 5427 837 5468 vere
870 5414 990 5472 sint
1021 5416 1164 5474 Chr.
1197 5420 1341 5486 Sam.

451 5481 579 5567 239)
609 5483 707 5567 Ita
729 5486 964 5557 corrigo
992 5502 1017 5557 ,'
1044 5487 1177 5546 visu
1200 5505 1251 5547 c.
1277 5481 1411 5549 toto
1439 5509 1501 5552 se
1531 5491 1775 5567 erigens
1807 5491 1952 5550 anni
1993 5508 2024 5546 η

360 5548 591 5609 Chron}
627 5554 814 5613 Saxo.

2094 1828 2230 1901 ipsa
2252 1829 2309 1883 in
2340 1828 2568 1884 honore
2602 1827 2790 1883 sancti
2818 1827 2967 1883 Petri
2996 1824 3283 1899 principis
3340 1822 3758 1897 apostolorum

2093 1918 2194 1990 pio
2222 1917 2428 1973 labore
2462 1921 2894 1978 construxerat,
2925 1914 3254 1972 honoriﬁce
3299 1912 3651 1969 tumulatur.

2172 2099 2308 2151 1000
2337 2096 2503 2167 (242).
2534 2095 2716 2166 Cujus
2742 2094 2909 2150 obitu
2939 2097 3080 2167 post
3094 2092 3403 2148 modicum
3426 2094 3756 2163 comperto,

2096 2184 2422 2256 imperator
2452 2189 2743 2255 angustus
2772 2183 2926 2239 ultra
2956 2198 3143 2255 quam
3174 2180 3333 2237 credi
3372 2184 3565 2253 potest
3618 2194 3764 2234 mm-

2097 2272 2251 2329 roris
2283 2272 2583 2328 nimietate
2614 2271 2870 2329 afﬁcitur
2904 2276 3213 2339 ;sanctam
3272 2269 3373 2326 Dei
3423 2267 3760 2336 ecclesiam,

2099 2378 2235 2434 quae
2268 2362 2615 2417 continuato
2646 2362 2823 2417 trium
2845 2361 3020 2433 lapsu
3050 2360 3492 2428 columnarum,
3537 2356 3760 2430 quibus

2101 2452 2252 2508 mira
2275 2449 2553 2507 ﬁrmitate
2582 2451 2841 2507 subnixa
2884 2451 3174 2507 hactenus
3233 2449 3595 2505 inconcussa
3653 2453 3761 2502 ste-

2101 2544 2250 2598 terat
2269 2540 2476 2596 domni
2510 2540 2728 2597 scilicet
2759 2540 3089 2614 apostolici,
3119 2540 3391 2612 aviaeque
3435 2554 3558 2593 suae
3608 2552 3764 2609 prae-

2103 2629 2659 2702 fataeimperatricis
2711 2633 3001 2700 augustae,
3049 2645 3160 2685 nec
3214 2644 3337 2685 non
3392 2626 3591 2684 amitae
3642 2642 3764 2681 sua:

2101 2718 2429 2791 imperialis
2455 2718 2774 2775 abbatissa:
2796 2717 3144 2787 Mechtildis,
3175 2716 3543 2773 discessibus
3592 2713 3767 2770 vacil-

2078 2807 2247 2889 lare,
2278 2806 2509 2879 sibique
2535 2807 2663 2878 jam
2695 2806 2805 2863 soli
2828 2804 2999 2863 inniti
3030 2808 3181 2878 (243)
3225 2803 3629 2877 conspiciens,
3673 2818 3769 2858 cu-

2103 2912 2307 2953 rarum
2335 2896 2602 2970 pondere
2632 2900 2933 2966 gravatur.
2967 2895 3067 2950 His
3098 2900 3320 2964 tamen,
3353 2909 3491 2967 qua;
3544 2892 3768 2949 ibidem

2105 2986 2198 3043 vel
2257 2987 2318 3042 in
2372 2986 2783 3043 ecclesiasticis
2840 2984 2936 3040 vel
2987 2984 3165 3041 etiam
3211 2984 3273 3041 in
3299 2982 3535 3057 pullicis
3591 2981 3772 3037 rebus

2037 3110 2077 3166 ο
2106 3078 2344 3146 agenda
2373 3081 2564 3166 erant,
2590 3076 2697 3132 rite
2747 3074 3076 3166 dispositis,
3130 3074 3413 3166 pat_riam_
3443 3071 3776 3166 desolatam

2105 3166 2279 3240 quasi
2307 3165 2727 3222 consolaturus
2758 3164 2933 3220 citato
2962 3180 3143 3220 cursu
3172 3162 3524 3219 adeundam
3551 3160 3774 3216 delibe-

2105 3259 2234 3317 rat;
2263 3254 2430 3327 quod
2462 3259 2518 3310 et
2545 3253 3038 3310 acceleratissime
3066 3252 3225 3322 facit,
3265 3267 3390 3308 non
3441 3250 3652 3324 paucis
3704 3265 3774 3306 ex

2107 3346 2377 3399 Romano
2435 3347 2646 3398 senatu
2697 3357 2823 3397 una
2862 3357 3068 3397 secum
3118 3338 3529 3414 pergentibus.
3556 3340 3772 3394 Trans-

2110 3447 2323 3487 scensa
2350 3447 2492 3486 vero
2520 3430 2763 3503 Alpium
2819 3429 3187 3499 difﬁcultate,
3237 3434 3301 3485 ut
3359 3428 3557 3501 primo
3607 3427 3770 3483 hisce

2109 3520 2257 3592 (244)
2287 3520 2559 3593 partibus
2596 3519 2814 3592 pedem
2844 3519 3058 3575 inferre
3113 3518 3325 3592 potuit,
3385 3520 3507 3573 tota
3550 3516 3604 3571 ei
3644 3514 3772 3572 Gal-

2109 3607 2209 3675 lia,
2245 3606 2511 3674 Francia,
2547 3606 2782 3675 Suevia,
2815 3607 3074 3679 equestri
3104 3610 3162 3661 et
3217 3604 3477 3679 pedestri
3530 3603 3771 3673 agmine

2111 3696 2422 3751 turmatim
2454 3694 2693 3751 obviam
2717 3695 2851 3751 ruit.
2882 3695 3147 3751 Dominae
3179 3694 3361 3750 etiam
3409 3691 3773 3766 imperiales,

2114 3800 2419 3856 germania
2494 3800 2617 3839 suae
2700 3800 2956 3851 sorores,
3036 3784 3258 3857 Sophia
3315 3787 3373 3839 et
3423 3780 3773 3849 Adelheida,

2114 3890 2255 3930 cum
2287 3872 2561 3931 Saxoniae
2590 3876 2648 3929 et
2690 3872 3027 3943 Thuringias
3083 3872 3396 3944 utriusque
3426 3886 3606 3925 sexus
3663 3868 3778 3941 pri-

2115 3964 2230 4019 mis
2277 3961 2671 4029 occurrendo,
2733 3961 2897 4017 velut
2962 3961 3206 4017 unicum
3264 3959 3438 4015 unice
3491 3958 3776 4014 dilectum

2115 4054 2231 4109 hac
2288 4052 2499 4108 merito
2529 4050 2924 4122 diligendum,
2964 4050 3119 4123 ipso,
3152 4053 3217 4105 ut
3261 4049 3344 4105 ita
3390 4048 3616 4115 dicam,
3647 4062 3777 4103 cor-

2116 4142 2344 4199 ridente
2376 4140 2627 4213 mundo,
2676 4139 2949 4195 unanimi
2974 4138 3368 4208 gratulatione
3422 4136 3779 4209 suscipiunt,

2118 4246 2190 4287 ac
2211 4247 2350 4287 cum
2383 4245 2455 4285 eo
2484 4228 2724 4301 pariter,
2754 4227 3049 4301 quamdiu
3080 4226 3359 4283 destinati
3398 4224 3625 4281 itineris
3680 4240 3783 4280 ac-

2117 4319 2391 4378 celeratio
2471 4316 2830 4391 patiebatur,
2885 4315 3089 4372 debita
3144 4315 3386 4372 caritate
3444 4319 3782 4370 morantur.

2122 4409 2220 4466 Ille
2250 4424 2391 4464 vero
2422 4404 2745 4475 evangelici
2798 4420 2921 4461 non
2967 4404 3290 4460 immemor
3317 4402 3622 4477 praecepti,
3660 4416 3786 4475 quo

2123 4497 2376 4555 dicitur:
2406 4496 2682 4551 Primum
2713 4496 2962 4566 quaerite
2986 4509 3237 4564 regnum
3274 4493 3401 4563 Dei,
3428 4492 3601 4561 juxta
3657 4506 3789 4545 mo-

2121 4605 2249 4647 rem
2278 4591 2598 4661 parentum
2629 4600 2880 4640 suorum
2908 4584 3363 4657 imperatorum,
3417 4580 3625 4637 omnia
3676 4596 3789 4635 sua

2123 4677 2330 4735 divina
2355 4675 2480 4746 regi
2510 4690 2581 4731 ac
2606 4672 2909 4730 meliorari
2933 4677 3225 4745 exoptans
3277 4669 3613 4735 clementia,
3673 4668 3791 4724 hu-

2125 4764 2252 4824 mili
2278 4763 2593 4821 devotione
2623 4761 2684 4818 in
2717 4760 3013 4819 Sclaviam
3062 4763 3343 4815 sanctum
3393 4756 3793 4813 Adalbertum

2125 4869 2320 4928 nuper
2354 4868 2466 4927 pro
2527 4849 2757 4909 Christo
2809 4848 3145 4904 laureatum
3190 4846 3357 4915 adiit,
3406 4846 3658 4917 ejusque
3703 4844 3791 4899 in-

2127 4945 2460 5000 terventum
2542 4937 2820 4997 obnixius
2875 4936 3057 5010 petiit.
3114 4935 3197 4991 Ibi
3250 4950 3491 4990 summo
3547 4932 3795 4989 conani-

2128 5047 2226 5089 me
2246 5046 2284 5087 a
2312 5030 2464 5087 duce
2496 5025 2843 5086 Sclavonico
2874 5023 3243 5081 Bolizlavone
3288 5025 3629 5093 susceptus,
3688 5036 3796 5076 xe-

2130 5118 2247 5176 niis
2278 5116 2584 5187 omnigeni
2608 5110 2826 5172 census
2867 5111 3093 5186 ubique
3143 5116 3435 5167 terrarum
3488 5107 3801 5164 studiosis-

2204 5208 2466 5277 (240)]ιιι
2494 5203 2835 5277 correxiex
2862 5202 3023 5277 ᾼηη.
3047 5206 3130 5277 Et
3168 5200 3413 5277 Chron.
3448 5197 3677 5277 qulqn.
3742 5202 3799 5253 et

2131 5268 2500 5348 Nécrologiis
2527 5274 2876 5348 Stahgglensi
2896 5287 3009 5328 sec.
3037 5272 3143 5330 XI.
3176 5270 3440 5327 ineuntis
3465 5273 3521 5325 et
3550 5268 3800 5325 Muren-

2132 5345 2418 5425 si,.cod_ea'£
2439 5347 2615 5425 Ιξςιὺβι
2643 5345 2840 5425 XVI!-

2206 5420 2354 5492 (241)
2387 5417 2533 5494 Seltz
2558 5417 2616 5473 in
2629 5416 2886 5494 _Alsatia.
2908 5486 2938 5494 __
3412 5482 3424 5494 ο
3589 5481 3601 5493 .

2231 5495 2358 5558 242)
2388 5491 2504 5564 Hic
2530 5486 3424 5564 codex‘pergitunumero.anni
3476 5486 3693 5564 omisso
3743 5495 3795 5535 c.

2230 5553 2358 5627 243)
2390 5563 2483 5618 Ita
2508 5563 2574 5617 L.
2607 5576 2683 5617 ea:
2704 5553 2927 5615 C—hro'n.
2948 5553 3110 5627 δατ.
3142 5553 3258 5610 sibi
3282 5554 3321 5610 i.
3354 5570 3402 5612 ε.
3447 5553 3639 5611 anniti
3668 5566 3722 5611 ς.

2228 5632 2356 5706 244)
2384 5635 2443 5690 P.
2478 5631 2676 5690 Gallia
2701 5646 2762 5704 p.
2787 5628 3014 5686 Chron.
3040 5626 3226 5687 Saxo.
