3986 6178
205 219 287 270 537
885 207 976 262 ET
1015 207 1385 264 LAMBERTI
1423 204 2017 286 ASCRAFNABURG.
2060 204 2244 260 PARS
2283 206 2562 260 ALTERA
2601 207 2982 265 GUENUINA.
3588 218 3692 272 538

1131 332 1470 389 ANNALES
1513 329 2273 398 QUEDLINBURGENSES.
2317 329 2385 383 A.
2436 331 2748 386 1001-1002

200 445 332 500 sime
383 440 652 514 quaesitis
703 437 1138 510 obsequialiter
1189 438 1490 506 donatur;
1561 437 1696 492 licet
1725 435 1878 492 nihil
1917 436 1970 489 Α
2003 435 2226 490 standa
2249 433 2584 490 decederet.
2614 437 2872 505 Moestus,
2903 443 2969 494 ut
2993 439 3208 511 ferunt,
3251 443 3313 498 in
3365 441 3690 514 cujusdam

198 539 324 589 tunc
355 529 643 602 temporis
673 545 746 584 ex
780 528 874 583 his
925 529 1246 599 acceperit,
1309 527 1534 600 quippe
1593 526 1698 598 qui
1748 540 1876 580 non

193 620 460 694 rapiendi
487 635 596 674 nec
627 616 932 679 sumendi,
964 615 1067 671 sed
1093 615 1290 672 dandi
1342 621 1399 672 et
1443 614 1657 672 orandi
1689 629 1878 669 causa

195 727 258 767 eo
287 709 406 765 loci
438 707 838 764 adventasset.
872 709 932 760 ln
966 703 1234 777 patriam
1268 705 1600 771 revertitur,
1633 719 1703 758 ac
1726 703 1879 766 Que-

190 797 570 869 delingnensi
589 795 824 851 civitate
856 798 1129 849 sanctum
1173 795 1411 866 pascha
1439 792 1873 858 celebraturus,

189 890 246 945 in
277 889 417 962 ipso
447 889 664 951 monte,
699 884 808 940 ubi
842 884 1338 939 sanctimonalies
1367 884 1604 940 feminae
1632 880 1747 935 ritu
1773 894 1874 933 ca-

185 978 412 1034 nonico
431 974 776 1046 regulariter
809 973 1035 1029 Christo
1055 973 1433 1042 deserviunt,
1466 989 1574 1046 per
1601 985 1875 1027 amorem

183 1065 419 1121 dilectae
449 1080 567 1118 suae
598 1063 830 1118 sororis
859 1060 1204 1118 Adelheidee
1258 1063 1580 1119 abbatissa;
1636 1073 1876 1114 ccenam

183 1153 828 1225 Domini,parasceven
860 1166 1098 1222 quoque
1128 1155 1193 1206 et
1215 1151 1540 1207 sabbatum
1572 1154 1875 1219 sanctum,

181 1259 298 1299 nec
344 1258 465 1297 non
507 1239 883 1296 dominicam
937 1243 1170 1295 noctem
1233 1241 1680 1306 resurectionis,
1729 1271 1798 1278 —
1829 1238 1878 1293 si

183 1338 396 1388 tamen
419 1331 517 1386 illa
535 1331 663 1399 jure
693 1345 824 1384 nox
857 1327 976 1384 dici
1004 1328 1094 1384 vel
1126 1329 1426 1402 appellari
1448 1334 1655 1402 queat,
1688 1344 1878 1400 quam

182 1419 535 1492 triumphali
561 1418 688 1473 luce
720 1416 1146 1490 Redemptoris
1188 1418 1464 1474 omnium
1521 1435 1631 1492 per
1685 1421 1878 1474 totum

180 1509 492 1566 mundum
542 1508 692 1562 miro
748 1510 934 1578 atque
987 1506 1281 1563 ineffabili
1321 1508 1510 1564 modo
1559 1507 1878 1582 splendere

180 1602 446 1659 constat,
504 1628 569 1636 —-
621 1595 842 1650 debitae
893 1595 1304 1651 venerationis
1335 1596 1646 1669 obsequiis
1676 1595 1878 1652 festive

177 1685 439 1760 peregit.
470 1684 623 1740 Unde
654 1684 714 1738 in
747 1683 891 1755 ipsis
917 1683 1088 1739 horis
1120 1684 1581 1741 matutinalibus
1621 1685 1700 1742 ad
1747 1702 1877 1740 cur-

1993 523 2228 580 castelli
2259 524 2603 580 munimina
2632 527 2978 597 transvolat,
3009 529 3213 603 ibique
3239 533 3392 603 (246)
3443 549 3556 604 pro
3607 533 3692 588 ul-

1993 612 2299 667 ciscendaa
2329 612 2576 668 assiduo
2610 617 2862 670 tractatu
2895 615 3125 686 injuriae
3163 619 3496 677 instantem
3524 623 3690 696 peni-

1993 705 2095 756 tus
2127 702 2581 758 consummavit
2612 718 2862 758 annum.

2078 793 2237 845 1002.
2280 793 2497 846 Verum
2552 791 2614 846 in
2670 791 2803 864 ipso
2853 794 3199 865 posterioris
3248 796 3518 864 introitu,
3566 807 3686 858 toto

1997 893 2158 949 pene
2187 878 2480 948 legendus
2511 880 2663 949 orbi,
2691 881 3060 939 etultionum
3092 884 3340 942 crimine
3363 888 3686 947 destinata-

2000 981 2140 1022 rum
2160 969 2305 1039 (247)
2325 973 2381 1024 et
2406 968 2690 1024 {erumnis
2719 970 2852 1026 vitae
2883 971 3068 1042 hujus
3095 973 3342 1030 caducas
3375 979 3408 1030 9
3434 977 3683 1036 Kalend.

2003 1055 2307 1112 Februarii
2337 1061 2673 1129 exemptus,
2728 1059 2789 1114 in
2838 1061 3068 1129 gremio
3119 1062 3379 1119 Abrahae
3430 1066 3683 1137 patriar-

2000 1144 2130 1198 chte
2159 1145 2387 1214 magni,
2423 1149 2688 1218 tempore
2715 1148 2927 1204 futurae
2959 1152 3455 1208 ressurrectionis
3481 1154 3541 1209 in
3564 1171 3685 1211 me-

1997 1231 2118 1287 lius
2153 1233 2544 1289 coronandus
2575 1251 2645 1289 ac
2672 1235 2899 1291 felicius
2957 1243 3344 1308 regnaturus,
3430 1242 3686 1312 angelici

1994 1325 2372 1378 transvectus
2427 1323 2710 1379 manibus
2761 1325 3110 1382 collocatur.
3184 1329 3370 1398 Cujus
3437 1329 3683 1387 infortu-

1993 1409 2077 1464 nii
2133 1409 2280 1481 (248)
2339 1416 2642 1483 eventum,
2697 1430 2771 1469 ne
2821 1415 3172 1486 procacitati
3205 1416 3474 1473 hostium
3509 1418 3680 1475 citius

1990 1498 2391 1568 intimanetur,
2417 1500 2478 1555 hi
2511 1502 2614 1574 qui
2642 1503 2910 1570 aderant,
2955 1503 3324 1561 occultando
3375 1506 3676 1578 tegebant,

1990 1603 2311 1660 quousque
2341 1591 2688 1646 convocatis
2719 1592 2822 1664 qui
2851 1608 2956 1664 per
2987 1592 3232 1648 castella
3289 1593 3545 1667 dispersi
3579 1613 3678 1653 va-

1988 1676 2295 1746 gabantur
2326 1677 2507 1733 sociis
2538 1680 2707 1751 (249),
2749 1681 2980 1737 domini
3032 1681 3124 1737 sui
3163 1697 3388 1755 corpus
3431 1685 3678 1742 efferen-

178 1781 309 1831 tem
340 1789 512 1829 suam
535 1773 708 1828 totius
753 1777 1000 1828 senatus
1062 1789 1134 1828 ac
1195 1773 1388 1844 plebis
1441 1775 1877 1847 exspectationi
1915 1780 1958 1834 Β
1989 1767 2103 1830 tes,
2135 1762 2452 1834 imPPOViSi
2507 1773 2933 1840 ΡΡοΓυωΡυῐιῒ,
2953 1767 3230 1840 Pluribus
3261 1774 3464 1827 tamen
3483 1772 3566 1828 ibi
3595 1773 3674 1828 0b

180 1862 605 1919 satisfacturus
625 1860 794 1926 redit,
828 1859 1133 1932 illamque
1150 1861 1555 1934 septimanam
1575 1862 1878 1932 regalibus

176 1952 548 2026 impendens
572 1950 800 2020 ofﬁciis,
834 1949 1139 2019 regendo,
1174 1950 1572 2019 indulgendo,
1623 1952 1878 2021 largien-

176 2043 265 2099 do
297 2058 372 2098 ac
403 2039 836 2097 remunerando
862 2040 1168 2108 transegit
1197 2059 1209 2107 ;
1242 2057 1311 2096 ac
1347 2041 1408 2096 in
1439 2047 1652 2098 octava
1676 2058 1876 2114 pascas

176 2133 326 2189 inde
359 2129 674 2205 profectus,
711 2145 987 2185 sororem
1025 2145 1205 2184 suam
1238 2131 1874 2200 Mungotiae,Coloni¢e,

177 2220 767 2295 Aquisgrani,quam
797 2219 983 2274 etiam
1020 2218 1255 2272 cunctis
1281 2222 1423 2275 tunc
1448 2225 1588 2292 post
1622 2225 1876 2277 Romam

177 2310 448 2366 urbibus
494 2308 760 2382 praeferre
806 2305 1201 2374 moliebatur,
1244 2322 1367 2363 una
1395 2325 1603 2365 secum
1632 2325 1877 2365 summa

175 2397 569 2454 veneratione
595 2396 976 2466 fraternaque
1006 2393 1254 2448 caritate
1281 2396 1631 2466 comitante,
1677 2413 1876 2452 remu-

178 2492 400 2545 nerato
423 2485 810 2551 Bolizlavone,
842 2482 1210 2555 perducens,
1242 2481 1692 2556 aliquantulum
1725 2491 1876 2541 tem-

181 2578 376 2651 poris,
407 2592 542 2649 quae
567 2579 759 2647 coepto
790 2573 983 2630 itineri
1030 2587 1362 2640 congruere
1394 2575 1762 2632 videbantur
1794 2575 1875 2630 ibi

180 2665 468 2740 parando
527 2664 766 2737 quievit.
831 2661 947 2718 Sed
1003 2661 1155 2715 dum
1203 2676 1312 2715 nec
1353 2679 1604 2720 cursum
1635 2664 1876 2733 longius

181 2755 542 2828 protrahere
567 2752 988 2814 deliberatum,
1047 2765 1158 2804 nec
1213 2765 1481 2807 sororem
1523 2769 1712 2824 quam
1745 2751 1876 2808 inti-

182 2861 285 2901 me
314 2843 624 2914 diligebat,
651 2840 970 2914 praefatam
1012 2837 1428 2909 Adelheidam,
1477 2841 1874 2913 praesentiali-

180 2939 274 2991 ter
302 2933 574 2989 amittere
608 2932 755 3000 (245)
785 2932 1011 3002 posset,
1041 2926 1338 2999 promisso
1366 2929 1616 2986 tandem
1643 2936 1784 3004 post
1813 2947 1876 2986 se

183 3025 448 3078 Romam
468 3018 748 3076 veniendi
774 3015 1028 3072 ﬁrmiter
1052 3015 1204 3071 inter
1233 3032 1294 3070 se
1337 3025 1678 3090 compacto,
1729 3036 1877 3091 pau-

183 3111 384 3167 lulum
416 3109 599 3166 lenito
631 3123 910 3175 maerore,
959 3105 1076 3171 ille,
1129 3109 1193 3159 ut
1241 3104 1606 3173 decreverat,
1651 3110 1711 3164 in
1761 3113 1874 3164 Ita-

180 3199 336 3255 liam
365 3195 759 3268 ultima,proh
784 3193 987 3248 dolor!
1023 3191 1390 3264 profectione
1413 3195 1876 3261 acceleraturus,

188 3288 294 3344 illa
328 3285 767 3343 monasterium
799 3284 895 3338 cui
927 3280 1262 3355 specialiter
1300 3290 1554 3354 praeerat
1585 3287 1874 3352 revisura,

194 3377 441 3448 utrique
464 3390 644 3431 cassa
666 3389 774 3445 spe
807 3371 1056 3426 ulterius
1089 3386 1221 3426 sese
1252 3371 1309 3426 in
1336 3373 1450 3427 hac
1489 3373 1621 3430 luce
1669 3375 1877 3430 viden-

191 3467 276 3532 di,
313 3463 651 3520 discedunt.
711 3464 783 3517 At
839 3461 1167 3532 imperator
1219 3466 1510 3528 angustus
1567 3463 1878 3520 immensis

192 3557 410 3612 iterato
462 3552 738 3624 Alpibus,
767 3553 1089 3622 peragrata
1119 3549 1298 3613 Italia,
1333 3551 1526 3622 Papiae
1577 3553 1877 3626 aliquam-

193 3644 304 3700 diu
329 3646 689 3698 remoratur.

273 3736 436 3788 tOOl.
483 3729 648 3794 Inde,
684 3732 935 3784 Romam
967 3727 1372 3800 proﬁciscens,
1427 3736 1878 3787 sacrosanctum

196 3819 529 3876 dominicae
579 3815 1002 3874 resurectionis
1044 3815 1262 3871 festum
1292 3816 1493 3873 debita
1521 3817 1603 3874 ibi
1628 3835 1877 3875 venera-

195 3910 362 3966 tione
395 3906 700 3963 celebrare
729 3905 999 3961 instituit.
1051 3903 1287 3960 Interim
1315 3904 1568 3960 callidus
1598 3909 1878 3980 nequitiae

1992 1850 2312 1923 penuriam
2336 1867 2657 1924 equorum,
2681 1856 2800 1911 heu
2830 1857 2955 1912 sine
2987 1871 3094 1927 spe
3123 1855 3365 1912 vivendi
3391 1859 3402 1913 l
3435 1859 3670 1917 relictis.

1994 1941 2144 1995 Cum
2173 1955 2312 1995 vero
2344 1956 2438 1996 res
2469 1947 2636 1999 tanta
2664 1944 2891 2000 diutius
2930 1944 3116 2000 latere
3146 1947 3441 2017 nequiret,
3472 1949 3675 2004 hostes

1991 2027 2247 2083 Romani
2276 2029 2369 2084 his
2398 2037 2636 2089 mature
2669 2035 3018 2106 compertis,
3046 2031 3318 2090 indebito
3356 2053 3514 2093 ausu
3541 2053 3674 2094 exe-

1991 2116 2220 2172 cranda
2245 2119 2412 2174 omni
2439 2136 2571 2177 aevo
2597 2127 2983 2178 commovent
3005 2120 3180 2177 bella.
3229 2125 3428 2180 Armis
3456 2125 3674 2182 instru-

1990 2205 2068 2260 cti
2088 2204 2247 2260 velut
2275 2221 2386 2277 pro
2416 2208 2542 2265 vita
2573 2210 2888 2282 patriaque
2921 2210 3221 2282 certaturi,
3248 2211 3513 2270 defuncti
3540 2231 3672 2270 cor-

1989 2307 2106 2365 pus
2136 2290 2544 2369 imperatoris,
2581 2332 2649 2339 —
2698 2299 2802 2371 qui
2858 2300 3007 2354 dum
3063 2314 3283 2372 supera
3335 2307 3674 2359 vesceretur

1991 2395 2161 2445 aura,
2187 2379 2468 2449 ignorata
2495 2387 2831 2442 etiamnum
2862 2385 2985 2441 doli
3010 2385 3386 2446 immanitate
3410 2390 3669 2460 latentis,

1990 2469 2221 2524 cunctis
2248 2486 2352 2524 eos
2377 2475 2627 2546 populis
2657 2475 2832 2548 quasi
2869 2474 3180 2548 privilegio
3227 2480 3498 2550 quodam
3534 2496 3670 2552 spe-

1989 2556 2156 2612 cialis
2179 2568 2601 2629 praeposuerat
2623 2563 2846 2619 amoris
2875 2595 2945 2602 —
2969 2563 3352 2634 impudenter
3379 2568 3670 2624 distrahe-

1985 2662 2070 2712 re,
2096 2645 2384 2718 mirisque
2414 2648 2651 2720 injuriae
2692 2651 2890 2706 modis
2943 2651 3070 2707 sine
3126 2669 3300 2710 mora
3357 2659 3668 2711 mortuum

1987 2734 2350 2806 excruciare,
2382 2737 2482 2792 cui
2508 2740 2649 2795 vivo
2681 2756 2896 2796 nocere
2913 2741 3328 2814 nequiverant,
3345 2747 3493 2800 tetra
3517 2745 3663 2815 (250)

1986 2823 2398 2893 belligerando
2459 2826 2778 2884 invasione
2826 2835 3200 2902 pertentant;
3248 2848 3404 2904 quos
3460 2831 3668 2888 divina

1992 2913 2185 2987 pietas
2215 2913 2435 2969 totiens
2464 2918 2690 2990 repelli,
2722 2919 2934 2974 totiens
2978 2935 3122 2976 nece
3161 2921 3388 2977 crudeli
3426 2921 3667 2977 multari

1991 3001 2284 3077 permisit,
2317 3004 2473 3060 adeo
2506 3012 2570 3062 ut
2617 3008 2711 3062 vix
2769 3009 2966 3080 pauci,
3021 3009 3283 3066 latibulis
3341 3011 3493 3082 fugae
3539 3027 3668 3067 sese

1921 3127 1961 3182 ρ
1997 3091 2302 3182 dedentes,
2337 3092 2577 3163 inglorii
2608 3096 3000 3154 discederent.
3050 3101 3244 3155 Nostri
3299 3117 3462 3171 vero,
3517 3100 3666 3157 felici

1991 3181 2215 3252 ubique
2245 3180 2497 3239 victoria
2540 3185 2648 3251 usi,
2703 3186 3044 3258 depositum
3084 3189 3328 3260 pretiosi
3382 3188 3669 3262 ponderis

1992 3270 2344 3326 thesaurum
2374 3271 2540 3328 ﬁdeli
2568 3274 2884 3332 devotione
2939 3282 3104 3332 trans
3150 3278 3391 3350 Alpium
3451 3279 3669 3335 nivosa

1991 3357 2326 3423 cacumina,
2351 3359 2484 3428 jam
2517 3362 2761 3418 tandem
2793 3365 3006 3431 securi,
3040 3365 3475 3432 deferunt.Quo
3501 3383 3666 3422 com-

1988 3452 2180 3520 perto,
2224 3447 2530 3505 Heinricus
2579 3450 2722 3518 dux,
2781 3453 2860 3507 ad
2917 3469 3101 3526 quem
3151 3472 3392 3512 summa
3430 3455 3668 3528 imperii

1989 3535 2344 3609 pertinebat,
2375 3539 2646 3595 maxima
2676 3541 2998 3598 comitante
3031 3547 3267 3600 caterva
3319 3544 3512 3600 funeri
3554 3546 3666 3601 mi-

1994 3625 2251 3682 serando
2283 3627 2691 3700 omnibusque
2731 3629 2911 3700 digne
2949 3631 3298 3704 plangendo
3331 3634 3668 3692 admodum

1992 3715 2172 3770 tristis
2203 3717 2481 3784 occurrit,
2516 3721 2570 3773 et
2595 3717 2674 3774 ad
2702 3720 3104 3790 Aquasgrani,
3140 3739 3264 3794 quo
3302 3723 3506 3778 vivens
3550 3724 3667 3780 siti-

1989 3809 2176 3871 verat,
2206 3805 2528 3873 gemitibus
2554 3806 2757 3862 multis
2787 3814 3097 3864 mortuum
3147 3827 3368 3884 corpus
3419 3813 3666 3870 tandem

1989 3892 2280 3966 perducit.
2316 3895 2429 3948 Nec
2456 3910 2647 3961 mora,
2682 3895 2798 3950 itur
2825 3896 2886 3950 in
2936 3897 3230 3970 templum
3260 3917 3274 3967 ;
3321 3916 3570 3970 magno,
3602 3906 3667 3957 ut

196 4003 418 4054 auctor
451 3995 752 4067 totiusque
783 3993 907 4049 doli
941 3998 1208 4065 repertor
1231 3993 1390 4048 mille
1421 3998 1486 4049 ut
1508 4000 1595 4050 est
1622 3997 1882 4053 nocendi
1990 3981 2072 4037 ita
2102 3981 2324 4050 dicam:
2357 3981 2710 4051 hUjUSmOdi
2737 3983 2986 4054 honore.
3018 3985 3206 4041 mixto
3247 3986 3470 4041 scilicet
3514 3987 3664 4044 inlo-

195 4087 439 4144 artibus
496 4086 839 4150 instructus,
901 4082 1177 4138 reinduto
1229 4098 1432 4154 quem,
1487 4083 1717 4155 primos
1783 4087 1882 4142 de-

192 4181 494 4249 cepturus
547 4173 844 4238 homines,
901 4170 1216 4244 quondam
1270 4171 1381 4226 sibi
1437 4177 1748 4244 aptaverat
1785 4191 1880 4230 co-

1988 4068 2219 4124 lerabili
2248 4067 2475 4138 dolore,
2527 4072 2692 4124 terrae
2732 4071 3196 4128 commendatur
3251 4090 3430 4128 suum
3482 4074 3666 4138 pluri-

1991 4175 2161 4214 mum
2186 4157 2332 4228 (251)
2364 4157 2674 4226 solatium;
2711 4159 2815 4214 sed
2844 4165 2900 4214 et
2925 4159 3217 4228 omnium,
3254 4166 3318 4218 ut
3337 4163 3660 4235 credimus,

193 4246 452 4321 lubrino
512 4261 732 4318 amictu
767 4305 780 4329 ,
867 4261 1018 4316 inter
1074 4263 1481 4316 Romanorum
1548 4264 1883 4334 praecordia
1991 4247 2093 4320 qui
2120 4246 2371 4302 aderant
2394 4247 2663 4303 unanimi
2687 4247 2958 4304 oratione
2991 4249 3236 4321 spiritus
3281 4251 3414 4307 caeli
3454 4253 3663 4326 recipi-

193 4354 410 4426 serpit,
461 4367 692 4407 venena
741 4351 914 4406 inﬂat
941 4349 1159 4419 linguis
1216 4350 1494 4432 trisulcis,
1547 4355 1608 4405 ut
1662 4368 1880 4407 manus

1993 4339 2087 4390 tur
2117 4334 2360 4408 palatio.
2389 4338 2613 4392 Interea
2640 4337 2824 4392 modo
2857 4337 3028 4393 multi
3061 4338 3297 4396 diversa
3319 4341 3661 4414 sentientes,

193 4422 527 4515 improbas
576 4440 664 4496 sui
719 4455 906 4496 causa
962 4439 1096 4512 ipso
1172 4422 1394 4493 ctesaric
1457 4439 1673 4495 inferre
1755 4457 1880 4496 mo-
1917 4475 1961 4531 Β
1993 4423 2140 4523 ξῙιΠΠ
2172 4422 2395 4531 (illique
2427 4423 2813 4531 είξξὶρνοβυθε
2842 4427 3135 4531 ΡᾶΓίξὲθὶυξδ
3420 4434 3661 4531 ΓᾶΡξξΠξι

195 4533 455 4597 liantur,
519 4530 857 4602 persuadet.
921 4528 1034 4585 Sed
1087 4528 1235 4583 dum
1288 4528 1564 4600 opposito
1617 4529 1697 4584 illi
1727 4531 1879 4585 divi-

199 4639 301 4677 nae
333 4619 572 4693 pietatis
602 4619 815 4692 clypeo
846 4634 882 4674 a
911 4617 1150 4673 laesione
1202 4617 1574 4687 imperatoris
1620 4635 1750 4674 sese
1796 4635 1885 4674 re-

1990 4513 2075 4568 ire
2101 4511 2426 4580 moliretur,
2460 4514 2773 4584 Eghardus
2810 4515 3076 4571 marchio
3107 4515 3170 4572 in
3195 4516 3402 4572 Palithi
3446 4533 3482 4572 a
3519 4516 3661 4587 Sigi-

1990 4600 2146 4657 frido
2199 4604 2255 4656 et
2305 4601 2508 4659 Udone
2562 4603 2824 4675 pessime
2879 4604 3109 4660 occisus
3159 4609 3266 4672 est,
3298 4603 3661 4676 plurimique

198 4691 352 4784 pelli
382 4707 612 4764 ccelitus
633 4691 1065 4780 conspicerent,
1099 4721 1494 4779 quoscunque
1527 4707 1682 4778 parti
1706 4708 1882 4779 justas
1993 4707 2240 4784 “10er
2267 4708 2406 4784 cum
2433 4691 2532 4784 illo
2553 4695 2586 4746 2
2613 4691 2744 4748 Kal.
2801 4692 2950 4748 Maii-
3012 4691 3234 4784 Βεξξὶίηο
3290 4697 3320 4748 3
3355 4691 3505 4784 Ca1-_
3526 4691 3660 4784 Julii

203 4801 489 4856 faventes
519 4797 774 4868 reperire
805 4801 1099 4868 poterant,
1145 4801 1388 4851 cruenta
1433 4795 1595 4850 caede
1635 4797 1882 4852 mulcta-

1993 4781 2278 4853 praefatus
2309 4781 2632 4851 Heinrieus,
2693 4797 2882 4852 nepos
2933 4780 3168 4850 regalis,
3227 4798 3262 4838 a
3304 4779 3540 4836 Francis
3596 4781 3658 4837 in

203 4888 364 4944 bant
390 4904 403 4952 ;
428 4901 537 4940 nec
564 4885 642 4940 ab
671 4885 772 4940 illa
805 4884 1092 4940 seditione
1151 4883 1412 4939 nefanda
1465 4885 1666 4956 aliquo
1699 4886 1882 4940 modo
1989 4885 2244 4938 “gnum
2275 4869 2524 4939 Eligitur,
2550 4869 2874 4940 inSCiisque
2903 4869 3242 4926 Saxonibus
3279 4869 3589 4938 Μοϐυῐιῑίω
3621 4888 3658 4927 δι

202 4976 417 5032 sedari
441 4973 739 5041 valebant,
771 4973 962 5028 donec
990 4972 1176 5028 invito
1223 4971 1449 5028 furioso
1491 4973 1748 5028 tumultu
1777 4973 1884 5029 im-

1991 4957 2322 5013 Willichiso
2351 4963 2568 5013 unctus
2590 4961 2926 5012 coronatur.
2946 4959 3124 5011 Fama
3153 4957 3312 5012 volat
3332 4972 3510 5028 super
3539 4958 3654 5026 his,

201 5069 480 5140 perator,
511 5062 794 5119 collectus
821 5078 1068 5118 suorum
1100 5061 1349 5128 viribus,
1401 5061 1478 5117 ab
1526 5061 1674 5117 urbe
1719 5062 1884 5134 prius
1993 5045 2200 5101 dicens
2224 5046 2445 5118 Ρᾶτίίθῐ·
2464 5046 2524 5100 in
2541 5043 3151 5140 Μθτδῦυνείειω
3169 5061 3354 5140 (Ιιιίιξιι
3373 5045 3656 5140 citissime

207 5131 343 5228 ίπω
391 5131 616 5208 meris
645 5155 850 5208 amata
875 5149 980 5206 sed
1029 5149 1273 5206 ulterius
1322 5167 1446 5222 pm,
1476 5151 1701 5206 cunctis
1721 5131 1889 5207 acte.
1991 5140 2346 5201 venturum;
2380 5133 2542 5206 quod
2565 5139 2621 5189 et
2640 5133 2865 5189 factum
2887 5131 3102 5188 est.lllo
3131 5133 3512 5189 Bernhardus
3529 5133 3656 5192 dux

292 5367 448 5444 (245)
488 5363 836 5444 Relinquere
847 5363 1190 5444 AQhron.hS.
1369 5434 1378 5444 .

291 5434 447 5514 (2’86)
489 5434 808 5514 Κοςθηὲβπ
836 5434 1151 5514 σνξνοῖιοβε
1183 5434 1396 5514 r9067??-

293 5504 445 5576 (247)
489 5506 820 5562 Ultionibus
847 5504 1078 5562 crimini
1108 5504 1458 5560 destinatis?

294 5581 427 5645 (248
491 5579 585 5634 Ιια
617 5579 856 5633 correxi
882 5591 906 5647 ,'
934 5576 1304 5632 infortunum
1334 5591 1384 5630 c.

296 5579 452 5719 (249i
491 5650 549 5705 S.
573 5648 727 5706 facto
757 5647 996 5718 agmine
1021 5646 1268 5704 funerea
1289 5661 1384 5719 prc

491 5650 549 5705 S.
573 5648 727 5706 facto
757 5644 996 5718 agmine
1021 5646 1268 5704 funerea
1289 5644 1668 5719 processione
1688 5644 1748 5701 d.
1773 5652 1883 5703 etc.

1993 5362 2157 5418 Ann.
2191 5367 2246 5418 et
2277 5361 2420 5418 Chr.
2448 5361 2509 5418 S.

2065 5433 2211 5506 (250)
2251 5434 2346 5506 Ita
2376 5448 2425 5506 cf.
2467 5433 2570 5488 sed
2598 5433 2761 5506 Ann.
2789 5439 2843 5490 et
2872 5434 3096 5490 Chron.
3121 5435 3190 5506 7S.
3225 5439 3390 5490 terna
3421 5436 3649 5506 legunt.

2068 5503 2214 5577 (251)
2235 5503 2651 5577 ΛΡΙΙΙΓῘΠΙΟΓΙΙΠ]
2672 5505 2699 5558 ‘I
2731 5505 3065 5577 Chrohogr.
3099 5505 3258 5564 Samo
3286 5506 3461 5562 habet
3480 5503 3503 5560 ζ·
3525 5505 3653 5577 plu.

1996 5575 2164 5632 rimis
2197 5574 2492 5632 clauditur
2517 5591 2812 5646 magnum
2844 5574 3142 5633 solatium.
