4004 6178
345 191 450 251 539

1212 184 1541 243 ANNALES
1590 182 2039 241 HILDESHEIM.
2093 181 2467 245 QUEDLINB.
2498 186 2907 244 ’WEISSEMB.

3678 187 3795 240 540

1268 310 1597 367 ANNALES
1628 302 2367 375 QUEDLINBUHGENSES.
2411 312 2482 367 Α.
2528 313 2848 367 1003-1008.

347 426 404 480 et
434 424 738 480 Saxonum
759 418 1047 491 primates
1072 432 1213 473 cum
1242 416 1458 473 decore
1498 429 1748 471 suorum
1795 424 2010 468 conve-
2036 413 2086 466 Α
2123 415 2551 472 contumeliose
2582 417 2770 473 evasit
2799 434 2812 480 ;
2841 431 2945 471 rex
2972 430 3135 485 vero,
3166 415 3268 472 Dei
3295 414 3542 485 gratias,
3600 413 3799 469 victor

346 512 595 574 utentes,
621 507 882 577 benigne
907 507 986 563 ab
1010 522 1084 564 eo
1115 505 1373 578 suscepti
1415 509 1571 575 sunt,
1609 516 1869 574 moxque
1896 499 2007 555 do-

344 601 580 658 minum
610 598 720 655 sibi
741 598 914 654 illum
944 614 1014 654 ac
1056 611 1262 668 regem
1310 595 1636 665 elegerunt.
1669 592 1779 651 Sed
1811 596 1869 648 et
1898 594 2007 646 Bo-

343 690 696 746 lizlavonem
727 687 986 743 Poloniae
1016 687 1235 742 ducem
1264 684 1600 741 occurrisse
1621 687 1680 738 et
1698 680 1853 750 regis
1880 694 2012 750 gra-

343 779 489 836 tiam
513 777 628 833 sibi
658 777 1048 850 supplicasse,
1084 775 1304 831 foedere
1357 774 1526 847 pacis
1553 771 1871 845 promisso,
1916 784 2009 824 re-

345 867 586 942 periunt
606 884 621 933 ;
643 882 779 939 quce
804 865 949 938 quia
977 852 1307 919 ﬁrma'non
1337 862 1444 918 fuit
1463 859 1856 934 postmodum
1898 873 2009 931 pa-

347 957 477 1013 tuit.
510 955 652 1011 Inde
682 954 1010 1025 digressus,
1034 968 1143 1025 per
1189 951 1370 1007 urbes
1418 956 1477 1006 et
1518 950 1650 1006 loca
1686 947 2010 1021 provincias

350 1044 723 1117 aliquamdiu
747 1045 1083 1098 commorat
1093 1057 1178 1111 us,
1194 1056 1327 1112 quae
1350 1038 1591 1109 agenda
1619 1041 1805 1105 erant,
1831 1038 2014 1109 prout

348 1136 587 1205 tempus
616 1137 675 1187 et
717 1146 812 1187 res
863 1130 1212 1203 poscebant,
1271 1128 1600 1199 prudenter
1626 1125 2006 1198 disponebat.

349 1222 617 1279 Dominm
647 1236 889 1293 quoque
915 1219 1253 1292 imperiales
1305 1217 1467 1283 ﬁlias,
1521 1217 1740 1291 Sophia
1769 1222 1826 1273 et
1864 1216 2013 1271 Ade-

350 1310 569 1379 lheida,
598 1308 924 1365 honoriﬁce
968 1308 1115 1363 tanti
1170 1307 1435 1362 nominis
1486 1308 1808 1362 novitatem
1855 1304 2011 1361 exci-

346 1397 597 1469 pientes,
644 1401 873 1470 quanta
925 1400 1249 1468 potuerunt
1298 1395 1559 1463 caritate
1606 1398 2009 1450 occurrerunt.

347 1486 742 1555 Gongaudent
792 1486 919 1556 regi
969 1486 1194 1560 nepoti,
1257 1487 1400 1558 quia
1442 1499 1565 1541 non
1620 1484 1784 1540 licuit
1824 1483 2009 1538 fratri.

349 1576 509 1640 Quas
560 1590 767 1630 secum
825 1574 1011 1645 digno
1062 1575 1291 1629 honore
1350 1573 1601 1642 ducens,
1658 1571 2016 1643 Cunigunda

349 1664 661 1720 contectali
706 1680 818 1721 sua
864 1680 989 1720 una
1032 1678 1232 1720 secum
1291 1663 1631 1729 comitante,
1666 1662 2017 1717 Patherbru-

2116 517 2253 557 cum
2286 504 2409 560 suis
2441 504 2636 561 exivit.
2671 503 3201 561 Herolfesfeldense
3258 502 3709 560 monasterium
3761 517 3799 559 a

2114 606 2273 661 rege,
2306 593 2553 665 antiquo
2584 596 2827 665 patrum
2876 594 3009 663 jure
3065 592 3434 661 destitutum,
3486 606 3799 659 magnum

2114 680 2339 753 patitur
2376 682 2692 749 damnum,
2751 682 3040 755 spoliatur
3089 681 3288 747 bonis,
3349 681 3607 737 orbatur
3660 679 3801 735 ﬁliis

2118 771 2243 826 suis
2279 790 2292 839 ;
2326 775 2381 827 et
2410 788 2564 844 quos
2612 776 3009 842 congregarat
3056 775 3235 843 atque
3289 770 3660 827 educaverat
3704 784 3799 825 re-

2117 863 2336 929 gnante
2363 860 2572 917 Carolo
2600 859 2829 932 Pippini
2861 859 3004 928 filio,
3037 863 3135 914 ΠΟ
3178 875 3247 915 ac
3294 856 3544 914 novenis
3598 870 3800 912 anno-

2114 963 2251 1003 rum
2290 948 2543 1019 circulis,
2599 949 2859 1021 peccatis
2897 947 3293 1018 exigentibus,
3346 946 3617 1019 perdidit
3670 945 3802 1001 istis

2116 1037 2507 1110 temporibus.

2191 1130 2347 1182 1005.
2394 1125 2632 1182 Interim
2660 1125 2788 1198 ip'se
2820 1141 2943 1193 rex,
2992 1124 3080 1181 ira
3135 1128 3524 1198 permanente
3583 1125 3803 1178 contra

2121 1214 2574 1285 Bolizlavonem,
2602 1219 2880 1287 reparato
2910 1214 3148 1284 agmine
3194 1212 3503 1270 Poloniam
3554 1211 3795 1267 accele-

2118 1319 2279 1369 rans,
2309 1304 2633 1374 fugientem
2666 1304 3020 1377 insequitur,
3080 1318 3254 1358 suam
3284 1301 3571 1373 injuriam
3613 1300 3804 1373 quasi

2119 1392 2495 1464 defensurus,
2524 1394 2650 1463 sed,
2682 1394 2836 1465 proh
2868 1392 3074 1448 dolor!
3136 1391 3359 1446 multos
3418 1389 3799 1462 perditurus.

2122 1481 2425 1537 Bernbard
2454 1485 2512 1538 et
2541 1481 2635 1547 Isi,
2668 1480 3000 1537 Thiedbern
3025 1484 3082 1535 et
3110 1479 3415 1535 Bernbard
3444 1478 3625 1547 (256),
3659 1493 3802 1533 eum

2121 1568 2249 1625 aliis
2279 1569 2479 1625 occisi.
2514 1573 2635 1625 Rex
2664 1584 2823 1635 vero,
2856 1568 3134 1641 quamvis
3181 1566 3413 1632 dolens,
3472 1571 3805 1639 assumpta

2120 1673 2244 1714 non
2268 1657 2432 1715 bona
2460 1672 2631 1730 pace,
2666 1673 2806 1714 cum
2830 1655 3225 1713 lachrimabili
3266 1655 3587 1711 revertitur
3636 1670 3803 1710 exer-

342 1766 598 1809 nens‘em
626 1757 871 1808 ventum
899 1757 987 1808 est
1013 1752 1348 1819 civitatem;
1401 1767 1524 1823 quo
1554 1751 1889 1824 periculosa
1928 1751 2015 1806 in—
2052 1762 2095 1816 g
2124 1747 2263 1815 citu,
2323 1751 2570 1820 portans
2629 1762 2835 1803 secum
2891 1762 3145 1819 corpora
3194 1749 3601 1801 mortuorum.
3652 1743 3804 1802 abiit

346 1846 435 1898 ter
464 1841 727 1897 Boiarios
752 1846 810 1897 et
838 1844 1104 1897 Saxones
1135 1845 1264 1897 orta
1294 1843 1383 1896 est
1410 1840 1643 1911 seditio,
1684 1840 2011 1898 multorum

344 1934 539 1985 morte
572 1929 968 2002 subseqnuta.
1003 1932 1066 1984 In
1091 1928 1274 1985 natali
1323 1932 1523 1984 autem
1554 1929 1745 1985 sancti
1788 1934 2013 2001 marty-

346 2017 431 2073 ris
446 2017 740 2074 Laurentii
768 2017 1097 2090 imponitur
1125 2032 1352 2074 corona
1372 2017 1803 2074 benedictionis
1832 2018 2009 2074 Cuni—

352 2106 573 2177 gundae
600 2106 822 2176 reginae
857 2123 869 2161 :
901 2106 1080 2163 datur
1110 2107 1288 2162 etiam
1329 2107 1584 2180 Sophiae,
1635 2108 2011 2179 imperatoris

352 2196 499 2267 (252)
549 2195 705 2262 tiliae,
748 2195 1005 2252 abbatiee
1052 2196 1389 2252 benedictio
1446 2196 2006 2257 Gandeshemeusis.

351 2284 581 2351 Quibus
605 2285 882 2357 peractis,
908 2298 1052 2355 rege
1078 2285 1350 2340 Rhenum
1377 2288 1800 2350 transmeante,
1852 2284 2011 2357 quis-

346 2388 468 2446 que
495 2372 557 2428 in
586 2386 697 2428 sua
725 2372 971 2428 rediere.
1004 2372 1402 2429 Herimannus
1431 2372 1557 2428 dux
1611 2389 1751 2428 cum
1802 2372 2011 2430 Suevis

349 2461 474 2531 regi
511 2461 735 2520 restitit.
758 2466 823 2516 et
842 2464 1206 2517 Francorum
1232 2477 1376 2534 pars
1415 2462 1696 2535 quaedam
1725 2461 2011 2533 refragari

352 2551 546 2624 empit,
604 2550 793 2605 multa
838 2549 1073 2605 inutilia
1120 2555 1552 2623 perpetrantes,
1605 2555 1814 2606 sancta
1878 2550 2013 2606 loca

349 2643 686 2709 exurentes,
710 2637 947 2710 aliaque
976 2638 1356 2694 devastantes
1382 2656 1395 2707 ;
1441 2655 1595 2712 quos
1624 2642 1827 2695 tamen
1860 2643 2009 2708 (253)

350 2727 643 2784 Dominus
677 2726 957 2783 citissime
984 2728 1341 2783 humiliavit.

425 2820 581 2872 1003.
620 2815 927 2871 Heinricus
957 2831 1063 2872 rex
1096 2816 1333 2873 Sclavos
1363 2816 1627 2874 Milianos
1674 2819 1821 2889 (254)
1868 2818 2013 2891 hye-

350 2903 496 2960 mali
516 2909 783 2977 tempore
804 2904 1039 2972 invasit,
1073 2909 1129 2961 et
1172 2911 1417 2962 cruenta
1458 2907 1619 2962 caede
1666 2907 2007 2974 devastans,

350 2992 466 3048 sibi
496 2993 858 3064 subjugavit.
887 2994 1301 3064 Thangmarus
1335 2996 1479 3065 (255)
1511 3012 1648 3051 cum
1680 2996 1809 3052 aliis
1838 2997 2014 3053 inter-

2123 1837 2342 1893 Kiesut.

2196 1931 2351 1983 1006.
2396 1926 2725 1982 Balduinus
2754 1926 2817 1981 in
2842 1924 3028 1982 Gallia
3056 1924 3321 1981 elevatur
3348 1928 3565 1980 contra
3592 1938 3801 1993 regem

2121 2031 2260 2071 cum
2293 2015 2629 2070 Landberto
2658 2014 2719 2070 in
2750 2014 3012 2070 Valentia
3041 2014 3207 2085 (257),
3241 2013 3477 2069 civitate
3502 2029 3639 2068 non
3664 2028 3796 2069 sua.

2122 2105 2293 2170 Quod
2323 2120 2427 2160 rex
2457 2120 2615 2173 aegre
2640 2105 2858 2172 ferens,
2909 2120 2980 2160 eo
3006 2104 3067 2159 in
3094 2103 3527 2177 expeditiorem
3582 2117 3800 2175 prope-

2120 2198 2228 2260 rat,
2244 2193 2506 2267 plurimo
2534 2193 2753 2249 sudore
2783 2209 3032 2250 suorum
3060 2192 3242 2276 longo
3272 2197 3545 2264 tempore
3575 2192 3799 2247 frustra

2119 2282 2203 2339 ibi
2226 2287 2634 2340 commoratus
2682 2284 2848 2355 (258),
2895 2283 3099 2356 sicque
3129 2281 3268 2339 ﬁcta
3325 2287 3477 2350 (259)
3522 2294 3797 2356 pacere-

2122 2375 2381 2429 vertens.

2196 2464 2351 2515 1007.
2394 2460 2486 2516 Ad
2513 2459 2810 2516 civitatem
2842 2459 3169 2532 Ratispona
3197 2459 3492 2532 pervenit,
3534 2458 3797 2515 domini-

2121 2562 2257 2603 cam
2282 2548 2777 2604 resurrectionem
2816 2546 3043 2603 ibidem
3070 2546 3501 2603 concelebrans
3542 2565 3557 2615 ;
3614 2545 3796 2602 simul

2119 2636 2299 2693 etiam
2332 2636 2552 2693 recenti
2604 2652 2852 2692 suorum
2904 2636 3068 2692 caede
3118 2638 3301 2692 corde
3349 2639 3529 2692 tenus
3576 2641 3790 2701 tactus,

2120 2725 2295 2781 mittit
2318 2725 2549 2795 legatos
2582 2725 2662 2781 ad
2691 2724 3141 2795 Bolizlavonem,
3201 2724 3429 2781 bellum
3488 2741 3555 2780 se
3611 2724 3794 2793 sitire,

2119 2814 2345 2871 bellum
2373 2814 2703 2872 demandat
2732 2819 2941 2871 contra
2970 2830 3032 2870 se
3055 2830 3271 2888 parare
3304 2833 3317 2870 :
3352 2814 3460 2869 sed
3491 2813 3665 2870 fama
3696 2814 3795 2871 ite-

2118 2919 2254 2959 rum
2284 2903 2359 2960 de
2391 2903 2681 2959 Balduino
2706 2918 2830 2959 non
2854 2903 3019 2959 bona
3045 2902 3404 2976 percrebuit,
3438 2919 3605 2975 quae,
3624 2903 3691 2959 id
3720 2918 3795 2958 ne

2119 2990 2242 3046 fieri
2266 2996 2489 3062 posset,
2523 2990 2845 3063 prohibuit.
2903 2994 3030 3056 Quo
3088 2990 3702 3057 celeriter-reversus,
3741 2995 3798 3046 et

347 3070 542 3136 iectus
568 3085 674 3137 est.
709 3082 1227 3151 Quadragesimali
1257 3089 1457 3140 autem
1486 3087 1753 3156 tempore
1776 3087 2011 3142 Parthe-
2050 3113 2089 3168 ο
2121 3085 2341 3136 sanctae
2370 3080 2636 3136 ecclesiae
2660 3080 2939 3152 precibus
2967 3080 3210 3151 adjutus
3238 3096 3421 3153 quem
3470 3079 3800 3152 reliquerat

346 3168 621 3242 nopolim
655 3169 829 3241 venit,
861 3170 1022 3227 diem
1077 3171 1419 3244 palmarum
1469 3172 1694 3228 ibidem
1748 3179 2009 3233 acturus.

348 3257 494 3313 inde
518 3268 706 3330 quam
728 3258 1040 3315 celerrime
1094 3259 1672 3330 Quedelingnensem
1723 3264 2011 3336 Metropo-

348 3344 474 3416 lim,
524 3360 690 3403 more
719 3360 973 3403 avorum
999 3352 1429 3421 atavorumque
1465 3349 1732 3420 priorum
1776 3365 2009 3419 regum,

345 3446 629 3505 pergens,
660 3451 802 3490 cum
830 3436 1222 3506 optimatibus
1248 3437 1372 3492 suis
1401 3441 1459 3493 et
1474 3436 1683 3509 populi
1710 3437 2015 3494 conﬂuen-

348 3521 433 3576 tia
460 3522 767 3593 paschalia
792 3522 942 3578 festa
972 3524 1217 3596 peregit.
1251 3525 1460 3581 Paucis
1486 3525 1847 3598 interpositis
1891 3527 2012 3583 die-

348 3607 488 3678 bus,
518 3609 861 3665 Adetheidas
889 3611 1130 3669 domnae
1171 3627 1239 3669 ac
1268 3613 1474 3670 matris
1508 3613 1780 3684 ejusdem
1824 3616 2013 3687 preci-

348 3696 465 3752 bus
494 3702 793 3770 exoratus,
825 3714 963 3755 cum
992 3700 1200 3770 regina
1236 3702 1450 3757 iterum
1503 3701 1767 3771 veniens,
1824 3703 2011 3760 sancti

346 3786 599 3842 Servatii
625 3787 847 3857 gaudet
873 3787 1158 3846 interesse
1187 3788 1350 3845 festis
1375 3807 1388 3859 ;
1447 3794 1655 3862 postea
1688 3789 2011 3849 Halversta-

342 3874 512 3932 densi
541 3875 773 3933 civitate
812 3882 1084 3934 sanctum
1140 3881 1524 3935 Pentecosten
1577 3876 2005 3940 celebraturus.

346 3964 727 4022 Hermannus
752 3967 878 4023 dux
906 3967 984 4024 ad
1009 3971 1276 4024 extrema
1305 3968 1589 4042 pervenit,
1624 3973 1681 4025 et
1703 3969 2010 4027 discordia

347 4067 384 4109 a
409 4055 614 4111 Suevis
643 4056 887 4127 quievit.

421 4146 578 4199 1004.
616 4146 738 4200 Rex
768 4145 1076 4201 Heinricus
1132 4146 1208 4202 de
1266 4146 1514 4203 Francia
1551 4147 1613 4202 in
1642 4146 1871 4204 Italiam
1906 4164 2008 4204 ve-

345 4228 541 4296 niens,
577 4236 851 4287 sanctum
881 4235 1108 4305 pascha
1133 4234 1215 4289 ibi
1248 4241 1506 4291 acturus.
1562 4235 1676 4293 Sed
1722 4237 2008 4309 adempto

344 4318 592 4387 gaudio,
640 4319 951 4376 rebellium
1000 4322 1191 4378 multa
1247 4324 1412 4381 milia
1455 4324 1631 4394 jussit
1671 4325 2006 4382 interimere

344 4405 865 4475 gladio,omnibus
895 4410 1073 4465 simul
1098 4411 1362 4468 aediﬁciis
1384 4413 1581 4485 Papiae
1608 4414 1850 4485 exustis,
1870 4430 2006 4487 quae

342 4498 609 4551 veterum
640 4495 998 4555 instruxerat
1025 4497 1318 4557 industria
1354 4501 1613 4557 illustris.
1668 4498 1923 4571 Fulgura
1952 4507 2009 4560 et

343 4584 607 4641 tonitrua
637 4585 850 4641 eodem
881 4601 1042 4643 anno
1085 4587 1264 4643 simul
1291 4600 1427 4646 cum
1469 4589 1653 4646 nimia
1682 4595 1741 4646 'et
1766 4592 2008 4648 terribili

342 4672 580 4730 turbine
609 4677 920 4742 venerunt,
951 4675 1273 4748 perterritis
1298 4677 1522 4750 ubique
1553 4681 1847 4735 terrarum
1895 4694 2005 4752 po-

342 4761 525 4835 pulis.
557 4765 623 4819 Et
650 4778 753 4819 rex
782 4763 856 4820 de
882 4756 1045 4821 italia
1074 4779 1405 4834 regressus,
1450 4776 1640 4839 parvo
1678 4770 1815 4839 post
1858 4772 2004 4825 tem-

342 4866 489 4923 pore
548 4853 918 4919 Bohemiam,
982 4868 1170 4927 quam
1219 4855 1542 4911 Bolizlavus
1573 4852 1895 4912 Polinensis
1922 4858 2009 4913 in-

337 4938 497 5011 juste
525 4942 900 5014 possederat,
931 4946 1311 5017 pugnaturus
1340 4944 1594 5001 intravit.
1636 4945 1748 5001 Sed
1779 4949 2002 5008 tamen.

343 5029 463 5085 Deo
491 5026 833 5101 adjuvante,
866 5037 989 5090 tota
1016 5032 1117 5089 illa
1148 5044 1294 5102 gens
1325 5046 1452 5089 sese
1478 5048 1619 5089 cum
1667 5049 1816 5106 pace
1867 5050 2005 5091 sua-

343 5126 463 5186 que
488 5121 692 5178 omnia
719 5122 843 5192 regi
874 5120 1114 5189 dedere,
1143 5126 1200 5178 et
1226 5121 1323 5178 ille
1350 5113 1642 5195 tyrannus
1682 5123 2005 5180 Bolizlavus

418 5272 567 5354 (252)
605 5276 700 5354 {ta
723 5279 794 5354 _L.
824 5293 898 5335 ex
924 5280 1260 5352 Chronogr.
1294 5281 1481 5354 ipsius
1512 5297 1561 5337 ο.

417 5346 566 5486 (253)
599 5347 695 5403 Ita
711 5348 777 5403 L.
803 5354 859 5405 et
884 5365 931 5405 c.

420 5415 541 5486 (254
603 5417 845 5474 Budizin
868 5434 931 5475 ui

414 5417 566 5497 (2.5a)
603 5417 845 5497 Budizin
868 5421 1033 5478 urbis
1057 5423 1566 5497 expugnationem
1589 5436 1648 5481 v.
1700 5422 1865 5496 apud
1903 5438 2006 5480 an-

345 5489 630 5542 nalistam
664 5489 983 5549 Saxonem.

417 5558 574 5637 (255)¹
606 5559 704 5617 Ita
748 5564 1004 5637 gomet
1042 5579 1069 5637 ,'
1139 5565 1557 5637 Thonginarus
1610 5580 1660 5623 ο.
1714 5565 2006 5624 Thammo

347 5630 514 5705 apud
534 5629 697 5693 Ann.
731 5633 917 5692 Saxo.

2118 3170 2354 3225 hostem
2383 3170 2605 3238 gaudet
2632 3169 2925 3241 recepisse
2953 3168 3279 3240 imbellem,
3312 3168 3687 3225 adversariis
3736 3169 3798 3224 in

2118 3273 2267 3330 pace
2298 3257 2411 3313 sibi
2438 3257 2852 3313 reconciliatis.
2886 3256 3218 3314 Bolizlavus
3249 3257 3490 3314 interim
3514 3257 3668 3328 dux,
3698 3258 3791 3314 iu-

2121 3362 2301 3402 cursu
2332 3347 2639 3402 Saxonum
2671 3362 2741 3402 ex
2770 3346 3067 3417 legatione
3095 3345 3252 3416 regis
3277 3347 3567 3414 concitus,
3604 3347 3799 3403 auda-

2120 3434 2172 3490 ci
2202 3434 2359 3491 bello
2379 3435 2570 3491 elatus
2599 3451 2786 3508 prope
2816 3435 3299 3508 Parthenopolim
3346 3451 3629 3508 pergens,
3660 3452 3797 3491 om-

2119 3539 2259 3580 nem
2288 3524 2616 3581 Sclavoniae
2643 3540 2712 3580 eo
2737 3524 2852 3580 loci
2882 3524 3251 3597 provinciam
3282 3529 3502 3593 vastat,
3556 3525 3798 3581 incolas

2121 3616 2225 3668 aut
2253 3612 2384 3668 neci
2422 3612 2664 3668 tradidit
2707 3619 2809 3668 aut
2849 3613 3116 3686 captivos
3165 3612 3434 3683 colligari
3484 3614 3794 3687 praecepit,

2119 3701 2310 3757 donec
2366 3700 2561 3774 ripam
2591 3700 2775 3756 Albiee
2820 3701 3086 3757 ﬂuminis
3130 3701 3359 3772 attigit;
3392 3702 3492 3758 ubi
3525 3703 3796 3774 superba

2118 3789 2402 3860 quaedam
2424 3790 2660 3859 jactans
2690 3789 2897 3861 verba,
2938 3790 3211 3846 obstante
3239 3790 3461 3846 summi
3493 3790 3655 3860 regis
3684 3791 3796 3847 mi~

2115 3877 2213 3934 lite
2246 3882 2455 3934 sancto
2485 3878 2781 3946 Mauricio,
2811 3894 2937 3934 suae
2968 3895 3090 3935 non
3134 3894 3387 3952 compos
3438 3879 3791 3944 voluntatis,

2114 3968 2422 4023 revertitur
2450 3967 2509 4022 in
2539 3968 2805 4041 propria,
2861 3967 3088 4025 ducens
3146 3983 3353 4024 secum
3404 3969 3465 4023 in
3524 3968 3788 4025 vinculis

2117 4055 2297 4112 fortes
2325 4057 2484 4112 viros
2517 4058 2844 4122 Saxonum,
2877 4056 3235 4123 Liudolfum,
3259 4057 3508 4115 Tadilan
3529 4063 3589 4113 et
3617 4058 3789 4114 Tadi.

2063 4187 2073 4194 .
2116 4147 2236 4202 Rex
2265 4145 2406 4202 talia
2434 4145 2707 4211 audiens,
2741 4146 2947 4203 animo
2976 4146 3173 4213 dolet;
3207 4146 3482 4203 hortatur
3507 4163 3677 4217 suos,
3710 4163 3789 4204 ne

2113 4233 2176 4290 id
2215 4234 2470 4290 inultum
2500 4233 2736 4290 ferrent.
2773 4234 2887 4291 Sed
2917 4234 3214 4306 ejusmodi
3244 4234 3549 4305 affectum,
3582 4237 3793 4292 nescio

2113 4339 2237 4394 quo
2258 4322 2588 4385 obstaculo,
2615 4322 2816 4379 nullus
2847 4323 3177 4380 etiamnum
3209 4324 3480 4396 sequitur
3508 4324 3783 4381 effectus.

2122 4412 2362 4468 Calend.
2386 4411 2542 4468 Junii
2578 4412 2725 4469 obiit
2749 4412 3127 4469 Hermannus
3175 4429 3403 4483 comes,
3450 4413 3635 4470 frater
3688 4420 3792 4470 Ar-

2121 4500 2269 4556 nulﬁ
2298 4500 2582 4574 episcopi.

2191 4594 2346 4646 1008.
2397 4589 2663 4647 Bertlalis
2715 4590 2886 4663 (260),
2921 4590 3163 4646 humilis
3186 4590 3404 4647 ancilla
3424 4591 3790 4650 ancillarum

2118 4679 2309 4735 sancti
2328 4678 2832 4745 Servatii,induxit
2846 4679 3117 4735 animum
3134 4679 3299 4737 adire
3319 4679 3528 4735 limina
3545 4687 3792 4753 aposto-

2115 4766 2314 4822 lorum
2344 4766 2492 4822 Petri
2519 4771 2573 4822 et
2603 4766 2784 4829 Pauli.
2815 4782 2925 4839 pro
2967 4783 3029 4823 se
3058 4771 3118 4823 et
3157 4767 3401 4823 domnae
3455 4768 3790 4825 Mechtildae

2117 4855 2330 4911 animae
2351 4854 2727 4911 absolutione
2750 4870 3116 4928 suorumque
3138 4854 3328 4911 salute
3349 4856 3639 4928 profecta.
3682 4862 3791 4914 Ita-

2114 4959 2232 5016 que
2254 4948 2284 5000 8
2309 4943 2444 5000 ldus
2464 4943 3083 5017 Januarii,postposita
3104 4944 3271 5000 omni
3287 4945 3793 5021 adversitate,per

2113 5032 2370 5106 abrupta
2399 5032 2716 5101 montium,
2730 5049 2838 5105 per
2858 5032 3159 5089 convalles
3175 5037 3495 5099 terrarum,
3508 5050 3638 5091 non
3661 5053 3793 5092 mo-

2112 5121 2243 5179 dice
2270 5121 2588 5178 laborabat
2611 5121 2672 5177 in
2698 5121 3164 5179 transmeatione
3206 5122 3558 5195 ﬂuminum,
3613 5125 3791 5182 dom-

2182 5282 2333 5353 (256)
2372 5282 2576 5339 Milites
2614 5282 3155 5339 Halverstadenses.

2185 5353 2333 5423 (257)
2370 5353 2818 5410 Valenciennes.

2189 5426 2334 5493 (258)
2373 5426 2544 5481 Deest
2575 5441 2625 5481 c.

2188 5494 2331 5562 (259)
2371 5497 2467 5552 Ita
2493 5498 2561 5551 L.
2588 5495 2746 5552 victa
2777 5512 2829 5554 ε.
2860 5495 3018 5554 facta
3050 5494 3192 5553 Chr.

2186 5565 2335 5641 (260)
2379 5567 2728 5639 [Bertradis]
2757 5569 2829 5625 L.
