3986 6178
125 207 212 266 5.5]
877 203 962 257 ET
994 201 1339 295 LAKBERTI
1366 201 1959 268 ASCHAFNABURG,
1992 203 2175 262 PARS
2201 205 2486 274 ALTERA
2516 211 2844 275 GENUINA.

3455 220 3559 280 542

1056 327 1372 386 ANNALES
1421 327 2154 392 QUEDLINBURGENSES.
2196 330 2266 387 Α.
2303 331 2628 398 1009-1012.

113 471 314 539 modo,
347 470 516 544 quod
573 469 852 534 amabat,
905 467 1105 522 videre
1139 469 1466 540 contigerit.
1521 467 1783 525 Tandem
1822 471 1871 525 Α
1903 470 2192 537 secunda,
2259 471 2404 529 luna
2452 477 2504 529 6.
2557 475 2835 532 Tonitrua
2861 482 2915 533 et
2961 480 3407 537 coruscationes
3436 481 3559 537 hie-

115 565 364 618 Romam
400 559 673 633 pervenit
695 558 998 628 gaudens.
1054 560 1207 626 Ergo
1237 559 1508 629 accessit,
1537 558 1795 631 amplec-

113 651 246 708 titur
273 650 467 706 sancti
499 649 649 704 Petri
683 647 1098 721 sepulchrum,
1129 645 1532 714 deosculatur,
1567 653 1621 703 et
1644 663 1793 720 quo-

109 756 242 797 rum
265 756 452 795 causa
484 739 840 805 advenerat,
889 734 1164 790 ﬂebiliter
1203 736 1288 792 ibi
1333 737 1640 809 peroratis,
1684 753 1792 793 nec

109 845 230 886 non
264 829 517 884 aliorum
553 832 910 882 sanctorum
942 825 1292 897 patrociniis
1333 826 1620 893 salutatis,
1676 831 1792 883 Deo

113 920 337 990 gratias
366 918 650 987 referens,
715 914 1039 971 incolumis
1099 929 1242 970 cum
1277 916 1399 971 suis
1447 917 1646 972 revisit
1690 933 1792 988 pa-

109 1008 307 1067 triam.
331 1007 508 1062 Stella
554 1004 869 1078 paschalis
898 1002 1304 1060 hebdomadae
1337 1005 1481 1061 feria
1527 1005 1794 1062 secunda

111 1096 312 1152 media
335 1096 430 1151 die
459 1095 591 1151 visa
620 1099 713 1150 est
741 1099 772 1148 6
802 1093 942 1148 Idus
977 1092 1223 1165 Aprilis.
1281 1095 1437 1151 Obiit
1489 1095 1792 1152 Liudolfus

107 1184 468 1243 Trevirensis
499 1181 1119 1256 archiepiscopus,cui
1148 1184 1441 1240 successit
1469 1183 1786 1255 Magingoz.

109 1273 267 1330 Obiit
296 1276 582 1340 Notgerus
619 1270 1090 1327 Laudovicensis
1136 1271 1291 1343 (261)
1325 1272 1666 1344 episcopus,
1696 1273 1791 1328 cui

111 1361 404 1416 successit
441 1359 776 1424 Baldricus,
826 1358 1094 1414 moribus
1153 1359 1504 1430 prmelarus.
1567 1362 1790 1418 Eodem

107 1467 269 1507 anno
303 1449 583 1521 Atalpero
630 1448 906 1512 clericus,
939 1446 1159 1516 reginae
1196 1449 1398 1518 frater,
1430 1450 1553 1520 regi
1582 1451 1791 1506 adver-

107 1540 304 1595 sarius
365 1537 850 1594 abominationes
910 1535 1127 1591 multas
1182 1538 1528 1598 concitavit.
1582 1545 1790 1596 contra

106 1644 288 1684 omne
311 1629 415 1698 jus
449 1633 504 1682 et
532 1626 622 1682 fas
654 1625 955 1681 Treverim
1005 1640 1144 1679 cum
1177 1626 1307 1680 suis
1337 1627 1450 1681 sibi
1479 1629 1788 1701 mancipa-

105 1719 204 1781 vit,
239 1717 453 1788 sicque
484 1714 774 1770 discessit.
832 1716 1228 1785 Compertum
1260 1731 1521 1786 cumque
1564 1716 1621 1772 id
1665 1719 1789 1789 regi

1903 557 2048 614 mali
2078 563 2347 632 tempore
2379 578 2538 636 saepe
2585 563 2830 626 ﬁebant.

1982 647 2136 704 1010.
2180 650 2493 708 Ansfridus
2542 653 2880 726 episc'opus,
2932 657 3153 712 meritis
3212 659 3556 730 praeclarus,

1902 735 2168 807 primum
2201 739 2542 812 imperatori
2559 746 2792 798 terreno
2819 749 3116 799 armatam
3139 746 3408 803 militiam
3420 748 3562 804 ﬁde-

1901 824 2032 880 liter
2063 826 2562 901 administrando,
2594 831 2810 886 deinde
2832 833 3082 888 creatori
3109 833 3406 890 humiliter
3423 836 3562 891 obe-

1901 913 2144 981 diendo,
2177 916 2393 974 divinis
2419 936 2481 974 se
2510 921 2876 993 mancipavit
2906 922 3236 994 praeceptis.
3279 922 3415 978 Ideo
3447 925 3561 978 vir-

1903 1002 2130 1059 tatibus
2161 1005 2369 1062 enituit
2399 1007 2646 1078 insignis
2672 1027 2686 1076 ;
2715 1009 2960 1064 calcatis
2991 1010 3254 1076 terrenis,
3286 1010 3441 1066 intra
3460 1027 3564 1067 an-

1901 1092 2124 1162 gelicos
2147 1095 2276 1166 jam
2303 1096 2474 1152 lentus
2498 1098 2714 1153 choros
2735 1099 2967 1155 aeternis
2994 1099 3205 1156 fruitur
3223 1100 3422 1158 bonis.
3457 1104 3564 1158 Eo-

1901 1182 2042 1238 dem
2074 1199 2237 1240 anno
2283 1202 2388 1242 rex
2416 1186 2477 1242 in
2533 1188 2974 1260 expeditionem
3033 1206 3172 1244 suas
3201 1191 3560 1247 contrahens

1900 1271 2128 1344 copias,
2161 1273 2467 1330 Poloniam
2497 1275 2822 1332 Sclavoniaa
2858 1277 3243 1348 quaesiturus,
3275 1278 3381 1332 sed
3435 1295 3559 1350 quo

1899 1359 2049 1415 velle
2080 1359 2359 1427 ducebat,
2412 1364 2658 1432 minime
2691 1369 3106 1438 perventurus,
3163 1381 3300 1420 cum
3348 1365 3559 1437 paucis

1901 1450 2100 1505 media
2153 1453 2460 1508 revertitur
2531 1455 2642 1516 via,
2705 1454 2868 1523 gravi
2932 1455 3243 1523 ingruente
3321 1454 3556 1521 egritu-

1898 1538 2038 1594 dine
2069 1558 2082 1605 ;
2137 1542 2381 1608 caeteris,
2440 1548 2502 1598 ut
2528 1549 2697 1598 erant
2735 1542 2892 1598 bello
2923 1543 3133 1614 parati,
3163 1543 3423 1614 plurima
3451 1543 3556 1598 de-

1896 1627 2270 1684 vastantibus
2287 1629 2420 1686 loca
2442 1631 2812 1703 multamque
2837 1631 3106 1703 praedam
3122 1647 3327 1687 secum
3358 1647 3558 1704 repor-
3617 1672 3620 1674 -

1897 1718 2186 1773 tantibus.
2256 1719 2506 1776 Basilica
2577 1721 2638 1775 in
2707 1723 3136 1792 Vongerestorp
3193 1720 3341 1791 (266)
3409 1721 3554 1792 (267)

107 1808 281 1876 foret,
344 1805 502 1861 illico
555 1820 695 1860 suas
728 1804 933 1876 copias
985 1802 1284 1873 colligens
1333 1805 1622 1876 advenit;
1686 1811 1796 1864 Lu-
1833 1815 1877 1875 Β
1905 1805 2153 1862 fulmine
2199 1807 2530 1864 terribiliter
2579 1807 2810 1864 interiit.
2871 1807 2987 1863 Sed
3041 1809 3258 1864 etenim
3311 1812 3556 1864 coch

105 1896 337 1954 tharios
370 1895 483 1950 sibi
543 1897 886 1949 resistentes
906 1891 1128 1964 palatio
1164 1892 1424 1960 obsedit,
1467 1895 1527 1949 16
1559 1895 1792 1954 hebdo-

103 1984 327 2042 madas
355 1983 436 2038 ibi
467 1983 716 2038 habens.
750 1981 837 2036 Illi
893 1980 1138 2036 tandem
1175 1979 1335 2036 fame
1366 1983 1578 2047 coacti,
1639 1985 1791 2044 falso

103 2073 352 2130 dextras
377 2071 614 2136 dedere,
648 2086 852 2140 regem
883 2074 940 2125 et
990 2084 1136 2124 suos
1168 2085 1437 2125 remeare
1485 2071 1697 2144 fecere,
1728 2075 1790 2130 in

106 2178 220 2218 sua
252 2161 507 2234 perﬁdia
547 2159 940 2216 nihilominus
972 2162 1426 2231 permanentes.
1491 2161 1647 2217 Obiit
1679 2163 1791 2218 Hi1-

106 2252 347 2306 dericus
379 2247 877 2317 Havelbergensis
937 2245 1286 2317 episcopus,
1343 2247 1439 2302 cui
1497 2251 1792 2307 successit

110 2342 335 2396 Ericus.

183 2448 340 2503 1009.
374 2445 578 2502 Subita
609 2448 667 2500 et
694 2442 917 2499 nostris
934 2441 1308 2514 temporibus
1338 2443 1578 2504 insolita
1595 2464 1787 2521 aqua-

112 2555 242 2592 rum
273 2536 496 2592 refusio
537 2535 692 2590 facta
722 2538 812 2588 est
833 2537 863 2588 3
898 2531 980 2586 1d.
1013 2531 1299 2601 Januarii,
1333 2532 1477 2591 feria
1495 2537 1784 2605 secunda,

115 2627 253 2682 luna
293 2627 376 2693 10,
406 2623 609 2681 multis
639 2623 937 2678 damnum
965 2620 1247 2687 inferens,
1290 2627 1319 2675 7
1347 2623 1562 2681 diebus
1594 2627 1654 2681 in
1676 2643 1787 2683 sua

116 2717 271 2772 rabie
328 2714 600 2788 perstitit.
660 2711 816 2768 Obiit
877 2710 1190 2766 Retharius
1255 2713 1788 2771 Patherbrunensis

117 2806 453 2880 episcopus,
483 2803 578 2858 cui
607 2799 894 2857 successit
919 2798 1330 2868 Meginwerck.
1365 2807 1616 2859 sanctus
1649 2807 1788 2861 Bru-

116 2891 207 2964 n'o,
239 2893 345 2967 qui
379 2891 847 2962 cognominatur
886 2887 1252 2955 Bonifacius,
1287 2891 1785 2966 archiepiscopus

117 2981 551 3043 etmonachus,
581 2979 636 3032 ll
673 2979 822 3049 (262)
873 2993 996 3031 suae
1039 2977 1445 3033 conversionis
1506 2996 1667 3037 anno
1726 2981 1786 3036 in

117 3072 374 3130 conﬁnio
410 3069 637 3126 Ruscias
668 3073 724 3123 et
748 3068 926 3122 Lituae
961 3082 996 3121 a
1023 3065 1277 3137 paganis
1327 3068 1520 3139 capite
1552 3071 1784 3142 plexus,

1899 1893 2008 1951 visi
2035 1899 2190 1952 sunt.

1978 2001 2129 2058 1011.
2154 2002 2535 2059 Bernhardus
2566 2003 2712 2072 dux,
2746 2019 2782 2058 a
2839 2017 2973 2072 rege
3013 2001 3333 2069 secundus,
3364 2000 3558 2057 multi-

1901 2090 2069 2156 genis
2102 2091 2406 2163 sapientiae
2467 2091 2724 2148 scientiae
2754 2091 3110 2164 pietatisque
3151 2091 3327 2146 donis
3360 2090 3561 2146 fecun-

1898 2177 2013 2232 dus
2043 2179 2358 2236 invehitur.
2389 2183 2579 2246 Quem
2608 2181 3035 2236 lamentatione
3058 2180 3331 2249 dignum,
3373 2181 3432 2234 18
3461 2178 3560 2233 die

1897 2267 2162 2322 moriens
2193 2275 2432 2324 secutus
2463 2275 2552 2323 est
2583 2268 2908 2336 Liudgerus
2935 2285 3156 2338 comes,
3181 2269 3358 2324 frater
3387 2283 3556 2322 suus.

1897 2356 2229 2414 Pestilentia
2249 2362 2305 2413 et
2329 2358 2679 2427 mortalitas,
2725 2357 2994 2414 inaudita
3025 2363 3374 2432 tempestate
3431 2355 3562 2413 ubi-

1897 2461 2016 2516 que
2060 2447 2326 2514 gentium
2381 2447 2767 2512 monasteria,
2825 2447 3064 2503 castella
3093 2451 3149 2503 et
3195 2447 3424 2520 oppida
3462 2446 3563 2502 de-

1897 2539 2224 2605 vastantes,
2255 2535 2606 2591 desaeviunt.
2667 2536 2864 2590 Hiems
2923 2536 3158 2592 insolita
3201 2537 3561 2610 pruinarum

1897 2623 2213 2694 asperitate
2240 2624 2583 2694 importune
2630 2624 2832 2691 longa,
2865 2624 2944 2678 ita
2977 2629 3036 2678 ut
3067 2624 3206 2679 solis
3245 2625 3438 2680 calore
3467 2622 3560 2677 in-

1899 2711 2216 2768 solubilem
2244 2711 2496 2767 multum
2529 2711 2812 2784 temporis
2861 2713 3107 2782 glaciem
3139 2713 3434 2775 retineret,
3489 2725 3561 2766 ac

1897 2801 2086 2855 multa
2114 2817 2371 2874 corpora
2400 2801 2714 2856 hominum
2772 2802 3057 2873 languida
3083 2802 3374 2858 redderet.
3405 2799 3563 2858 Obiit

1897 2889 2216 2959 Willigisus
2270 2890 2781 2963 archiepiscopus,
2843 2893 3014 2962 cujus
3037 2892 3168 2947 loco
3203 2891 3564 2960 subrogatur

1899 2978 2314 3035 Erkenboldus
2371 2980 2676 3036 Fuldensis
2734 2980 2949 3048 abbas,
3007 2981 3217 3038 merito
3265 2979 3561 3052 gaudens,

1899 3067 2083 3139 patris
2114 3069 2361 3124 nomine
2386 3073 2633 3139 retento,
2666 3074 2723 3125 et
2777 3071 3094 3142 pastoralis
3138 3070 3413 3127 culminis
3461 3069 3565 3124 ho-

117 3180 245 3218 cum
279 3161 407 3216 suis
437 3164 522 3226 18,
555 3165 584 3212 '7
619 3157 704 3213 Id.
737 3156 922 3213 Martii
954 3155 1121 3230 petiit
1171 3155 1374 3210 caalos.
1437 3158 1592 3214 Obiit
1638 3159 1790 3230 Wig-
1825 3163 1874 3220 ε
1903 3171 2046 3210 nore
2078 3157 2544 3230 suscepto.0biit
2573 3159 2746 3214 Asico
2779 3161 2926 3230 (268)
2957 3159 3247 3231 presbiter
3273 3159 3559 3214 inclusus.

118 3250 316 3307 bertus
378 3244 884 3315 Merseburgensis
939 3242 1278 3315 episcopus,
1336 3245 1431 3300 cui
1502 3248 1787 3303 successit

117 3341 513 3396 Thiatmarus.
561 3335 674 3391 Sed
706 3339 763 3389 et
791 3332 1100 3389 dominica
1129 3331 1224 3387 die
1275 3334 1616 3392 Palmarum
1649 3341 1784 3407 gut-

120 3435 182 3484 tae
212 3426 533 3496 sanguinis
563 3425 624 3480 in
654 3421 1029 3496 quibusdam
1073 3420 1218 3475 locis
1247 3423 1618 3480 vestimentis
1674 3426 1782 3481 ho-

118 3519 346 3575 minum
382 3513 772 3570 instillabant.
809 3511 909 3566 Sol
935 3509 1156 3564 nebula
1205 3509 1466 3567 horribili
1500 3518 1557 3568 et
1586 3513 1784 3570 colore

120 3606 415 3681 stupendo
445 3609 733 3672 mutatus,
767 3600 1132 3657 mirantibus
1189 3599 1543 3658 intuentium
1593 3603 1783 3660 oculis

120 3698 274 3752 velut
307 3694 680 3764 sanguineus
713 3708 780 3748 ac
813 3690 1012 3746 minor
1042 3705 1103 3744 se
1156 3689 1321 3744 visus
1366 3695 1650 3748 terrorem
1698 3692 1786 3748 in-

119 3788 297 3842 cussit
327 3792 358 3841 3
394 3783 524 3840 Kal.
560 3782 706 3848 Maii,
741 3781 890 3836 feria
919 3783 970 3846 6,
1005 3778 1145 3834 luna
1178 3779 1194 3832 l
1243 3798 1254 3846 ;
1305 3780 1544 3836 duobus
1571 3782 1785 3838 diebus

119 3877 260 3932 tales
305 3875 505 3931 mines
555 3872 900 3937 ostendens,
937 3869 1104 3924 tertio
1153 3868 1248 3923 die
1278 3869 1376 3924 vix
1407 3872 1650 3944 proprio
1702 3872 1786 3926 1:-

121 3966 278 4020 mine
312 3963 580 4018 vestitur.
614 3959 947 4016 Pestilentia
977 3963 1033 4013 et
1059 3957 1387 4014 mortalitas
1419 3960 1670 4030 graviter
1705 3985 1788 4013 πιε-

121 4061 270 4110 cutm
308 4057 468 4108 sunt.
506 4055 623 4116 Rex
651 4051 866 4106 iterum
897 4063 1122 4118 magno
1175 4047 1379 4103 dolore
1411 4049 1668 4105 simulet
1705 4053 1791 4108 ira

123 4148 488 4214 commotus,
528 4141 588 4196 in
622 4139 933 4195 Franciam
957 4137 1287 4201 revertitur,
1339 4141 1395 4193 et
1422 4138 1483 4192 in
1512 4138 1789 4211 pluribus

124 4234 266 4289 locis
295 4231 490 4288 multa
520 4230 748 4295 damna
778 4231 1118 4300 perpetrata
1151 4231 1290 4282 sunt
1319 4245 1332 4282 :
1361 4227 1563 4300 ibique
1590 4245 1795 4302 perac-

125 4329 178 4377 ta
210 4324 420 4376 aestate
447 4318 618 4374 rediit
643 4318 705 4373 in
736 4316 1059 4373 Saxoniam
1086 4316 1234 4385 (263)
1267 4316 1392 4372 sine
1421 4333 1589 4389 pace.
1627 4319 1796 4376 Dedit

123 4428 328 4467 comes
363 4410 473 4464 iter
502 4424 686 4477 agens
715 4424 751 4462 a
809 4406 1151 4461 Werinzone
1211 4405 1353 4478 (264)
1403 4411 1458 4462 et
1499 4407 1790 4465 Friderico

1897 3245 2119 3299 Eodem
2151 3261 2314 3301 anno
2372 3251 2401 3302 3
2459 3246 2700 3302 Calend.
2759 3247 3030 3315 Augusti,
3081 3248 3226 3302 feria
3274 3247 3560 3314 secunda,

1893 3333 2038 3388 luna
2065 3336 2156 3399 26,
2187 3334 2402 3389 cecidit
2433 3334 2702 3403 glacialis
2742 3335 2974 3404 grando
3003 3336 3214 3406 ingens
3245 3340 3300 3390 et
3322 3335 3566 3390 horren-

1893 3422 1992 3477 da.
2025 3422 2374 3478 Thietdivus
2403 3423 2562 3480 abba
2595 3429 2716 3480 et...
2749 3425 3105 3491 monachus,
3157 3425 3386 3480 Adhela
3417 3424 3561 3496 (269)

1896 3514 2094 3566 Romae
2134 3511 2366 3568 inclusa
2419 3532 2432 3580 ;
2489 3513 2620 3568 caeli
2673 3513 3087 3569 conscendunt
3143 3517 3387 3570 secreta.
3443 3515 3564 3568 Hoc

1894 3600 2075 3655 etiam
2108 3616 2272 3657 anno
2304 3618 2463 3658 saeva
2495 3619 2658 3658 mors
2688 3603 2762 3658 de
2793 3603 2958 3658 obitu
3004 3603 3374 3673 Hildegardis
3417 3603 3563 3659 duc-

1894 3689 2053 3744 tricis
2083 3689 2420 3747 miserabile
2472 3691 2802 3748 lamentum
2841 3691 3052 3757 intulit,
3109 3691 3257 3748 dum
3306 3691 3562 3765 reliquit,

1896 3779 2064 3851 quod
2092 3779 2299 3836 doluit.
2328 3781 2582 3836 Abstulit
2606 3786 2662 3836 et
2699 3781 2773 3835 de
2801 3781 2984 3849 regali
3038 3785 3353 3838 stemmate
3399 3797 3564 3850 gem-

1897 3884 2065 3923 mam
2120 3869 2500 3924 Machtildam
2559 3869 2958 3934 abbatissam,
3042 3869 3294 3923 Liudolﬁ
3353 3870 3559 3924 ﬁliam.

1898 3958 2246 4026 Suithgerus
2277 3961 2426 4029 (270)
2450 3958 2771 4030 episcopus
2803 3957 3077 4025 migravit
3115 3956 3193 4012 ad
3242 3957 3561 4027 Christum,

1901 4047 2074 4117 cujus
2101 4046 2233 4102 loco
2291 4047 2654 4115 subrogatur
2703 4045 3044 4101 Thictricus.
3104 4047 3322 4101 Ventus
3352 4045 3563 4115 ingens

1899 4135 2160 4210 plurima
2190 4135 2442 4190 aediﬁcia
2469 4134 2667 4190 subito
2698 4133 2931 4190 turbine
2959 4133 3265 4202 subvertit,
3292 4138 3348 4191 et
3375 4134 3564 4191 multa

1903 4225 2020 4281 alia
2072 4224 2296 4279 damna
2345 4223 2660 4279 commisit.
2720 4224 2854 4296 Ipso
2904 4238 3065 4278 anno
3102 4239 3205 4280 rex
3231 4222 3562 4281 Triburiam

1902 4313 2085 4377 venit,
2112 4317 2170 4368 et
2206 4329 2360 4368 nova
2414 4310 2574 4367 caade
2609 4328 2856 4368 suorum
2886 4311 3094 4368 merito
3127 4313 3309 4382 gemit
3342 4331 3355 4380 ;
3413 4312 3564 4369 inter

1904 4419 2078 4474 quos,
2121 4402 2293 4475 quasi
2345 4401 2511 4474 pacis
2563 4401 2752 4471 gratia
2797 4401 3158 4457 irruentibus
3204 4403 3562 4458 adversariis

121 4499 394 4574 patruele
421 4499 551 4568 ejus
571 4497 645 4552 de
703 4495 1033 4570 improviso
1084 4511 1220 4549 cum
1260 4494 1399 4550 dolo
1455 4495 1796 4555 interfectus
1833 4513 1876 4565 Β
1904 4491 2078 4562 regis,
2130 4492 2398 4548 Heinrico
2449 4496 2504 4547 et
2565 4490 2812 4559 caeteris,
2848 4497 3024 4564 capto
3052 4492 3360 4548 Thiedrico
3407 4491 3560 4546 duce

120 4595 226 4644 est.
272 4586 559 4643 Incendia
584 4585 843 4659 plurima
875 4583 1030 4639 facta
1090 4586 1228 4636 sunt
1267 4598 1372 4654 per
1408 4583 1561 4651 loca,
1593 4584 1673 4641 ita
1730 4592 1791 4642 ut

121 4684 176 4738 et
206 4677 493 4742 homines
525 4675 582 4732 in
615 4673 884 4748 quodam
945 4672 1077 4727 vico
1101 4670 1294 4726 exusti
1325 4671 1644 4729 interirent.
1696 4679 1791 4730 Fe-

120 4766 380 4835 cit(265)
433 4764 772 4820 Fricherum
822 4777 1047 4816 comes.
1093 4759 1436 4825 Machtildis,
1492 4762 1668 4831 regiae
1700 4781 1793 4819 so-

119 4854 277 4909 roris
310 4851 457 4923 ﬁlia,
487 4849 848 4906 obdormivit
883 4849 942 4904 in
979 4846 1250 4902 Domino.
1307 4848 1617 4916 Moguntina
1648 4864 1793 4924 quo-

118 4959 243 5014 que
273 4937 528 4996 basilica
554 4955 709 4996 nova
760 4954 898 4993 cum
949 4934 1234 4991 omnibus
1288 4934 1553 4990 aediliciis
1602 4935 1793 4992 cohae-

118 5028 398 5084 rentibus
452 5026 863 5083 miserabiliter
915 5021 1290 5080 consumitur
1317 5022 1474 5092 igne,
1535 5023 1662 5079 sola
1689 5040 1792 5080 ve-

119 5120 233 5176 teri
274 5119 526 5175 ecclesia
578 5120 948 5183 remanente,
980 5119 1013 5170 4
1047 5112 1167 5170 Cal.
1218 5113 1600 5186 Septembris,
1650 5115 1792 5172 feria

199 5253 347 5323 (261)
380 5251 736 5308 Leodiensis.

199 5321 352 5392 (262)
383 5325 471 5379 XII
508 5324 651 5379 Chr.
686 5325 846 5378 Ann.
873 5321 935 5377 S.

222 5335 328 5379 262
383 5335 471 5379 xu
508 5335 651 5379 Chr.
686 5335 846 5378 Ann.
873 5335 935 5377 δ.

221 5335 352 5472 26:1)
373 5396 476 5472 [te
503 5396 744 5472 corremi
764 5409 839 5449 ex
867 5395 1030 5472 Ann.
1063 5390 1123 5446 δ’.
1158 5390 1504 5463 Hispaniam
1539 5407 1588 5448 c.

222 5470 350 5533 264)
373 5465 751 5521 Werenhario
781 5464 1148 5520 marchione.

201 5534 479 5664 (£255.)t1ta
508 5536 838 5606 emendavi,
888 5535 1198 5594 annalista
1219 5536 1369 5592 duce
1389 5550 1418 5607 ,ο
1453 5534 1666 5593 exusti.
1697 5537 1790 5592 In-

201 5625 218 5664 r
245 5625 334 5664 eci
386 5624 436 5664 ο.

127 5609 360 5666 terfecit
386 5624 436 5664 ι’.

201 5680 348 5751 (266)
377 5681 474 5737 Ita
501 5681 810 5738 emendavi
833 5682 1286 5757 Ungcrestorpc.

1897 4581 2163 4654 patruele
2196 4598 2324 4647 suo,
2359 4581 2453 4636 alii
2476 4581 2677 4651 gladio
2707 4581 2997 4648 interiere,
3055 4581 3134 4636 ali
3159 4597 3301 4637 vero
3332 4579 3428 4634 vix
3457 4595 3562 4652 po-

1902 4675 2096 4727 terant
2121 4671 2394 4728 evadere.

1978 4853 2132 4904 1012.
2168 4849 2321 4906 Obiit
2364 4849 2636 4904 Erluinus
2689 4847 3036 4904 Camerinus
3066 4845 3215 4915 (271)
3261 4843 3406 4912 (272)
3438 4843 3558 4915 epi-

1902 4955 2140 5010 scopus,
2171 4939 2342 5010 cujus
2364 4938 2495 4992 loco
2522 4937 2832 4992 ordinatur
2853 4933 3208 4989 Gerhardus.
3246 4930 3400 4987 Obiit
3428 4934 3560 4987 Her-

1900 5044 2162 5083 mannus
2188 5043 2339 5100 puer
2387 5031 2443 5082 et
2471 5026 2616 5093 dux,
2662 5025 2817 5095 regis
2864 5021 3279 5079 consobrinus.
3333 5020 3557 5077 Eodem

1901 5132 2061 5172 anno
2091 5114 2581 5188 quadragesinali
2602 5119 2868 5185 tempore
2899 5111 3196 5167 monacho
3228 5108 3469 5165 cuidam
3495 5109 3556 5165 in

1975 5253 2121 5318 (267)
2153 5247 2468 5302 Wunstorf.

1973 5317 2114 5390 (268)
2145 5319 2239 5374 Ita
2264 5321 2424 5372 Ann.
2455 5320 2616 5373 Saxo
2645 5332 2667 5382 ,'
2689 5317 2886 5390 Etsico
2913 5333 2961 5372 c.

1974 5388 2118 5461 (269)
2154 5393 2249 5445 Ita
2276 5392 2435 5444 Ann.
2467 5390 2659 5461 Samo.
2685 5388 2924 5443 Deddile
2955 5404 3004 5444 c.

1971 5457 2460 5588 (270)3uthgerus
2482 5475 2531 5516 c.
2567 5459 2880 5530 Suicgerus
2935 5457 3404 5516 Monasteriensis
3430 5457 3555 5530 epi-

1971 5550 2118 5588 DDUS
2204 5548 2306 5587 nn.

1899 5550 2118 5592 SCODUS
2147 5548 2193 5588 A
2204 5548 2306 5587 nn.

1997 5551 2118 5608 lpus
2147 5551 2306 5588 Αηη.

1997 5604 2120 5678 271)
2151 5601 2598 5678 Cameracensis
2626 5603 2789 5662 Ann.
2817 5602 3003 5660 Saxo.

1992 5673 2120 5744 272)
2153 5673 2617 5734 Cameracensis.
