3980 6176
404 239 506 295 543

1309 241 1568 296 ANNAL.
1619 237 2057 295 HILDESHEIM.
2101 235 2894 304 QUEDLINB.'WEISSEMB.

3721 235 3834 289 544

1364 365 1691 420 ANNALES
1714 361 2450 429 QUEDLINBURGENSES.
2487 363 2555 415 A.
2602 363 2758 415 1013.

407 489 594 545 extasi
621 491 793 560 rapto
823 489 1063 542 ostensa
1089 490 1178 542 est
1200 485 1348 543 visio
1371 487 1680 556 mirabilis,
1708 503 1843 560 quas
1863 502 2059 559 quan-
2095 486 2146 541 A
2175 489 2435 541 acturus.
2487 483 2656 546 Quod
2699 482 2854 553 regis
2911 480 3217 536 decretum
3263 480 3346 537 illi
3383 479 3835 555 aliquantulum

405 581 532 633 tum
562 574 836 632 terribilis
861 574 1087 646 impiis,
1112 579 1344 630 tantum
1363 576 1719 648 praedicatur
1743 575 2060 632 laudabilis

405 665 537 738 piis.
571 665 636 721 In
667 663 1159 733 Bavanbergensi
1209 664 1448 720 castello
1475 664 1735 721 Francia“:
1765 664 2061 720 dedicatio

405 752 670 810 ecclesiae
697 753 854 809 facta
879 753 986 819 es‘t,
1024 752 1084 807 lo
1130 768 1292 808 anno
1334 753 1503 822 regni
1531 753 1781 809 Heinrici
1820 753 2002 824 regis,
2029 758 2060 808 2

406 846 556 899 Non.
581 842 730 910 Maii,
764 846 830 898 36
861 841 1159 914 episcopis
1188 841 1246 896 in
1278 842 1336 897 id
1363 843 1560 914 operis
1589 843 1916 900 destinatis.
1971 843 2062 897 In-

407 935 668 988 tererant
695 931 872 986 etiam
903 930 1066 998 regio
1089 930 1310 999 gaudio
1332 931 1593 987 dominae
1622 948 1855 988 sorores
1876 931 2062 988 abba-

409 1020 588 1087 tissae,
622 1020 844 1094 Sophia
873 1023 930 1074 et
956 1019 1305 1091 Adelheida,
1334 1021 1498 1093 quod
1538 1026 1660 1078 erat
1697 1022 1928 1092 insigne
1958 1021 2061 1077 de-

410 1125 516 1164 cus
541 1107 939 1182 imperatoriae
973 1107 1146 1164 aulae.
1203 1109 1423 1164 Aderat
1451 1114 1508 1166 et
1542 1109 1903 1166 incredibilis
1957 1109 2067 1165 fre-

409 1197 652 1269 quentia
683 1196 821 1252 cleri
847 1211 916 1251 ac
938 1195 1169 1269 populi,
1203 1196 1353 1252 inter
1380 1213 1536 1270 quos
1585 1198 1788 1254 multis
1833 1198 1948 1254 reis
1972 1198 2064 1254 in-

408 1284 714 1355 dulgentia
746 1301 782 1340 a
809 1300 950 1354 rege
980 1284 1205 1340 donata
1234 1289 1340 1353 est,
1392 1286 1522 1343 aliis
1547 1287 1722 1344 venia
1751 1286 2069 1361 repromis-

409 1388 498 1428 sa.
530 1373 685 1429 Obiit
713 1373 937 1442 Tagino
969 1373 1454 1448 archiepiscopus
1489 1376 2064 1450 Parthenopolensis,

407 1460 630 1516 meritis
669 1460 1015 1532 praeclarus,
1068 1462 1163 1517 cui
1215 1463 1501 1519 successit
1543 1463 1951 1533 Walthardus,
1980 1481 2071 1522 sa-

405 1549 642 1622 pientia
697 1549 1078 1623 scientiaeque
1141 1553 1275 1606 luce
1323 1552 1607 1624 fulgidus,
1665 1553 1880 1624 pietate
1921 1553 2068 1610 nulli

407 1637 727 1694 secundus.
781 1639 936 1695 Obiit
1008 1642 1244 1709 Vunger
1299 1641 1618 1713 episcopus
1669 1643 1832 1714 (273).
1916 1643 2069 1700 Obiit

406 1727 698 1783 Thietmer
717 1728 1030 1801 presbyter
1055 1733 1110 1784 et
1131 1731 1487 1785 monachus.
1538 1731 1604 1785 In
1630 1731 1899 1804 quadam
1930 1733 2071 1789 villa

2169 574 2462 641 timentes,
2516 573 2745 643 legatos
2801 570 2876 626 de
2919 585 3069 642 pace
3095 569 3386 625 miserunt
3431 568 3665 626 veniam
3693 585 3832 644 pre-

2168 662 2385 719 cando.
2423 664 2692 728 Quorum
2718 658 3005 716 voluntati
3025 673 3149 727 rex,
3176 658 3398 714 recenti
3427 657 3672 714 vulnere
3694 675 3832 715 sau-

2170 753 2316 823 cius,
2339 768 2464 809 non
2495 750 2796 817 satisfecit,
2844 747 2949 804 sed
2995 747 3243 803 consilio
3299 751 3501 804 tamen
3557 748 3832 804 ﬁdelium

2171 858 2417 898 suorum
2439 841 2751 911 Moguntiae
2768 856 2830 895 se
2851 837 3091 896 videndi
3119 836 3418 894 licentiam
3458 837 3638 893 dedit.
3699 839 3832 902 Quo

2171 931 2421 1004 quidam
2451 947 2524 986 ex
2551 929 2663 986 illis
2687 929 2884 986 venire
2923 926 3352 997 neglexerunt;
3397 926 3496 982 alii
3537 927 3692 996 regis
3723 927 3836 983 im-

2171 1021 2358 1093 perio,
2385 1024 2449 1076 ut
2475 1019 2691 1086 decuit,
2723 1020 3054 1091 paruerunt
3078 1033 3091 1083 ;
3140 1014 3279 1070 inde
3302 1031 3427 1070 non
3455 1016 3699 1085 integra).
3728 1032 3833 1089 pa-

2173 1109 2256 1165 cis
2272 1107 2494 1179 gaudia
2520 1111 2913 1181 reportantes,
2971 1105 3079 1160 sed
3107 1103 3421 1160 ﬁrmanda
3451 1104 3650 1160 adhuc
3699 1122 3836 1160 sus-

2172 1197 2395 1272 pendia
2423 1201 2823 1270 expectantes,
2854 1193 3072 1251 reversi
3121 1198 3258 1250 sunt
3281 1193 3342 1249 in
3383 1210 3512 1250 sua.
3548 1194 3836 1266 Expulsio

2172 1286 2517 1342 Iudaeorum
2547 1285 2706 1341 facta
2736 1288 2828 1340 est
2866 1300 2902 1339 a
2947 1298 3086 1352 rege
3144 1282 3204 1338 in
3234 1283 3533 1354 Moguntia
3563 1301 3576 1352 ;
3630 1283 3740 1339 sed
3781 1287 3840 1339 et

2174 1374 2560 1448 quorundam
2589 1373 3006 1430 haereticorum
3030 1371 3286 1428 refutata
3314 1376 3402 1428 est
3428 1371 3688 1427 insania.

2256 1467 2406 1521 1013.
2482 1467 2623 1519 Duae
2698 1463 2956 1518 lucernae
3015 1460 3312 1530 ardentes,
3393 1460 3622 1516 mundo
3690 1459 3838 1515 sub-

2176 1557 2396 1620 tractae,
2451 1552 2858 1608 reconduntur
2920 1549 3091 1617 caelo,
3150 1549 3398 1606 Lievitzo
3436 1549 3842 1606 Hammabur-

2179 1641 2376 1711 gensis
2407 1639 2912 1713 archiepiscopus,
2969 1643 3025 1695 et
3068 1637 3367 1710 Wonleph
3423 1638 3741 1711 presbyter
3785 1643 3845 1694 et

2178 1730 2515 1787 monachus
2542 1728 2857 1786 solitarius.
2887 1729 3215 1801 Episcopus
3245 1731 3447 1782 autem
3488 1727 3549 1782 vi
3577 1727 3841 1782 febrium

407 1816 714 1873 Saxonica:
761 1817 1009 1884 Sueviaa,
1082 1819 1365 1874 Cocstede
1423 1819 1565 1892 (274)
1625 1821 1888 1889 nomine,
1943 1822 2068 1878 nati
2103 1839 2150 1893 Β
2179 1823 2504 1893 correptus,
2538 1834 2674 1874 cum
2705 1817 2927 1873 laboris
2988 1816 3078 1872 sui
3116 1815 3433 1889 praemium
3485 1815 3842 1871 imminente

407 1909 547 1960 sunt
583 1905 803 1975 gemini
853 1905 1062 1961 fratres
1115 1923 1252 1963 cum
1300 1907 1600 1975 dentibus,
1647 1925 1714 1964 os
1780 1910 2070 1967 habentes

407 1991 583 2064 quasi
611 2008 754 2048 aves
787 1993 948 2064 (275),
983 1993 1129 2049 alter
1158 2010 1300 2049 vero
1330 1993 1609 2050 dextrum
1639 1995 1956 2053 brachium
1988 1999 2072 2054 di-

406 2080 682 2150 midium,
711 2084 776 2136 ut
804 2081 899 2136 ala
925 2081 1052 2137 avis
1074 2083 1242 2152 (275).
1277 2083 1465 2139 Tertia
1507 2085 1832 2140 nativitatis
1864 2086 1959 2142 die
1987 2087 2072 2142 di-

407 2174 624 2225 cuntur
651 2170 802 2226 inter
833 2187 894 2224 se
920 2171 1140 2226 risisse.
1170 2173 1332 2236 Quos
1366 2172 1521 2228 civili
1550 2173 1796 2244 contigit
1823 2191 2072 2231 consen-

409 2276 481 2314 su
510 2258 683 2326 mori,
716 2259 861 2330 quia
890 2275 992 2314 eos
1040 2259 1145 2314 diu
1170 2259 1364 2315 vivere
1391 2266 1517 2316 erat
1546 2262 1828 2318 omnibus
1873 2264 2066 2321 timor.

409 2347 633 2404 Eodem
655 2363 816 2403 anno
837 2348 898 2403 in
918 2348 1186 2411 Francia,
1213 2365 1355 2404 vero
1381 2366 1504 2405 non
1529 2350 1706 2420 longe
1738 2367 1774 2407 a
1804 2353 2068 2423 Colonia,

409 2437 538 2493 viro
559 2436 808 2509 quidam
839 2437 971 2493 dira
1025 2438 1258 2494 miserm
1305 2440 1514 2495 mortis
1566 2439 1866 2498 inducitur
1903 2443 2069 2513 ultio,

409 2526 575 2598 quod
606 2525 882 2581 muribus
930 2525 1302 2582 invisibiliter
1348 2528 1680 2585 incredibili
1718 2531 1904 2587 modo
1948 2549 2074 2588 cor-

409 2630 606 2682 rosus,
629 2614 831 2670 multis
862 2631 1110 2670 suorum
1141 2616 1548 2672 curationibus
1597 2619 1934 2689 frustratus,
1994 2621 2072 2678 ad

411 2707 678 2758 extrema
707 2719 897 2776 usque
923 2704 1211 2776 pervenit.
1245 2708 1456 2775 Magna
1483 2706 1662 2762 etiam
1693 2709 1948 2781 apiratis
1973 2710 2073 2766 de-

409 2791 761 2847 vastationis
790 2791 991 2847 clades
1015 2792 1173 2848 facta
1201 2798 1288 2848 est
1308 2793 1367 2848 in
1395 2795 1667 2866 partibus
1688 2798 1987 2870 aquilonis
2011 2800 2072 2856 in

411 2879 725 2951 provincia
783 2895 903 2935 una
933 2881 1102 2951 (276),
1137 2881 1218 2936 ita
1244 2887 1309 2936 ut
1336 2882 1538 2938 multis
1568 2883 1905 2957 interfectis,
1945 2888 2074 2943 aliis

411 2966 827 3023 miserabiliter
879 2969 1090 3040 captis,
1144 2971 1365 3026 exustis
1393 2970 1638 3045 insuper
1675 2973 2074 3046 plurimorum

413 3053 680 3108 aediﬁciis
706 3071 846 3110 cum
874 3056 1306 3127 pertinentibus
1334 3057 1528 3130 bonis,
1557 3062 1731 3133 pauci
1774 3063 1874 3118 vix
1893 3065 2074 3121 veluti

412 3142 562 3241 nudi
591 3143 925 3200 evaderent.
963 3144 1160 3241 Terrae
1191 3151 1390 3241 motus
1418 3164 1526 3220 per
1554 3149 1687 3206 loca
1703 3151 2073 3212 ﬁebant.Hoc
2113 3184 2156 3241 ο

2171 1909 2302 1979 jam
2331 1911 2521 1963 morte
2551 1922 2588 1963 a
2615 1909 2732 1962 Deo
2757 1909 3042 1978 speraret,
3071 1910 3136 1960 ut
3165 1908 3291 1960 erat
3315 1904 3518 1960 nimias
3549 1904 3839 1972 caritatis,

2177 1994 2534 2069 providebat
2580 1994 2701 2049 suis
2730 1997 2974 2067 portum
3021 1992 3245 2048 salutis.
3307 1995 3443 2049 Erat
3482 1992 3537 2048 ei
3585 1992 3840 2065 quidam

2176 2083 2434 2138 vicarius
2462 2083 2612 2138 inter
2651 2082 2898 2138 clericos
2940 2080 3258 2154 specialius
3310 2080 3646 2144 familiaris,
3695 2080 3843 2153 quia

2177 2170 2453 2226 nobiliter
2479 2170 2692 2238 ﬁdelis,
2722 2170 2912 2237 Odda,
2945 2186 3127 2242 quem
3179 2168 3397 2225 divina:
3434 2170 3842 2241 humanaeque

2177 2259 2323 2329 legis
2350 2259 2596 2315 scientia
2644 2258 2918 2332 adprime
2975 2258 3296 2326 eruditum,
3358 2258 3708 2332 episcopatu
3756 2257 3845 2312 di-

2181 2348 2535 2417 gnissimum
2589 2348 2944 2420 praedicans,
2993 2347 3121 2420 ipse
3178 2347 3408 2420 primus
3465 2352 3674 2403 sancta
3711 2363 3848 2402 ora-

2179 2436 2337 2492 tione
2367 2436 2428 2491 in
2449 2436 2511 2491 id
2540 2436 2736 2509 operis
2784 2436 3001 2506 elegit;
3055 2435 3274 2492 deinde
3332 2435 3468 2492 cieri
3506 2452 3576 2491 ac
3631 2433 3844 2508 populi

2179 2525 2543 2581 unanimiter
2571 2525 2960 2581 acclamantis
2989 2525 3203 2581 eadem
3232 2529 3372 2581 vota
3399 2525 3714 2598 persensit,
3773 2539 3843 2578 ac

2182 2614 2458 2670 siclaetus
2487 2613 2853 2670 obdormivit
2872 2615 2932 2669 in
2965 2614 3194 2671 Christo
3211 2615 3378 2686 (278).
3407 2613 3519 2670 Sed
3536 2613 3691 2682 regis
3721 2611 3846 2667 ani-

2181 2720 2318 2759 mus
2343 2702 2587 2758 immitis
2619 2703 2786 2775 (279),
2810 2707 2868 2759 et
2904 2703 3169 2760 habendi
3223 2703 3444 2759 misera
3473 2703 3617 2768 sitis,
3647 2701 3847 2757 renuit

2183 2791 2654 2864 supplicantium
2704 2807 2931 2864 preces,
2959 2791 3400 2847 contemnendo
3437 2790 3709 2847 ﬂentium
3739 2804 3845 2845 vo-

2183 2896 2302 2936 ces.
2332 2879 2603 2937 Succedit
2632 2879 2770 2935 huic
2822 2880 3034 2936 honori
3089 2883 3390 2936 Unwanus
3446 2879 3846 2953 archiepisco-

2183 2987 2300 3043 pus
2335 2989 2347 3037 ;
2379 2969 2490 3026 iste
2519 2985 2661 3026 vero
2708 2970 2809 3025 Dei
2837 2970 3028 3041 gratia
3075 2975 3341 3026 servatur
3378 2970 3727 3026 melioribus
3756 2969 3846 3025 vel

2183 3058 2328 3114 locis
2357 3057 2450 3114 vel
2473 3058 2846 3131 temporibus
2876 3061 3044 3131 (280).
3080 3059 3382 3115 Heinricus
3411 3075 3512 3115 rex
3534 3075 3570 3114 a
3599 3058 3846 3115 Bolizla-

2183 3163 2338 3203 vone
2360 3146 2563 3202 multis
2585 3146 3102 3204 obsecrationibus
3123 3152 3422 3217 exoratus,
3447 3148 3850 3220 Parthenopa-

413 3233 595 3289 etiam
623 3249 785 3290 anno
817 3236 1139 3291 commotio
1171 3237 1323 3292 aeris
1351 3255 1488 3294 cum
1511 3241 1730 3296 tonitru
1758 3247 1816 3297 et
1843 3243 2077 3314 fulgure
2119 3233 2155 3241 “’
2187 3235 2292 3292 lim
2316 3236 2497 3303 venit,
2528 3235 2634 3291 Ubi
2675 3235 2868 3292 iSdem
2896 3236 3185 3293 ΒοΙίΖῙᾶνο
3233 3236 3422 3293 ﬁlium
3471 3253 3651 3291 suum
3705 3252 3848 3292 cum

413 3326 471 3377 et
496 3321 853 3379 inundantia
899 3324 1243 3397 pluviarum
1273 3331 1440 3383 tanta
1464 3327 1620 3385 facta
1641 3335 1728 3386 est
1766 3334 1799 3387 4
1829 3331 1913 3388 Id.
1955 3335 2078 3389 Au-

413 3412 595 3482 gusti,
638 3415 702 3467 ut
750 3411 938 3468 biduo
976 3429 1388 3484 perseverans,
1429 3418 1800 3490 perplurima
1849 3422 2078 3478 damna

410 3503 746 3570 perageret,
823 3500 1039 3555 domos
1086 3501 1306 3556 multas
1339 3519 1474 3558 cum
1535 3507 1657 3562 suis
1708 3509 2079 3581 utensilibus,

410 3600 523 3640 nec
561 3602 684 3640 non
736 3601 982 3641 acervos
1024 3587 1265 3656 frugum
1307 3593 1746 3662 pessundaret;
1796 3597 2074 3654 homines

409 3687 653 3744 quoque
691 3673 1181 3745 periclitarentur.
1221 3677 1634 3736 Waldhardus
1679 3684 2078 3758 archiepisco-

408 3777 523 3834 pus
546 3767 812 3818 extrema
863 3763 1124 3832 sortitus,
1183 3782 1322 3821 cum
1351 3768 1580 3825 Christo
1613 3771 1839 3829 felicius
1892 3775 2075 3833 victu-

408 3866 536 3917 rus,
559 3851 705 3907 vixit
725 3856 860 3923 post
882 3851 1114 3908 obitum
1144 3854 1470 3924 Taginonis
1492 3859 1766 3916 antistitis
1790 3867 1876 3918 ter
1906 3869 2073 3921 terno

406 3939 937 3996 hebdomadarum
967 3957 1220 3998 numero
1241 3949 1298 4000 et
1325 3950 1498 4002 nocte
1527 3963 1666 4004 una.
1687 3951 1845 4007 Sedit
1873 3959 2073 4010 autem

405 4029 466 4085 in
497 4029 847 4103 episcopatu
874 4035 1101 4104 septem
1133 4033 1503 4104 septimanas
1520 4041 1853 4112 noctesque
1873 4043 2069 4112 binas,

408 4117 631 4172 trinum
663 4123 720 4173 et
769 4134 960 4174 unum
1001 4122 1190 4176 Deum
1243 4136 1343 4177 ore
1397 4124 1805 4196 praedicando,
1855 4136 2071 4188 unctus

407 4205 624 4276 Spiritu
676 4211 905 4272 sancto,
936 4223 1150 4280 pacem
1179 4209 1241 4264 in
1262 4210 1518 4267 invicem
1547 4219 1604 4269 et
1653 4214 1715 4270 in
1744 4232 1954 4274 omnes
1983 4236 2074 4277 ec-

408 4291 616 4347 clesias
647 4294 747 4349 Dei
777 4295 840 4350 in
861 4295 1174 4354 dilectione
1207 4299 1307 4355 Dei
1355 4305 1413 4356 et
1436 4303 1696 4374 proximi
1724 4321 2071 4380 praeparan-

406 4380 505 4436 do.
537 4383 674 4437 Post
701 4398 831 4454 ejus
887 4389 1142 4440 mortem
1192 4387 1528 4457 Bolislawo,
1583 4393 1786 4449 multis
1829 4396 2071 4454 milibus

407 4485 657 4525 suorum
681 4471 1017 4539 contractis,
1076 4473 1425 4531 Dalmantiaa
1443 4480 1478 4494 "
1506 4481 1791 4538 terminos
1817 4500 2072 4560 occupa-

404 4558 509 4627 vit,
540 4559 755 4616 urbem
815 4560 1011 4618 Coloci
1058 4563 1222 4635 (277),
1254 4565 1482 4621 noviter
1522 4567 1916 4630 instauratam
1964 4558 2072 4632 do-

405 4647 529 4703 lose
561 4654 885 4721 expugnat,
906 4655 964 4706 et
992 4651 1268 4725 utrinque
1290 4670 1514 4724 magna
1559 4662 1756 4730 strage
1805 4671 2071 4736 peracta,

407 4751 546 4791 cum
578 4737 828 4809 captivis
853 4739 1071 4795 nostris
1121 4740 1285 4796 domi
1311 4757 1589 4800 reversus
1629 4751 1735 4803 est.
1763 4752 2073 4810 Conradus

405 4824 530 4879 dux
559 4826 736 4895 regia:
759 4826 956 4899 stirpis
982 4828 1324 4886 humanum
1354 4831 1624 4890 debitum
1657 4837 2075 4899 exolvit.Hein-

405 4913 562 4969 ricus
588 4930 690 4970 rex
712 4915 790 4971 ad
844 4915 992 4972 festa
1031 4919 1218 4974 sancti
1272 4920 1498 4977 Martini
1544 4924 1928 4983 Conﬂuentiae
1976 4946 2073 4987 ve-

404 5002 596 5069 niens,
630 5019 919 5074 magnam
943 5007 1245 5078 synodum
1263 5009 1493 5082 habuit,
1511 5012 1924 5071 Thiedoricum
1958 5021 2070 5075 Me-

406 5095 635 5148 tensem
657 5093 1007 5168 episcopum
1071 5102 1434 5170 cnterosque
1461 5100 1573 5156 sibi
1607 5103 1856 5160 rebelles
1883 5122 2071 5166 causa

407 5179 762 5250 damnandi,
792 5183 841 5238 si
869 5185 1096 5241 nollent
1125 5188 1413 5259 converti,
1445 5193 1504 5245 et
1530 5190 1648 5247 alia
1671 5194 1959 5267 perplura
1986 5196 2070 5254 ibi

645 5307 948 5389 YYugerus
961 5311 1380 5389 Posnaviensis
1406 5313 1725 5389 episcopus
1739 5319 1789 5374 Α
1799 5336 1878 5377 nn
1889 5362 1902 5376 .
1914 5321 2066 5380 Sam.

482 5377 628 5444 (274)
653 5376 996 5435 Kochstedt.

502 5445 631 5518 275)
657 5449 838 5504 Aucte
865 5451 1028 5508 Ann.
1053 5452 1200 5508 Chr.

503 5519 628 5580 276)
664 5520 835 5574 Unna
862 5522 1024 5578 Ann.
1059 5523 1204 5580 Chr.
1237 5524 1301 5581 S.

490 5589 630 5664 [277)
653 5589 879 5664 Lobau,
909 5592 1110 5664 Libije,
1147 5594 1382 5664 Lobije;
1415 5599 1712 5658 annalista
1734 5603 2067 5662 Libuzuam

483 5611 630 5662 χιιι)
653 5611 879 5660 Lonau,
909 5611 1110 5664 moue,
1147 5611 1289 5651 nom
1315 5611 1382 5664 e;
1415 5620 1419 5650 ε

411 5657 634 5729 “Tum.
666 5660 1166 5736 chronographus
1190 5611 1419 5724 Eogoci.

2187 3324 2363 3379 variis
2393 3324 2570 3380 donis
2599 3326 2660 3380 in
2713 3341 3032 3381 occursum
3070 3325 3226 3395 regis
3285 3324 3611 3382 honoriﬁce
3636 3325 3799 3380 misit
3831 3344 3843 3392 ;

2187 3417 2244 3468 et
2270 3413 2571 3484 utrimque
2599 3429 2750 3486 pace
2799 3419 3135 3487 compacta,
3185 3395 3375 3470 ﬁlium
3410 3414 3578 3469 laetus
3602 3413 3845 3486 recepit,

2180 3500 2394 3571 jussus
2425 3516 2628 3569 regem
2669 3503 3028 3574 quantocius
3081 3503 3208 3576 ipse
3261 3503 3484 3558 videre.
3544 3503 3688 3558 Inde
3743 3518 3847 3557 rex

2186 3587 2391 3643 Werla
2427 3588 2749 3660 divertens,
2801 3591 3152 3664 aliquandiu
3198 3591 3280 3648 ibi
3319 3596 3752 3660 commoratus,
3783 3596 3848 3646 ut

2184 3677 2370 3732 moris
2402 3681 2509 3745 est,
2541 3679 2733 3734 multa
2762 3680 3075 3754 disposuit.
3107 3680 3319 3738 Statuit
3359 3687 3415 3737 et
3462 3697 3524 3737 se
3565 3687 3844 3737 sanctum

2184 3765 2413 3838 pascha
2445 3767 2806 3839 Aquisgrani
2846 3774 3121 3825 acturum
3151 3789 3165 3836 ;
3213 3771 3378 3843 quod
3430 3787 3505 3826 ne
3533 3771 3720 3836 ﬁeret,
3753 3787 3846 3826 re-

2183 3853 2427 3926 pentina
2463 3859 2519 3909 et
2574 3856 2772 3925 gravis
2824 3857 3139 3914 inﬁrmitas
3164 3857 3412 3928 distulit,
3466 3875 3601 3932 qua:
3627 3858 3844 3914 divini-

2184 3948 2278 3999 tus
2301 3946 2534 3998 tantum
2559 3944 2613 3999 ei
2642 3944 2919 4001 timorem
2950 3947 3157 4002 mortis
3183 3947 3452 4016 incussit,
3484 3953 3549 4004 ut
3582 3948 3731 4004 alios
3753 3949 3845 4005 di-

2183 4033 2404 4101 gnitate
2435 4037 2664 4099 exutos,
2689 4033 2837 4090 alios
2868 4052 2991 4092 suae
3023 4037 3223 4106 gratiae
3253 4037 3568 4093 dulcedine
3620 4038 3844 4108 injuste

2182 4121 2467 4194 privatos,
2499 4121 2854 4178 remittendo
2882 4123 3067 4196 priori
3094 4125 3376 4181 redderet
3416 4125 3567 4182 loco.
3611 4128 3842 4183 Conva-

2181 4210 2412 4266 lescens
2432 4214 2652 4290 autem,
2683 4211 3035 4268 necessitate
3067 4219 3315 4283 cogente
3345 4215 3845 4272 Patherbrunensi

2181 4298 2548 4354 monasterio
2585 4297 2734 4354 festa
2761 4301 3073 4372 paschalia
3103 4301 3442 4371 celebravit,
3488 4304 3650 4376 quod
3681 4309 3845 4361 eate-

2180 4403 2295 4442 nus
2338 4387 2579 4458 regibus
2631 4387 2936 4444 insolitum
2998 4390 3123 4447 fuit.
3199 4393 3584 4466 Tempestatis
3625 4393 3846 4449 validae

2180 4476 2427 4533 horrida
2482 4476 2872 4533 tenebrositas
2918 4479 3194 4535 homines
3238 4480 3435 4537 subito
3489 4483 3843 4554 perterruit;

2181 4580 2368 4636 quam
2414 4564 2618 4634 fragor
2669 4569 2726 4620 et
2774 4565 2928 4636 ignis
2981 4567 3449 4642 subsequuntur,
3494 4574 3551 4625 et
3576 4569 3638 4624 in
3693 4569 3846 4627 locis

2181 4652 2548 4725 quibusdam
2580 4652 2860 4710 ecclesias
2888 4655 3296 4713 subvertentes
3315 4657 3502 4713 multa
3527 4657 3644 4714 alia
3672 4659 3846 4714 dam-

2179 4757 2260 4798 na
2290 4747 2762 4812 commoverunt,
2799 4742 2935 4798 ldus
2975 4744 3103 4801 Maii
3131 4745 3276 4803 luna
3318 4752 3368 4817 1,
3399 4746 3542 4803 feria
3571 4750 3623 4801 6.
3673 4748 3848 4804 Hein-

2179 4829 2338 4885 ricus
2386 4830 2446 4885 in
2488 4836 2695 4886 sancto
2725 4835 3130 4904 Pentecosten,
3180 4835 3448 4890 maxima
3502 4834 3844 4893 conﬂuente

2179 4924 2435 4985 caterva,
2467 4920 2805 4991 Meresburg
2831 4939 2891 4977 se
2915 4922 3224 4992 colligens,
3258 4923 3505 4980 obvium
3523 4924 3712 4980 habet
3739 4929 3846 4982 Bo-

2177 5008 2529 5065 lizlavonem
2560 5026 2698 5065 cum
2723 5026 2946 5080 magno
2969 5017 3267 5084 apparatu
3303 5013 3682 5070 diversorum
3715 5032 3846 5072 mu-

2177 5113 2410 5165 nerum,
2444 5099 2611 5170 pacis
2643 5100 2833 5169 gratia
2863 5116 2972 5156 sua
2997 5100 3204 5156 omnia
3230 5117 3414 5173 seque
3466 5100 3794 5160 (ledentem
3828 5124 3842 5172 ;

2176 5202 2361 5257 quem
2398 5186 2656 5258 benigne
2681 5188 3031 5261 suscipiens,
3062 5205 3292 5261 paucos
3319 5189 3448 5246 dies
3478 5207 3689 5248 secum
3719 5210 3848 5250 mo-

2269 5323 2396 5466 278;
2426 5324 2559 5379 Chr.
2591 5328 2644 5379 2.
2673 5327 2820 5380 Non.
2843 5323 3009 5381 Febr.
3031 5324 3196 5382 Ann.
3226 5326 3291 5382 S.

2269 5397 2373 5448 279
2431 5395 2503 5451 Ut
2534 5395 2646 5452 hoc
2672 5397 2818 5465 loco,
2851 5398 2938 5452 ita
2967 5397 3182 5466 saepius
3204 5396 3291 5453 An

2269 5395 2411 5477 279)¹
2431 5395 2503 5451 Ut
2534 5395 2646 5452 hoc
2672 5397 2818 5465 loco,
2851 5398 2938 5452 ita
2967 5397 3182 5466 saepius
3204 5396 3535 5456 Annalisla
3574 5401 3848 5457 versibus

2174 5470 2582 5615 ῗοῖἑῖἐὶῗδωῇ
2607 5553 2662 5615 a.
2700 5539 2856 5608 1018,
2878 5537 3006 5594 haec
3026 5537 3204 5608 igitur
3229 5539 3554 5598 Annalium
3576 5556 3726 5615 pars
3746 5557 3851 5600 an-

2176 5610 2274 5663 tea
2303 5608 2524 5681 scripta
2546 5608 2672 5664 fuit.
