4004 6178
129 172 224 225 51-5

780 163 879 222 ΕΤ
923 164 1285 224 LAMBERTI
1323 163 1924 223 ASCHAFNABURG.
1965 164 2142 224 PARS
2177 166 2474 224 ALTERA
2515 172 2849 232 GENUINA.

3459 187 3566 243 546

1061 291 1386 347 ANNALES
1417 290 2140 356 QUEDLINBURGENSES
2169 294 2239 348 A.
2284 293 2616 352 1014-1015.

122 421 363 482 rantem,
393 421 457 472 ut
483 431 594 489 par
618 419 744 471 erat
776 415 957 486 regiae
989 413 1282 485 dignitati,
1337 413 1500 470 claro
1548 415 1784 472 honore
1824 415 1872 468 Α
1905 415 2226 472 comitibus
2254 435 2268 484 ;
2299 432 2371 472 ac
2401 415 2754 490 imperatori
2807 431 3222 497 praesentatus,
3279 431 3568 488 custodiae

121 507 457 572 adauctum,
489 510 841 561 nontamen
874 505 1000 560 sine
1041 505 1131 559 sui
1179 504 1350 574 regni
1395 503 1782 573 detrimento,

121 595 378 670 permisit
402 610 688 651 remeare.
722 596 804 649 De
829 593 1142 650 Sclavonia
1162 599 1222 650 et
1250 593 1424 650 multi
1455 594 1663 650 nuncii
1691 611 1784 650 ve-

120 688 344 752 nerunt,
396 682 619 755 quibus
679 681 942 738 interfuit
989 681 1318 738 Othelricus
1372 681 1447 736 de
1492 682 1784 738 Bohemia

115 784 242 824 cum
269 767 452 824 donis
473 767 652 822 etiam
676 768 982 822 honorans
1007 765 1218 821 faciem
1242 766 1401 835 regis
1437 785 1449 834 ;
1485 767 1603 835 cui,
1645 768 1782 824 licet

113 857 255 913 inter
280 872 346 932 se
379 861 437 912 et
464 855 708 912 fratrem
732 871 910 910 suum
941 854 1316 910 Geramirum
1369 861 1426 911 et
1454 856 1779 928 praefatum

109 945 548 1001 Bolizlavonem
574 945 662 1000 ira
691 949 1098 1017 permanente,
1124 944 1262 1000 lzeta
1292 945 1647 1008 succedunt,
1675 945 1782 1002 da-

107 1042 160 1091 to
189 1036 429 1091 honore
467 1034 694 1108 patrita,
747 1033 935 1088 misso
988 1033 1046 1088 in
1106 1033 1351 1089 exilium
1412 1050 1524 1089 suo
1569 1034 1774 1090 fratre.

103 1123 258 1180 Obiit
284 1123 567 1192 Egurdus
595 1122 907 1196 presbyter
925 1127 981 1178 et
1006 1123 1346 1178 monachus
1377 1123 1440 1177 in
1476 1122 1772 1180 claustris.

98 1217 216 1269 Rex
233 1213 488 1285 sapiens
521 1212 847 1280 Heinricus,
891 1211 1211 1266 stultorum
1263 1211 1517 1267 forsitan
1562 1211 1779 1284 depra-

96 1309 276 1357 vatus
308 1301 583 1366 consilio,
619 1299 924 1356 Fuldensis
957 1300 1310 1356 monasterii
1330 1300 1494 1356 bona
1524 1300 1776 1356 misera-

92 1390 296 1446 biliter
359 1389 624 1463 diripuit,
681 1389 828 1445 dum
859 1388 971 1444 sibi
1010 1388 1270 1444 fratrum
1298 1389 1417 1444 vita
1444 1387 1772 1460 displicuit.

90 1481 251 1534 Data
271 1478 596 1534 occasione
618 1475 970 1548 corrigendi,
1017 1475 1278 1531 invaluit
1329 1480 1589 1549 potestas
1641 1476 1777 1531 des-

86 1566 364 1623 truendi.
399 1566 724 1636 Diffugiunt
752 1567 864 1622 hac
896 1571 951 1620 et
977 1565 1108 1620 illac
1135 1570 1452 1635 vagantes,
1484 1566 1587 1639 qui
1610 1571 1780 1622 erant

85 1655 446 1722 cmnobitae,
470 1656 682 1726 jugum
718 1654 933 1710 Christi
981 1659 1320 1727 portantes.
1377 1659 1479 1711 270
1523 1656 1700 1712 annis
1741 1671 1776 1711 a

1897 500 2169 572 traditur,
2205 505 2412 578 sicque
2442 507 2630 577 patris
2660 507 2835 564 dolor
2863 520 3207 574 renovatur.
3236 519 3416 576 Bonae
3446 538 3571 577 me-

1894 594 2100 649 moriae
2128 595 2404 666 Hatwiga
2433 596 2743 654 abbatissa
2773 603 2924 672 (281)
2951 603 3096 660 obiit
3125 611 3182 662 et
3209 609 3569 667 Bernharius

1894 682 2220 755 episcopus
2248 684 2596 757 Fardensis,
2639 688 2735 742 cui
2768 692 3052 748 successit
3088 694 3358 753 Wikkier
3413 715 3567 772 prae-

1893 771 2134 844 positus
2168 773 2562 830 Coloniensis.
2593 779 2712 832 Hoc
2761 793 2924 835 anno
2969 780 3295 854 imperator
3325 771 3569 847 Corbeie

1894 861 2061 915 venit
2089 861 2169 916 ad
2199 861 2532 919 visitandos
2559 864 2790 936 fratres,
2823 884 3086 940 quorum
3115 873 3234 930 vita
3288 875 3401 931 sibi
3443 877 3569 932 dis-

1887 948 2127 1021 plicuit,
2166 955 2224 1004 et
2249 966 2385 1006 eam
2419 951 2716 1025 imperiali
2743 959 3090 1015 auctoritate
3139 962 3432 1033 corrigere
3463 983 3570 1022 vo-

1898 1037 2028 1092 luit.
2056 1037 2221 1093 Unde
2254 1039 2457 1110 plures
2479 1041 2718 1098 illorum
2761 1044 3027 1102 instituta
3077 1056 3317 1120 patrum
3371 1053 3573 1110 defen-

1900 1124 2134 1212 dentes,
2166 1131 2224 1182 et
2248 1126 2387 1199 plus
2412 1129 2575 1198 justo
2606 1136 2813 1187 contra
2847 1133 2948 1202 jus
2976 1135 3208 1208 imperii
3233 1141 3563 1212 saevientes,

1900 1211 2024 1268 heu
2049 1213 2266 1268 misere
2295 1214 2618 1288 desipiunt,
2650 1235 2788 1274 cum
2811 1223 3079 1292 percussi
3122 1225 3183 1280 in
3234 1211 3565 1300 maxillam,

1903 1313 2029 1353 non
2062 1300 2333 1371 praebent
2361 1302 2631 1370 alteram,
2655 1311 2719 1362 ut
2748 1311 3050 1377 monachi,
3096 1314 3196 1368 sed
3245 1316 3370 1372 sine
3427 1335 3568 1374 con-

1905 1386 2037 1443 silio
2065 1388 2313 1481 rebelles
2329 1391 2489 1448 male
2519 1402 2735 1465 parant
2761 1413 3052 1469 pugnam.
3096 1403 3247 1466 Quid
3279 1405 3565 1481 deinceps

1903 1483 2107 1568 actum
2131 1478 2226 1545 sit,
2258 1481 2474 1536 nostris
2517 1485 2888 1557 temporibus
2943 1491 3137 1558 magis
3185 1499 3275 1549 est
3323 1478 3566 1568 stupen-

1902 1565 2055 1622 dum
2086 1584 2274 1640 quam
2306 1569 2437 1626 stilo
2485 1575 3061 1634 commendandum.
3126 1585 3186 1635 17
3236 1565 3441 1640 tamen
3489 1603 3565 1642 ex

1899 1655 2016 1712 illis
2041 1658 2197 1747 capti
2229 1660 2513 1715 custodiae
2541 1662 2856 1719 traduntur
2890 1683 2902 1732 ;
2955 1669 3148 1724 caeteri
3192 1688 3333 1728 vero
3370 1664 3562 1747 impe-

81 1746 312 1804 Camlo
343 1745 543 1818 primo
572 1761 642 1802 eo
676 1745 787 1800 loci
813 1744 1155 1801 serviebant
1187 1747 1310 1800 Deo
1344 1762 1538 1813 ;nunc
1558 1747 1776 1802 nostris
1816 1759 1868 1813 Β
1901 1746 2119 1802 ratoris
2135 1746 2311 1817 jussa
2332 1754 2650 1806 sectantur.
2688 1752 2910 1809 Eodem
2939 1756 3120 1813 etiam
3167 1776 3329 1817 anno
3372 1744 3560 1836 impe-

84 1835 505 1908 temporibus,
528 1834 679 1907 proh
709 1834 882 1891 dolor
913 1834 924 1888 l
977 1833 1401 1907 spectaculum
1429 1834 1567 1891 facti
1594 1852 1773 1892 mun-

79 1924 189 1991 do,
227 1929 291 1980 et
324 1923 567 1979 sibimet
589 1923 774 1979 dolori
807 1928 865 1979 et
911 1921 1040 1978 aliis
1075 1926 1335 1978 manent
1363 1922 1574 1978 timori.
1603 1928 1773 1982 Com-

80 2012 287 2068 motio
321 2028 570 2085 quoque
595 2012 744 2068 aeris
775 2011 977 2068 valida
1001 2015 1060 2067 et
1115 2011 1238 2067 hoc
1270 2026 1432 2066 anno
1477 2011 1677 2083 ﬁebat,
1712 2018 1776 2070 ut

80 2118 200 2173 per
230 2101 504 2173 plurima
532 2101 662 2157 loca
699 2101 952 2158 mdiﬁcia
983 2104 1254 2167 ruerent,
1283 2104 1339 2155 et
1371 2117 1463 2156 res
1491 2102 1772 2174 quredam

79 2189 383 2262 pretiosa:
441 2205 478 2244 a
529 2189 774 2244 fulmine
817 2193 983 2244 tactae
1039 2187 1372 2244 interirent.
1439 2189 1502 2243 In
1571 2195 1773 2246 monte

78 2277 279 2332 etiam
311 2276 746 2347 Luniburgensi
784 2276 1092 2332 horribilis
1115 2277 1316 2332 hiatus
1345 2281 1511 2333 terrae
1560 2279 1770 2351 patuit,

81 2367 204 2439 ipsi
239 2365 473 2438 templo
502 2365 697 2422 minas
724 2366 935 2422 ruendi
980 2366 1291 2438 praebens,
1351 2370 1408 2421 et
1453 2367 1664 2423 incolis
1710 2367 1775 2423 ti-

81 2473 262 2512 more
297 2455 624 2528 perterritis
648 2471 817 2528 spem
847 2455 1120 2524 confugii
1151 2454 1419 2510 funditus
1437 2456 1512 2511 ad
1537 2461 1773 2528 tempus

83 2545 400 2600 auferens.
460 2542 652 2598 Rebus
704 2543 766 2598 in
816 2543 1082 2599 Saxonia
1131 2542 1238 2598 rite
1297 2543 1618 2616 dispositis,
1668 2560 1773 2600 rex

87 2635 334 2690 Italiam
375 2633 644 2689 secundo
669 2633 924 2690 intravit.
958 2633 1193 2689 Eodem
1225 2649 1384 2688 anno
1415 2634 1770 2691 innundatio

85 2741 404 2797 aquarum
467 2723 651 2779 nimia
700 2723 856 2780 facta
904 2728 1014 2790 est,
1070 2722 1263 2778 multa
1298 2722 1523 2780 damna
1571 2724 1768 2780 ferens

88 2819 149 2870 18
179 2814 438 2871 Calend.
461 2813 746 2879 Januarii,
777 2813 923 2870 luna
947 2828 1139 2874 nona,
1168 2812 1312 2868 feria
1343 2817 1372 2869 3
1409 2832 1422 2882 ;
1456 2814 1622 2886 quod
1665 2831 1769 2870 rex

85 2903 568 2977 parvipendens,
593 2903 703 2959 iter
721 2903 887 2976 quod
910 2907 1180 2976 cmperat
1204 2903 1449 2974 peregit,
1504 2903 1767 2960 natalem

90 2995 329 3050 Domini
387 2993 589 3066 Papias
626 2993 957 3049 honoriﬁce
1013 2992 1357 3049 celebravit.
1419 2995 1540 3049 Hoc
1585 2993 1765 3050 etiam

1891 1834 2110 1890 ratoris
2134 1835 2348 1891 caritas
2378 1836 2618 1894 domnae
2649 1839 2990 1898 Adelheidte
3021 1846 3261 1904 tradidit
3289 1850 3443 1905 duas
3461 1834 3562 1907 so-

1887 1940 2056 1979 rores
2087 1927 2238 1994 (282)
2268 1940 2408 1980 cum
2436 1927 2678 1982 ﬁliabus
2709 1929 2830 1984 suis
2860 1935 2916 1986 et
2957 1933 3393 2004 pertinentibus
3445 1939 3556 1994 bo-

1885 2012 2002 2079 nis,
2037 2013 2327 2068 Gheronis
2359 2016 2674 2086 quondam
2701 2019 3069 2076 marchionis
3122 2026 3557 2083 monasterium

1885 2101 2036 2172 (283)
2069 2101 2189 2157 Cal.
2225 2103 2538 2159 Novembr.
2575 2105 2721 2160 feria
2753 2108 3040 2176 secunda,
3075 2113 3242 2184 quod
3295 2114 3374 2169 ob
3427 2131 3555 2171 mo-

1883 2195 2246 2246 numentum
2279 2209 2402 2247 sua:
2433 2193 2650 2248 animus
2677 2194 2890 2268 suique
2919 2197 3024 2253 ﬁlii
3040 2206 3554 2272 construxerat,ac

1883 2295 2109 2335 nurum
2138 2295 2333 2348 suam,
2366 2281 2745 2350 Hatuwigam
2785 2283 3076 2357 videlicet,
3103 2288 3377 2359 religiose
3406 2307 3552 2347 con-

1883 2373 2225 2423 versantem
2257 2368 2706 2438 congregationi
2740 2373 3288 2432 sanctimonialiam
3319 2394 3553 2452 praepo-

1885 2457 2001 2512 suit
2037 2475 2049 2523 ;
2079 2461 2137 2512 et
2167 2458 2662 2514 Frethunensium
2681 2459 2946 2516 nobilem
2970 2467 3548 2536 congregationem-4

1883 2550 2031 2602 Non.
2056 2546 2347 2616 ejusdem,
2381 2547 2528 2603 feria
2558 2553 2610 2604 3.
2646 2549 2876 2613 Quibus
2906 2553 3191 2625 acceptis,
3225 2557 3289 2608 ut
3345 2555 3548 2614 decuit

1881 2639 2047 2691 tanto
2069 2635 2320 2703 nomini,
2353 2635 2630 2691 nobiliter
2659 2638 2896 2706 enutrit,
2930 2640 3330 2713 amplectitur,
3358 2641 3542 2712 fovet;

1880 2729 1937 2779 et
1965 2722 2218 2794 egregiae
2247 2723 2456 2779 matris
2479 2740 2548 2780 ac
2579 2724 2775 2780 amita:
2807 2727 3119 2799 sapientia,
3177 2744 3300 2800 qua
3339 2746 3405 2785 se
3451 2731 3542 2788 in-

1880 2816 2193 2878 struxerat,
2225 2811 2564 2880 informata,
2598 2829 2672 2868 ne
2715 2813 2811 2869 vel
2862 2817 3074 2872 merito
3127 2816 3223 2873 vel
3263 2820 3542 2892 exemplo

1879 2903 2162 2975 cuiquam
2192 2901 2254 2956 in
2284 2901 2343 2956 id
2373 2901 2757 2958 institutionis
2819 2904 3127 2962 inferiores
3174 2906 3538 2980 viderentur,

1878 2991 2044 3047 omni
2065 2990 2297 3062 pietatis
2321 2991 2520 3046 studio
2570 2991 2883 3062 diligenter
2932 2995 3157 3051 edocet.
3213 2996 3542 3068 Imperator

90 3100 246 3140 anno
280 3088 446 3150 1013,
470 3082 772 3139 contentio
803 3099 1032 3152 magna
1061 3082 1222 3138 facta
1246 3087 1333 3138 est
1371 3082 1431 3138 in
1460 3088 1764 3140 monaste-
1806 3109 1847 3165 C
1877 3079 2264 3154 quorundam
2293 3080 2574 3152 precibus
2605 3096 2954 3152 persuasus,
2981 3084 3341 3140 Bolizlavoni
3365 3089 3540 3144 remi-

91 3175 170 3228 rio
225 3173 486 3230 Geronis
546 3173 754 3241 magni
808 3171 1176 3227 marchionis
1234 3171 1384 3227 inter
1444 3172 1763 3229 Arnulfum

92 3264 452 3335 episcopum
481 3265 540 3317 et
565 3261 859 3317 Geronem
887 3260 1192 3331 comitem,
1219 3261 1301 3317 ita
1348 3266 1412 3317 ut
1467 3277 1541 3317 ex
1596 3267 1764 3334 parte

93 3351 357 3423 episcopi
393 3350 651 3423 quidam
682 3350 1016 3422 periculum
1047 3365 1264 3422 pugnae
1293 3350 1392 3406 vix
1445 3351 1767 3408 evaderent

94 3441 315 3496 meritis
338 3439 537 3496 sancti
569 3439 798 3511 Cyriaci
846 3439 1149 3511 martyris,
1183 3439 1356 3510 cujus
1412 3440 1573 3496 festis
1623 3440 1767 3497 inte-

95 3534 306 3593 rerant,
346 3532 646 3601 praesente
668 3528 974 3596 Hatewiga
998 3527 1325 3584 abbatissa.

163 3621 323 3674 1014.
363 3621 512 3673 Item
541 3615 834 3671 diluvium
864 3616 1044 3672 venit.
1072 3619 1190 3672 Rex
1243 3619 1525 3674 Ravenna
1553 3634 1765 3692 prope-

98 3721 247 3775 rans,
305 3705 526 3761 habita
589 3703 804 3760 sinodo
863 3703 1197 3760 Arnoldum
1252 3705 1492 3762 fratrem
1563 3723 1761 3776 suum,

103 3794 429 3868 episcopali
460 3793 752 3864 dignitate
778 3793 946 3866 prius
975 3793 1269 3850 donatum
1295 3799 1352 3851 et
1375 3796 1762 3868 quorundam

101 3883 145 3937 vi
199 3883 402 3940 redire
464 3885 767 3952 coactum,
820 3882 1170 3938 auctoritate
1217 3898 1393 3955 papae
1447 3899 1516 3940 ac
1565 3886 1762 3942 cuncti

105 3979 334 4029 senatus
385 3971 643 4028 consilio
697 3975 959 4040 revocat,
1028 3972 1514 4044 archipraesulem
1576 3974 1760 4044 digno

97 4059 311 4118 honore
367 4059 677 4128 stabilivit,
738 4059 988 4133 aliisque
1035 4059 1262 4117 ibidem
1319 4062 1424 4117 rite
1473 4062 1760 4120 ordinatis

100 4148 429 4217 discedens,
467 4152 723 4205 Romam
752 4147 1042 4220 pervenit.
1087 4149 1195 4205 Ivit
1240 4149 1484 4206 obviam
1529 4155 1651 4207 tota
1677 4152 1758 4207 ci-

98 4240 231 4296 vitas
272 4260 285 4296 :
317 4240 462 4295 licet
492 4238 740 4293 dissono
777 4242 940 4306 voto,
969 4242 1191 4304 tamen,
1220 4242 1283 4294 ut
1310 4255 1420 4310 par
1470 4244 1614 4309 erat,
1649 4257 1758 4298 suo

98 4327 334 4385 domino
367 4327 522 4384 dant
549 4326 800 4382 laudum
831 4327 1151 4398 praeconia,
1201 4327 1544 4384 extollentes
1572 4329 1649 4384 ad
1681 4330 1756 4385 si-

1876 3170 1950 3226 sit
1976 3169 2168 3225 filium
2197 3185 2375 3224 suum
2407 3169 2772 3226 incolumen.
2827 3173 2889 3226 In
2937 3173 3243 3242 Bohemia,
3287 3174 3538 3244 jubente

1874 3257 2189 3327 Othelrico,
2222 3257 2392 3312 multi
2419 3257 2767 3314 innocenter
2794 3261 2973 3316 occisi
3001 3268 3156 3317 sunt.
3210 3264 3318 3316 Res
3361 3265 3540 3322 mise~

1872 3347 2065 3404 randa
2093 3347 2470 3419 nimiumque
2502 3349 2801 3420 stupenda
2858 3350 3104 3419 contigit
3148 3350 3211 3404 in
3264 3352 3536 3422 partibus

1871 3437 2333 3495 occidentalium
2355 3437 2670 3507 regionum
2697 3442 2728 3494 3
2781 3440 3021 3496 Calend.
3071 3439 3340 3496 Octobris
3391 3441 3536 3501 feria

1871 3530 2087 3601 quarta
2114 3526 2418 3582 Walachri
2445 3531 2500 3582 et
2532 3527 2820 3585 Flanderi.
2853 3530 3174 3586 Horrenda:
3201 3529 3395 3586 nubes
3423 3549 3534 3605 ap-

1870 3620 2218 3689 paruerunt,
2251 3631 2385 3688 quae
2411 3631 2519 3688 per
2548 3619 2664 3671 tres
2693 3623 2918 3686 noctes,
2964 3619 3118 3674 miro
3170 3617 3531 3693 immobiles,

1869 3705 2068 3760 minas
2094 3704 2461 3761 intuentibus
2487 3705 2820 3764 dederunt:
2851 3708 3020 3764 tertia
3050 3724 3194 3764 vero
3237 3708 3333 3764 die
3384 3713 3532 3769 toni-

1869 3794 1986 3850 trui
2015 3794 2318 3849 inauditus
2344 3793 2546 3863 fragor
2597 3795 2944 3864 adveniens,
3004 3797 3262 3852 turbavit
3313 3802 3528 3874 maria,

1867 3887 1934 3938 ut
1963 3882 2292 3938 terribiliter
2320 3883 2804 3951 intumescerent,
2837 3890 2893 3940 et
2916 3883 3341 3941 incredibiliter
3367 3905 3528 3944 cres-

1868 3971 2060 4028 cendo
2089 3970 2356 4026 nubibus
2381 3971 2756 4028 inhaererent.
2783 3976 3055 4045 Cumque
3113 3979 3420 4042 gementes
3441 3977 3529 4031 in-

1868 4060 2014 4117 colae
2059 4059 2383 4132 repentinae
2443 4059 2797 4116 calamitatis
2875 4061 3182 4117 miseriam
3233 4061 3295 4117 in
3348 4069 3526 4122 tantae

1866 4149 2278 4206 inundationis
2305 4148 2462 4204 mole
2489 4149 2920 4221 conspicerent,
2954 4156 3011 4207 et
3039 4150 3191 4206 sicut
3206 4158 3342 4224 post
3371 4171 3529 4211 mor-

1867 4244 1986 4296 tem
2006 4238 2220 4295 Juliani
2244 4243 2539 4312 Apostataa
2571 4254 2756 4295 naves
2786 4240 2861 4296 ad
2893 4245 3198 4314 praerupta
3227 4244 3524 4302 montium

1866 4329 2197 4402 penderent
2220 4327 2312 4384 vel
2341 4327 2400 4383 in
2424 4327 2739 4400 antiquum
2770 4329 2954 4385 chaos
2984 4330 3190 4386 omnia
3241 4333 3522 4407 redirent,

100 4417 245 4474 dera.
299 4421 438 4485 Quo
471 4415 586 4471 sibi
615 4421 671 4472 et
691 4415 1002 4472 contectati
1033 4415 1480 4489 imperatorium
1528 4435 1749 4476 nomen
1791 4456 1832 4508 ο
1868 4418 2080 4474 timore
2105 4417 2314 4473 mortis
2343 4417 2631 4490 percussi,
2684 4423 2851 4489 terga
2897 4425 3120 4477 vertere
3169 4430 3475 4495 caeperant
3508 4444 3522 4495 ;

99 4507 365 4564 obtinuit.
391 4509 624 4562 Paucos
651 4505 735 4561 ibi
754 4505 987 4562 habens
1038 4505 1186 4572 dies,
1245 4507 1487 4579 publica
1541 4524 1624 4575 re,
1681 4515 1746 4566 ut
1791 4505 1820 4508 ⁷
1857 4508 1962 4566 sed
1987 4507 2248 4581 peccatis
2273 4507 2778 4579 praepedientibus
2811 4509 3000 4565 multa
3022 4509 3186 4566 milia
3203 4510 3520 4569 hominum

96 4597 365 4667 putabat,
428 4595 584 4652 bene
642 4595 955 4667 disposita,
1011 4599 1066 4650 et
1119 4595 1416 4652 immensa
1496 4599 1754 4670 pecunia

96 4688 283 4743 ubivis
314 4686 594 4742 locorum
652 4689 960 4754 congesta,
1025 4685 1315 4742 accelerat
1369 4687 1477 4742 iter
1522 4687 1600 4743 ad
1651 4705 1754 4760 pa-

94 4776 284 4841 triam,
319 4790 448 4830 non
481 4773 610 4828 sine
659 4772 886 4828 damno
930 4773 1276 4830 multorum.
1339 4775 1494 4831 Multi
1549 4781 1748 4833 autem

92 4864 330 4919 obsides
352 4867 410 4919 et
439 4861 536 4917 alii
568 4864 979 4918 Romanorum
1005 4862 1289 4918 custodiae
1313 4863 1529 4933 traditi,
1561 4864 1749 4937 impe-

89 4956 280 5008 ratore
311 4950 603 5006 redeunte
635 4949 846 5006 callide
873 4949 1080 5020 fugam
1128 4949 1404 5020 inierunt,
1461 4951 1750 5009 violantes

88 5055 300 5112 pacem
332 5045 391 5096 et
418 5040 560 5096 belli
589 5056 794 5095 rursus
810 5039 1060 5096 consilia
1089 5041 1548 5112 captantes.Hoc
1569 5042 1748 5099 etiam

85 5145 247 5186 anno
279 5129 370 5184 sol
395 5129 620 5184 etluna
647 5129 882 5202 aliaque
925 5129 1121 5184 sidera
1151 5128 1297 5185 dant
1345 5135 1571 5186 metum
1625 5132 1747 5187 tris-

86 5219 232 5274 tium
258 5218 597 5289 signorum,
631 5234 767 5290 quae
796 5233 937 5273 mox
958 5217 1287 5289 pestilentia
1310 5235 1470 5274 saeva
1499 5224 1555 5274 et
1583 5237 1746 5276 mors

85 5308 408 5364 subitanea
435 5311 792 5379 sequuntur.
817 5306 927 5362 Sed
951 5307 1235 5375 etMisico,
1265 5307 1538 5363 Bolizlavi
1565 5309 1744 5380 ﬁlius,

85 5396 162 5450 ab
193 5396 491 5453 Othelrico
521 5395 840 5451 Bohemico
893 5396 1145 5468 capitur,
1193 5395 1332 5451 dolo
1390 5397 1558 5452 cassis
1613 5398 1744 5468 ejus

156 5537 303 5608 (281)
330 5533 790 5608 Gernrodensis.

155 5603 303 5677 (282)
332 5605 411 5660 Id
431 5611 518 5662 est
547 5603 670 5661 duo
701 5603 1080 5662 monasteria.

1864 4597 2062 4654 subito
2087 4595 2370 4652 ﬂuctibus
2393 4595 2758 4663 interierunt,
2805 4599 2949 4670 quia
2998 4597 3228 4653 vultum
3289 4601 3522 4656 Domini

1862 4685 2080 4742 iratum
2098 4684 2358 4753 effugere
2389 4699 2510 4739 non
2536 4690 2877 4756 potuerunt.
2907 4684 3213 4741 Heinricus
3257 4687 3519 4757 impera-

1860 4780 1952 4830 tor
1981 4773 2391 4843 Meresburgiaa
2421 4774 2701 4845 paschale
2751 4775 2968 4830 festum
3015 4775 3259 4845 peregit.
3293 4775 3379 4830 Ibi
3409 4778 3519 4831 Bo-

1857 4863 2070 4918 lizlavo
2092 4862 2297 4918 omnia
2326 4879 2579 4919 munera
2606 4880 2742 4935 quae
2769 4863 2851 4918 illi
2876 4863 3140 4932 miserat,
3174 4863 3352 4918 simul
3377 4881 3516 4920 cum

1860 4951 2050 5020 gratia
2079 4950 2358 5023 perdidit,
2385 4950 2532 5005 dum
2561 4950 2731 5006 illum
2761 4950 3056 5020 legatione
3115 4949 3378 5022 superba
3431 4951 3517 5006 in-

1858 5039 2080 5094 festum
2105 5038 2382 5094 reddidit.

1934 5131 2088 5183 1015.
2129 5127 2311 5182 Etiam
2363 5126 2458 5181 hic
2515 5126 2576 5181 in
2625 5126 2903 5182 Walbeki
2959 5125 3118 5180 diem
3170 5126 3510 5199 palmarum

1857 5231 2068 5284 agens,
2105 5215 2360 5270 nuncios
2380 5214 2455 5268 de
2489 5214 2654 5270 Italia
2681 5214 2791 5270 sibi
2845 5215 2900 5268 in
2961 5221 3337 5272 sacramenta
3377 5233 3514 5274 con-

1857 5303 2126 5370 strinxit;
2161 5308 2217 5358 et
2245 5302 2384 5358 inde
2411 5302 2714 5373 digressus
2763 5306 3042 5358 Ernestus
3093 5305 3216 5360 dux
3277 5308 3422 5378 (284)
3449 5307 3510 5361 in

1854 5391 2136 5448 venando
2166 5390 2341 5463 periit
2395 5406 2430 5445 a
2461 5391 2582 5446 suis
2614 5391 2868 5447 incaute.
2906 5393 3242 5450 Commotio
3267 5409 3512 5466 quoque

1924 5518 2074 5589 (283)
2105 5517 2422 5574 Gernrode.

1923 5610 2076 5676 (284)
2107 5606 2496 5666 Alamanniae.
