4004 6178
473 159 574 219 547

1394 152 1651 213 ΑΝΝΑΙ...
1679 149 2120 212 HILDESHEIM.

2276 148 2536 210 EDLINB.
2579 151 2966 213 WEISSEMB.
3804 161 3894 217 MO

1358 281 1684 338 ANNALES
1749 274 2484 346 QUEDLINBURGENSES.
2552 283 2618 334 A.
2684 282 3004 335 1016-1018.

472 410 624 467 aeris
653 411 710 465 et
738 408 889 463 ictus
922 405 1190 462 fulminis
1219 405 1432 461 eodem
1492 416 1656 461 anno
1711 405 1940 461 damna
1980 401 2136 474 peri-
2165 406 2212 457 A
2243 415 2446 458 coram
2501 404 2730 459 cunctis
2774 404 3184 476 prosternitur.
3241 408 3458 460 lterum
3498 403 3895 473 redintegrato

472 498 676 554 culosa
704 495 1031 552 intulerunt
1059 495 1428 569 quibusdam
1461 494 1736 567 partibus
1783 489 2123 548 monasterii

469 592 690 645 sancta:
721 586 913 644 Mariae
939 584 999 640 in
1030 587 1229 641 monte
1260 581 1632 640 occidentali.
1669 585 1993 655 Imperator
2021 579 2125 649 igi-

469 681 566 734 tur
591 675 805 733 iterum
833 675 1222 732 Corbeienses
1251 674 1534 742 invisens,
1579 671 1888 744 privilegia
1912 675 1967 724 et
1987 683 2126 724 con-

470 761 817 822 suetudines
851 763 1084 836 aliquas
1117 762 1408 836 priorum,
1441 777 1597 834 quas
1621 764 1726 816 239
1766 775 1979 827 annos,
2014 761 2125 813 Lu-

470 855 685 911 dovico
709 853 812 926 pio
834 853 1035 919 dante,
1065 852 1420 919 habuerant,
1454 849 1809 924 potestative
1852 847 2122 913 mutavit,

471 947 529 1000 et
555 947 756 999 amoto
786 941 1131 998 monasterii
1163 945 1352 1012 patre,
1379 940 1652 1009 ignotam
1679 943 1735 994 et
1754 938 1984 994 bonum
2013 936 2130 991 for»

470 1037 627 1090 tasse
656 1031 769 1086 illis
797 1029 1024 1101 eduxit,
1068 1028 1174 1101 qui
1225 1028 1398 1100 quasi
1445 1027 1676 1083 doctior
1704 1029 1892 1082 errata
1945 1025 2125 1080 corri-

473 1123 652 1190 geret,
675 1123 730 1175 et
754 1118 960 1174 devios
993 1126 1210 1173 sanctae
1278 1115 1500 1186 regulas
1554 1114 1851 1171 tramitem
1897 1114 2126 1169 cautius

469 1205 742 1261 incedere
773 1206 1030 1261 doceret.
1065 1204 1209 1259 Inde
1238 1203 1318 1258 illi
1347 1203 1603 1258 nimium
1649 1207 1988 1269 mmrentcs,
2038 1200 2125 1256 vi-

470 1297 594 1349 tam
617 1309 810 1362 suam,
841 1308 976 1366 quas
1011 1292 1236 1348 cunctis
1287 1309 1442 1365 pene
1494 1292 1808 1348 monachis
1852 1291 2127 1363 exemplo

471 1382 782 1454 claruerat,
815 1382 1096 1437 vilescere
1150 1381 1570 1450 ingemiscant,
1614 1396 1864 1452 seseque
1917 1384 2128 1434 mutuo

468 1469 1006 1543 hortantur,potius
1033 1470 1368 1525 discredere
1386 1484 1572 1541 quam
1598 1469 1828 1540 injuriae
1854 1468 2126 1537 subjace—

468 1573 551 1614 re.
576 1560 800 1632 Sicque
825 1559 1048 1615 factum
1081 1563 1187 1627 est,
1223 1562 1288 1613 ut
1311 1558 1488 1630 pauci
1511 1557 1843 1613 admodum
1862 1571 2129 1628 superes-

471 1654 619 1716 sent,
653 1649 875 1705 caeteris
906 1647 1126 1711 seculo,
1169 1646 1588 1702 miserabiliter
1616 1647 1918 1716 vagando,
1954 1662 2128 1702 occu-

2234 490 2439 546 dolore
2470 493 2618 547 Gero
2640 507 2844 547 comes
2873 492 3166 548 miserans
3187 507 3400 549 casum
3425 492 3753 548 morientis
3767 493 3896 548 ami—

2235 578 2306 644 ci,
2331 578 2561 633 medios
2583 578 2768 634 fertur
2797 579 2856 634 in
2886 579 3085 635 hostes
3114 597 3127 646 ;
3160 595 3323 636 nunc
3352 581 3471 636 hoc
3503 579 3721 636 valida
3773 579 3897 635 de»

2237 672 2326 722 tra
2347 667 2556 735 ruinae,
2588 683 2751 723 nunc
2783 667 2914 723 illos
2944 669 3216 724 frementi
3251 669 3500 741 proterit
3537 684 3732 742 equo.
3767 671 3895 724 Tan.

2236 755 2375 810 dem
2405 755 2591 810 nimia
2622 755 2786 810 caede
2829 755 3104 822 lassatus,
3139 756 3414 826 gloriose
3443 756 3667 812 mortis
3697 758 3898 828 pocula

2235 843 2387 898 inter
2412 844 2633 900 multos
2664 844 3003 915 degustavit
3030 844 3280 917 primus.
3315 845 3502 902 Ceteri
3531 861 3716 912 vero,
3766 851 3825 900 ut
3848 861 3897 901 se

2236 931 2296 986 in
2324 937 2488 987 arcto
2515 933 2743 1005 positos
2782 932 3006 1002 vident,
3032 935 3236 996 Deum
3259 933 3372 989 sibi
3399 939 3680 1007 poscunt
3709 933 3896 1006 placa-

2237 1025 2365 1075 tum
2388 1025 2692 1090 gementes
2717 1035 2901 1093 quem
2933 1026 3303 1091 cognoscunt
3351 1023 3601 1079 iratum.
3638 1023 3769 1080 Sed
3795 1035 3899 1078 non

2235 1113 2470 1181 poterat
2497 1110 2852 1166 sententiam
2878 1110 3070 1177 avelli,
3115 1110 3260 1183 quia
3315 1116 3555 1167 constat
3611 1111 3760 1167 illos
3808 1125 3901 1184 pro

2237 1199 2461 1255 Christo
2511 1199 2683 1254 mori.
2737 1203 2863 1255 Non
2903 1204 3029 1256 erat
3088 1199 3259 1256 locus
3314 1200 3622 1256 evadendi
3669 1200 3772 1257 vel
3792 1201 3897 1256 ulla

2235 1285 2373 1361 spes
2406 1289 2589 1345 vitam
2623 1289 2924 1362 sperandi,
2957 1305 3017 1345 se
3046 1290 3322 1346 mortalia
3350 1307 3461 1347 sua
3489 1290 3902 1347 indubitanter

2236 1375 2318 1432 illi
2346 1383 2640 1434 voverunt
2667 1380 2836 1448 (287),
2859 1378 2963 1450 qui
2993 1383 3050 1434 et
3089 1378 3447 1435 mortiﬁcare
3475 1379 3783 1452 solusque
3808 1395 3903 1454 po-

2238 1472 2350 1523 test
2375 1467 2692 1524 viviﬁcare.
2729 1472 2965 1524 Certant
2994 1469 3210 1524 deinde
3249 1485 3439 1542 quam
3489 1469 3756 1543 plurimi
3808 1482 3903 1544 pro

2237 1557 2430 1629 patria
2459 1557 2879 1630 fratribusque,
2917 1561 2973 1613 et
2999 1559 3261 1614 maxime
3292 1559 3510 1614 milites
3560 1560 3906 1615 Mauriciani

2237 1647 2405 1717 (288),
2444 1651 2765 1702 sectatores
2792 1647 3046 1716 Domini,
3096 1647 3512 1720 procumbunt
3541 1647 3807 1715 fortiter,
3836 1648 3904 1703 illi

469 1737 648 1810 patis.
684 1738 798 1795 Sed
822 1736 1024 1792 multis
1056 1736 1270 1791 iterum
1303 1735 1403 1791 Dei
1431 1736 1622 1804 gratia
1649 1736 1978 1806 conversis,
2007 1735 2129 1808 pla-
2171 1753 2208 1811 Β
2237 1733 2648 1807 obsequendo,
2682 1740 2748 1790 ut
2802 1736 3290 1808 conspiraverant
3343 1737 3654 1792 constanti
3687 1737 3904 1792 animo.

472 1827 592 1881 cuit
613 1843 675 1882 se
705 1826 962 1881 subdere
984 1825 1204 1893 regula
1234 1837 1421 1897 quam
1459 1839 1617 1880 vana
1647 1824 1910 1894 diligere.
1955 1825 2129 1880 Addi-

475 1914 563 1971 dit
593 1915 770 1970 etiam
802 1915 1128 1986 imperator
1158 1915 1270 1969 hoc
1302 1929 1463 1969 anno
1490 1913 1850 1984 legationem
1900 1915 2128 1970 mittere

474 2004 550 2059 ad
581 2003 944 2060 Bolizlavum
973 2019 1083 2076 pro
1113 2002 1490 2058 restituendis
1548 2003 1915 2073 regionibus,
1975 2019 2129 2076 quas

474 2093 776 2149 astulerat.
800 2093 919 2160 Ille,
939 2092 1268 2162 utsolebat,
1292 2091 1547 2164 superbe
1578 2092 1905 2163 respondit,
1929 2107 1989 2147 se
2006 2109 2128 2147 non

475 2183 668 2238 solum
700 2181 946 2254 propria
974 2181 1223 2236 retinere
1253 2181 1425 2249 velle,
1457 2181 1605 2252 quin
1635 2181 1834 2253 potius
1863 2198 1984 2237 non
2019 2197 2130 2238 sua

474 2272 728 2345 diripere
758 2270 956 2326 malle.
989 2269 1077 2325 Ad
1107 2270 1235 2325 htec
1266 2269 1591 2341 imperator
1620 2270 1830 2325 merito
1858 2271 2133 2342 indigna-

474 2364 589 2430 tus,
621 2359 779 2416 bella
808 2363 998 2432 parat,
1033 2358 1326 2429 fortiaque
1349 2358 1617 2413 virorum
1647 2358 1811 2414 milia
1843 2365 2018 2416 vocat
2069 2360 2128 2414 in

475 2463 664 2516 arma,
698 2459 838 2503 cum
862 2447 1084 2520 quibus
1133 2445 1297 2502 haud
1329 2460 1499 2501 mora
1528 2446 1784 2502 Poloniae
1816 2448 2004 2518 attigit
2060 2447 2129 2503 ﬁ-

473 2550 600 2592 nes.
635 2539 783 2593 Cum
810 2535 870 2590 in
896 2534 1094 2607 primo
1123 2534 1290 2589 aditu
1341 2533 1545 2589 divina
1599 2535 1819 2590 adsunt
1877 2537 2086 2592 solatia
2115 2555 2127 2603 ;

472 2625 674 2680 hostes
706 2628 874 2693 terga
911 2626 1154 2691 vertere,
1206 2622 1348 2678 alibi
1373 2627 1710 2691 nongentos
1741 2624 1940 2694 gladio
1995 2641 2130 2681 suc-

475 2715 778 2781 cumbere,
802 2714 1004 2785 ipsum
1032 2726 1276 2784 quoque
1327 2711 1688 2767 Bolizlavum
1739 2730 1776 2769 a
1823 2714 1971 2769 facie
2003 2716 2131 2786 ejus

474 2803 710 2858 eminus
740 2801 1235 2872 evadere.Sicque
1249 2800 1469 2870 gaudet
1498 2801 1723 2870 animo,
1748 2817 1858 2857 suo
1886 2804 2132 2860 satellite

475 2893 809 2948 etiamnum
840 2889 1027 2959 salvo,
1060 2895 1308 2960 excepto
1340 2890 1582 2944 Hodone
1621 2891 1842 2960 juvene
1869 2894 2130 2964 egregio,

474 2981 580 3054 qui
607 2979 835 3036 viribus
866 2975 1120 3033 imbellis
1149 2993 1288 3033 cum
1329 2978 1562 3052 paucis,
1604 2978 1855 3037 fortibus
1909 2987 2128 3051 tamen,

474 3068 771 3159 intrepida
812 3069 1003 3159 morte
1029 3066 1410 3159 laudabiliter
1438 3067 1731 3159 “occubuit
1761 3086 1776 3159 ξ
1810 3071 1981 3141 cujus
2034 3089 2132 3128 ca-
2171 3103 2212 3159 ε

475 3157 677 3225 daver,
711 3161 777 3213 ut
805 3156 1021 3225 ferunt,
1063 3172 1099 3211 a
1124 3155 1397 3233 Misicone
1426 3155 1548 3212 ﬁlio
1607 3157 1876 3215 Bolizlavi
1915 3160 2131 3217 lachri-

477 3247 775 3304 mabiliter
805 3245 1424 3309 sublatum,omnibus
1456 3248 1804 3303 necessariis
1821 3249 2133 3318 diligenter

475 3337 784 3411 appositis,
819 3335 941 3390 suis
988 3333 1256 3389 redditur
1302 3336 1754 3406 reportandum.
1808 3341 2134 3410 Imperator

473 3439 616 3481 vero
643 3424 824 3490 dolet,
849 3422 961 3477 sibi
995 3437 1298 3494 quemque
1335 3423 1601 3494 periisse,
1633 3426 1727 3478 cui
1757 3426 1922 3497 prius
1951 3429 2134 3484 conti-

477 3518 643 3583 gerat
673 3511 1096 3582 triumphasse.
1130 3510 1295 3565 Unde
1326 3511 1572 3566 consilio
1612 3529 1860 3570 suorum
1919 3516 2132 3574 admo-

476 3602 658 3670 nitus,
711 3598 970 3655 collectis
1018 3599 1158 3669 (285)
1215 3599 1400 3670 copiis
1457 3601 1780 3657 exercitum
1825 3603 1996 3674 jubet
2046 3623 2132 3663 re-

476 3690 621 3745 dire.
659 3687 742 3744 Illi
774 3693 838 3743 ut
867 3691 1035 3743 erant
1064 3687 1256 3756 ignari
1285 3687 1540 3755 viarum,
1564 3704 1670 3761 per
1683 3690 1891 3747 silvam
1921 3709 2133 3766 quam-

474 3779 618 3836 dam
642 3776 898 3833 tandunt
927 3776 1003 3831 ad
1034 3775 1256 3843 locum,
1285 3775 1390 3848 qui
1432 3776 1530 3832 vix
1587 3782 1762 3834 tanta:
1809 3781 2133 3840 multitudi-

475 3867 631 3924 dinis
652 3881 864 3938 capax,
899 3864 1165 3937 undique
1205 3863 1606 3921 interﬂuentes
1646 3868 1866 3939 palude
1887 3875 1945 3926 et
1973 3871 2131 3929 fron-

473 3958 643 4014 dium
673 3955 946 4024 cingente
973 3967 1218 4018 corona,
1246 3953 1488 4009 brevem
1520 3956 1744 4027 prrebet
1767 3957 1944 4013 lassis
1972 3962 2130 4032 quie-

474 4051 614 4103 tem.
646 4042 1016 4102 Conveniunt
1034 4043 1320 4115 primates
1337 4047 1665 4116 caeteraque
1690 4046 2128 4118 juventus,suis

472 4133 702 4189 viribus
737 4130 1044 4186 victoriam
1065 4131 1379 4201 jactantes,
1409 4135 1465 4186 et
1493 4147 1604 4204 pro
1632 4133 1903 4191 iteranda
1932 4141 2126 4209 strage

476 4219 826 4278 absentibus
854 4218 1108 4274 inaniter
1136 4219 1499 4276 minitantes.
1525 4222 1749 4288 Nullus,
1790 4229 1856 4280 ut
1907 4225 2122 4295 decuit,

476 4314 664 4367 Deum
687 4309 974 4365 crrlorum
999 4314 1057 4364 et
1083 4323 1288 4378 regem
1322 4325 1533 4379 regum
1591 4313 1787 4368 studet
1842 4314 2123 4372 laudibus

474 4399 772 4464 extollere,
804 4402 862 4452 et
888 4411 997 4468 pro
1024 4397 1250 4452 collatis
1271 4397 1576 4454 beneﬁciis
1604 4401 1819 4470 dignas
1849 4404 1901 4457 ei
1930 4411 2124 4474 grates

475 4489 710 4554 referre,
733 4485 827 4540 vel
852 4483 926 4539 de
954 4484 1164 4539 futuris
1192 4500 1400 4556 preces
1428 4485 1732 4544 effundere
1767 4507 1780 4557 ;
1813 4489 1950 4544 ideo
1978 4492 2125 4563 (286)

474 4573 913 4646 contigitnobis
933 4574 1171 4630 deﬂere.
1199 4575 1481 4644 Congitur
1507 4576 1742 4633 interim
1799 4577 1969 4633 miles
2013 4581 2128 4636 col-

473 4667 660 4722 lectus
690 4663 887 4719 subita
912 4662 1226 4718 formidine
1255 4662 1411 4731 belli,
1445 4671 1660 4722 assunt
1688 4667 1887 4722 hostes
1913 4668 1988 4722 de
2037 4670 2125 4724 in.

475 4755 763 4812 sidiarum
793 4751 1074 4818 latibulis,
1109 4766 1406 4808 memores
1437 4754 1667 4824 injuriae
1703 4755 1941 4811 civium.
2005 4760 2120 4813 Hos

471 4858 744 4900 recessus
793 4841 1024 4911 gladiis,
1075 4840 1208 4895 illos
1261 4841 1502 4913 spiculis
1553 4843 1890 4916 jaculisque
1930 4845 2126 4901 exclu-

474 4933 641 4988 dunt.
674 4929 948 4986 Exoritur
992 4929 1240 4998 clamor,
1268 4934 1326 4985 et
1353 4929 1400 4985 si
1429 4936 1595 5002 quod
1648 4936 1776 4988 erat
1812 4933 2122 5002 gaudium,

473 5037 730 5078 maerore
759 5019 1162 5086 confunditur,
1192 5019 1338 5075 dum
1382 5020 1680 5093 utrimque
1707 5021 1853 5078 dure
1887 5039 2124 5096 pugna-

472 5115 570 5167 tur
602 5127 616 5178 ;
650 5113 707 5164 et
734 5122 876 5180 pars
909 5108 1153 5164 inimica
1180 5107 1475 5176 cessisset,
1524 5109 1571 5164 si
1625 5116 1832 5167 nostra
1879 5118 2127 5186 peccata

474 5212 598 5253 non
626 5200 1029 5252 revocassent.
1064 5196 1306 5253 Sarcina
1343 5197 1664 5267 cujusdam
1696 5199 1968 5256 Friderici
2024 5215 2124 5273 pe-

475 5284 880 5353 riclitabatur;
932 5289 989 5340 et
1043 5286 1189 5358 ipse,
1243 5285 1391 5341 dum
1443 5286 1570 5342 vult
1611 5303 1923 5344 succurere
1977 5291 2122 5362 suis,

568 5449 695 5514 285)
723 5447 815 5501 Ita
844 5446 910 5500 L.
944 5443 1247 5500 collocatis
1276 5461 1326 5501 c.

568 5517 690 5574 286)
723 5519 783 5572 E.
813 5521 874 5572 at
901 5515 1036 5572 ideo
1066 5517 1212 5572 Chr.

568 5520 670 5574 286
723 5519 783 5572 E.
813 5521 874 5572 at
901 5517 1036 5572 ideo
1066 5517 1212 5572 Chr.

565 5517 693 5659 287;
713 5589 809 5646 Ita
838 5587 1078 5644 correxi
1094 5589 1229 5657 jam
1261 5586 1334 5643 Cl
1362 5588 1632 5658 Eaupﬂ'o
1645 5596 1922 5648 mente
1949 5608 1962 5659 ;
2018 5605 2124 5649 no-

542 5447 562 5661 ἕ

2237 1823 2544 1889 Adelheid,
2577 1827 2684 1893 Ira,
2718 1823 3014 1879 Thietmer
3043 1829 3097 1880 et
3127 1826 3294 1891 Gera,
3321 1823 3491 1880 Doda
3523 1831 3584 1880 et
3613 1825 3904 1890 Volemer,

2239 1927 2377 1966 cum
2409 1909 2539 1966 aliis
2571 1911 2775 1967 multis
2807 1912 3036 1967 felicius
3076 1913 3284 1969 vivant
3309 1915 3371 1967 in
3403 1913 3592 1969 caelis.
3632 1915 3787 1970 Eido
3817 1911 3906 1970 lli-

2239 2000 2528 2056 seniensis
2557 2001 2879 2074 episcopus
2907 2000 3244 2074 depositum
3273 2001 3450 2057 ﬁdele
3478 2002 3756 2059 reddidit
3804 2018 3909 2058 ea»

2237 2090 2295 2145 lo
2324 2109 2336 2156 ;
2371 2090 2466 2146 cui
2498 2091 2779 2146 successit
2798 2091 3194 2158 Agilwardus.
3225 2092 3498 2162 Megingo
3523 2093 3906 2149 Treverensis

2239 2179 2726 2251 archiepiscopus
2754 2179 2900 2235 obiit
2929 2197 2941 2248 ;
2976 2179 3070 2235 cui
3099 2183 3304 2253 Poppo
3334 2181 3653 2238 successit.

2315 2272 2469 2323 1016.
2505 2273 2534 2323 3
2566 2267 2648 2322 ld.
2685 2267 3000 2330 Februarii,
3032 2268 3176 2324 luna
3197 2273 3284 2336 30,
3342 2269 3606 2324 sabatho
3661 2270 3911 2327 collisio»

2238 2373 2344 2412 nes
2373 2357 2628 2412 nubium
2654 2357 3006 2424 horrisonae,
3035 2374 3170 2413 cum
3227 2357 3442 2414 crebna
3487 2361 3910 2416 coruscatione

2239 2451 2296 2501 et
2317 2445 2601 2501 imbrium
2627 2446 2951 2515 nimietate,
2984 2447 3244 2518 plurima
3273 2447 3575 2503 subruunt
3629 2449 3905 2504 aediﬁcia.

2242 2539 2568 2608 Imperator
2595 2535 2655 2590 in
2688 2535 3182 2601 Padarbrunnan,
3214 2535 3529 2608 paschalia
3587 2537 3752 2593 festa
3809 2540 3907 2593 rite

2239 2623 2578 2678 celebravit.
2610 2622 2914 2678 Heinricus
2937 2639 3138 2679 comes
3163 2624 3339 2678 bonae
3379 2625 3702 2680 memoriae
3746 2626 3903 2682 obiit.

2242 2713 2528 2783 Wigman
2562 2727 2764 2768 comes
2797 2713 3185 2768 occidentalis
3219 2714 3515 2786 Saxonica,
3547 2715 3712 2771 inter
3750 2733 3813 2772 se
3857 2721 3909 2771 et

2242 2800 2577 2856 Baldricum
2599 2801 2878 2856 comitem
2903 2800 3283 2857 reconciliata
3302 2815 3472 2874 pace,
3501 2804 3905 2874 persuadente

2241 2888 2458 2944 callida
2486 2889 2717 2960 perfida
2738 2893 2794 2944 et
2814 2905 2996 2945 avara
3028 2889 3285 2959 conjuge
3338 2889 3647 2960 ejusdem,
3685 2892 3906 2947 insidiis

2241 2977 2644 3049 pessimorum
2690 2977 2753 3032 in
2807 2977 3014 3034 itinere
3061 2977 3269 3033 dolose
3325 2984 3686 3050 peremptus
3742 2996 3906 3036 occu-

2242 3067 2392 3123 buit.

2319 3161 2472 3212 ton.
2507 3155 2814 3212 Heinricus
2851 3156 3177 3229 imperator
3215 3156 3332 3212 hoc
3381 3173 3550 3213 anno
3592 3157 3664 3214 in
3705 3160 3905 3230 lngila-

2241 3246 2403 3301 heim
2434 3245 2780 3318 pascalibus
2813 3245 3048 3315 gaudiis
3080 3245 3324 3301 festivus
3351 3246 3644 3303 interfuit.
3690 3250 3906 3304 Eodem

2242 3351 2404 3391 anno
2432 3335 2493 3390 in
2519 3335 2796 3390 coenobio
2827 3335 3265 3391 monacharum
3296 3337 3444 3406 (289)
3473 3339 3506 3391 8
3553 3337 3683 3392 Cal.
3731 3338 3906 3394 Martii

2241 3424 2518 3480 dedicata
2547 3428 2635 3480 est
2653 3424 2904 3480 ecclesia
2940 3431 3159 3480 sanctas
3199 3425 3390 3481 Mariae
3436 3441 3685 3497 semper
3739 3427 3907 3497 virgi-

2241 3515 2357 3581 nis,
2390 3519 2446 3569 et
2476 3514 2533 3568 in
2566 3513 2974 3584 Magadeburg
3021 3519 3230 3569 exusta
3285 3519 3374 3569 est
3422 3514 3685 3571 ecclema
3722 3517 3906 3572 sancti

2240 3600 2532 3657 Johannis
2559 3601 2829 3673 Baptistae
2861 3617 3001 3656 cum
3030 3602 3396 3658 monasterio
3424 3607 3484 3658 et
3513 3619 3643 3658 uno
3697 3619 3906 3660 mona-

2241 3692 2374 3746 cho.
2410 3695 2738 3763 Imperator
2766 3690 2946 3745 etiam
2967 3691 3082 3747 hoc
3099 3706 3261 3747 anno
3281 3692 3502 3747 iterum
3552 3697 3755 3749 castra
3776 3709 3906 3749 mo-

2239 3780 2323 3834 vit
2365 3785 2574 3835 contra
2631 3778 3013 3849 Bolizlavum,
3068 3780 3196 3846 sed,
3254 3781 3444 3836 nimia
3467 3782 3813 3852 pestilentia
3851 3787 3906 3837 et

2239 3868 2596 3923 mortalitate
2627 3867 2836 3939 populi
2865 3868 3162 3937 obstante,
3196 3869 3321 3924 sine
3349 3869 3492 3924 belli
3543 3871 3763 3926 effectu
3813 3887 3905 3927 re-

2239 3956 2346 4012 diit
2375 3955 2436 4010 in
2466 3955 2748 4028 patriam.
2774 3956 2877 4012 Cui
2911 3956 3069 4012 illico
3090 3957 3819 4025 nunciatur,Gerhardum
3844 3961 3905 4014 in

2239 4046 2505 4112 Francia,
2566 4044 2840 4116 plurimis
2879 4045 3030 4101 civili
3058 4045 3257 4115 gladio
3310 4048 3661 4120 peremptis,
3717 4048 3908 4104 multa

2236 4135 2399 4190 mala
2429 4133 2745 4189 concitare.
2795 4135 2960 4189 Unde
3010 4134 3306 4206 turbatus,
3363 4135 3470 4191 illo
3512 4136 3598 4192 ire
3649 4138 3902 4210 paravit.

2237 4224 2505 4296 Eclypsis
2531 4223 2689 4278 lunte
2722 4222 2880 4278 facta
2909 4229 2999 4280 est
3047 4231 3077 4279 7
3135 4224 3271 4280 ldus
3327 4226 3710 4282 Novembris.
3754 4228 3907 4284 Obiit

2235 4314 2535 4383 Thaetdeg
2561 4313 2872 4383 Pragensis
2891 4314 3210 4386 episcopus
3237 4315 3333 4370 cui
3360 4318 3654 4372 succesrit
3683 4319 3904 4386 Egber-

2236 4403 2351 4457 dus
2382 4402 2851 4471 Nianburgensis
2879 4404 3089 4459 abbas.

2312 4495 2467 4546 1018.
2503 4491 2826 4563 Imperator
2850 4491 3156 4547 Heinricus
3189 4492 3406 4548 natalis
3419 4495 3661 4550 Domini
3685 4494 3902 4566 festum

2240 4580 2362 4650 agit
2389 4580 2449 4634 in
2474 4581 2924 4648 Franconofurt,
2949 4587 3006 4637 et
3027 4586 3301 4636 sanctum
3323 4583 3554 4638 Pascha
3587 4584 3649 4638 in
3667 4585 3905 4640 Niuma-

2239 4684 2381 4739 gun.
2413 4672 2478 4724 Et
2504 4669 2619 4724 hoc
2651 4684 2816 4725 unno
2853 4669 3181 4737 Bolitzlavo,
3203 4686 3312 4743 per
3339 4671 3597 4727 nuncios
3640 4675 3904 4729 reconci-

2232 4757 2371 4813 liata
2381 4773 2529 4830 pace
2539 4758 2932 4830 ,imperatoris
2945 4758 3199 4828 gratiam
3213 4761 3452 4832 recepit.
3462 4764 3717 4818 Cometa
3726 4763 3900 4818 etiam

2234 4847 2447 4903 eodem
2478 4863 2640 4902 anno
2656 4847 2761 4902 diu
2787 4849 2949 4903 visus
2971 4852 3078 4918 est,
3101 4848 3206 4921 qui
3234 4848 3465 4904 luctum
3492 4850 3700 4906 nimim
3721 4852 3901 4907 deva—

2235 4935 2621 5008 stationisper
2636 4936 3017 4992 Thiadricum
3049 4936 3244 4992 Gallia:
3293 4938 3593 5009 partibus,
3624 4940 3901 5012 pestileno

2235 5025 2376 5080 tiam
2391 5024 2637 5098 insuper
2651 5029 2707 5080 et
2720 5025 3141 5082 mortalitatem
3155 5026 3374 5082 misero
3389 5027 3632 5085 mundo
3646 5029 3897 5084 nuncian

2233 5113 2471 5179 vit.Qua
2486 5114 2654 5170 clade
2671 5114 2817 5171 obiit
2833 5113 3062 5171 Baldric
3071 5131 3137 5169 us
3156 5115 3538 5172 Leodicensis
3553 5112 3896 5190 episccipus,

2233 5202 2327 5257 cui
2366 5201 2652 5258 Fulmodo
2682 5204 2980 5259 successit.
3015 5203 3319 5259 Heinricus
3352 5205 3896 5277 Wirtzeburgensis

2231 5291 2958 5364 episcopus,Thiatmarus
2968 5294 3435 5364 Mersburgensis
3449 5296 3898 5369 episcopusptr.

2231 5456 2442 5508 verunt
2470 5469 2521 5509 c.

2303 5525 2510 5667 2288?.
2545 5541 2595 5606 ο..
2627 5525 3184 5605 magdeburgenses.

2323 5599 2426 5653 289
2478 5595 3002 5667 Quidelmgeburg.

2323 5595 2451 5667 289)
2478 5595 3002 5668 Quidelingeburg.
