4004 6178
204 178 298 240 569

917 182 1003 238 ΕΤ
1039 174 1385 238 LAMBERTI
1427 174 2018 237 ASCHAFNABURG.
2058 178 2254 239 PARS
2292 184 2579 242 ALTERA
2618 186 2945 245 GBNUINA.

3541 196 3646 253 κω

1135 302 1463 362 ANNALES
1504 301 2244 391 QUEDLINBUEGENSEB
2281 308 2354 361 Α.
2395 311 2720 367 10194020.

193 430 401 491 noldus
411 429 915 504 archiepiscOpUs
927 396 1873 500 Ravennatus,0ddavenerabilis
1907 433 1956 484 Α
1981 427 2353 500 ministerio;
2380 431 2586 504 ibique
2613 433 2989 506 iniperatoris
3013 451 3085 493 ac
3111 437 3455 513 principum
3474 440 3647 497 debi-

189 520 717 594 lagdaburgensis
755 519 1100 592 presbyter,
1138 519 1401 591 Athilger
1430 520 1863 575 Halberstaten.

191 612 262 667 sis
279 610 662 684 praepositus,
682 608 917 681 aliique
938 604 1289 682 perplurimi
1303 607 1536 664 nobiles
1556 608 1863 681 utriusque

190 712 359 757 sexus
389 700 466 755 de
497 698 610 755 hac
640 697 774 753 luce
823 697 1115 753 abstracti
1161 701 1316 753 sunt.
1360 697 1685 768 Thiatburg
1712 698 1861 770 (290)

189 789 515 846 Bernhardi
563 786 945 844 marchionis
996 785 1118 842 ﬁlia
1171 786 1354 843 seculi
1392 797 1573 845 onere
1604 789 1860 860 abjecto,

186 880 277 953 pie
306 888 619 943 conversa,
652 875 888 933 ccrlesti
919 875 1157 931 locatur
1186 876 1246 931 in
1278 891 1443 933 aura.

256 968 414 1024 l0i9.
459 967 783 1041 Imperator
833 965 1047 1022 natale
1092 965 1328 1021 Domini
1376 966 1862 1037 Pathelburgensi

186 1057 418 1113 civitate
450 1055 762 1125 celebrato,
790 1054 1030 1111 Gosleri
1061 1054 1585 1126 quadragesimale
1624 1060 1859 1130 tempus

183 1145 487 1213 transegit.
536 1144 674 1200 Inde
705 1140 973 1199 Walbiki
1003 1143 1118 1198 iter
1147 1154 1357 1213 agens,
1390 1146 1710 1201 comitante
1745 1145 1858 1201 ims

182 1233 474 1306 peratrice
497 1236 552 1287 et
576 1230 905 1287 venerabili
940 1247 1055 1287 sua
1082 1233 1262 1303 nepte
1291 1233 1615 1290 Adelheida
1634 1235 1860 1300 Quede~

182 1320 437 1391 lingensi
470 1320 796 1385 abbatissa,
831 1335 959 1376 una
993 1336 1131 1375 cum
1177 1320 1476 1394 episcopis
1515 1339 1585 1378 ac
1614 1322 1857 1378 collecto

180 1414 439 1481 utroque
461 1424 602 1463 sexu
628 1408 870 1464 familiae
901 1409 1029 1479 Dei,
1056 1408 1270 1465 laudes
1292 1410 1526 1467 divinas
1558 1412 1857 1467 studiosus

181 1498 534 1566 alternante,
564 1496 719 1552 diem
750 1497 1105 1569 palmarum
1150 1496 1325 1553 laetus
1364 1499 1683 1555 solenniter
1712 1500 1858 1555 cele~

176 1587 394 1643 bravit.
431 1583 645 1641 Deinde
670 1585 983 1654 Mersburg
1007 1586 1326 1658 paschalia
1349 1588 1573 1656 gaudia
1598 1589 1857 1645 celebra~

175 1679 351 1733 turus
380 1675 661 1748 pervenit,
696 1688 817 1746 quo
845 1674 1183 1729 multorum
1215 1676 1486 1748 nequitia
1516 1678 1858 1733 manifesta-

1975 521 2033 572 to
2058 516 2502 591 obsequiorum
2532 521 2654 577 ritu
2681 522 3038 595 aliquandiu
3073 526 3401 586 honoriﬁce
3431 533 3647 588 tracta-

1972 609 2087 674 tus,
2152 608 2467 681 multiplici
2519 625 2713 683 opum
2771 612 2948 684 copia
2997 614 3279 685 donatus,
3331 619 3647 676 dominam

1970 696 2211 762 mundi,
2247 698 2502 754 Romam
2533 698 2776 767 scilicet,
2807 701 3141 772 apostolica
3168 705 3283 761 sibi
3304 711 3460 763 sorte
3486 723 3648 764 com-

1970 782 2251 851 missam,
2282 785 2475 853 laetus,
2507 786 2785 860 locuples
2814 789 3019 845 revisit
3048 806 3119 847 ac
3150 808 3382 866 sospes.
3425 796 3647 852 Deinde

1968 871 2029 927 in
2065 877 2130 929 iii
2166 874 2409 931 Calend.
2463 876 2739 946 Augusti,
2773 876 2922 934 feria
2950 883 3004 947 2,
3034 878 3182 937 luna
3209 885 3297 945 23.
3329 881 3647 955 incipiente

1968 961 2121 1017 hora
2152 963 2270 1019 diei
2322 969 2353 1021 3
2403 980 2600 1036 usque
2648 970 2788 1036 post
2817 971 2871 1035 6,
2918 969 3201 1041 apparuit
3241 969 3495 1026 circulus
3523 988 3650 1028 ma-

1969 1062 2129 1119 gnus
2158 1052 2317 1108 circa
2368 1052 2587 1120 solem,
2616 1053 2874 1111 cololem
2906 1057 3011 1112 iris
3048 1058 3303 1126 habens,
3335 1074 3520 1131 quem
3549 1059 3647 1115 alii

1966 1145 2234 1212 quatuor
2274 1141 2600 1197 lucidiores
2648 1143 2856 1201 circuli
2899 1145 3057 1202 binis
3105 1147 3251 1204 locis
3286 1148 3350 1204 in
3393 1148 3648 1205 modum

1968 1229 2165 1284 crucis
2209 1230 2512 1302 complexi
2564 1236 2724 1288 sunt.
2770 1235 3050 1290 Attamen
3082 1235 3273 1291 tribus
3299 1236 3650 1293 rarescenti-

1968 1319 2106 1387 bus,
2140 1319 2283 1388 duo,
2315 1320 2379 1375 id
2424 1326 2512 1377 est
2544 1323 2780 1378 medius
2806 1330 2865 1381 et
2892 1325 3280 1397 aquilonaris,
3315 1326 3645 1382 diutissime

1968 1408 2373 1479 perstiterunt.
2411 1412 2647 1466 Interim
2683 1414 2813 1469 Otto
2845 1415 3119 1487 quidam,
3150 1415 3444 1470 nobilium
3474 1420 3644 1471 satus

1967 1497 2259 1570 prosapia
2304 1501 2694 1573 Francorum,
2728 1503 2928 1559 illicito
2976 1503 3213 1560 sibimet
3258 1504 3644 1560 matrimonio

1968 1586 2211 1641 incaute
2257 1587 2467 1659 ascito,
2511 1590 2659 1646 dum
2712 1592 2792 1648 ab
2835 1591 3246 1660 Arkanbaldo,
3288 1593 3660 1662 Moguntina

1971 1673 2135 1729 sedis
2166 1674 2642 1750 archiepiscopo,
2667 1680 2887 1752 saepius
2913 1679 3308 1735 ecclesiastico
3337 1694 3504 1737 more
3534 1696 3645 1753 pro

178 1771 259 1837 ta,
290 1765 482 1836 digna
510 1768 595 1820 est
639 1778 819 1837 poma
856 1762 1171 1819 mulctata.
1228 1768 1351 1821 H00
1388 1766 1521 1838 ipso
1551 1778 1713 1822 anno
1743 1767 1860 1822 Fris
1895 1777 1942 1830 Β
1971 1761 2090 1817 hoc
2121 1761 2335 1818 eodem
2367 1766 2763 1839 corriperetur
2801 1768 3055 1837 incestu,
3087 1782 3251 1824 caeco
3279 1767 3641 1826 furibundus

178 1855 447 1923 dericus,
479 1854 656 1910 frater
686 1853 1063 1922 Cunigundae
1087 1853 1513 1925 imperatricis,
1544 1855 1862 1912 defunctus

176 1950 287 2001 est.
340 1944 455 2000 Sed
486 1946 543 1999 et
582 1943 863 2015 przefatus
926 1942 1291 1999 Bolitzlavus
1339 1944 1597 2000 Ruciam
1641 1944 1864 2001 auxilio

177 2036 493 2091 Saxonum
543 2032 654 2089 sibi
708 2032 968 2101 subegit.
1026 2035 1089 2088 in
1135 2032 1271 2105 ipso
1310 2048 1477 2090 anno
1515 2033 1866 2091 consobrini

180 2123 582 2196 imperatoris,
612 2121 715 2178 ﬁlii
748 2121 1076 2178 Hermanni
1102 2121 1356 2193 comitis,
1392 2136 1534 2180 cum
1565 2125 1866 2181 Thiatmas

178 2228 248 2270 ro
281 2212 609 2269 Bernhardl
639 2212 809 2268 ducis
857 2211 989 2268 ﬁlio
1018 2209 1305 2266 rebellare
1356 2220 1707 2285 coeperunt;
1759 2212 1868 2286 qui

180 2308 391 2359 tamen
421 2302 837 2374 comprehensi
868 2300 1158 2357 custodite
1197 2299 1586 2373 deputantur.
1627 2303 1866 2360 Interim

182 2391 564 2447 Thiatmarus
616 2390 762 2460 (291)
813 2389 961 2460 fuga
1014 2388 1258 2460 elapsus
1306 2390 1567 2461 patriam
1622 2391 1864 2466 repetit;

182 2480 294 2537 sed
318 2481 516 2536 statim
545 2493 668 2536 non
692 2483 830 2552 post
857 2478 1083 2534 multos
1112 2477 1241 2533 dies
1266 2488 1478 2534 omnes
1506 2481 1730 2551 pariter
1756 2482 1863 2536 im-

184 2570 483 2643 peratoris
513 2568 702 2639 gratia
727 2560 1172 2625 condonantur.
1208 2567 1344 2623 Haec
1374 2568 1553 2638 igitur
1582 2570 1869 2644 per-tuba-

182 2658 268 2715 tio
296 2658 375 2715 ad
409 2660 643 2730 tempus
674 2657 905 2713 sedata.

267 2749 423 2804 i020.
465 2749 640 2803 Anno
670 2745 1058 2802 Bernhardus
1075 2743 1283 2815 junior
1302 2745 1446 2813 dux,
1474 2747 1657 2804 frater
1673 2747 1869 2805 Thiat-

184 2836 366 2903 mari,
399 2836 764 2906 congregato
814 2831 1173 2890 occidentali
1215 2833 1475 2890 exercitu
1518 2834 1871 2910 imperatori

182 2925 611 2995 rebellaturus,
645 2921 1137 2991 Schalhkesburg
1182 2922 1329 2994 (292)
1358 2923 1635 2994 intravit;
1679 2936 1871 3000 quam

184 3016 358 3072 idem
382 3015 710 3088 imperator
738 3029 878 3069 cum
905 3011 1029 3067 suis
1054 3010 1310 3067 obsedit.
1344 3012 1455 3067 Sed
1483 3014 1872 3071 Bernhardus

180 3103 422 3176 justitia
450 3101 689 3171 cedens,
721 3097 1137 3172 interpellante
1187 3098 1585 3172 imperatrice,
1614 3103 1872 3171 gratiam

184 3191 573 3264 imperatoris
601 3190 829 3262 pariter
878 3200 1018 3243 cum
1055 3186 1355 3243 beneﬁcio
1376 3190 1565 3260 patris
1590 3190 1868 3247 obtinuit.

187 3278 423 3337 Eodem
471 3294 633 3336 anno
685 3278 881 3333 hiems
927 3275 1099 3333 solito
1140 3275 1409 3348 asperior
1437 3283 1618 3351 atque
1649 3281 1876 3336 diutur-

186 3370 332 3427 nior
374 3368 690 3435 inhorruit,
733 3366 889 3423 dura
929 3365 1103 3433 adeo,
1137 3369 1204 3420 ut
1247 3363 1379 3436 ipsa
1410 3367 1467 3422 vi
1498 3368 1719 3439 algoris
1750 3368 1875 3441 ple-

178 3460 365 3533 rique
409 3456 648 3514 extincti
699 3454 1159 3520 occumberent;
1225 3466 1413 3525 quam
1465 3456 1645 3513 etiam
1705 3458 1876 3531 prius

186 3547 471 3606 inaudita
501 3546 705 3604 clades
736 3544 1191 3615 mortalitasque
1218 3542 1538 3602 subsecuta
1559 3550 1749 3603 totum
1774 3562 1877 3620 pe-

188 3653 273 3694 ne
303 3636 513 3694 orbem
561 3634 883 3690 subitaneo
910 3636 1161 3688 vastans
1190 3646 1432 3701 occasu,
1463 3633 1526 3689 in
1562 3638 1876 3691 momento

189 3729 385 3801 inque
409 3725 568 3782 oculi
594 3725 714 3780 ictu
741 3722 1100 3789 incolumes,
1135 3737 1207 3776 ac
1233 3737 1341 3776 sua
1370 3724 1545 3795 quasi
1578 3725 1654 3781 de
1682 3725 1876 3798 sospi-

188 3820 319 3873 tate
343 3814 732 3880 certissimos,
757 3812 818 3868 in
843 3811 991 3885 ipsis
1014 3825 1127 3866 nec
1148 3824 1273 3865 non
1294 3811 1486 3882 epulis
1508 3813 1875 3881 lretissimos,

190 3904 511 3979 inopinato
536 3902 847 3959 subtraxit.
882 3905 1037 3957 Inter
1074 3900 1207 3955 haec
1252 3912 1395 3969 ergo
1426 3904 1782 3959 communia
1806 3916 1878 3958 ac

194 3992 533 4049 metuenda
558 3990 877 4063 dispendia
916 3987 1251 4060 Metropolis
1288 3993 1511 4057 nostra,
1535 3990 1765 4061 judicio
1795 3990 1882 4046 di-

192 4082 347 4138 vino
377 4094 695 4154 nunquam
733 4079 978 4150 injuste,
1013 4076 1184 4147 gravi
1214 4077 1439 4132 viscere
1469 4082 1644 4135 tenus
1670 4094 1882 4152 percu-

197 4167 349 4223 titur
378 4167 594 4236 ulcere,
626 4172 889 4240 quatuor
920 4165 1231 4222 sororibus
1262 4194 1331 4206 —-
1358 4166 1616 4222 Emerita
1646 4183 1788 4235 una,
1818 4168 1882 4222 in

198 4255 509 4312 famulitio
537 4256 749 4314 Christi
795 4256 928 4311 Sisu
975 4254 1310 4325 nominata,
1357 4255 1599 4311 duabus
1632 4257 1880 4324 caeteris,

202 4345 552 4403 Othellulda
594 4344 963 4402 marchionis
1003 4343 1296 4400 Thiedrici
1347 4342 1469 4399 ﬁlia
1511 4348 1569 4400 et
1595 4346 1881 4415 Thiedan,

202 4434 569 4505 dignitatem
608 4434 843 4504 generis
881 4448 1124 4489 morum
1152 4432 1451 4505 probitate
1476 4434 1879 4499 vincentibus,

207 4522 513 4579 Hennikin
541 4536 805 4596 quoque,
836 4536 973 4595 quis
1001 4521 1255 4578 minima
1280 4525 1452 4577 aetate
1481 4522 1616 4579 licet
1644 4527 1799 4579 esset
1826 4526 1884 4578 et

206 4610 454 4679 ordine,
485 4611 726 4683 optimae
758 4617 960 4668 tamen
989 4610 1211 4667 indolis
1232 4640 1301 4651 -—
1331 4625 1455 4666 una
1482 4610 1644 4668 velut
1673 4611 1887 4667 horula

209 4700 587 4770 subtractis;
610 4707 755 4758 ante
779 4716 951 4774 quas,
970 4702 1103 4774 ipsa
1132 4705 1351 4757 sancire
1376 4715 1738 4774 parasceves
1760 4701 1890 4757 illu-

210 4794 395 4847 cente
439 4804 677 4856 aurora,
710 4791 910 4862 Lucia,
942 4789 1161 4847 devota
1207 4804 1547 4863 pauperum
1595 4790 1883 4857 ministra,

212 4892 477 4935 emenso
521 4880 734 4936 mundi
788 4880 957 4936 istius
1005 4879 1245 4952 pelago,
1291 4882 1534 4951 portum
1578 4879 1658 4935 ad
1701 4894 1888 4951 usque

213 4967 420 5024 beata:
458 4967 695 5041 quietis,
744 4968 845 5024 Dei
896 4966 1088 5039 gratia
1133 4968 1308 5037 duce,
1355 4967 1721 5039 provehitur.
1770 4971 1889 5023 Hoc

212 5055 409 5129 igitur
435 5056 499 5112 in
527 5059 815 5131 tempore,
848 5056 1013 5131 quod
1043 5055 1223 5112 nullis
1273 5060 1435 5111 retro
1486 5056 1699 5113 seculis
1729 5072 1890 5113 com-

215 5149 470 5218 pertum
516 5146 819 5217 novimus,
849 5158 1014 5219 papa
1061 5144 1423 5218 apostolicus
1454 5158 1593 5201 eum
1624 5145 1891 5202 Heinrico

216 5234 595 5307 imperatore
622 5239 878 5305 augusto
909 5247 1146 5291 ccenam
1168 5232 1535 5290 dominicam
1555 5234 1893 5306 festumque

222 5322 522 5396 paschale
567 5323 631 5379 in
677 5323 1006 5394 Palenberg
1051 5322 1285 5380 decenti
1337 5321 1520 5379 fertur
1566 5322 1894 5379 excoluisse

303 5463 457 5546 (290)
495 5465 676 5522 Hanc
703 5463 1054 5521 sententiam
1086 5464 1213 5519 loco
1242 5478 1347 5517 suo
1378 5468 1513 5531 post
1533 5464 1895 5533 praepositus

222 5551 413 5591 ῚηΟυῑ.

305 5607 461 5677 (291)
500 5609 541 5661 Ι.
574 5621 625 5663 c.
658 5606 972 5678 legendum
1001 5608 1061 5662 T.

1972 1867 2204 1921 amore,
2259 1852 2567 1927 dispositis
2616 1858 3091 1930 circumquaque
3139 1857 3390 1929 insidiis,
3434 1861 3645 1917 nefan-

1973 1941 2120 1996 dam
2150 1940 2344 1997 eidem
2376 1945 2605 2002 christo
2638 1946 2873 2003 Domini
2919 1950 3093 2018 parat
3127 1945 3343 2002 inferre
3367 1962 3641 2006 manum.

1977 2029 2092 2086 Sed
2122 2029 2329 2086 divina
2350 2032 2412 2088 id
2438 2035 2677 2091 sceleris
2706 2035 3063 2109 prohibente
3081 2035 3414 2107 clementia,
3437 2038 3644 2111 elapso

1976 2118 2294 2173 frustratus
2347 2123 2627 2194 antistite,
2663 2125 2859 2181 socios
2885 2123 2990 2196 qui
3032 2124 3235 2180 navali
3262 2127 3522 2184 eundem
3552 2144 3645 2184 se-

1975 2205 2318 2279 quebantur
2361 2211 2569 2275 itinere
2618 2214 2871 2284 invadit,
2920 2212 3098 2285 capit,
3130 2214 3414 2272 custodite
3444 2216 3643 2284 tradit,

1977 2294 2304 2367 multisque
2334 2298 2666 2358 inhumane
2713 2301 2949 2373 injuriis
2979 2306 3222 2370 tractat;
3272 2320 3343 2360 eo
3372 2304 3648 2362 ferocior-

1977 2399 2117 2456 que,
2148 2399 2272 2456 quo
2303 2386 2438 2455 sibi,
2472 2405 2658 2461 quem
2685 2391 2841 2447 ultra
2865 2390 2966 2460 jus
2996 2395 3053 2446 et
3084 2390 3176 2446 fas
3207 2392 3469 2452 sitiverat
3494 2396 3667 2466 (293),

1979 2471 2247 2544 presulis
2277 2476 2641 2543 sanguinem
2669 2479 2937 2534 ablatum
2966 2478 3142 2535 dolet.
3174 2482 3347 2546 Quod
3372 2500 3510 2540 cum
3541 2483 3649 2539 imo

1979 2560 2237 2633 peratori
2268 2568 2533 2630 augusto
2577 2566 2750 2622 celeri
2789 2566 3084 2635 legatione
3131 2567 3415 2641 defertur,
3442 2571 3649 2627 habita

1979 2664 2120 2704 cum
2172 2648 2472 2721 episcopis
2504 2653 2809 2727 totiusque
2843 2653 3013 2724 regni
3038 2654 3400 2728 primatibus
3426 2658 3649 2714 delibe-

1979 2737 2229 2807 ratione,
2264 2737 2466 2808 primo
2515 2757 2623 2812 per
2669 2742 2949 2813 nuncios,
2995 2743 3211 2800 deinde
3264 2762 3374 2819 per
3420 2745 3649 2803 amicos

1979 2841 2206 2901 perque
2236 2830 2654 2902 semetipsum,
2683 2832 2762 2888 ab
2792 2832 2904 2889 hac
2949 2833 3114 2892 inani
3152 2839 3339 2893 tentet
3364 2850 3649 2894 revocare

1980 2915 2255 2983 vesania;
2310 2917 2536 2988 quibus
2580 2921 2865 2978 omnibus
2912 2923 3196 2981 rebellem
3224 2926 3650 2998 refragantem-

1981 3020 2099 3077 que
2148 3006 2458 3061 communi
2509 3024 2765 3066 assensu
2813 3012 3211 3069 anathematis
3237 3015 3468 3073 damno
3492 3014 3653 3071 subi-

1914 3127 1955 3182 C
1986 3098 2156 3182 gunt,
2189 3098 2252 3148 ut
2279 3093 2373 3182 vel
2404 3095 2490 3150 sic
2512 3098 2643 3168 jam
2684 3100 2893 3156 timore
2921 3102 3145 3174 poenali
3174 3108 3387 3173 tactus,
3415 3104 3647 3162 civibus

1984 3180 2193 3236 matris
2223 3180 2513 3249 ecclesias,
2544 3186 2742 3257 dignis
2772 3189 3121 3260 paenitentia
3147 3191 3449 3264 lamentis,
3478 3192 3651 3249 reddi

1984 3269 2265 3326 studeret.
2300 3272 2441 3336 Quae
2486 3273 2582 3330 ille
2634 3277 3001 3334 omnimodis
3049 3279 3356 3352 despectui
3394 3282 3646 3350 habens,

1985 3358 2191 3432 copias
2208 3376 2349 3417 suas
2368 3376 2509 3418 cum
2535 3366 2793 3436 conjuge
2822 3366 2884 3422 in
2912 3368 3225 3440 quandam
3252 3386 3453 3427 arcem
3482 3374 3650 3427 liam-

1985 3447 2263 3504 merstein
2315 3455 2595 3508 vocatam
2644 3455 2963 3526 contrahit,
2997 3472 3185 3529 quam
3230 3464 3461 3516 natura:
3511 3475 3647 3533 ope,

1984 3552 2111 3593 non
2126 3538 2443 3596 hominum
2464 3546 2610 3609 arte,
2625 3543 2928 3614 saxigenis
2948 3544 3215 3619 undique
3242 3548 3504 3606 molibus
3518 3565 3651 3605 mu-

1985 3632 2184 3683 ratam
2214 3628 2521 3703 Rhenique
2546 3630 3029 3690 circumferentia
3066 3635 3221 3693 adeo
3245 3639 3542 3695 munitam
3570 3638 3651 3694 fe-

1986 3719 2144 3781 runt,
2176 3719 2243 3771 ut
2268 3715 2569 3774 difﬁcilem
2616 3719 2859 3776 cuilibet
2884 3721 2980 3776 vel
3009 3722 3345 3793 obsidendi,
3372 3726 3467 3782 vel
3496 3742 3649 3799 quo-

1988 3821 2113 3877 quo
2142 3806 2326 3861 modo
2353 3808 2749 3879 oppugnandi
2768 3809 3000 3881 pandat
3023 3826 3355 3869 accessum.
3378 3818 3545 3871 Hunc
3565 3831 3654 3871 er-

1990 3909 2067 3965 go
2090 3894 2292 3949 locum
2321 3894 2647 3967 imperator
2676 3901 2988 3968 angustus,
3015 3898 3255 3968 justitise
3284 3902 3499 3969 ﬁdens,
3525 3919 3653 3958 om-

1989 3982 2209 4051 nigeno
2251 3982 2639 4039 obsidionum
2678 4000 2894 4051 genere
2948 3984 3340 4056 circumligat,
3374 4004 3485 4045 nec
3529 3990 3650 4046 ullo

1988 4070 2311 4126 rebellibus
2337 4071 2431 4126 vel
2460 4070 2630 4127 aditu
2656 4070 2751 4126 vel
2779 4071 2942 4127 exitu
2966 4088 3274 4143 concesso,
3304 4075 3526 4149 ipsum,
3548 4076 3653 4134 do-

1989 4158 2193 4215 minici
2221 4158 2434 4215 natalis
2463 4159 2626 4216 diem
2658 4159 2885 4219 ibidem
2912 4176 3119 4231 agens,
3141 4163 3296 4221 adeo
3326 4164 3561 4232 minuit,
3587 4169 3654 4223 ut

1990 4248 2095 4321 qui
2117 4253 2305 4304 semet
2323 4263 2447 4304 non
2472 4248 2677 4318 armis,
2698 4264 2822 4305 non
2848 4254 3222 4308 armatorum
3242 4253 3508 4310 millibus
3529 4271 3654 4311 ces-

1992 4353 2163 4393 suros
2188 4338 2609 4406 meminerant,
2631 4336 2807 4393 famis
2826 4338 3049 4409 injuria
3072 4342 3317 4398 tandem
3336 4344 3650 4416 perempti,

1994 4427 2122 4483 sola
2149 4426 2330 4498 hujus
2360 4427 2494 4482 vitas
2525 4425 2782 4499 suspiria
2808 4427 3193 4501 paciscendo,
3221 4430 3475 4488 instante
3502 4432 3652 4489 cele-

1990 4514 2085 4571 bri
2130 4531 2239 4588 per
2284 4514 2494 4571 orbem
2544 4514 2823 4587 Stephani
2866 4519 3322 4590 protomartyris
3362 4518 3534 4590 festo,
3589 4536 3652 4577 se

1995 4620 2227 4677 suaque
2274 4604 2481 4661 omnia
2530 4604 2925 4677 imperatoriae
2970 4604 3201 4662 dedunt
3237 4608 3533 4678 potestati.
3564 4608 3655 4664 Di-

1996 4708 2185 4763 gnum
2236 4709 2503 4765 namque
2555 4698 2681 4750 erat
2728 4698 2784 4750 et
2807 4694 3059 4765 justum,
3092 4700 3156 4750 ut
3181 4694 3285 4766 qui
3314 4694 3528 4751 eodem
3557 4696 3652 4753 die

1994 4799 2107 4856 pro
2133 4783 2391 4840 inimicis
2437 4785 2589 4841 inter
2614 4787 2892 4840 cruentos
2922 4782 3319 4854 lapidantium
3364 4782 3515 4839 ictus
3557 4785 3653 4857 pie

1997 4878 2364 4940 exoraverat,
2397 4873 2628 4940 amicis,
2676 4872 2884 4928 matris
2909 4869 3176 4926 videlicet
3205 4870 3467 4927 ecclesiae
3495 4873 3650 4930 ﬁliis.

1997 4976 2211 5034 pacem
2255 4978 2365 5018 suo
2412 4961 2824 5018 reconciliaret
2872 4960 3225 5016 interventu.
3257 4990 3327 4999 —
3355 4960 3473 5017 Res
3501 4962 3656 5020 mira

1999 5052 2347 5124 cunctisque
2375 5050 2645 5107 inaudita
2674 5048 2907 5116 seculis,
2939 5047 3146 5103 incolis
3180 5049 3655 5121 septentrionalis

1997 5139 2194 5212 plagas
2245 5139 2537 5196 accidisse
2580 5137 2814 5194 dicitur.
2861 5141 3009 5194 Nam
3059 5136 3222 5193 Albis
3268 5153 3341 5195 ac
3381 5139 3657 5199 Wissara

1999 5228 2167 5284 ﬂuvii
2220 5227 2457 5283 insolita
2503 5225 2913 5282 inundationis
2970 5225 3128 5282 mole
3180 5242 3303 5283 non
3339 5228 3534 5286 solum
3575 5230 3658 5287 al-

2000 5332 2146 5372 veos
2165 5331 2306 5371 suos
2334 5313 2579 5384 egressi,
2602 5315 2706 5370 sed
2732 5315 2811 5371 ab
2838 5314 2973 5387 ipso
2992 5314 3291 5372 imotenus
3322 5316 3514 5375 fundo
3533 5335 3657 5393 qua

2094 5459 2217 5531 292)
2258 5457 2605 5532 Hausberge
2631 5456 2711 5514 ad
2735 5456 3023 5514 Wisaram
3056 5475 3240 5532 supra
3267 5460 3546 5520 Mindam.

2094 5528 2225 5600 293⁷)
2264 5531 2361 5588 Ita
2384 5530 2452 5586 L.
2484 5528 2772 5587 vitaverat
2801 5546 2850 5586 ιι.
