4004 6178
384 125 481 177 551

1296 119 1559 175 ΑΝΝΑι.
1601 117 2052 176 HlLDESHEIM.
2095 116 2472 183 QUEDLINB.
2513 119 2893 177 WEISSEMB.

3715 129 3822 182 552

1381 241 1708 298 ANNALES
1747 240 2490 309 QUEDLINBURGENSES.
2537 244 2606 298 A.
2652 247 2810 299 1021.

381 370 581 426 nescio
604 366 857 425 immani
885 370 1200 422 ventorum
1230 365 1507 421 violentia
1545 366 1752 434 evulsi,
1786 366 2032 438 oppida,
2074 368 2122 421 A
2155 365 2374 436 studio,
2402 382 2610 422 verum
2633 371 2698 422 ut
2718 366 3140 437 gloriosissime
3166 368 3374 437 valuit,
3403 371 3648 442 peregit.
3684 375 3828 428 Pro-

379 474 538 526 rura,
572 461 787 513 cuncta
817 453 1370 525 circumjacentium
1422 453 1538 509 late
1569 453 1830 510 conﬁnia
1859 459 2042 510 terra-

377 563 536 614 rum,
570 546 715 619 ipsis
747 559 990 618 quoque
1021 542 1274 598 collibus
1307 558 1376 597 ac
1407 543 1739 612 montibus,
1762 559 1917 615 quos
1943 559 2047 598 na-

378 640 510 692 tura
533 635 802 708 quadam
841 649 964 705 pra
992 630 1196 687 ceteris
1225 630 1584 686 sublimitate
1611 632 1928 699 munierat,
1961 631 2041 687 al-

375 725 492 780 tius
517 721 906 793 insurgendo,
939 719 1234 784 mersisse,
1255 724 1312 775 et
1335 719 1501 791 quod
1523 721 1615 776 his
1641 719 2040 808 miserabilius

375 832 446 872 ac
477 814 643 871 omni
684 810 1089 869 incredibilius
1142 816 1232 866 est
1262 809 1510 879 auditui,
1543 811 1711 866 villas
1756 812 2039 882 integras,

373 918 762 976 nequaquam
787 900 984 956 soluta
1013 899 1404 955 aedificiorum
1432 915 1747 972 compage,
1772 917 1912 956 cum
1935 900 2044 956 ini-

372 992 435 1047 bi
464 990 826 1062 degentibus
877 990 950 1045 de
1000 989 1117 1045 alia
1168 989 1226 1044 in
1277 989 1458 1044 aliam
1498 989 1939 1045 transvehendo
1970 990 2044 1045 ri-

373 1097 538 1154 pam,
571 1081 783 1137 eadem
815 1095 940 1152 qua
984 1078 1150 1151 prius
1199 1078 1497 1151 positione
1527 1079 1924 1134 constituisse.
1959 1084 2044 1134 ln-

372 1175 458 1227 ter
503 1171 631 1226 hac
680 1168 993 1225 ecclesiam
1043 1167 1377 1241 quandam,
1409 1167 1510 1240 pia
1558 1168 1867 1238 majorum
1912 1168 2040 1224 dili-

371 1257 570 1328 gentia
624 1257 768 1314 olim
830 1259 1254 1325 coestructam,
1283 1254 1581 1327 opulentis
1629 1254 1897 1310 ﬁdelium
1936 1255 2042 1311 ibi-

368 1347 509 1404 dem
537 1346 968 1403 conﬂuentium
1015 1345 1168 1401 votis
1212 1345 1320 1400 rite
1361 1344 1633 1414 ditatam,
1670 1344 1891 1401 eodem
1919 1362 2041 1418 quo

367 1441 424 1491 et
451 1441 666 1492 caetera
699 1435 951 1508 impetu,
988 1433 1236 1507 pristino
1285 1432 1648 1488 omnimodis
1694 1438 1850 1489 statu
1878 1433 2039 1490 evul-

369 1541 524 1595 sam,
555 1525 696 1582 alibi
740 1524 1100 1580 translatam
1134 1521 1455 1577 afﬁrmant.
1497 1523 1690 1594 Supra
1719 1522 1860 1579 dicti
1887 1539 2038 1595 quo-

365 1631 484 1688 que
513 1615 695 1684 ﬂuvii,
730 1615 972 1670 Wisara
1014 1617 1071 1668 et
1097 1611 1282 1678 Albis,
1313 1611 1492 1666 ternis
1537 1611 1768 1668 dierum
1808 1611 2040 1668 vicibus

2150 452 2291 508 inde
2332 458 2560 509 curtem
2607 458 2882 527 repetens
2920 455 3146 525 regiam
3177 456 3402 512 Alstedi
3432 457 3680 525 dictam,
3719 461 3830 516 ha-

2151 539 2396 612 bitoque
2427 540 2573 596 inibi
2621 557 2759 596 cum
2807 541 2984 597 totius
3036 548 3280 599 senatus
3326 544 3644 618 plebisque
3677 563 3828 602 con-

2151 645 2333 684 cursu
2369 628 2667 702 colloquio
2694 631 2826 703 pios
2849 631 3085 688 lenitate
3111 633 3542 705 permulcendo
3565 636 3833 708 pradul-

2151 717 2222 785 ci,
2283 734 2416 773 reos
2487 718 2854 776 districtione
2926 722 3202 777 terrendo
3277 739 3504 792 severa,
3579 730 3830 798 totaque

2148 806 2443 864 industria
2464 809 2723 882 patriam
2753 810 3082 867 muniendo
3109 812 3259 868 inter
3287 814 3467 884 hujus
3493 814 3832 887 provinciae

2149 895 2413 951 civitates
2463 897 2610 969 (294)
2655 902 2844 953 totum
2896 899 3063 955 illum
3120 901 3360 958 feliciter
3398 903 3693 976 perduxit
3723 921 3832 959 an-

2147 999 2316 1039 num.
2353 986 2492 1040 Post
2521 987 2649 1041 hac
2678 986 3238 1045 Halberstadensem
3267 991 3586 1046 ecclesiam
3616 1008 3832 1062 aggre-

2149 1072 2340 1142 diens,
2371 1078 2579 1129 sancta
2609 1075 2999 1132 Thebaorum
3021 1083 3357 1150 martyrum
3387 1080 3692 1150 solennia,
3719 1086 3831 1136 Ar-

2147 1160 2316 1216 nulfo
2334 1162 2588 1234 prasule
2614 1163 3092 1234 administrante,
3125 1166 3351 1223 honore
3379 1167 3714 1225 celebravit
3745 1169 3833 1225 di-

2149 1249 2462 1319 gnissimo.
2490 1251 2711 1308 Dehinc
2733 1258 2974 1326 neptem
3002 1271 3199 1325 suam,
3223 1255 3470 1313 herilem
3497 1257 3830 1314 dominam

2149 1337 2544 1395 Adelheidam
2590 1340 2869 1410 invisere,
2905 1343 3436 1415 Quedelingnensis
3491 1346 3831 1404 dedicatio-

2148 1444 2410 1502 nemque
2459 1430 2742 1503 basilica,
2803 1431 2937 1488 licet
2986 1433 3316 1506 improvisa
3378 1435 3828 1510 inopinataque

2147 1515 2314 1572 brevi
2345 1522 2547 1575 tamen
2580 1519 3006 1577 deliberatione
3035 1539 3223 1595 quam
3253 1523 3632 1581 familiariter
3663 1526 3828 1582 insti-

2146 1609 2344 1676 tuens,
2371 1608 2628 1664 eandem
2651 1610 3015 1683 Metropolim
3038 1611 3320 1668 adeundo
3349 1613 3650 1685 pervenit.
3680 1616 3823 1680 Quis

366 1720 437 1760 ac
466 1705 758 1774 noctium,
790 1700 1220 1759 ﬂammivomis
1258 1705 1465 1756 contra
1512 1705 1793 1757 naturam
1834 1717 2037 1774 super-
2074 1720 2118 1774 B
2146 1694 2240 1751 ille
2281 1696 2376 1768 sit,
2405 1714 2626 1754 casare
2675 1705 2934 1769 augusto
2973 1701 3350 1769 adventante,
3383 1719 3604 1759 eorum
3655 1705 3827 1761 nobi-

364 1793 676 1849 ficietenus
706 1792 818 1848 visi
851 1795 990 1846 sunt
1029 1789 1243 1845 arsisse
1271 1789 1619 1861 vaporibus.
1651 1790 1803 1856 Quid
1831 1791 1906 1846 de
1931 1806 2030 1846 ca-

367 1880 692 1936 daveribus
747 1878 1046 1935 referam?
1094 1893 1354 1951 quorum
1407 1878 1823 1946 numerositas,
1865 1879 2032 1934 omni

363 1970 653 2025 humana
683 1967 1066 2024 astimationi
1108 1965 1362 2022 difficilis
1390 1966 1451 2021 in
1483 1967 1684 2038 plures
1718 1967 1893 2040 quasi
1922 1984 2028 2038 ag-

363 2072 574 2126 gerum
601 2055 888 2112 cumulos
910 2058 1209 2120 concreta,
1233 2053 1611 2110 decrescente
1633 2055 1858 2111 diluvio
1881 2056 2028 2110 dum

360 2146 463 2216 pia
491 2143 881 2217 quorundam
917 2141 1154 2198 solertia
1177 2141 1446 2197 debitum
1481 2143 1774 2198 humandi
1804 2144 2027 2216 prabe-

359 2249 422 2288 re
449 2233 711 2290 studeret
747 2232 1058 2297 affectum,
1091 2231 1270 2287 tantis
1301 2236 1545 2304 tamque
1575 2233 1882 2289 tenacibus
1909 2251 2025 2290 ser-

358 2322 650 2395 pentium,
679 2320 1088 2388 colubrorum,
1113 2325 1586 2393 cunctarumque
1616 2322 1678 2377 id
1708 2337 1899 2392 genus
1925 2340 2026 2396 pe-

359 2413 539 2468 stium
568 2409 894 2468 involucris
946 2409 1030 2466 ita
1069 2425 1343 2467 connexa
1390 2411 1786 2483 reperiuntur,
1818 2416 1882 2469 ut
1910 2429 2020 2469 nec

356 2503 512 2560 ferro
541 2518 653 2560 nec
683 2500 1001 2573 cujuslibet
1051 2499 1191 2555 artis
1243 2500 1639 2558 instrumento
1688 2518 1759 2558 ea
1805 2502 2017 2560 dissol-

354 2591 531 2647 vendi
574 2591 759 2647 ullam
805 2588 1016 2647 timida
1048 2588 1379 2646 mortalitas
1406 2589 1568 2646 viam
1595 2591 1857 2647 invenire
1887 2593 2017 2665 qui-

353 2681 552 2738 visset.
594 2680 708 2737 Sed
732 2680 807 2736 de
833 2679 925 2734 his
955 2678 1102 2752 quid
1133 2678 1324 2746 fuerit,
1358 2678 1449 2748 sit,
1482 2679 1577 2736 vel
1603 2679 1726 2747 ﬁat,
1762 2681 2012 2749 Christo,

352 2771 457 2843 qui
485 2771 742 2826 eandem
789 2769 1052 2836 gentium
1102 2784 1453 2841 pressuram
1505 2785 1616 2842 pro
1665 2771 2015 2827 confusione

355 2859 585 2916 sonitus
632 2858 816 2914 maris
863 2874 933 2914 ac
987 2857 1279 2912 ﬂuctuum
1330 2856 1594 2914 futuram
1633 2859 2009 2930 pradixerat,

351 2947 792 3004 discutiendum
822 2945 1234 3019 relinquimus.

2141 1784 2289 1841 lium
2337 1790 2461 1842 tam
2512 1788 2802 1844 comitum
2849 1806 3036 1862 quam
3067 1791 3394 1863 prasulum
3427 1798 3486 1848 et
3518 1792 3824 1850 abbatum

2141 1873 2481 1945 comitatus,
2509 1894 2716 1950 quaeve
2747 1877 2848 1934 illa
2891 1878 3074 1950 prolis
3118 1879 3295 1950 regia
3332 1880 3392 1935 in
3428 1882 3819 1954 susceptione

2138 1959 2525 2032 imperatoria
2570 1964 2894 2035 diligentia,
2926 1970 3275 2039 quantaque
3306 1967 3447 2023 cleri
3490 1969 3820 2043 plebisque

2136 2049 2513 2120 tripudiantis
2536 2053 2828 2122 occursio,
2873 2071 3177 2127 quamque
3208 2056 3459 2112 misticis
3489 2059 3816 2128 angelicis-

2134 2153 2253 2210 que
2297 2142 2608 2197 ornatibus
2662 2143 2834 2215 plebs
2876 2144 3260 2200 sacerdotalis
3309 2153 3560 2220 compta
3611 2164 3817 2221 proce-

2135 2225 2320 2298 deret,
2342 2246 2553 2302 quave
2577 2234 2694 2287 Deo
2718 2237 3087 2289 sacratarum
3114 2234 3479 2291 conﬂuentia
3500 2237 3812 2307 virginum

2134 2315 2258 2372 doli
2287 2317 2558 2392 fellisque
2589 2321 2918 2377 carentium
2968 2322 3467 2397 simplicitateque
3519 2326 3791 2383 columbi

2133 2421 2212 2461 na
2244 2406 2494 2479 pleniter
2541 2410 2877 2478 nitentium,
2908 2411 3103 2484 qualis
3140 2428 3453 2486 quamque
3483 2415 3812 2473 laudabilis

2132 2493 2371 2550 illarum
2400 2495 2476 2552 sit
2506 2513 2692 2552 sonus
2723 2515 3032 2571 quamque
3063 2499 3264 2572 parilis
3288 2499 3534 2558 illarum
3569 2504 3646 2560 sit
3674 2520 3814 2560 con-

2130 2589 2362 2652 ventus,
2397 2587 2534 2660 quis
2563 2588 2805 2644 habitus
2853 2589 3059 2662 quisve
3105 2590 3230 2663 ipse
3262 2591 3336 2648 sit
3363 2591 3665 2665 incessus,
3697 2611 3809 2652 nec

2129 2673 2242 2730 stili
2285 2675 2482 2731 ofﬁcio
2529 2693 2638 2733 nec
2676 2677 2814 2734 viva
2843 2695 2988 2734 voce
3043 2680 3198 2752 potis
3242 2685 3330 2736 est
3376 2683 3707 2755 explicare.
3743 2687 3809 2741 Et

2125 2763 2273 2833 quid
2321 2763 2397 2818 de
2435 2764 2905 2822 victoriosissimi
2954 2767 3330 2840 imperatoris
3365 2771 3634 2829 referam
3683 2790 3807 2845 gra-

2123 2851 2455 2908 tulatione?
2507 2854 2603 2909 cui
2654 2859 2870 2911 cuncta
2915 2856 3126 2912 mundi
3168 2856 3412 2915 climata
3456 2861 3619 2917 colla
3669 2863 3806 2918 sub-

2121 2938 2322 2995 dendo
2368 2940 2726 3013 inserviunt,
2758 2943 2982 3016 quique
3030 2961 3102 3000 eo
3154 2946 3350 3016 magis
3396 2965 3586 3020 super
3626 2967 3802 3007 accu-

426 3042 581 3094 tO2l.
616 3037 717 3092 His
739 3035 994 3110 peractis
1023 3034 1348 3108 imperator
1376 3041 1688 3106 angustus,
1712 3053 2011 3126 concessa
2051 3072 2093 3126 ο
2121 3029 2350 3126 ΨιιΙῆιῘιξι
2385 3029 2574 3100 gloria
2602 3031 2812 3126 merito
2844 3033 3086 3126 gaudet,
3119 3050 3241 3106 qno
3276 3052 3360 3126 se,
3394 3039 3517 3092 Deo
3563 3038 3801 3096 donan—

351 3124 461 3181 sibi
492 3126 749 3182 victoria
779 3123 1305 3198 prosperitatisque
1335 3140 1521 3181 causa
1545 3125 1766 3196 gratias
1789 3124 2007 3182 divina

348 3215 548 3288 pietati
579 3215 935 3289 rependens.
971 3213 1153 3272 alacri
1203 3214 1462 3286 tripudio
1510 3215 1781 3270 Saxonia
1812 3220 2011 3288 partes

345 3305 706 3376 aggreditur.
780 3305 1018 3361 Interim
1074 3308 1460 3375 procurrente
1520 3307 1812 3375 tempore,
1871 3321 2010 3360 cum

344 3397 668 3450 Saxoniam
693 3398 1041 3466 properaret
1067 3391 1344 3458 revisere,
1368 3391 1742 3464 psalmisque
1770 3392 2012 3449 Walbe-

342 3481 434 3537 ka
481 3483 689 3538 iterato
714 3481 819 3536 rite
850 3484 1219 3551 peracturus,
1254 3480 1521 3550 festaque
1561 3478 1869 3552 paschalia
1899 3482 2005 3536 Me-

341 3570 642 3639 resburgae
686 3568 969 3639 deinceps
999 3567 1203 3623 debita
1233 3566 1638 3622 celebraturus
1669 3567 2004 3624 veneratio-

340 3675 451 3726 ne;
496 3658 645 3713 inter
674 3656 804 3728 ipsa
833 3656 1042 3711 itinera
1071 3654 1478 3711 venerabilem
1509 3655 1883 3711 Heribertum
1913 3672 2004 3713 ar-

339 3747 790 3821 chiepiscopum
818 3745 1100 3802 humanis
1139 3743 1460 3800 excessisse
1507 3743 1707 3808 rebus,
1738 3744 1999 3817 impera-

334 3837 520 3894 torias
550 3836 820 3910 pervenit
866 3835 946 3891 ad
989 3851 1184 3892 aures.
1220 3833 1324 3888 l-Iic
1357 3832 1658 3906 siquidem
1684 3833 1836 3888 divae
1869 3851 1997 3891 me-

334 3928 539 3983 moria
567 3925 788 4000 prasul
837 3941 1025 3998 quam
1073 3922 1352 3980 assiduus
1395 3921 1456 3977 in
1485 3921 1776 3992 oratione,
1809 3939 1998 3996 quam

331 4031 560 4086 pernox
590 4013 649 4068 in
678 4012 914 4082 vigiliis,
941 4026 1250 4084 quamque
1300 4010 1362 4065 in
1399 4010 1822 4082 procuratione
1852 4027 1997 4082 pau-

332 4117 546 4172 perum
572 4101 877 4171 sollicitus,
893 4116 1202 4173 quamque
1224 4099 1286 4154 in
1311 4099 1479 4156 omni
1505 4098 1788 4168 religione
1815 4099 1996 4156 eccle-

332 4189 568 4244 siastica
593 4189 894 4244 studiosus
920 4189 1195 4256 extiterit;
1238 4188 1383 4260 quia
1413 4188 1683 4244 humana
1713 4188 1993 4246 facundia

330 4277 592 4350 proferre
635 4293 758 4332 non
807 4277 1041 4347 sufﬁcit,
1076 4282 1209 4332 acta
1259 4277 1542 4333 divinitus
1592 4277 1880 4333 miracula
1911 4279 1991 4334 ad

329 4365 629 4421 tumulum
659 4364 788 4435 ejus
825 4369 1248 4437 protestantur.
1283 4366 1539 4420 Emensa
1568 4365 1769 4436 itaque
1795 4365 1984 4441 impe-

326 4459 488 4510 rator
510 4469 696 4527 quam
725 4457 986 4525 coeperat
1010 4451 1126 4519 via,
1161 4451 1408 4521 cunctis,
1441 4457 1504 4508 ut
1526 4452 1607 4508 ita
1636 4452 1855 4522 dicam,
1877 4456 1986 4510 Eu-

323 4560 487 4617 ropa
517 4543 726 4617 primis
754 4541 980 4598 ibidem
1012 4541 1470 4607 conﬂuentibus,
1491 4541 1986 4616 diversarumque

324 4634 590 4703 gentium
635 4632 948 4689 missaticis
999 4631 1078 4688 ad
1132 4630 1437 4702 imperiale
1469 4631 1598 4701 ejus
1625 4631 1984 4704 obsequium

322 4723 587 4796 undique
644 4721 1110 4796 properantibus
1160 4724 1609 4775 sacrosanctum
1665 4719 1983 4779 dominica

317 4813 762 4868 resurrectionis
840 4810 1152 4881 gaudium,
1238 4813 1359 4863 toto
1436 4809 1566 4878 jam
1647 4809 1981 4867 corridente

318 4902 570 4971 mundo,
623 4905 805 4976 prout
853 4899 1050 4956 decuit
1116 4897 1316 4966 talem,
1377 4897 1595 4953 eximia
1664 4897 1984 4956 celebravit

319 4989 524 5058 gloria.
586 4991 811 5064 Hisque
859 4989 1023 5046 festis
1074 4985 1462 5061 paschalibus
1517 5002 1743 5055 magno
1798 4987 1981 5061 tripu-

317 5077 418 5132 dio
471 5081 746 5150 peractis,
809 5075 1290 5150 Parthenopolim
1339 5076 1477 5132 hinc
1541 5076 1978 5149 proﬁciscendo

316 5167 688 5237 perveniens,
711 5183 914 5222 sacros
932 5167 1060 5222 dies
1081 5169 1449 5221 Pentecostes
1470 5165 1634 5237 apud
1656 5165 1979 5222 famosissi-

316 5269 484 5308 mum
521 5254 790 5325 ejusdem
835 5255 1080 5311 civitatis
1109 5254 1628 5327 archiepiscopum
1660 5256 1971 5321 Geronem,

314 5357 437 5398 non
491 5341 750 5398 inferiori
799 5344 1158 5413 gaudiorum
1209 5343 1527 5415 dignaque
1576 5343 1974 5399 venerationis

381 5522 530 5595 (294)
568 5523 738 5578 Deest
770 5537 821 5579 c.

2122 3121 2194 3185 te,
2223 3118 2494 3174 altiorem
2525 3121 2774 3192 cateris,
2803 3122 3256 3194 praminentem
3295 3124 3531 3182 laetatur
3563 3131 3799 3186 univer-

2121 3207 2222 3264 sis.
2268 3207 2381 3264 Sed
2411 3224 2485 3264 ne
2518 3210 2892 3267 audientium
2941 3228 3116 3268 aures
3146 3213 3380 3271 diutina
3410 3217 3795 3276 verbositatis

2118 3297 2451 3368 prolixitate
2501 3301 2872 3371 protraham,
2922 3301 3175 3374 qualiter
3224 3304 3352 3360 hac
3403 3314 3796 3364 sacrosancta

2116 3385 2432 3458 dedicatio,
2463 3387 2594 3460 ipso
2622 3389 2890 3458 jubente,
2924 3390 3098 3446 fuerit
3139 3391 3366 3460 effecta,
3407 3396 3626 3467 paucis
3666 3414 3792 3470 per-

2116 3476 2425 3545 stringam.
2483 3481 2656 3533 Anno
2704 3479 3132 3537 incarnationis
3169 3483 3406 3539 Domini
3444 3486 3605 3556 102l,
3640 3489 3789 3543 indi-

2114 3563 2306 3619 ctione
2358 3567 2411 3631 4,
2457 3569 2489 3620 8
2542 3565 2782 3622 Calend.
2832 3568 3117 3634 Octobris,
3154 3569 3459 3628 dominica
3488 3573 3610 3642 die,
3641 3575 3789 3632 luna

2115 3657 2200 3720 13,
2217 3669 2376 3709 anno
2402 3671 2543 3710 vero
2560 3655 2768 3711 domui
2801 3657 3056 3714 Heinrici
3083 3660 3329 3715 secundi
3349 3663 3660 3731 regnantis
3689 3669 3786 3732 20,

2109 3741 2458 3815 imperantis
2485 3749 2537 3812 8,
2571 3745 2702 3817 ipso
2728 3753 3022 3818 prasente
3054 3765 3190 3804 cum
3212 3750 3492 3820 conjuge,
3525 3753 3786 3825 impera-

2108 3833 2248 3888 trice
2279 3832 2498 3888 scilicet
2527 3834 2907 3905 Cunigunda,
2939 3837 3236 3911 totiusque
3275 3841 3444 3908 regni
3475 3842 3783 3917 episcopo-

2107 3937 2242 3977 rum
2272 3939 2342 3978 ac
2369 3922 2728 3994 optimatum
2759 3933 3058 3982 conventu
3105 3927 3182 3983 ab
3223 3929 3499 4000 Arnulfo,
3534 3932 3782 3989 Halber-

2105 4011 2401 4067 stadensis
2451 4011 2712 4068 ecclesia
2765 4014 3072 4088 episcopo,
3107 4015 3454 4074 dedicatum
3514 4026 3604 4077 est
3665 4010 3779 4078 hoc

2103 4100 2396 4173 templum
2423 4105 2479 4155 et
2507 4101 2691 4157 altare
2721 4119 3072 4175 supremum
3115 4104 3176 4159 in
3207 4106 3437 4162 honore
3471 4114 3699 4166 sancta
3725 4115 3778 4166 et

2099 4187 2421 4244 individua
2453 4189 2767 4258 Trinitatis,
2799 4197 2858 4247 et
2906 4198 3122 4249 sancta
3169 4194 3362 4251 Maria
3414 4198 3628 4253 matris
3668 4202 3774 4255 Do-

2098 4276 2265 4344 mini,
2300 4277 2608 4349 sanctique
2637 4279 2927 4335 Johannis
2963 4281 3259 4352 Baptista,
3292 4288 3349 4338 et
3392 4286 3587 4341 sancti
3620 4288 3772 4343 Petri

2096 4366 2383 4438 principis
2455 4367 2885 4438 apostolorum,
2947 4369 3135 4425 sancti
3210 4371 3497 4444 Stephani
3570 4381 3771 4448 proto-

2096 4455 2396 4528 martyris,
2453 4455 2638 4510 sancti
2694 4457 2956 4530 Dionysii
3010 4464 3065 4514 et
3128 4460 3430 4516 sociorum
3486 4463 3640 4534 ejus,
3698 4480 3767 4519 ac

2097 4544 2284 4598 sancti
2309 4543 2554 4599 Servatii
2577 4545 2952 4602 confessoris.
2979 4552 3039 4602 In
3064 4548 3179 4603 hoc
3209 4565 3352 4604 vero
3381 4551 3769 4608 continentur

2094 4631 2358 4704 reliquia
2388 4633 2580 4687 sancti
2611 4634 2974 4690 confessoris
3003 4637 3268 4704 Servatii,
3290 4640 3482 4694 sancti
3504 4645 3766 4696 Anasta-

2094 4720 2185 4787 sii,
2221 4721 2407 4777 sancti
2453 4721 2666 4787 Vitalis,
2724 4725 2913 4781 sancti
2963 4726 3364 4793 Pantaleonis,
3408 4737 3764 4786 sanctorum

2091 4808 2318 4880 Aquila
2361 4813 2417 4864 et
2455 4809 2752 4879 Priscilla,
2789 4813 2978 4868 sancti
3028 4813 3271 4883 Nicolai,
3312 4815 3538 4886 digitus
3571 4819 3767 4874 sancti

2089 4898 2263 4953 Marci
2323 4897 2723 4966 evangelista,
2780 4901 2969 4957 sancti
3017 4903 3332 4970 Pancratii,
3389 4906 3657 4961 Mauricii
3711 4913 3766 4963 et

2088 4985 2389 5041 sociorum
2446 4987 2596 5058 ejus,
2648 4990 2837 5045 sancti
2878 4989 3216 5061 Clementis,
3251 4993 3505 5049 Cornelii
3538 5000 3598 5049 et
3649 4999 3766 5069 Cy-

2084 5075 2298 5147 priani,
2340 5075 2524 5130 sancti
2583 5077 2854 5148 Candidi,
2908 5080 3096 5135 sancti
3147 5081 3430 5152 Stephani
3471 5099 3654 5156 papa
3710 5091 3765 5141 et

2084 5165 2382 5237 martyris,
2419 5165 2608 5221 sancti
2641 5166 2745 5221 Viti
2775 5170 3074 5240 martyris,
3105 5174 3327 5225 sancta
3358 5173 3539 5226 Justa
3573 5173 3760 5244 virgi-

2082 5255 2195 5322 nis,
2224 5255 2411 5311 sancti
2434 5255 2740 5324 Valentini,
2761 5258 2949 5313 sancti
2977 5259 3263 5314 Johannis
3281 5261 3589 5332 martyris,
3619 5279 3759 5319 san-

2081 5346 2156 5399 cti
2188 5344 2503 5400 Alexandri
2536 5361 2710 5417 papa
2739 5351 2797 5402 et
2842 5348 3139 5419 martyris,
3173 5353 3227 5403 et
3257 5348 3512 5405 aliorum
3559 5351 3754 5423 pluri-
