4004 6178
193 61 291 114 533

931 61 1017 116 ET
1055 60 1401 119 LAMBERTI
1438 65 2019 125 ASCHAFNABURG.
2062 75 2238 131 PARS
2277 79 2553 140 ALTERA
2592 87 2923 150 GENUINA.

3519 111 3622 163 554

1199 188 1529 246 ANNALES
1570 191 2309 259 QUEDLINBURGENSES.
2353 207 2421 261 Α.
2467 212 2620 265 1022.

1658 192 2309 259 iEDLlNBURGENSES.
2353 207 2421 261 Α.
2467 212 2620 265 1022.
3234 268 3239 273 .

174 293 407 334 morum
437 282 822 335 sanctorum.
857 281 1051 337 Altare
1080 281 1143 338 in
1172 285 1372 340 medio
1402 286 1665 343 ecclesiae
1687 288 1851 345 dedi-
1877 294 1924 346 A
1961 299 2183 351 sanctae
2237 300 2428 359 Marias
2476 306 2740 380 Zozimre,
2774 320 2994 371 sanctis
3026 316 3354 389 Felicitatis,
3389 329 3622 398 septem

177 370 367 398 ησιι-πη
403 371 490 398 ne!
519 383 547 398 η
584 370 818 398 ρηεὶΛτιη
876 371 1325 398 ηἰΛισιζΑ-ιζρ-ΑΑ-ιλ
1350 377 1429 398 ll-
1447 391 1509 398 ιε-
1530 376 1821 398 ,1-1.--..ᾂ-η
1965 380 2041 398 ηι·
2290 390 2300 398 .

176 370 369 422 catum
402 371 495 421 est
516 383 552 422 a
583 370 840 437 Gerone,
873 371 1329 447 archiepiscopo
1350 376 1857 448 Magadeburgen-

1959 380 2220 442 ﬁliorum
2249 390 2396 461 ejus,
2432 401 2649 452 sanctae
2679 400 2900 471 Odiliaa,
2919 410 3141 462 sancta:
3170 410 3622 480 Luciae,sancta3

2278 454 2297 461 _
2385 454 2392 459 ,
3170 454 3621 480 .--.υ..υ,υι...υ.ω

175 454 240 523 si,
258 454 321 509 in
353 455 592 512 honore
624 464 853 514 sancta:
910 465 966 515 et
1023 461 1520 522 victoriosissimaa
1550 469 1762 538 crucis,
1795 475 1854 526 et
1957 471 2319 547 Adeldridae,
2348 488 2567 540 sanctae
2598 488 3002 567 Margarethae,
3056 497 3329 554 omnium
3388 507 3621 560 sancta-

172 550 517 601 sanctorum
544 553 894 619 martyrum
927 552 1222 607 Laurentii
1263 557 1320 609 et
1372 557 1703 626 Pergentini
1734 558 1847 615 fra-

170 639 345 703 trum,
378 636 572 691 sancti
609 639 906 694 Laurentii
962 645 1020 695 et
1074 641 1378 711 Vincentii,
1433 647 1621 703 sancti
1650 648 1844 713 Blasii,

167 724 353 778 sancti
377 723 822 798 ChristOphori,
857 728 1047 783 sancti
1073 730 1297 785 Erasmi
1353 736 1649 806 martyris,
1680 754 1848 795 sanc-

163 816 365 867 torum
388 813 622 869 Cosme:
646 820 703 869 et
736 816 1032 884 Damiani,
1068 819 1261 876 sancti
1300 820 1632 894 Clementis,
1657 828 1846 884 sancti

160 901 424 958 Mauricii
452 907 511 957 et
540 904 848 960 sociorum
880 907 1033 976 ejus.
1065 910 1126 963 Et
1150 908 1213 963 in
1244 910 1356 966 hoc
1386 911 1555 969 altari
1574 916 1840 973 contine-

158 994 257 1044 tur
286 989 529 1059 lignum
557 998 787 1048 sanctae
818 996 1011 1050 crucis
1043 996 1257 1067 spinea
1280 1015 1522 1057 corona.
1548 1006 1615 1060 Et
1637 1005 1697 1060 in
1726 1007 1841 1063 hoc

152 1078 295 1151 ipso
336 1080 728 1137 continentur
779 1083 1045 1157 reliquias
1100 1093 1449 1146 sanctorum
1502 1100 1838 1167 martyrum

154 1168 508 1224 Laurentini
536 1174 595 1225 et
624 1172 981 1243 Pergentini,
1016 1176 1202 1231 sancti
1230 1179 1475 1237 Mauritii
1505 1184 1836 1242 sociorum-

149 1272 277 1328 que
307 1256 464 1327 ejus,
495 1258 690 1313 sancti
716 1260 944 1333 Vitalis,
977 1265 1163 1320 sancti
1210 1268 1458 1339 Georgii,
1484 1273 1671 1327 sancti
1700 1273 1835 1328 Vin-

148 1344 360 1414 centii,
395 1347 592 1401 sancti
625 1347 824 1415 Blasii,
877 1352 1068 1407 sancti
1119 1354 1360 1411 Fabiani
1400 1362 1454 1415 et
1481 1360 1833 1430 Sebastiani,

148 1434 353 1489 sancti
383 1435 823 1508 Christophori,
857 1444 1205 1498 sanctorum
1239 1448 1465 1503 Cosmae
1512 1457 1568 1504 et
1600 1452 1833 1507 Damia-

144 1522 234 1586 ni,
269 1521 468 1577 sancti
492 1523 817 1591 Eustachii,
865 1528 1054 1582 sancti
1107 1530 1390 1599 Quintini,
1421 1536 1607 1592 sancti
1640 1539 1832 1594 Libori

1954 576 2092 616 rum
2123 563 2446 635 virginum.
2502 575 2566 629 Et
2590 574 2650 629 in
2682 576 2796 632 hoc
2834 563 2967 651 ipso
3023 582 3193 640 altari
3241 589 3621 648 continentur

1952 649 2219 724 reliquiae
2249 665 2592 718 sanctarum
2632 664 2955 735 virginum,
2988 678 3210 728 sanctae
3269 679 3616 750 Laurentize,

1953 745 2175 796 sanctae
2205 746 2406 817 Justae,
2432 756 2652 807 sanctte
2682 756 2952 824 Agathte,
2987 764 3205 815 sanctae
3260 745 3616 838 Walburgse,

1952 835 2173 885 sanctae
2200 836 2558 907 Margarette,
2592 848 2813 899 sanctae
2844 846 3059 913 Luciae,
3083 855 3303 906 sanctae
3348 854 3615 925 Julianae,

1950 925 2171 975 sancta:
2204 925 2612 998 Columbante,
2667 937 2887 989 sanctae
2948 936 3195 1007 Ceciliae,
3250 947 3472 998 sanctae
3521 947 3620 999 So-

1946 1008 2126 1079 phiee,
2197 1020 2418 1071 sanctae
2486 1018 2816 1089 Felicitatis,
2870 1030 3092 1082 sanctae
3158 1029 3331 1097 Arias,
3394 1037 3619 1089 sanctas

1948 1098 2249 1191 Praxedis,
2310 1109 2534 1161 sanctae
2592 1110 2913 1167 Gertrudis.
2972 1116 3091 1169 Hac
3121 1116 3383 1190 denique
3430 1121 3617 1191 regali

1947 1182 2089 1238 aula
2114 1189 2386 1257 pretiosis
2416 1193 2680 1266 reliquiis
2725 1199 3134 1258 venerabiliter
3182 1182 3426 1262 suffulta
3447 1182 3615 1281 (21.37),

1944 1270 2275 1343 imperator
2333 1282 2739 1341 Romanorum
2803 1288 3078 1357 eximius,
3138 1296 3456 1351 contectali
3508 1314 3621 1355 sua

1944 1359 2325 1433 imperatrice
2353 1370 2708 1442 Cunigunda
2764 1376 3135 1451 pignoreque
3184 1383 3395 1454 regali,
3451 1386 3619 1442 herili

1944 1449 2221 1509 videlicet
2244 1456 2493 1514 domina
2536 1463 2880 1537 Adelheida,
2910 1449 3055 1540 quae
3078 1449 3279 1526 decus
3317 1449 3621 1543 dignosci-

1946 1539 2045 1591 tur
2071 1543 2638 1619 sanctimonialium,
2668 1569 2789 1609 una
2815 1570 2953 1611 cum
2984 1574 3186 1613 sorore
3226 1576 3339 1616 sua
3376 1565 3620 1636 Sophia,

2625 1609 2637 1619 ,
2882 1609 2952 1611 ψ*
2994 1609 3071 1612 η-
3094 1609 3182 1613 ν-ν
3227 1609 3339 1616 -—-
3376 1609 3620 1636 *νγ-ιη’,

145 1609 551 1665 confessoris.
575 1611 773 1667 Altare
802 1615 1063 1671 australe
1088 1617 1430 1678 dedicatum
1481 1629 1569 1680 est
1596 1642 1632 1681 a
1656 1628 1834 1684 Mein-
1871 1640 1917 1693 Β
1945 1630 2300 1703 cunctisque
2371 1638 2538 1705 regni
2605 1642 3021 1713 optimatibus,
3095 1662 3233 1702 cum
3312 1656 3623 1711 communi

143 1714 356 1755 werco
382 1699 886 1757 Pathelburnensi
945 1705 1234 1779 episcopo
1270 1708 1333 1764 in
1364 1710 1591 1770 honore
1647 1717 1836 1773 sancti

146 1788 379 1857 Libori,
412 1789 693 1845 omnium
727 1796 1074 1848 sanctorum
1106 1800 1161 1850 et
1212 1796 1535 1858 electorum
1561 1805 1680 1872 Dei,
1712 1806 1837 1862 Vic-

146 1877 322 1947 toris,
356 1878 634 1944 Candidi,
668 1881 967 1953 Exuperii,
999 1882 1252 1941 aliorum
1285 1889 1607 1959 sociorum,
1646 1895 1836 1951 sancti

146 1965 441 2031 Mauricii,
470 1966 663 2022 sancti
692 1968 991 2041 Hippoliti,
1017 1973 1205 2028 sancti
1236 1977 1835 2052 Pantaleonis,sancti

149 2054 410 2126 Cyriaci,
468 2055 661 2111 sancti
712 2057 976 2127 Adriani,
1023 2063 1080 2115 et
1127 2061 1381 2120 aliorum
1429 2068 1835 2139 plurimorum

147 2148 529 2200 sanctorum.
563 2143 760 2201 Altare
818 2147 1170 2219 aquilonare
1237 2151 1582 2216 dedicatum
1636 2161 1836 2219 estab

144 2231 431 2288 Eilvardo
480 2233 762 2289 Misnensi
813 2236 1100 2310 episcopo
1130 2238 1192 2293 in
1212 2239 1439 2298 honore
1470 2249 1663 2305 sancti
1693 2253 1836 2307 Bar—

146 2322 462 2377 tholomaai
522 2324 787 2396 apostoli
854 2330 912 2380 et
966 2327 1243 2383 omnium
1300 2334 1715 2402 apostolorum
1777 2342 1838 2396 et

145 2410 662 2480 evangelistarum
693 2418 752 2469 et
782 2413 1222 2486 discipulorum
1253 2419 1503 2477 Domini.
1539 2427 1607 2481 Et
1628 2426 1691 2482 in
1716 2429 1834 2484 hoc

145 2499 283 2572 ipso
305 2500 482 2557 altari
514 2502 896 2559 continentur
922 2504 1192 2577 reliquiae
1223 2510 1409 2564 sancti
1440 2514 1591 2570 Petri
1609 2517 1833 2589 princi-

146 2588 243 2660 pis
296 2588 742 2661 apostolorum,
801 2593 990 2648 sancti
1062 2593 1246 2660 Pauli,
1308 2598 1498 2654 sancti
1553 2588 1830 2674 Andreae,

147 2676 345 2731 sancti
371 2676 602 2748 Jacobi,
637 2679 828 2735 sancti
866 2680 1129 2748 Thomte,
1161 2683 1347 2739 sancti
1391 2688 1829 2760 Bartholomasi,

147 2765 343 2820 sancti
369 2765 648 2839 Philippi,
674 2768 863 2824 sancti
890 2770 1165 2839 Matthtei,
1198 2777 1541 2833 sanctorum
1572 2779 1831 2837 Simonis

146 2857 204 2908 et
230 2853 428 2919 Iudae,
463 2856 657 2911 sancti
694 2856 1001 2924 Barnabas,
1030 2858 1222 2913 sancti
1262 2860 1387 2931 Viti,
1437 2867 1628 2922 sancti
1656 2868 1832 2925 Marci

145 2942 556 3013 evangelista.
593 2949 654 3000 In
677 2945 1034 3002 occidentali
1064 2951 1233 3019 parte
1260 2949 1447 3008 altare
1484 2957 1743 3016 australe
1768 2957 1830 3013 in

145 3031 383 3089 honore
407 3034 597 3089 sancti
642 3034 913 3104 Remigii,
948 3036 1139 3092 sancti
1190 3039 1417 3109 Cyriact
1460 3047 1741 3118 martyris
1779 3050 1837 3102 et

146 3122 462 3178 sociorum
514 3123 666 3193 ejus,
726 3124 913 3181 sancti
971 3125 1109 3181 Sisti
1178 3143 1351 3201 papae
1413 3136 1471 3189 et
1524 3136 1828 3209 martyris,

148 3216 503 3267 sanctorum
526 3212 775 3269 Joannis
805 3217 860 3268 et
889 3214 1075 3281 Pauli,
1126 3222 1471 3277 sanctorum
1503 3226 1536 3283 4
1566 3227 1828 3284 Corona-

146 3304 372 3367 torum,
421 3302 613 3357 sancti
664 3302 949 3359 Bonifacii
996 3307 1054 3359 et
1092 3305 1391 3365 sociorum
1440 3312 1588 3382 ejus,
1633 3314 1823 3371 sancti

154 3389 377 3446 Kiliani
402 3391 832 3464 sociorumque
862 3393 1015 3464 ejus,
1051 3394 1243 3450 sancti
1285 3399 1825 3477 Donati.martyris,

150 3480 347 3535 sancti
374 3480 759 3537 W’enceslavi
788 3484 1092 3554 martyris,
1151 3486 1340 3542 sancti
1394 3492 1690 3548 Anastasii
1720 3510 1828 3565 pa-

149 3584 260 3641 pte,
332 3570 528 3626 sancti
597 3572 946 3643 Innocentii,
1003 3574 1193 3630 sancti
1242 3578 1439 3646 Magni
1519 3583 1820 3654 martyris,

150 3658 339 3714 sancti
397 3659 695 3715 Lamberti
722 3661 1022 3734 martyris,
1054 3662 1244 3719 sancti
1272 3667 1461 3735 Magni
1516 3670 1822 3728 confesso-

148 3747 248 3815 ris,
280 3749 477 3805 sancti
523 3748 802 3821 Odalrici,
859 3751 1051 3809 sancti
1104 3751 1266 3823 Sixti,
1326 3756 1514 3814 sancti
1570 3760 1818 3829 Arnulﬁ,

148 3840 340 3894 sancti
373 3837 827 3908 Meinulti(295),
886 3840 1076 3897 sancti
1105 3842 1386 3901 Gundulﬁ
1413 3847 1578 3918 (296),
1632 3851 1822 3906 sancti

146 3925 432 3996 Liutgeri,
464 3926 654 3982 sancti
696 3927 989 3995 Wigberti
1048 3930 1349 4002 martyris,
1402 3935 1590 3991 sancti
1647 3938 1821 3996 Maxi-

142 4015 316 4084 mini,
382 4014 571 4071 sancti
621 4014 853 4086 Valerii,
909 4018 1098 4074 sancti
1142 4019 1433 4090 Eucharii,
1485 4025 1673 4084 sancti
1705 4029 1815 4084 Lu-

142 4103 371 4173 dovici,
397 4104 587 4160 sancti
614 4104 847 4161 Paulini
900 4108 1291 4179 Treverensis,
1348 4113 1537 4171 sancti
1588 4115 1815 4176 Paulini

142 4192 393 4249 Nolante
424 4192 675 4249 civitatis
706 4193 992 4269 episcopi,
1041 4197 1145 4271 qui
1190 4215 1304 4271 pro
1323 4199 1445 4258 ﬁlio
1501 4201 1697 4260 viduae
1751 4222 1813 4262 se

141 4281 393 4338 tradidit
414 4281 700 4348 servituti,
726 4285 915 4341 sancti
959 4285 1294 4386 Ethelberti,
1344 4291 1533 4386 sancti
1587 4293 1812 4386 hartini
1833 4328 1883 4386 Β

141 4370 534 4441 confessoris,
563 4372 754 4428 sancti
781 4374 1043 4443 Metroni,
1087 4376 1278 4433 sancti
1306 4379 1563 4437 Zezonis.
1597 4382 1660 4438 In
1694 4383 1809 4440 hoc

138 4458 273 4532 ipso
331 4458 509 4515 altari
572 4461 950 4519 continentur
1017 4464 1282 4540 reliquiae
1340 4470 1528 4526 sancti
1600 4473 1812 4530 Donati

140 4549 455 4622 martyris.
507 4551 692 4607 sancti
747 4552 1004 4615 Quintini
1059 4555 1354 4628 martyris
1392 4559 1581 4618 sancti
1609 4563 1811 4621 Mater-

140 4638 310 4694 niani
340 4638 720 4712 confessoris,
761 4641 948 4700 sancti
974 4642 1170 4701 Adulﬁ
1217 4644 1596 4718 confessoris,
1624 4652 1813 4710 sancti

142 4726 433 4783 Germani
488 4728 868 4799 confessoris,
932 4736 1282 4793 sanctarum
1359 4735 1661 4807 virginum
1736 4740 1812 4799 de

142 4816 417 4874 Colonia.
466 4820 527 4872 ln
598 4817 951 4878 occidentali
1000 4825 1169 4893 parte
1221 4822 1403 4881 altare
1460 4826 1811 4898 aquilonare

140 4905 204 4961 in
229 4906 466 4962 honore
496 4911 840 4963 sanctarum
861 4907 1180 4979 virginum,
1223 4917 1442 4969 sanctae
1473 4915 1809 4989 Stephanus,

140 4994 501 5062 Laurentiae,
532 4997 731 5064 Justte,
760 4995 1053 5067 Pusinnte,
1081 5003 1301 5058 sanctae
1318 5001 1565 5066 Ceciliae,
1590 5011 1810 5063 sanctae

138 5081 511 5151 Petronellse,
543 5088 763 5140 sanctae
809 5085 1127 5157 Gertrudis,
1183 5092 1406 5146 sanctae
1452 5091 1809 5164 Walburgse,

142 5174 371 5227 sanctae
422 5170 686 5241 Agnetis,
737 5177 957 5229 sanctae
1010 5174 1277 5245 Aghataz,
1338 5184 1557 5236 sanctae
1604 5183 1809 5249 Teclse,

141 5261 369 5315 sancta:
401 5259 697 5327 Barbarae,
750 5264 969 5317 sanctas
1018 5261 1194 5331 Afrae,
1243 5269 1593 5323 sanctarum
1635 5268 1811 5339 virgi-

141 5362 295 5404 num
340 5346 807 5418 Coloniensium,
884 5354 1103 5408 sanctae
1157 5354 1351 5410 Mariae
1428 5356 1808 5430 Magdelenae,

234 5455 366 5599 295;
391 5456 488 5513 Ita
514 5458 581 5513 L.
616 5456 858 5514 Mumilﬁ
883 5474 935 5515 c.

234 5528 341 5584 296
386 5528 580 5585 Deest.
608 5541 658 5584 c.

234 5528 366 5585 296)
386 5528 580 5585 Deest.
608 5541 658 5584 c.

439 5626 685 5682 PATROL.
718 5627 890 5683 CXL].

1948 1730 2255 1775 consensu
2286 1721 2424 1779 cleri
2454 1741 2523 1781 ac
2551 1731 2760 1801 populi
2798 1733 3155 1801 astantibus,
3204 1735 3358 1793 illud
3387 1748 3619 1814 aposto-

1946 1802 2131 1860 licum
2162 1807 2462 1867 inhianter
2508 1814 2861 1874 desiderans
2904 1821 3320 1892 promissum:
3373 1802 3488 1895 Qui
3531 1848 3620 1889 se-

1947 1893 2138 1950 minat
2170 1896 2231 1951 in
2257 1898 2677 1971 benedictione,
2708 1908 2771 1962 in
2800 1908 3307 1969 benedictionibus
3338 1922 3393 1971 et
3422 1926 3617 1988 metet,

1947 1979 2223 2052 pluribus
2255 1986 2387 2041 auri
2416 1989 2866 2067 sericorumque
2896 1996 3163 2052 donariis
3203 1999 3467 2076 dothue
3495 2007 3621 2063 hae-

1947 2068 2228 2126 reditaria
2283 2091 2471 2135 quam
2528 2082 2795 2137 maxime
2847 2083 3004 2138 hanc
3052 2084 3423 2148 laudabilem
3462 2094 3624 2151 basi-

1945 2153 2125 2212 licam
2155 2159 2482 2219 honoritice
2512 2167 2743 2226 ditavit.
2775 2171 2994 2227 Deinde
3027 2190 3196 2231 sacro
3224 2176 3621 2238 dedicationis

1946 2243 2199 2316 hujusce
2220 2249 2314 2304 die
2360 2258 2577 2311 octavo
2609 2258 3110 2329 Meresburgensis
3141 2266 3406 2325 ecclesias
3455 2271 3622 2326 dedi-

1946 2330 2243 2391 cationem
2291 2369 2359 2378 —
2412 2356 2527 2412 pro
2584 2346 3073 2419 corruptibilibus
3121 2350 3621 2430 incorruptibilia,

1945 2436 2056 2493 pro
2086 2427 2519 2496 temporalibus
2568 2438 2814 2506 aeterna,
2865 2453 3000 2509 quae
3052 2440 3264 2498 oculus
3320 2427 3444 2503 non
3470 2448 3621 2504 vidit

1944 2527 2054 2566 nec
2085 2513 2245 2568 auris
2304 2518 2536 2576 audivit
2566 2539 2678 2579 nec
2735 2525 2796 2580 in
2853 2527 3038 2584 corda
3068 2533 3466 2593 ascenderant
3501 2538 3617 2593 hu-

1944 2616 2129 2656 mana
2158 2618 2293 2673 quae
2322 2607 2477 2661 Deus
2508 2614 2875 2684 praeparavit
2902 2615 3283 2687 diligentibus
3315 2639 3377 2679 se
3407 2656 3477 2664 —
3496 2625 3618 2680 vis-

1945 2705 2078 2745 cere
2102 2694 2276 2746 tenus
2317 2692 2602 2768 sitiendo,
2635 2716 2758 2756 non
2791 2702 3003 2776 impari
3034 2706 3379 2781 tripudiavit
3403 2712 3613 2782 gloria.

1943 2777 2216 2835 Perfectis
2244 2780 2447 2854 itaque
2475 2792 3053 2865 consummatisque,
3109 2777 3176 2853 ut
3202 2777 3614 2871 praediiimus,

1941 2867 2390 2928 dedicationum
2455 2876 2886 2949 gaudimoniis,
2938 2867 3265 2956 imperator
3317 2895 3617 2961 angustus

1872 2986 1916 3044 α
1945 2955 2146 3012 locum
2173 2959 2482 3029 quendam
2508 2966 2679 3034 regni
2706 2969 2923 3040 saepius
2968 2955 3151 3046 supra
3188 2985 3614 3052 memoratum,

1946 3044 2168 3101 Alstedi
2220 3046 2469 3118 dictum,
2518 3052 2618 3109 via
2667 3044 3421 3135 aggrediens—accelerata,
3475 3044 3617 3126 con;

1941 3130 2259 3204 ductisque
2316 3137 2648 3195 Germaniae
2704 3144 2935 3216 primis,
2968 3156 3149 3221 prout
3194 3170 3450 3212 censura
3487 3158 3610 3214 exi-

1941 3223 2110 3288 gerat
2136 3219 2484 3294 imperialis,
2538 3244 2828 3301 magnum
2887 3219 3108 3293 ibidem
3152 3244 3384 3312 peragit
3411 3247 3610 3301 consi-

1938 3308 2107 3365 lium.
2141 3309 2336 3401 Rebus
2367 3328 2635 3387 namque
2662 3320 2988 3393 regalibus,
3034 3308 3213 3398 prout
3241 3308 3475 3401 sagacis
3515 3334 3607 3391 sui

1938 3396 2160 3467 ingenii
2188 3398 2484 3458 industria
2515 3404 2821 3480 docuerat,
2883 3396 3186 3486 sapienter
3234 3421 3604 3494 compositis,

1938 3501 2000 3541 se
2030 3502 2259 3560 suaque
2316 3490 2523 3547 omnia
2577 3509 2773 3551 aureae
2825 3500 3156 3575 Saxonum,
3190 3490 3393 3565 saxea—
3421 3510 3608 3568 corda

1935 3574 2288 3645 gerentium,
2314 3575 2456 3634 ﬁdei
2504 3586 2964 3660 commendans,
2998 3590 3061 3647 in
3106 3574 3330 3666 quibus
3380 3602 3605 3671 patres,

1934 3663 2275 3735 sceptrigeri
2325 3665 2718 3740 imperatores
2797 3675 3091 3750 videlicet,
3124 3663 3442 3742 —vincend-o
3474 3704 3479 3709 '
3511 3704 3605 3744 re-

1933 3756 2206 3822 gnantes,
2238 3756 2550 3823 regnando
2577 3759 2880 3819 fructuose
2909 3764 3295 3843 imperantes,
3328 3772 3604 3831 ﬁrmissi—

1931 3857 2097 3898 mam
2150 3844 2278 3916 spei
2324 3846 2473 3916 (298)
2532 3849 2853 3910 infixerant
2911 3857 3243 3915 anchoram
3278 3880 3291 3928 ;
3321 3879 3601 3936 quosque

1929 3930 2097 3999 regni
2155 3932 2501 3990 columnam
2554 3938 2893 4010 profitendo
2941 3930 3377 4021 munimenque
3436 3965 3600 4021 egre-

1930 4016 2095 4087 gium
2135 4020 2597 4093 congaudendo,
2650 4026 3105 4102 paciferumque
3157 4016 3415 4090 heroum
3466 4052 3596 4107 ger-

1926 4122 2066 4163 men
2097 4108 2387 4179 inclitum,
2418 4117 2586 4168 veste
2611 4118 2833 4184 togata,
2875 4118 2979 4173 sed
3002 4135 3319 4194 nunquam
3340 4123 3433 4180 vel
3460 4142 3593 4186 sero

1926 4195 2187 4255 scissura
2216 4198 2500 4255 continuo
2529 4200 2808 4261 indutum
2835 4207 3216 4282 gratulando,
3247 4212 3332 4269 nil
3360 4212 3474 4271 illis
3493 4232 3595 4274 ex-

1922 4290 2094 4358 cepto
2114 4291 2233 4345 Deo
2279 4293 2658 4365 cognatoque
2698 4291 3122 4368 bidiademate,
3153 4301 3434 4374 praeferre
3463 4310 3592 4363 stu-

1921 4373 2123 4432 dendo
2136 4381 2388 4450 paterno
2408 4377 2736 4440 dilexerant
2758 4381 2976 4441 affectu
2996 4417 3065 4427 —
3085 4373 3209 4461 quo
3224 4390 3383 4448 facto
3407 4393 3491 4451 sic
3502 4396 3590 4453 rei

1921 4470 2138 4524 eventu
2166 4467 2437 4538 exigente
2463 4467 2646 4544 idque
2686 4472 2857 4543 regni
2872 4474 3263 4548 optimatibus
3291 4478 3590 4539 inhianter

1919 4556 2585 4630 poscentibus,Alpium
2610 4559 2787 4618 devia
2802 4564 3299 4622 transvolandum
3319 4566 3587 4638 proﬁcis-

1921 4642 1972 4698 ci
1992 4643 2251 4703 inchoat.
2274 4649 2542 4713 Quarum
2561 4648 2906 4707 difﬁcultate
2936 4652 3377 4725 enisa,cunctas
3396 4656 3587 4726 regio-

1918 4731 2013 4791 nis
2034 4732 2189 4789 illius
2211 4735 2546 4807 provincias
2587 4737 2903 4808 vincendo,
2930 4742 3262 4810 regnando,
3288 4742 3588 4815 imperan-

1918 4820 2119 4894 doque
2143 4827 2543 4892 transmeans,
2577 4825 2775 4881 natale
2804 4828 3039 4883 Domini
3068 4845 3235 4886 more
3264 4829 3584 4902 imperato-

1918 4910 2006 4967 rio
2030 4912 2193 4968 horis
2220 4913 2430 4970 Italicis
2478 4913 2732 4984 gloriose
2783 4917 3254 4990 potestativeque
3281 4918 3581 4991 perduxit.

1994 5004 2149 5057 1022.
2182 5005 2317 5059 Post
2340 5002 2466 5058 haec
2486 5002 2561 5058 de
2618 5001 2753 5058 loco
2798 5001 2859 5058 in
2897 5004 3097 5060 locum
3144 5004 3582 5077 proﬁciscendo

1918 5088 2085 5144 urbis
2152 5090 2587 5158 munitissimae,
2658 5090 2844 5162 Trojaa
2908 5090 3199 5162 videlicet,
3256 5095 3582 5169 moenibus,

1919 5179 2093 5249 cujus
2149 5179 2464 5250 indigenas
2504 5178 2963 5251 provincialium
3018 5180 3316 5253 legatione
3370 5185 3585 5244 ditioni

1916 5267 2096 5338 regite
2162 5271 2594 5338 recognoverat
2634 5265 2906 5339 rebelles,
2965 5268 3316 5329 bellicosam
3362 5273 3586 5333 invexit

1919 5356 2109 5414 aciem
2145 5373 2158 5424 ;
2187 5371 2371 5429 quam
2402 5354 2741 5424 etiam,licet
2768 5355 3083 5415 obsidione
3102 5359 3287 5432 longa
3302 5377 3583 5420 suorum-

1989 5463 2140 5536 (297)
2170 5464 2265 5519 Ita
2297 5463 2362 5536 L.
2399 5460 2656 5518 suﬂ’ultis
2687 5478 2739 5520 c.

1916 5580 1927 5585 η
1990 5534 2140 5605 (298)
2172 5536 2267 5592 Ita
2297 5534 2364 5589 L.
2399 5548 2571 5605 spem
2602 5550 2651 5590 c.

3224 5642 3289 5693 18
