3980 6176
393 108 497 161 555

1304 97 1562 152 ANNAL.
1604 90 2048 150 HILDESHEIM.
2088 88 2461 151 QUEDLINB.
2504 94 2885 151 WEISSEMB.

3702 97 3813 150 556

1308 220 1629 277 ANNALES
1668 213 2388 283 QUEDLINBURGENSIS.
2428 220 2495 272 Α.
2543 217 2674 274 1013
2719 222 2875 273 1022.

385 360 505 421 quo
535 344 755 402 sudore
779 342 1059 416 plurimo,
1092 358 1261 399 more
1316 358 1570 401 avortun
1607 346 2040 411 atavorumque
2077 340 2124 391 A
2152 338 2248 394 fus
2318 340 2827 398 Halberstadensis
2881 340 3221 413 episcopus,
3254 340 3547 414 sapientia
3598 339 3817 396 divina

385 451 596 509 regum
621 442 885 505 namque
911 432 1389 490 victoriosissime
1415 433 1759 500 devincens,
1786 428 2042 486 incolas.

385 541 503 599 que
529 522 947 595 hujuscemodi
973 527 1077 579 aut
1103 523 1231 579 neci
1261 522 1501 580 tradens
1532 526 1635 579 aut
1683 524 1890 594 captos
1921 516 2042 574 col-

383 613 553 686 ligari
581 611 953 687 praecipiens,
1004 624 1159 686 quos
1218 618 1395 670 antea
1441 612 1645 669 animo
1704 607 2043 667 contumaci

384 702 493 759 sibi
521 703 896 773 ingemuerat
922 702 1260 773 renitentes,
1320 718 1430 758 suo
1483 700 1877 773 postmodum
1929 696 2042 752 do~

382 791 572 848 minio
603 792 771 863 (299),
803 793 922 847 Deo
970 796 1348 864 cooperante,
1404 789 1708 861 gaudebat
1759 787 2045 858 subjuga-

381 886 496 938 tos.
527 878 643 939 Sed
670 880 763 936 his
790 880 1288 953 prosperitatibus
1319 894 1443 936 non
1473 878 1684 948 elatus,
1715 891 1928 933 verum
1952 888 2043 932 sa—

382 969 607 1045 pientia
636 969 998 1042 scientiaque
1021 968 1122 1024 Dei
1149 966 1461 1041 praeditus,
1490 963 1911 1043 hujuscemodi
1930 964 2044 1020 vic-

381 1058 596 1116 tOriam
626 1070 751 1113 non
783 1056 896 1112 sibi
926 1056 1031 1112 sed
1062 1056 1268 1131 pietati
1318 1056 1537 1112 divinae
1576 1053 2040 1129 apostolicisque

379 1146 687 1219 imputan‘s
716 1143 959 1211 meritis,
993 1146 1275 1201 Romana»
1305 1144 1535 1217 apicem
1569 1143 1726 1199 sedis
1770 1141 2041 1213 gauden-

380 1235 461 1291 do
514 1231 887 1305 supplicans,
945 1232 1335 1302 gloriﬁcando
1392 1232 1672 1299 adorans,
1731 1230 2038 1287 accelerat.

378 1320 587 1396 Ibique
612 1319 1057 1393 aliquantulum
1086 1325 1379 1390 moratus,
1408 1320 1577 1391 regni
1601 1320 1757 1376 illius
1787 1319 2041 1392 optima-

379 1406 539 1468 tibus
571 1418 720 1483 pace
750 1408 1060 1482 gratiaque
1089 1409 1184 1465 sui
1210 1409 1523 1476 redimitis,
1555 1408 1769 1465 nivosa
1798 1404 2037 1480 Alpium

380 1498 697 1557 cacumina
726 1496 903 1553 citato
919 1497 1353 1567 transgreditur
1382 1510 1601 1565 cursu;
1634 1501 1801 1553 tanta
1836 1495 2041 1552 videli-

380 1593 471 1646 cet
493 1583 849 1643 mortalitate
874 1585 1215 1654 subsecuta,
1246 1602 1383 1659 quae
1413 1586 1508 1641 vix
1539 1589 1644 1642 aut
1698 1584 2040 1641 nullatenus

2150 428 2457 499 prmditus,
2485 430 2729 486 scientia
2758 431 3027 485 humana
3057 429 3378 499 facundus,
3409 430 3639 485 cunctis
3670 445 3817 502 per—

2149 516 2334 589 petim
2386 518 2556 573 seclis
2615 519 2932 589 lugendus,
2994 519 3127 574 coeli
3197 518 3522 575 collocatur
3583 517 3817 591 palatio

2147 609 2402 678 postque
2428 606 2608 677 hujus
2639 606 3063 661 dormitionem
3093 606 3283 662 clerus
3316 613 3591 679 totusque
3612 620 3817 679 popu-

2148 692 2243 748 lus
2266 695 2575 766 quendam
2608 699 3037 761 Hermannum,
3066 700 3212 751 natu
3240 695 3506 751 nobilem
3549 694 3659 751 sed
3686 710 3821 750 mo-

2148 797 2284 838 rum
2357 785 2699 857 artiumque
2743 785 3037 857 probitate
3073 784 3449 852 nobiliorem,
3508 784 3817 840 seniorem

2149 887 2346 939 suum,
2375 873 2620 929 antistiti
2647 872 2872 943 eligunt
2897 873 3182 928 vicarium
3216 890 3230 940 ;
3287 872 3550 928 maxime
3597 886 3818 944 prooe-

2146 976 2263 1032 rres,
2292 960 2468 1017 beato
2493 960 2918 1035 protomartyri
2975 962 3275 1034 Stephano
3312 960 3525 1017 habitu
3568 959 3818 1017 militari

2147 1050 2795 1118 deservientes,centies
2827 1050 3224 1123 centuplicata
3247 1049 3643 1123 pecuniarum
3662 1066 3821 1123 prae-

2145 1137 2354 1195 bentes
2382 1154 2656 1207 munera,
2688 1154 2812 1212 quo
2840 1139 2989 1195 velle
3018 1153 3219 1208 suum,
3265 1138 3514 1212 prafata
3538 1138 3820 1194 videlicet

2146 1226 2373 1296 electio,
2401 1243 2472 1283 eo
2500 1225 2731 1282 ﬁrmius
2757 1232 2960 1297 staret,
2987 1227 3356 1283 haereditates
3387 1227 3663 1300 proprias
3702 1242 3816 1299 po-

2145 1315 2340 1372 testati
2357 1315 2532 1385 regiae
2581 1314 2838 1372 subdere
2865 1331 2989 1372 non
3041 1314 3345 1371 differunt.
3400 1319 3549 1371 Nam
3574 1327 3703 1389 quo
3752 1314 3818 1371 id

2145 1402 2354 1459 ordine
2381 1400 2509 1459 ﬁeri
2529 1404 2863 1477 nequiverit
2890 1405 3244 1471 nescientes,
3278 1407 3480 1460 utrum
3510 1403 3573 1458 id
3603 1408 3817 1460 nostra

2144 1492 2565 1565 praepedierint
2592 1493 2866 1563 crimina,
2883 1492 3106 1566 quibus
3137 1509 3257 1549 suae
3290 1493 3461 1550 cordi
3484 1498 3641 1549 esset
3667 1493 3817 1549 sub-

2144 1596 2277 1637 esse
2310 1581 2630 1654 parochiae,
2693 1594 2775 1638 an
2824 1580 2993 1638 illum
3023 1582 3215 1656 pietas
3245 1580 3455 1639 divina
3490 1581 3816 1638 virtutibus

377 1684 600 1730 vocum
630 1673 899 1742 nutibus,
925 1673 1018 1729 vel
1046 1674 1224 1730 etiam
1252 1672 1464 1731 oﬂiciis
1513 1673 1632 1730 stili
1660 1673 1856 1730 valeat
1896 1686 2038 1729 enu-
2075 1678 2117 1742 Β
2147 1676 2393 1728 auctum
2418 1671 2949 1745 perfectioremque
2976 1672 3060 1728 ad
3082 1672 3144 1728 id
3170 1684 3329 1745 opus
3355 1671 3488 1728 aliis
3533 1684 3814 1728 servave-

379 1760 577 1819 cleari.
609 1762 804 1827 Quam
829 1761 1155 1833 imperator
1179 1767 1472 1832 augustus
1515 1762 1748 1819 caelitus
1774 1762 2039 1819 evadens

378 1850 795 1918 adumbratus,
827 1849 935 1906 sed
987 1861 1123 1907 raro
1151 1851 1334 1908 milite
1393 1853 1731 1920 comitatus,
1779 1852 2039 1926 exceptis

375 1942 472 1999 his
491 1952 647 2014 quos
678 1940 793 1997 sibi
816 1940 1009 1997 mater
1032 1940 1269 2015 Europa
1296 1941 1667 1999 occurrendo
1692 1942 2036 2012 admiserat,

378 2029 761 2088 Germanicas
792 2029 1059 2103 pervenit
1109 2030 1187 2086 ad
1230 2044 1389 2099 oras,
1432 2043 1845 2104 magnumque
1895 2046 2039 2087 mox

378 2118 669 2195 synodale
692 2115 1029 2190 consilium,
1057 2119 1501 2178 conﬂuentibus
1530 2121 1798 2194 undique
1841 2120 2037 2178 diver-

378 2220 584 2267 sarum
612 2207 929 2279 regionum
956 2208 1254 2281 episcopis
1293 2208 1542 2282 aliisque
1565 2207 1806 2283 populis
1849 2222 2037 2283 quam

375 2292 671 2372 plurimis,
708 2296 770 2352 in
798 2293 1073 2369 partibus
1101 2295 1332 2369 peregit
1379 2296 1867 2353 occidentalibus.
1922 2296 2038 2353 llis-

376 2397 518 2459 que,
549 2387 731 2458 prout
780 2398 878 2439 res
934 2386 1294 2457 tempusque
1349 2384 1701 2457 poscebant,
1754 2385 2033 2457 peractis,

378 2475 577 2531 Grona
612 2471 911 2529 vocabulo
932 2473 1163 2529 dictum
1201 2468 1511 2545 quendam
1536 2479 1894 2547 perventum
1951 2480 2039 2530 est

375 2562 599 2634 locum,
654 2571 780 2635 quo
828 2560 1019 2632 regali
1078 2560 1141 2617 in
1192 2561 1505 2633 praesentia
1562 2563 1716 2619 inter
1764 2562 2036 2633 geminos

375 2652 687 2726 praesules,
710 2653 1008 2708 Geronem
1026 2650 1299 2708 videlicet
1322 2655 1384 2708 et
1410 2648 1746 2720 Amulium,
1773 2652 2037 2710 nefanda

374 2740 663 2814 omnique
691 2739 793 2813 pio
814 2736 1157 2796 execranda
1191 2739 1456 2802 exoritur
1483 2740 1693 2797 seditio
1727 2759 1740 2809 ;
1765 2740 1901 2797 dico
1928 2752 2035 2798 ne-

374 2826 582 2902 fanda,
606 2827 758 2901 quia
782 2827 1140 2901 periculosa,
1166 2827 1523 2901 periculosa,
1565 2829 1709 2902 quia
1732 2838 1858 2886 non
1886 2829 2038 2903 peri-

374 2919 509 2972 tura
528 2915 704 2987 (300),
736 2916 864 2984 sed,
887 2918 953 2971 ut
974 2928 1204 2987 vereor,
1234 2913 1368 2972 illos
1418 2916 1725 2989 perditura
1759 2935 1772 2986 ;
1831 2913 2038 2975 ambo-

2146 1761 2221 1818 rit
2246 1761 2639 1835 temporibus,
2686 1760 2894 1817 divino
2930 1761 3326 1835 relinquimus
3384 1760 3654 1817 arbitrio.
3689 1761 3812 1817 Fri-

2147 1850 2383 1906 dericus
2402 1850 2620 1921 regalis
2651 1850 3039 1919 camerarius,
3086 1850 3256 1905 herili
3286 1863 3605 1923 procerum
3637 1855 3814 1905 stem-

2146 1943 2306 1995 mate
2328 1943 2597 1995 natus....
2626 1938 2922 2011 imperiali
2965 1937 3223 1994 nimium
3248 1943 3458 1995 auctus
3485 1936 3810 1994 aﬂluenu'ai

2145 2027 2407 2084 nobilius
2433 2031 2845 2095 conversatus,
2888 2027 3054 2100 prior
3100 2026 3455 2100 primatibus
3509 2025 3812 2082 familiari-

2143 2116 2351 2173 bus...
2383 2116 2598 2172 eadem
2625 2128 2817 2189 quam
2846 2116 3009 2172 horis
3038 2115 3611 2189 susceperatitalicis
3640 2114 3810 2185 aegri.

2146 2203 2351 2261 monia
2378 2203 2723 2277 depressus,
2755 2217 2910 2260 onus
2939 2203 3168 2260 limosae
3220 2202 3400 2260 molis
3446 2203 3810 2260 dormienda

2146 2293 2309 2350 obiit.
2333 2294 2519 2365 Cujus
2550 2298 2744 2349 morte
2772 2293 3107 2366 imperator
3142 2309 3268 2349 non
3306 2290 3536 2350 modice
3564 2293 3810 2350 saucia-

2142 2387 2262 2450 tus,
2306 2395 2648 2457 pauperum
2705 2382 3097 2439 sustentando
3150 2382 3487 2455 inopiam...
3544 2383 3807 2453 regionis

2144 2471 2569 2543 hujuscemodi
2620 2471 2902 2528 ccenobia
2969 2487 3080 2545 pro
3146 2471 3544 2545 adipiscenda
3586 2472 3806 2528 animae

2143 2562 2334 2635 ipsius
2389 2561 2581 2618 salute
2629 2561 2911 2617 maximis
2969 2561 3182 2618 ditavit
3226 2562 3570 2635 opulentiis.
3608 2563 3806 2619 Ghero

2143 2645 2649 2719 archiepiscopus,
2695 2646 2900 2702 multis
2954 2646 3266 2702 doloribus
3343 2646 3615 2718 aﬁectus,
3656 2662 3805 2703 suos

2118 2739 2284 2808 'post
2312 2747 2377 2789 se
2403 2748 2530 2791 non
2556 2734 2755 2790 sine...
2790 2732 2937 2806 (305)
2965 2734 3383 2807 relinquendo,
3431 2733 3634 2791 seculo
3682 2750 3807 2791 mo-

2141 2824 2302 2880 riens
2328 2823 2438 2879 sed
2462 2823 2696 2880 Christo
2723 2823 2955 2891 vivens,
3004 2821 3175 2879 obiit.
3208 2822 3543 2879 Ailwardus
3580 2823 3808 2897 episco-

2142 2930 2280 2987 pus,
2310 2911 2581 2969 rebus...
2616 2912 2767 2984 (306)
2788 2912 2881 2968 uti
2911 2924 3285 2985 parcumque
3332 2912 3527 2969 sciens
3553 2913 3805 2969 modum

374 3012 643 3090 rumque
662 3012 871 3058 necem
896 3002 1290 3075 perdurabat,
1321 3003 1477 3076 proh
1516 3001 1691 3062 dolor
1716 3007 1732 3061 l
1766 3010 2037 3079 expecta-
2067 3026 2115 3090 ς
2147 3014 2385 3059 servare
2415 3001 2690 3070 fluendo,
2715 3016 2839 3087 non
2869 3001 3125 3057 modicis
3157 3018 3194 3058 a
3225 3001 3366 3071 suis,
3400 3006 3461 3058 ut
3492 3002 3698 3058 decuit
3725 3008 3807 3058 ta-

375 3094 525 3147 tum.
555 3089 774 3147 Dehine
825 3091 1256 3149 Bernwardum
1280 3092 1432 3164 (301)
1484 3091 2037 3151 Hildeshemensem

376 3174 699 3236 antistitem
748 3178 1035 3236 humanis
1081 3179 1428 3250 divulgatur
1474 3182 1808 3239 excessisse
1856 3182 2037 3239 rebus

374 3268 543 3342 (302).
579 3267 807 3342 Erispa,
857 3268 1044 3326 beatae
1074 3268 1382 3325 memoriae
1426 3269 1899 3328 sanctimonialis
1928 3271 2037 3328 fce-

373 3360 561 3427 mina,
621 3357 930 3414 subtracta
983 3350 1206 3425 secuto,
1254 3357 1389 3413 coeli
1435 3365 1909 3417 connumeratur
1935 3377 2040 3435 pa-

373 3442 537 3502 latio.
571 3444 885 3501 Mudulfus
916 3444 1274 3517 praepositus
1305 3458 1553 3518 corpore
1589 3448 1909 3521 resolutus,
1934 3448 2036 3507 lae-

374 3537 502 3588 tum
571 3534 690 3588 Deo
734 3529 983 3586 tradidit
1028 3531 1326 3603 spiritum.
1376 3528 1622 3604 Bicdagi
1673 3534 2038 3594 marchionis

373 3614 667 3692 praeclara
692 3612 840 3687 ﬁlia,
868 3617 1144 3687 ‘Gerburg
1164 3617 1412 3674 nomine
1440 3619 1622 3692 dicta,
1648 3622 1865 3679 studiis
1892 3622 2039 3683 iibe-

374 3703 604 3764 ralibus
649 3720 687 3763 a
723 3706 1016 3779 primaevo
1067 3706 1395 3779 juventutis
1442 3704 1589 3765 ﬂore
1614 3708 2039 3773 honestissima

376 3792 795 3853 exercitatione
820 3792 1046 3853 irretita
1074 3792 1535 3869 omnigenisque
1560 3798 1848 3857 virtutum
1878 3818 2040 3874 gem-

375 3888 544 3943 mata
571 3884 865 3957 insigniis,
893 3889 928 3942 '3
964 3883 1210 3944 Caiend.
1259 3880 1613 3943 Novembris
1650 3893 1818 3947 terrae
1874 3895 2041 3967 quod

376 3984 576 4049 suum,
605 3972 730 4032 Deo
759 3972 929 4049 quod
952 3975 1289 4050 proprium,
1319 3976 1722 4049 praesentavit.

450 4066 608 4122 1023.
652 4060 789 4122 ‘Oda
841 4060 1289 4136 religiosissima
1343 4066 1610 4137 domina,
1642 4070 2040 4145 primogenita

377 4148 747 4207 marchionis
802 4150 1170 4224 Theoderici,
1224 4152 1474 4211 homine
1523 4160 1710 4214 exuta
1771 4159 2041 4220 redditur

377 4237 548 4294 calo.
577 4236 926 4308 Burgareda
952 4239 1088 4295 llcet
1114 4244 1287 4308 aetate
1342 4240 1580 4313 tenella,
1610 4247 2037 4317 magistrorum

2146 3091 2285 3159 lem,
2306 3090 2657 3164 deploratus
2690 3084 3031 3163 gemitibus,
3079 3091 3391 3163 inopinata
3444 3092 3804 3162 praevenitur

2146 3185 2357 3237 morte.
2392 3181 2614 3236 Eodem
2639 3193 2800 3236 anno
2834 3180 3214 3236 Bernhardus
3256 3179 3804 3250 Mekilinburgensis

2145 3270 2488 3342 episcopus,
2544 3274 2606 3325 et
2660 3268 2992 3337 Eilhardus,
3032 3269 3428 3339 Pragonensis
3465 3270 3801 3343 episcopus,

2146 3359 2368 3431 aliique
2430 3358 2719 3415 antistites
2767 3372 2963 3431 quam
3013 3357 3257 3430 plurimi
3302 3358 3601 3416 obierunt.
3652 3362 3804 3431 Ergo

2144 3446 2416 3502 extinctis
2436 3450 2523 3502 tot
2539 3447 2841 3518 tantisque
2866 3450 3093 3502 sanctte
3125 3446 3401 3503 Ecclesiae
3437 3447 3801 3516 doctoribus,

2147 3536 2452 3592 Heinricus
2496 3535 2824 3607 imperator
2884 3540 3198 3606 augustius,
3274 3540 3442 3594 tanto
3493 3544 3805 3612 comperto

2147 3638 2313 3693 casu,
2332 3636 2458 3680 non
2482 3623 2859 3680 mediocriter
2880 3625 2985 3681 sed
3032 3626 3211 3681 anxie
3243 3626 3527 3700 tristeque
3572 3627 3803 3695 dolens,

2147 3713 2523 3787 aliquantum
2551 3713 2838 3787 temporis
2852 3713 2946 3769 his
2964 3714 3315 3785 regionibus
3338 3720 3595 3772 mestus
3615 3717 3803 3773 duxit.

2148 3802 2388 3858 Interim
2426 3801 2745 3858 dominicas
2776 3802 3101 3858 nativitatis
3129 3802 3279 3859 festa
3315 3803 3503 3875 digna
3540 3804 3807 3861 celem-

2147 3896 2316 3948 turus
2372 3891 2717 3960 reverentia,
2763 3891 2932 3962 regio
2978 3892 3291 3966 comitatu,
3357 3899 3537 3967 prem
3580 3894 3807 3963 decuit,

2148 3980 2506 4051 Bavanberg
2522 3980 2852 4053 profectus,
2880 3980 3029 4037 inibi
3053 3981 3233 4038 turba
3262 3982 3537 4040 desolata
3555 3983 3814 4039 diversis

2147 4070 2444 4144 episcopis
2524 4068 2871 4126 catervatim
2937 4069 3110 4127 illum
3184 4077 3560 4141 convenerat,
3631 4088 3820 4129 imus-

2147 4158 2405 4233 quisque
2430 4158 2687 4232 pastoris
2710 4158 2810 4214 sui
2853 4170 3001 4215 nece
3031 4159 3210 4217 corde
3255 4166 3432 4219 tenus
3482 4161 3814 4219 sauciatus.

2149 4248 2334 4320 Cujus
2348 4248 2741 4321 providentiae
2772 4261 2938 4319 cura,
2984 4249 3281 4322 imperiali
3305 4256 3616 4325 potestate,
3646 4267 3818 4308 eom-

375 4318 967 4432 tamfnwdiligentia
1018 4327 1288 4432 optime”
1326 4329 1563 4432 sudata,
1614 4337 1745 4432 tam
1793 4347 2037 4395 morum
2077 4370 2125 4432 Β
2152 4318 2524 4394 mitterentur
2550 4337 2817 4408 regendi,
2844 4318 3330 4412 omines—trepida
3370 4318 3659 4397 curarum
3684 4353 3820 4398 am-

375 4413 674 4503 probitate
694 4424 892 4503 quam
938 4414 1175 4485 generis
1230 4415 1518 4486 dignitate
1569 4420 1820 4493 pollens,
1844 4429 2044 4492 morte
2077 4413 2124 4432 ⁵⁷
2151 4428 2308 4498 bage
2348 4426 2624 4500 suspensi
2652 4427 2998 4485 manebant.
3057 4428 3276 4485 Verum
3309 4429 3638 4503 imperator
3659 4430 3818 4487 inito

374 4500 741 4577 praevenitur
792 4502 1136 4561 im1natura.
1189 4504 1501 4561 Heinricus
1556 4507 1883 4582 imperator
1938 4530 2045 4575 au-

2149 4515 2562 4573 destinationis
2580 4515 2825 4573 decreto
2879 4530 3019 4573 cum
3046 4513 3144 4572 his
3168 4530 3330 4590 quos
3373 4532 3644 4575 summos
3706 4519 3820 4576 ha-

378 4594 589 4663 gustus
641 4589 812 4648 albas
838 4591 1109 4665 hastaque
1160 4593 1489 4666 paschalia,
1510 4596 1886 4673 principibus
1910 4610 2047 4665 tur-
2150 4604 2281 4661 buit
2304 4604 2674 4672 inconsiliis,
2697 4603 2931 4660 induxit
2954 4589 3253 4673 animum,
3290 4606 3680 4662 Hunfrithum
3708 4608 3823 4664 Ge-

374 4679 592 4736 m’ati'm
634 4679 909 4753 undique
951 4678 1423 4751 conﬂuentibus,
1488 4685 1881 4759 Meresbnrgte
1932 4694 2045 4752 rite

375 4777 700 4841 peragens,
754 4768 921 4842 quod
971 4780 1185 4826 rarum
1242 4770 1340 4828 vel
1381 4773 1619 4845 penitus
1671 4778 1816 4850 (303)
1878 4780 2044 4840 vide-

373 4860 474 4914 tm-
523 4857 888 4928 inauditu-m,
943 4860 1115 4914 lterna
1164 4858 1343 4915 unius
1389 4860 1660 4932 ejusdem
1698 4868 1909 4939 templi
1937 4870 2044 4928 de-

372 4941 677 5002 dicatione
700 4946 1085 5017 gratiﬁcatur.
1140 4948 1434 5020 Gerburg,
1468 4950 1621 5006 dum
1640 4960 1856 5012 sancta
1886 4958 2044 5033 {304)

372 5033 587 5107 reﬁga'o
605 5036 840 5108 Optime
864 5035 1058 5106 viguit
1086 5049 1123 5092 a
1140 5037 1448 5109 prioribus
1479 5041 1767 5099 canonice
1796 5047 2038 5117 nutrita,

2148 4694 2313 4750 renis
2362 4691 2808 4766 archiepiscopi
2860 4692 3155 4749 vicarium
3223 4698 3517 4750 constare.
3582 4695 3824 4752 Eadem

2146 4781 2246 4837 die
2296 4781 2670 4852 Brandagus,
2747 4780 3027 4837 Vuldensi
3090 4780 3345 4838 abbatis.
3398 4786 3576 4839 antea
3630 4782 3827 4840 subli-

2146 4874 2369 4936 matus,
2434 4868 2731 4942 Arnullphi
2802 4868 3079 4925 antistitis
3148 4882 3468 4926 successor
3522 4868 3823 4938 existens,

2149 4959 2302 5015 sacri
2362 4950 2593 5014 ordinis
2670 4959 2903 5015 honore
2952 4958 3618 5015 constat
3706 4963 3826 5016 Hu-

2146 5048 2375 5121 precht,
2400 5048 2493 5103 vir
2512 5062 2774 5104 summae
2787 5047 3115 5119 industriae,
3142 5047 3422 5104 Μινααωὶ
3444 5047 3728 5122 μασι-εὶς
3753 5051 3828 5105 in

370 5118 930 5194 adiumemerih,
957 5122 1143 5181 rebus
1162 5124 1448 5182 eximitur
1490 5126 1801 5202 humanis,
1832 5133 2045 5193 Arnd-
2142 5118 2280 5195 loco
2304 5136 2445 5208 jura
2489 5136 2871 5209 episcopatus
2919 5118 3194 5193 obtinuit.
3248 5136 3397 5194 Hiza
3444 5118 3827 5195 Metui

475 5478 570 5530 301

477 5478 570 5530 301
586 5478 605 5603 ζ
624 5478 719 5533 [ια
744 5480 980 5549 corrigo
1002 5492 1025 5550 ,'
1056 5481 1471 5563 Bernhardum
1484 5499 1543 5566 ιιξ.

477 5548 581 5603 302
643 5548 770 5603 Vox
796 5548 975 5603 deest.
999 5550 1104 5603 sed
1130 5557 1543 5603 manumanu

622 5326 993 5419 momen
1012 5332 1315 5419 maxime
1345 5354 1397 5396 c-

476 5330 604 5403 299)
631 5330 731 5391 Ita
751 5331 992 5393 correxi
1012 5355 1036 5406 ;;
1066 5332 1315 5395 domino
1345 5354 1397 5396 c.

448 5408 453 5419 ‘
547 5402 584 5460 0'
622 5399 694 5460 Ν.
712 5413 782 5478 p.
813 5416 888 5463 ex
912 5400 1141 5464 707mm.
1165 5410 1410 5468 Saxone
1436 5415 1653 5483 recepi.

475 5478 570 5530 301
624 5478 719 5533 Ita
744 5480 980 5549 corrigo
1002 5492 1025 5550 ,'
1056 5481 1471 5538 Bernhardum
1484 5499 1543 5540 ιε.

477 5548 581 5603 302
643 5548 770 5605 Vox
796 5548 975 5618 deest,
999 5550 1104 5607 sed
1130 5553 1392 5621 spatium
1402 5556 2034 5629 antecedentem

547 5399 595 5460 0"
622 5399 694 5460 Ν.
712 5413 782 5478 p.
813 5416 888 5463 ex
912 5399 1141 5464 Chi-0n.
1165 5410 1410 5468 Saxone
1436 5415 1653 5483 recepi.

553 5411 605 5619 ίξ
624 5478 719 5533 [ια
744 5480 980 5549 corrigo
1002 5492 1025 5550 ,'
1056 5481 1471 5563 Bernhardum
1484 5499 1543 5540 ιο.

548 5551 581 5603 2
643 5548 770 5605 Vox
796 5548 975 5618 deest,
999 5550 1104 5607 sed
1130 5556 1653 5619 spatiaruva

2240 5346 2361 5419 303)
2391 5342 2580 5419 Locus
2618 5358 2891 5419 vacuus;
2929 5359 3053 5419 voc;
3073 5344 3311 5419 penitus
3337 5345 3518 5405 deest.

2237 5414 2359 5487 304')
2385 5414 2481 5473 Ita
2513 5418 2794 5474 lacunam
2819 5414 2886 5473 L'.
2913 5414 3195 5487 explévit.
3286 5474 3297 5487 ,

2238 5492 2363 5546 305)
2394 5490 2642 5546 Lacuna
2671 5504 2692 5544 .·
2718 5488 2923 5543 dolore
2947 5490 3015 5544 L.

2215 5492 2339 5558 (305
2394 5492 2642 5546 Lacuna
2671 5504 2692 5544 .·
2718 5492 2923 5543 dolore
2947 5492 3015 5544 L.

2212 5492 2363 5632 (306;
2381 5561 2630 5617 Lacuna
2656 5573 2681 5630 ,'
2706 5558 2990 5616 humanis
3008 5561 3037 5616 Υ
