3986 6178
152 146 232 199 557
366 200 373 209 ,
823 145 906 198 ΕΤ
944 141 1291 199 LAMBERTI
1327 138 1918 217 ASCHAFNABURG.
1957 137 2144 196 PARS
2186 143 2489 202 ALTERA
2527 150 2851 209 GENUINA.

3454 164 3560 219 558

1026 266 1353 322 ANNALES
1395 263 2136 333 QUEDLINBURGENSES.
2192 268 2270 320 Α.
2326 272 2646 331 1024-1025.

143 378 297 438 adicio
320 379 666 470 ordinatus,
703 380 964 451 Eghardi
1012 380 1324 446 Bragensis
1356 381 1627 439 ecclesiae
1654 381 1777 455 epi-
1816 381 1860 435 Α
1890 378 2152 470 sistente,
2186 382 2565 453 Moguntiam
2611 392 2902 459 convenit,
2934 397 3343 468 priesenteque
3368 395 3558 470 impe-

140 470 246 543 oopi
289 469 410 525 vice
459 470 781 537 successit,
814 471 1031 544 aliique
1066 471 1464 544 quamplures
1504 473 1588 530 ad
1637 490 1782 530 eun-

136 560 248 618 dem
286 559 548 616 ordinati
610 560 935 627 honorem,
991 561 1213 634 quibus
1267 567 1477 618 sancta
1521 564 1782 620 ecclesia

131 650 257 707 mira
294 649 579 705 ﬁrmitate
630 655 841 707 manet
882 650 1177 725 subnixa;
1229 666 1385 724 quos
1412 653 1782 710 nominatim

128 738 498 811 perstringere
528 737 791 808 longum
823 738 1071 795 videtur.

185 830 325 882 1024.
356 829 507 882 Post
534 827 670 883 haec
692 827 1019 900 imperator
1034 827 1282 884 diversis
1303 828 1617 887 doloribus
1649 847 1783 887 cru-

120 916 306 985 ciatus,
364 914 591 971 eodem
647 914 786 972 loco
843 915 1052 973 crebra
1111 916 1450 974 inﬁrmitate
1508 919 1781 976 diutinas

113 1005 385 1078 protraxit
418 1020 653 1074 moras,
685 1006 1128 1079 resumptisque
1156 1006 1401 1063 demum
1426 1013 1568 1081 post
1601 1015 1781 1067 tanta:

112 1091 451 1165 gravedinis
509 1092 741 1150 molem
792 1094 977 1150 animi
1002 1094 1242 1158 viribus,
1277 1096 1450 1152 citato
1490 1113 1699 1167 cursu,
1733 1096 1783 1152 si

105 1184 157 1239 id
193 1181 363 1257 quod
394 1188 539 1239 voto
571 1183 761 1240 tenuit
811 1183 1023 1240 effectu
1054 1184 1261 1257 perﬁci
1290 1186 1494 1258 possit,
1530 1187 1779 1242 Parthe-

103 1271 366 1346 nopolim
397 1270 485 1326 ire
516 1272 791 1328 instituit.
820 1272 1082 1328 Tandem
1107 1278 1247 1346 post
1271 1274 1521 1345 longam
1550 1274 1777 1331 delibe-

100 1363 420 1430 rationem,
477 1359 770 1416 laboriosi
825 1362 1047 1417 itineris
1099 1362 1446 1421 difﬁcultate
1503 1382 1775 1439 emensa,

95 1451 254 1506 diem
286 1449 649 1522 palmarum
699 1448 763 1504 in
804 1448 938 1505 loco
969 1450 1207 1506 Alstede
1236 1451 1392 1508 dicto
1434 1453 1640 1509 festive
1670 1470 1773 1527 pe-

91 1539 240 1609 regit
267 1556 281 1605 ;
316 1537 417 1592 die
448 1552 589 1593 vero
620 1537 1138 1607 reconciliationis,
1168 1540 1439 1611 exigente
1469 1542 1776 1600 inﬁrmita-

92 1628 161 1685 tis
202 1624 565 1698 gravedine,
594 1630 824 1681 remota
855 1642 891 1682 a
916 1642 977 1680 se
1008 1643 1142 1699 quae
1188 1636 1548 1687 convenerat
1577 1632 1770 1699 turba,

1887 469 2096 525 ratrice
2149 472 2520 544 Cunigunda
2566 480 2887 553 omniaque
2936 482 3016 538 ad
3043 483 3171 539 haec
3201 469 3554 557 pertinentia

1888 559 2161 627 honeste,
2217 567 2290 619 ut
2330 564 2542 634 decuit,
2583 568 3055 635 administrante,
3088 587 3125 628 a
3152 574 3398 643 praefato
3425 574 3551 647 cpi-

1888 663 2073 720 scopo
2106 648 2224 704 sub
2258 652 2446 710 multo
2483 655 2623 711 cleri
2645 660 3005 729 senatusque
3035 664 3334 716 conventu
3354 660 3550 717 hono-

1887 751 1951 792 re
1978 739 2147 807 regio
2169 737 2546 799 benedicitur
2566 761 2635 800 ac
2664 749 3001 803 coronatur.
3031 745 3174 801 Inde
3198 762 3548 819 progressus

1887 842 2011 893 rex,
2044 844 2167 885 una
2198 832 2520 889 comitante
2544 834 2771 903 regina.
2800 838 3173 905 Neomagum
3202 835 3548 906 deveniunt,

1887 916 2091 989 ibique
2140 917 2493 992 aliquandiu
2548 923 2863 991 demorati,
2902 929 3113 996 postea
3158 922 3551 980 occidentalia

1886 1013 2274 1079 peragrantes
2311 1010 2462 1079 loca,
2496 1012 2897 1069 Frethennam
2942 1012 3295 1087 praeclaram
3347 1011 3551 1068 subin-

1888 1099 2076 1164 trant;
2110 1096 2212 1152 ubi
2238 1096 2637 1171 imperaliales
2667 1100 2801 1156 filire
2830 1117 2901 1156 ac
2932 1116 3186 1170 sorores,
3215 1100 3438 1173 Sophia
3466 1098 3550 1155 vi-

1885 1184 2096 1240 delicet
2124 1190 2179 1241 et
2218 1186 2565 1254 Adelheida,
2598 1188 2747 1245 laeta:
2779 1194 3117 1256 occurrunt,
3151 1189 3545 1261 laetioresque,

1883 1272 1965 1327 uti
1984 1273 2084 1343 jus
2106 1276 2628 1345 consanguineum
2646 1281 2938 1347 exegerat,
2960 1277 3175 1333 ambos
3190 1276 3543 1348 suscipiunt.

1884 1362 2024 1417 Inde
2044 1366 2453 1421 Trutmoniam
2474 1366 2909 1438 pervenientes,
2927 1364 3423 1422 convenientibus
3443 1363 3552 1419 ibi-

1881 1450 2021 1506 dem
2052 1452 2522 1509 occidentalibus
2554 1455 2854 1527 episcopis
2908 1471 2977 1511 ac
3023 1453 3412 1527 primoribus,
3447 1452 3550 1508 ali-

1880 1545 2177 1612 quantum
2209 1542 2495 1614 temporis
2535 1547 2849 1615 peragunt.
2883 1543 3025 1598 lude
3054 1542 3424 1600 Mindensem
3452 1558 3549 1598 ur-

1880 1630 2043 1700 bem,
2074 1630 2294 1688 festum
2340 1632 2629 1689 dominici
2675 1633 2889 1689 natalis
2926 1633 3304 1704 celebraturi,
3333 1648 3549 1690 conve-

88 1715 306 1789 paucis
355 1728 569 1769 secum
616 1713 1064 1781 comitantibus,
1099 1715 1160 1770 in
1200 1717 1594 1789 Nuwanburg
1620 1722 1773 1793 (307)
1807 1730 1855 1785 Β
1884 1718 2075 1775 niunt.

88 1820 338 1861 caenam
394 1802 637 1858 Domini
679 1818 790 1858 nec
842 1819 966 1859 non
1014 1819 1382 1876 parasceven
1408 1809 1649 1880 egregie
1676 1825 1772 1866 ce-

87 1893 370 1950 lebravit.
405 1893 471 1947 In
512 1891 777 1947 sabbato
824 1908 971 1963 ergo
1001 1898 1228 1962 sancto,
1263 1902 1571 1955 contracto
1596 1915 1773 1956 sena-

89 1989 187 2039 tus
217 1986 551 2051 conventu,
576 1981 891 2037 contectali
940 1998 1058 2038 sua
1106 1986 1465 2056 Cunigunda
1518 2005 1643 2045 una
1672 2005 1773 2045 co-

88 2072 371 2137 mitante,
432 2068 918 2140 Parthenopolim
991 2069 1273 2128 adeundo
1344 2078 1637 2146 pervenit.
1710 2081 1776 2132 lu

90 2160 478 2233 susceptione
537 2158 925 2231 imperatoria
978 2176 1103 2233 qua
1155 2164 1503 2221 auctoritate
1552 2170 1775 2223 cuncta

93 2255 236 2306 sunt
261 2250 373 2304 rite
402 2248 725 2322 disposita,
754 2248 1076 2306 ordinatim
1100 2266 1417 2324 exponere,
1450 2254 1639 2326 longa
1683 2260 1777 2313 est

93 2340 297 2396 series.
329 2341 548 2394 Verum
591 2334 909 2395 redeamus
940 2340 1019 2394 ad
1050 2356 1198 2396 rem.
1234 2341 1541 2414 Siquidem
1576 2346 1773 2402 domi-

94 2430 244 2484 nicae
273 2427 731 2483 resurrectionis
754 2427 980 2498 gaudio
1010 2428 1227 2483 celebri
1252 2430 1479 2487 honore
1501 2439 1771 2505 peracto,

97 2518 434 2591 imperator
456 2521 774 2587 angustus,
796 2516 874 2572 ab
905 2517 1181 2587 ejusdem
1211 2517 1325 2573 loci
1348 2520 1610 2578 antistite
1642 2522 1773 2579 auri

99 2605 556 2677 sericarumque
604 2603 881 2661 varietate
935 2604 1266 2678 plurimum
1316 2606 1603 2677 donatus,
1633 2610 1773 2666 Hal-

98 2694 558 2751 verstadensem
621 2693 1004 2767 metropolim
1082 2693 1165 2749 ire
1231 2698 1559 2759 contendit,
1621 2703 1773 2770 Ergo

100 2783 337 2839 athletae
370 2783 521 2854 (308)
552 2782 741 2839 sancti
784 2782 1071 2857 Stephani
1101 2782 1389 2853 regularis
1417 2802 1650 2845 normae
1680 2805 1773 2845 re-

97 2872 420 2945 ligiositate
452 2872 668 2928 choros
700 2872 1007 2939 ducentes,
1033 2888 1103 2928 ac
1134 2872 1265 2945 pari
1290 2881 1585 2932 concentu
1615 2895 1781 2950 quae.

98 2978 212 3035 que
281 2959 605 3016 dulcisona
660 2960 935 3016 canendo
998 2961 1207 3016 caasari
1262 2969 1540 3031 augusto,
1596 2967 1775 3035 regite

1960 1811 2117 1863 l0'25.
2154 1808 2513 1881 Epihaniam
2547 1810 2784 1866 Domini
2809 1810 2973 1882 apud
2999 1810 3552 1867 Patharburnenses

1883 1896 2088 1952 festive
2131 1897 2399 1967 ducunt;
2454 1898 2643 1955 multa
2673 1898 2987 1972 disposuit.
3043 1899 3376 1971 Postposita
3403 1915 3547 1970 ergo

1882 1986 2052 2042 omni
2108 1986 2391 2043 dilatione
2443 2003 2825 2059 progressus,
2881 1988 3112 2058 insigne
3162 1987 3350 2045 decus
3403 1988 3551 2061 (310)

1885 2075 2452 2143 sanctimonialium,
2485 2076 2910 2146 Quedlingensi
2961 2076 3300 2148 metropoli,
3348 2075 3552 2133 celeri-

1884 2169 1972 2220 ter
2002 2168 2304 2237 properat.
2338 2164 2479 2219 lnde
2499 2165 2825 2235 digressus,
2848 2165 3431 2238 Parthenopolitance
3448 2180 3550 2221 ur-

1883 2253 1981 2309 bis
2013 2254 2313 2310 mcenibus
2341 2253 2821 2325 puriﬁcationem
2842 2257 3064 2310 sanctae
3085 2255 3278 2311 Mariae
3310 2268 3555 2311 summa

1883 2342 2200 2414 perficiens
2224 2341 2549 2411 diligentia,
2562 2342 2975 2412 Mersburgum
2996 2342 3165 2398 laetus
3182 2343 3550 2413 aggreditur.

1885 2430 2027 2485 lnde
2056 2447 2163 2503 per
2194 2428 2373 2485 urbes
2403 2432 2460 2484 et
2486 2428 2620 2485 loca
2650 2429 3096 2503 provinciarum
3122 2430 3427 2502 profectus
3457 2428 3551 2483 di-

1883 2536 2219 2584 versarum,
2248 2517 2525 2587 regiones
2576 2519 2889 2575 nationum
2932 2533 3056 2574 suae
3084 2518 3328 2574 ditionis
3360 2519 3552 2591 impe-

1884 2608 2080 2664 rando
2092 2608 2226 2679 subj
2236 2613 2541 2676 ugaverat.
2560 2611 2668 2664 Res
2680 2608 3042 2664 admiranda
3051 2607 3389 2679 nostrisque
3407 2611 3554 2663 tem-

1884 2698 2137 2770 poribus
2189 2698 2569 2753 vehementer
2617 2696 2915 2769 stupenda
2973 2700 3005 2752 2
3055 2700 3203 2753 Non.
3244 2693 3551 2752 Februarii

1886 2786 2159 2856 contigit;
2210 2785 2513 2858 siquidem
2563 2784 2653 2841 sol
2691 2784 2887 2842 aureis
2918 2784 3188 2841 invectus
3213 2783 3548 2857 quadrigis,

1885 2872 2035 2929 dum
2064 2874 2330 2931 mediam
2355 2873 2479 2945 poli
2500 2890 2701 2930 arcem
2732 2872 2882 2929 mira
2902 2872 2997 2929 sui
3022 2872 3358 2946 splendoris
3381 2870 3555 2930 clari-

1885 2967 2004 3019 tate
2034 2964 2439 3037 perfunderet,
2473 2963 2669 3019 subito
2698 2962 2811 3019 sub
2844 2967 3010 3019 terna
3037 2963 3234 3033 figura
3262 2964 3428 3019 visus
3460 2965 3554 3019 est

100 3048 453 3106 adventanti
490 3048 642 3104 aulae
673 3048 833 3121 quali
872 3053 1230 3121 quantoque
1282 3053 1647 3109 occurrerint
1676 3054 1775 3110 tri-
1815 3078 1857 3134 ρ
1887 3052 2155 3119 fulsisse;
2178 3052 2346 3125 quod
2366 3052 2637 3108 mirabile
2656 3052 3002 3126 prodigium
3018 3053 3103 3108 rei
3118 3055 3555 3126 eventupostea

100 3139 308 3210 pudio,
360 3137 609 3210 insuper
651 3137 831 3194 etiam
884 3137 1161 3211 praeclari
1209 3155 1486 3211 proceres
1538 3142 1778 3199 militari

100 3228 223 3296 jure
273 3226 713 3300 protomartyri
763 3227 1069 3298 Stephano
1125 3227 1444 3283 servientes
1489 3246 1615 3302 qua
1645 3231 1777 3287 dili-

105 3318 303 3384 gentia
324 3315 819 3371 victoriosissimo
837 3315 1186 3389 imperatori
1219 3316 1485 3374 Heinrico
1505 3321 1776 3391 omnige-

105 3422 326 3481 narum
356 3404 668 3461 afﬂuentia
696 3405 1043 3461 divitiarum
1069 3405 1415 3462 assisterent
1439 3408 1780 3466 ministran-

107 3494 177 3550 do
202 3513 215 3563 ;
251 3510 578 3568 quamque
602 3494 664 3551 in
693 3494 960 3551 donariis
987 3494 1113 3549 auri
1139 3510 1641 3570 gemmarumque
1667 3499 1778 3555 mi-

108 3598 167 3639 ra
210 3583 551 3640 haberetur
598 3584 846 3656 species,
879 3600 1019 3657 quae
1068 3583 1453 3657 imperatoria
1496 3586 1780 3658 dignitate

106 3669 338 3728 ibidem
368 3674 608 3728 constat
632 3671 876 3741 donata,
901 3671 964 3726 in
994 3672 1277 3728 humanis
1308 3674 1609 3731 mentibus
1631 3677 1780 3749 (309)

98 3776 209 3817 nec
268 3758 629 3829 excogitari,
688 3776 797 3817 nec
848 3760 1058 3816 litteris
1106 3761 1264 3818 valet
1329 3763 1778 3835 comprehendi.

99 3848 259 3913 Quid
288 3847 475 3921 plura
495 3848 523 3904 ?
571 3850 817 3904 Remota
856 3848 1227 3919 morositate,
1261 3850 1480 3905 Gosleri
1512 3851 1782 3921 aggredi-

107 3942 215 4005 tur,
250 3937 641 4010 peractisque
671 3938 817 3993 inibi
848 3938 1060 3995 decem
1093 3938 1331 4007 diebus,
1366 3940 1673 4011 quendam
1702 3940 1785 3995 lo-

106 4041 242 4082 cum
275 4029 480 4083 Grone
511 4026 736 4083 dictum
768 4027 973 4083 festive
1006 4033 1389 4101 approperat,
1418 4028 1626 4101 ibique
1656 4028 1786 4084 diu-

106 4119 287 4171 turna.
332 4113 691 4184 aegrimonia
736 4131 844 4187 per
894 4115 1077 4186 longa
1123 4120 1463 4190 temporum
1504 4116 1786 4185 fatigatur

103 4204 436 4261 curricula.
456 4204 841 4278 Tandemque.
864 4220 1087 4262 amarm
1109 4206 1316 4263 mortis
1327 4205 1667 4263 deebriatus
1682 4223 1787 4279 po-

103 4294 259 4362 culo,
294 4292 471 4366 quod
524 4294 743 4350 summi
780 4294 1181 4350 Arcitenensis
1231 4295 1398 4351 dono
1450 4300 1784 4367 acceperat,

102 4380 361 4440 homine
382 4381 686 4455 deposito,
704 4383 839 4439 coeli
868 4383 1064 4439 intulit
1088 4384 1331 4456 palatio.
1357 4384 1578 4441 Dehinc
1604 4384 1787 4441 ﬂebili

101 4472 544 4545 quaerimonia,
566 4472 913 4528 incredebili
934 4473 1268 4545 frequentia
1294 4474 1637 4544 comitante,
1649 4475 1787 4545 jux-

98 4564 149 4619 ta
204 4561 285 4618 id
343 4559 521 4633 quod
568 4560 698 4633 ipse
755 4561 1117 4629 decreverat,
1164 4562 1650 4632 Bavenbergensi
1694 4580 1791 4620 ca-

94 4650 282 4707 stello
314 4647 606 4719 defertur,
638 4653 695 4706 et
743 4650 846 4722 qui
873 4650 1048 4705 vivus
1091 4655 1312 4706 sancta:
1364 4650 1634 4707 Ecclesiae
1664 4668 1790 4708 ma-

89 4752 307 4807 gnum
356 4735 632 4793 extiterat
672 4737 972 4807 solatium,
1013 4743 1302 4810 perpetuo
1346 4739 1669 4809 lugendus,
1700 4740 1790 4797 in-

86 4826 275 4895 genti
302 4825 564 4893 honore,
597 4825 782 4882 mixto
804 4826 984 4882 etiam
1025 4824 1168 4882 ﬂetu
1199 4843 1269 4883 ac
1306 4844 1584 4896 mcerore,
1620 4834 1789 4885 terra:

83 4915 469 4989 deponitur.
520 4918 694 4970 Facto
744 4919 948 4971 autem
991 4915 1052 4971 in
1105 4915 1273 4971 brevi
1323 4917 1501 4972 totius
1550 4922 1791 4974 senatus

82 5007 448 5070 conventu,
464 5003 793 5075 Comedus,
816 5003 1040 5076 inclyta
1069 5019 1281 5074 regum
1301 5006 1585 5078 prosapia
1601 5012 1791 5075 ortus,

79 5094 146 5151 in
180 5108 479 5164 regnum
508 5092 759 5165 eligitur,
792 5099 974 5166 atque
1024 5109 1060 5149 a
1101 5095 1502 5164 Monguntinae
1532 5096 1793 5153 ecclesia:

79 5180 586 5255 archiepiscopo
632 5182 894 5239 Aribone
937 5186 1176 5254 unctus,
1228 5189 1571 5242 coronatur.
1608 5188 1795 5242 Parvo

77 5272 367 5329 dierum
396 5269 709 5328 intervallo
732 5270 915 5328 etiam
944 5270 1148 5337 Gisila,
1171 5270 1461 5329 divinitus
1490 5274 1619 5345 jam
1646 5289 1798 5347 prae-

78 5362 296 5429 lecta,
324 5360 511 5432 jussu
534 5364 593 5417 et
620 5360 1015 5418 advocatione
1043 5360 1227 5431 regis,
1260 5360 1395 5435 ipso
1422 5362 1649 5419 ibidem
1664 5379 1800 5438 per-

403 5503 745 5559 Nienburch
770 5503 919 5559 Chr.
954 5504 1016 5559 S.

401 5575 497 5631 Ita
524 5577 593 5631 L.
624 5573 703 5631 ad
730 5573 881 5630 laetae
909 5589 959 5629 c.

181 5508 330 5571 (307

181 5576 336 5646 (308

184 5644 363 5717 (309)
384 5648 455 5705 Π.
472 5660 585 5704 nec
599 5646 836 5717 desunt,
856 5644 1148 5702 Leibm’tio
1168 5650 1443 5704 monente
1461 5646 1801 5705 inserenda.

1888 3146 2122 3196 constat
2142 3140 2486 3213 probatum.
2522 3144 2640 3196 Rex
2666 3139 2983 3197 dominicae
3007 3140 3456 3197 resurrectionis
3476 3140 3555 3196 fe-

1888 3235 1979 3285 sta
2003 3229 2065 3285 in
2097 3230 2329 3285 civitate
2362 3233 2629 3298 Augusta
2671 3228 2943 3302 paschali
2974 3229 3200 3299 gaudio
3232 3228 3557 3285 solenniter

1887 3323 2014 3374 erat
2042 3317 2471 3373 celebraturus.
2524 3317 2750 3373 Eodem
2798 3333 2962 3373 anno
2993 3316 3186 3373 fames
3218 3315 3551 3391 praevaluit,

1888 3413 1945 3463 et
1973 3407 2164 3463 multa
2210 3406 2342 3463 loca
2388 3406 2668 3463 incendio
2711 3406 3034 3479 perierunt.
3081 3406 3399 3463 Bolizlawo
3428 3406 3556 3462 dux

1888 3495 2167 3565 Polonire,
2195 3495 2361 3550 obitu
2392 3494 2645 3550 Heinrici
2695 3494 3070 3567 imperatoris
3109 3495 3344 3565 augusti
3393 3510 3557 3551 com-

1888 3586 2077 3657 perto,
2110 3582 2299 3639 elatus
2331 3582 2535 3639 animo
2558 3582 2779 3638 viscere
2809 3586 2982 3638 tenus
3014 3583 3290 3656 superbae
3319 3598 3555 3640 veneno

1891 3671 2284 3745 perfundilur,
2314 3672 2466 3727 adeo
2494 3675 2558 3727 ut
2599 3674 2781 3726 uncto
2834 3670 3015 3727 etiam
3064 3672 3177 3728 sibi
3204 3671 3439 3746 imponi
3463 3687 3558 3728 co-

1890 3776 2105 3816 ronam
2133 3764 2355 3816 temere
2386 3760 2458 3815 sit
2482 3766 2825 3833 usurpatus.
2850 3760 3044 3824 Quam
3069 3760 3256 3816 animi
3286 3760 3376 3815 sui
3402 3776 3557 3832 prte-

1893 3850 2256 3922 sumptionis
2288 3849 2608 3904 audaciam
2657 3849 2865 3905 divina
2915 3863 3059 3902 mox
3109 3848 3431 3905 subsecuta
3470 3852 3558 3905 est

1892 3937 2054 3992 ultio.
2084 3940 2149 3991 In
2180 3936 2345 3991 brevi
2374 3952 2642 4008 namque
2683 3937 2914 3991 tristem
2962 3936 3171 3991 mortis
3202 3935 3557 3992 sententiam

1894 4025 2240 4099 compulsus
2269 4025 2445 4080 subit.
2474 4028 2613 4079 Post
2636 4024 2798 4079 hunc
2823 4022 2981 4078 ﬁlius
3007 4025 3140 4095 ejus
3171 4024 3418 4092 Misuka,
3448 4040 3556 4080 na-

1892 4120 1957 4171 tu
1998 4115 2214 4186 major,
2244 4115 2391 4169 haut
2438 4112 2714 4168 dissimili
2766 4112 3050 4185 superbia
3096 4118 3354 4183 tumens,
3395 4114 3556 4170 virus

1896 4202 2252 4273 arrogantiae
2280 4202 2459 4271 longe
2511 4201 2746 4275 lateque
2785 4200 3084 4257 diffundit.
3120 4202 3245 4258 Rex
3274 4218 3433 4271 vero,
3465 4202 3557 4259 di-

1897 4292 2133 4366 spositis
2181 4291 2347 4363 apud
2397 4291 2721 4348 Saxoniam
2768 4291 2853 4348 rei
2895 4291 3154 4365 publica:
3184 4292 3555 4365 necessariis,

1825 4422 1870 4477 D
1897 4380 2573 4477 Franciamingressus,
2607 4379 2773 4453 apud
2808 4383 3141 4477 Augustam
3185 4398 3349 4439 more
3388 4381 3559 4452 regio

1898 4471 2126 4544 pascha
2154 4468 2491 4538 celebravit,
2523 4473 2703 4542 atque
2743 4484 2866 4526 non
2918 4468 3108 4526 multo
3137 4476 3274 4543 post
3296 4486 3406 4543 pro
3434 4469 3562 4527 adi-

1897 4557 2188 4634 piscendo
2232 4559 2460 4614 honore
2503 4558 2797 4631 imperiali
2822 4574 2899 4614 ac
2929 4559 3343 4615 Romanorum
3368 4573 3558 4628 regno

1897 4648 2125 4705 Italiam
2173 4647 2388 4715 iturus,
2444 4647 2777 4704 Triburiam
2828 4647 3099 4713 devenit;
3153 4646 3378 4719 ubique
3438 4646 3558 4703 sub

1895 4737 2085 4794 multo
2112 4736 2320 4810 populi
2347 4740 2663 4804 conventu,
2682 4735 2973 4793 ordinatis
3002 4734 3443 4807 sapientissime
3468 4750 3560 4790 re-

1896 4825 2032 4892 bus,
2058 4824 2165 4880 iter
2190 4823 2578 4892 destinatum,
2598 4840 2719 4879 una
2740 4824 3061 4878 comitante
3092 4821 3318 4891 regina,
3344 4836 3557 4891 aggre-

1898 4914 2093 4981 ditur;
2126 4912 2432 4985 ﬁliamque
2460 4911 2703 4967 unicam
2726 4911 2897 4966 unice
2919 4909 3215 4979 dilectam,
3240 4908 3466 4965 dilectae
3490 4925 3561 4966 ac

1902 5002 2197 5076 adoptivae
2223 5002 2463 5057 sibimet
2479 5000 2689 5071 sorori,
2712 4998 3045 5055 Adelheidae
3070 4998 3345 5054 Videlicet
3369 4999 3562 5056 abba-

1902 5094 2085 5160 tissae,
2154 5091 2537 5148 nutriendum
2621 5090 3047 5145 transmittunt.
3116 5091 3247 5144 Mox
3320 5105 3565 5164 quoque

1901 5181 2158 5255 probato
2206 5180 2446 5236 domnae
2502 5177 2780 5234 Beatricis
2826 5176 3115 5246 adventu,
3156 5177 3407 5250 prmfata
3454 5178 3569 5235 im-

1903 5269 2144 5344 perialis
2192 5267 2503 5325 abbatissa
2542 5265 2782 5323 Trobiki
2830 5265 2982 5338 (311)
3030 5281 3173 5322 cum
3210 5266 3337 5323 suis
3362 5282 3570 5325 occur-

1906 5376 2067 5432 rens,
2082 5358 2221 5415 leeta
2232 5355 2953 5427 Quidelingaburgensem
2969 5356 3351 5431 metropolim
3362 5372 3569 5415 secum

2005 5506 2127 5560 310)
2168 5504 2260 5559 Ιια
2287 5502 2354 5555 L.
2388 5498 2580 5554 clerus
2603 5514 2652 5554 c.

2005 5508 2107 5560 310
2168 5506 2260 5559 Ila
2287 5506 2354 5555 L.
2388 5506 2580 5554 clerus
2603 5514 2652 5554 c.

1983 5506 2127 5646 E311;
2170 5571 2429 5640 Drubke,
2462 5568 2737 5626 Drubeck
2766 5568 2913 5626 citra
2942 5569 3448 5642 Wernigerodam.
