4002 6186
472 162 574 213 559
1372 154 1629 208 ANNAL.
1670 150 2045 207 BILDESHEI

2313 152 2533 208 DLINB.
2574 152 2956 209 WEISSEMB.
3788 150 3893 202 560

1388 279 1711 333 ANNALES
1751 273 2491 342 QUEDLINBURGENSES.
2532 275 2600 329 A.
2647 277 2969 329 1024-1025.

467 401 655 459 duxit.
738 422 812 455 uo
840 416 981 454 ’τω-υ
1010 415 1257 465 nouere,
1288 404 1355 455 ut
1382 400 1610 470 regiam
1640 400 1839 456 decuit
1864 397 2119 471 prolem,
2228 396 2481 453 modum
2500 397 2812 465 nutriatur,
2845 396 2939 451 vel
2972 411 3097 467 qua
3124 409 3387 459 morum,
3411 403 3758 455 verborum,
3793 407 3896 447 ac-

467 506 663 565 quove
694 488 952 544 caritatis
968 488 1204 558 aftectu,
1224 505 1421 560 quave
1443 488 1749 555 diligentia
1770 488 1848 542 ab
1872 485 2025 557 ipsa,
2050 497 2120 537 ac
2228 489 2518 560 tuumque
2542 486 2741 544 indole
2768 502 2875 558 per
2907 483 3145 553 singula
3175 483 3360 538 aetatis
3376 482 3746 537 incrementa
3762 497 3898 554 pro-

467 576 1021 635 sanctimonialibus
1040 577 1244 632 inloco
1264 582 1727 650 przemcmorato
1750 571 2119 632 consistenti-
2227 573 2445 643 fecerit,
2469 576 2616 632 scire
2639 581 2743 631 aut
2762 573 3046 630 facundia
3061 572 3122 627 in
3151 571 3408 627 dicendo
3427 569 3592 625 nulla
3608 570 3893 642 suppetit.

462 668 601 741 bus,
618 668 1021 738 omnibusque
1052 666 1165 721 sibi
1188 667 1461 735 subditis,
1483 667 1838 740 suscipiatur
1866 681 1935 720 ac
1962 666 2120 735 post-
2230 665 2359 729 Qua
2388 682 2653 739 namque
2683 664 2863 721 laude
2893 663 3217 737 proferam,
3247 660 3416 734 quod
3446 660 3598 715 inter
3625 659 3892 732 prima...

1815 755 2087 826 (Reliqua
2126 752 2529 826 exciderunt.)

483 882 845 937 ANNALIUM
886 880 1568 936 HILDESHEIMENSIUM
1605 879 2090 935 CONTINUATIO.
2398 878 2757 935 LAMBERTI
2796 875 3165 931 ANNALIUM
3202 872 3719 931 CONTINUATIO.

1089 972 1155 1024 A.
1198 972 1494 1025 994-1040.

2852 967 2919 1020 Α.
2961 967 3255 1019 994-1039.

535 1062 659 1115 994.
706 1057 823 1113 Filii
880 1057 1109 1112 Henrici
1168 1057 1418 1123 comitis,
1482 1057 1787 1126 Henricus,
1848 1055 1995 1123 Udo,
2040 1054 2120 1110 Si—
2295 1059 2418 1111 991.
2461 1055 2848 1124 Wolfgangus
2896 1052 3343 1126 Ratisponensis
3376 1051 3701 1124 episcopus
3746 1052 3889 1122 (320)

464 1147 734 1217 giﬂ‘ridus
759 1152 963 1201 contra
986 1151 1230 1219 pyratas
1243 1147 1416 1215 jussu
1438 1145 1811 1217 imperatoris
1834 1145 2118 1199 dimican-
2227 1143 2389 1205 obiit,
2422 1144 2517 1198 cui
2547 1143 2933 1199 Gebehardus
2959 1141 3259 1196 successit.
3285 1140 3408 1195 Filii
3434 1139 3671 1195 Henrici
3701 1140 3865 1196 comi

461 1240 570 1291 tes.
600 1239 682 1290 Ex
702 1235 923 1308 quibus
953 1236 1131 1304 (unus
1151 1236 1293 1307 (312)
1319 1235 1570 1301 occisus,
1601 1235 1722 1291 duo
1754 1240 1892 1290 sunt
1916 1234 2116 1306 capti.]
2226 1232 2317 1300 tis,
2352 1233 2653 1300 Henricus,
2690 1234 2854 1300 Uoto,
2903 1230 3235 1300 Sigifridus,
3276 1233 3487 1284 contra
3516 1228 3746 1300 piratas
3778 1244 3890 1300 pu-

461 1324 809 1393 Ilseneburg
838 1325 985 1393 (313)
1018 1329 1280 1381 castrum
1333 1324 1398 1379 ﬁt
1440 1324 1741 1381 habitacio
1785 1324 2114 1380 monacho-
2226 1327 2442 1391 gnant;
2471 1336 2729 1393 quorum
2763 1336 2919 1375 unus
2948 1319 3202 1388 occisus,
3233 1318 3355 1374 duo
3386 1322 3525 1373 sunt
3551 1316 3735 1390 capti.

459 1428 594 1469 rum
632 1414 799 1485 (314).

529 1541 653 1595 995.
682 1539 807 1593 Rex
828 1537 1145 1593 Abodritos
1174 1538 1446 1603 vastavit,
1469 1538 1648 1592 urbes
1672 1542 1727 1593 et
1752 1537 1977 1609 oppida
1998 1537 2114 1591 dis-
2295 1540 2418 1593 993.
2460 1535 2705 1607 Majolus
2750 1534 2941 1591 abbas
2970 1534 3135 1590 obiit.

453 1627 621 1699 jecit;
654 1626 1027 1698 occurritque
1048 1626 1107 1680 in
1132 1625 1421 1680 auxilium
1446 1626 1703 1682 Bolizlau
1726 1625 1883 1680 filius
1904 1627 2116 1682 Misaco

458 1732 597 1772 cum
627 1730 851 1784 magno
882 1715 1160 1781 exercitu,
1190 1731 1298 1769 nec
1331 1731 1451 1769 non
1504 1715 1787 1769 Boemani
1819 1732 1956 1770 cum
2006 1716 2125 1771 filio
2158 1716 2397 1772 alterius
2450 1713 2710 1770 Bolizlau
2743 1717 3051 1768 venerunt.
3086 1711 3448 1784 Recepitque
3480 1726 3542 1766 se
3573 1727 3679 1765 rex
3710 1709 3775 1766 in

461 1803 779 1860 Saxoniam
811 1819 949 1858 cum
980 1803 1238 1857 exercitu
1269 1802 1577 1858 incolumi.
1632 1803 1943 1859 Baldricus
1988 1804 2384 1875 Trajectensis
2429 1803 2753 1876 episcopus
2801 1802 2965 1871 obiit,
3015 1800 3423 1873 successitque
3454 1800 3777 1856 Ansfridus

455 1890 643 1947 laicus
672 1895 727 1946 et
753 1907 955 1946 comes
988 1891 1163 1945 bona;
1194 1891 1371 1946 famae
1401 1891 1652 1963 vitaeque
1704 1893 1988 1959 honestae,
2026 1904 2089 1947 ut
2117 1894 2191 1949 de
2222 1909 2314 1962 eo,
2344 1891 2510 1965 apud
2557 1907 2713 1963 quos
2758 1891 3005 1959 vixerat,
3039 1889 3232 1967 testati
3277 1893 3433 1944 sunt.
3469 1890 3779 1945 Iohannes

456 1996 698 2054 quoque
736 1979 1111 2035 Placentinus
1140 1984 1195 2035 et
1222 1980 1619 2035 Bernwardus
1653 1981 2141 2052 Wirciburgensis
2171 1982 2461 2054 episcopi,
2496 1979 3074 2051 Constantinopolim
3106 1980 3248 2049 (315)
3279 1995 3351 2033 ex
3382 1977 3562 2033 latere
3592 1977 3774 2049 regis,

455 2072 521 2125 ut
550 2085 839 2142 sponsam
864 2069 945 2124 illi
973 2070 1111 2125 inde
1136 2073 1419 2142 peterent,
1448 2069 1651 2124 directi
1684 2074 1839 2125 sunt.
1878 2071 2073 2140 Legati
2105 2071 2287 2126 etiam
2318 2068 2662 2143 apostolicae
2691 2067 2849 2122 sedis
2877 2084 3017 2122 cum
3044 2065 3438 2122 unanimitate
3471 2066 3776 2122 Romano-

455 2173 592 2214 rum
617 2162 796 2231 atque
828 2158 1360 2227 Langobardorum
1384 2174 1586 2227 regem
1612 2158 1870 2213 Romam
1899 2157 2169 2213 invitant.
2196 2158 2501 2214 Heinricus
2522 2157 2987 2230 potentissimus
3013 2156 3138 2211 dux
3168 2156 3600 2227 Bajoariorum,
3625 2173 3769 2211 cum

457 2262 813 2317 germanam
848 2264 1021 2303 suam
1076 2247 1386 2303 dominam
1438 2247 1783 2315 Gerbirgam
1832 2247 2115 2302 diuturno
2160 2247 2451 2316 languore
2498 2246 2816 2319 probatam
2855 2246 3116 2301 visitaret
3145 2246 3546 2314 Gandeshem,
3577 2250 3606 2300 ὅ
3640 2246 3768 2300 Kal.

459 2336 820 2409 Septembris
851 2353 989 2391 cum
1041 2352 1266 2405 magno
1296 2335 1500 2390 dolore
1532 2337 1803 2391 omnium
1834 2336 1998 2391 obiit.
2036 2336 2225 2393 Sclavi
2255 2335 2557 2408 frequenti
2588 2334 2916 2407 irruptione
2950 2334 3272 2390 Saxoniam
3299 2339 3558 2390 vastant.
3588 2335 3775 2390 Bem-

453 2425 698 2481 wardus
724 2442 965 2497 quoque
996 2424 1486 2494 Wirciburgensis
1512 2427 1855 2498 episcopus,
1890 2425 2105 2480 morbo
2137 2426 2305 2495 gravi
2335 2424 2607 2494 affectus,
2640 2425 2794 2479 inter
2821 2424 3004 2480 maris
3034 2423 3299 2497 pericula
3327 2423 3492 2479 obiit.

526 2552 649 2605 996.
692 2549 893 2605 lndict.
930 2553 981 2603 9.
1009 2550 1306 2604 Iohannes
1336 2565 1497 2621 papa
1525 2549 1688 2604 obiit.
1736 2550 1896 2606 Unde
1926 2551 2111 2623 impe-
2290 2554 2413 2606 996.
2457 2552 2589 2606 Otto
2619 2566 2722 2605 rex
2749 2553 2957 2605 contra
2985 2548 3386 2604 Crescentium
3414 2548 3672 2604 Romam
3699 2548 3876 2616 venit,

455 2638 709 2704 rator,in
731 2638 959 2694 Italiam
976 2639 1106 2709 jam
1126 2638 1633 2710 positus,rumore
1651 2638 2113 2712 incitatus,prze-
2219 2639 2322 2695 ubi
2355 2643 2412 2693 et
2438 2641 2777 2694 Brunonem
2829 2638 2890 2693 in
2943 2638 3081 2693 sede
3113 2636 3442 2709 apostolica
3491 2637 3811 2704 constituit,
3837 2650 3880 2693 'a

455 2727 655 2783 missis
674 2727 895 2799 quibus
916 2728 1063 2797 (316)
1084 2726 1458 2799 principibus
1476 2727 1716 2798 publico
1734 2744 2036 2784 consensu
2058 2734 2113 2784 et
2218 2745 2341 2802 quo
2392 2733 2449 2783 et
2494 2729 2623 2800 ipse
2656 2728 2981 2801 imperator
3009 2728 3202 2783 factus
3237 2731 3342 2783 est.
3376 2726 3752 2783 Gotehardus
3780 2726 3879 2784 ab-

454 2815 738 2871 electione
760 2815 894 2870 fecit
912 2814 973 2869 in
1003 2814 1395 2887 apostolicam
1418 2815 1621 2870 sedem
1644 2816 1907 2873 ordinari
1934 2834 2112 2873 suum
2219 2818 2330 2873 bas
2362 2818 2554 2874 factus
2580 2822 2668 2872 est
2696 2816 2757 2871 in
2786 2816 2999 2872 Altaha
3033 2815 3202 2887 (321).

453 2906 733 2974 nepotem
763 2902 1079 2957 dominum
1107 2904 1469 2971 Brunonem,
1504 2905 1730 2959 Ottonis
1772 2905 1964 2961 ﬁlium
2008 2909 2114 2979 qui

455 2990 769 3046 marcham
799 2993 1196 3046 Veronensem
1229 2992 1525 3058 servabat,
1561 2993 1841 3065 imposito
1872 2996 2115 3051 nomine

461 3080 762 3148 Gregorii;
810 3096 845 3135 a
872 3097 994 3152 quo
1024 3085 1080 3136 et
1108 3081 1233 3153 ipse
1264 3082 1539 3153 proximo
1589 3083 1861 3138 sollemni
1900 3087 2271 3155 pentecostes
2300 3083 2626 3156 imperator
2654 3086 2709 3136 et
2747 3081 3030 3154 patricius
3079 3085 3481 3137 consecratur.
3533 3081 3775 3138 Habito-

459 3171 579 3243 que
608 3186 747 3225 cum
781 3170 1067 3225 Romanis
1099 3169 1335 3242 placito,
1370 3171 1676 3243 quendam
1706 3171 2128 3239 Crescentium,
2162 3171 2305 3243 quia
2336 3171 2596 3242 priorem
2624 3187 2851 3242 papam
2878 3169 3108 3240 injuriis
3140 3186 3279 3243 sepe
3310 3170 3620 3242 laceravit,
3651 3172 3769 3227 exi-

459 3258 539 3315 lio
587 3260 790 3316 statuit
819 3258 1140 3332 deportari.
1180 3260 1293 3316 Sed
1324 3259 1403 3315 ad
1433 3276 1638 3331 preces
1668 3260 1810 3315 novi
1862 3260 2171 3332 apostolici
2219 3260 2542 3331 imperator
2593 3259 2799 3315 omnia
2845 3259 3089 3314 remisit.
3128 3260 3239 3315 Sed
3269 3274 3389 3315 non
3423 3259 3614 3315 multo
3644 3265 3780 3333 post

458 3349 816 3422 imperatore
846 3349 996 3404 Urbe
1021 3348 1363 3411 excedente,
1398 3348 1559 3403 idem
1594 3348 1961 3404 (lrescentius
1988 3348 2304 3403 dominum
2351 3346 2770 3419 apostolicum,
2802 3347 3037 3403 nudum
3068 3348 3342 3403 omnium
3368 3364 3588 3414 rerum,
3625 3348 3778 3405 Urbe

461 3438 707 3510 expulit.
744 3438 1071 3508 Imperator
1098 3437 1160 3491 in
1196 3437 1440 3492 Francia
1462 3436 1763 3491 hiemavit.
1801 3435 2095 3490 Sacellum
2127 3438 2331 3490 sancte
2363 3434 2565 3489 Crucis
2592 3436 2733 3506 (317)
2768 3435 3098 3491 dedicatur.

533 3564 657 3614 997.
692 3562 855 3630 Papa
872 3558 1358 3625 Ticini,adunato
1385 3559 1785 3630 complurium
1814 3558 2120 3630 episcopo—
2297 3562 2419 3614 997.
2461 3550 2782 3625 Iohannes,
2844 3559 3223 3615 Placentinus
3279 3560 3622 3632 episcopus,
3681 3560 3885 3616 sedem

461 3664 597 3703 rum
636 3646 907 3714 concilio,
942 3646 1239 3719 prefatum
1290 3648 1691 3702 Crescentium
1740 3648 2117 3703 anathemate
2226 3646 2618 3719 apostolicam
2644 3648 2861 3704 invasit
2887 3649 3137 3705 concilio
3161 3649 3497 3706 Crescentii.
3522 3649 3885 3707 Adalbertus

461 3735 731 3810 perculit.
764 3736 1027 3791 Intercea
1053 3735 1355 3791 Iohannes
1395 3735 1768 3791 Placentinus
1798 3735 2118 3809 episcopus
2226 3735 2544 3808 episcopus
2573 3736 2990 3794 martirizatur.

462 3824 977 3898 Constantinopoli
1033 3840 1329 3895 remeans,
1398 3825 1653 3880 Romam
1719 3825 2117 3897 intromissus,

461 3914 853 3989 apostolicam
906 3914 1110 3971 sedem
1159 3914 1414 3971 factione
1444 3915 2116 3972 Crescentiiinvaderat.

463 4005 630 4063 Unde
659 4004 737 4061 ab
768 4005 1059 4061 universis
1092 4004 1388 4077 episcopis
1432 4004 1629 4069 Italiae,
1664 4005 2013 4071 Germaniae,
2048 4005 2304 4062 Franciae
2336 4010 2391 4061 et
2417 4004 2619 4061 Galliis
2644 4006 3222 4063 excommunicatur.
3267 4007 3598 4079 Imperator
3624 4024 3781 4080 quo-

462 4111 601 4167 que,
634 4098 697 4150 ut
720 4094 1132 4150 Romanorum
1163 4094 1459 4149 sentinam
1491 4099 1792 4166 purgaret,
1826 4095 2053 4151 Italiam
2083 4095 2361 4168 perrexit,
2394 4112 2637 4151 summa
2694 4110 2895 4150 rerum
2944 4094 3203 4151 dominae
3248 4095 3539 4153 Mathildae
3580 4097 3781 4153 amitae

464 4197 609 4249 suae,
641 4181 1263 4253 Quidilingaburgensi
1293 4182 1635 4249 abbatissae,
1667 4182 1973 4253 delegata;
2002 4184 2061 4239 in
2090 4201 2211 4257 qua
2240 4184 2394 4240 ultra
2427 4200 2639 4241 sexum
2668 4183 2821 4239 mira
2853 4184 3171 4256 prudentia
3199 4185 3429 4241 enituit.

532 4307 656 4361 998.
688 4304 993 4360 Predictus
1023 4306 1264 4362 invasor
1292 4307 1595 4362 Iohannes
1626 4307 1704 4361 ab
1734 4306 2112 4380 imperatore,
2294 4312 2417 4363 998.
2461 4307 2829 4364 Crescentius
2863 4308 2941 4364 ab
2970 4310 3331 4383 imperatore
3361 4308 3716 4381 decollatus,
3750 4325 3904 4367 cum

463 4395 716 4449 caecatus
760 4396 815 4448 et
863 4392 1113 4449 naribus
1157 4397 1484 4462 truncatus,
1518 4394 1857 4466 deponitur,
1888 4400 1944 4451 et
1983 4400 2116 4453 Cre-
2224 4397 2543 4453 duodecim
2595 4397 2717 4453 suis
2768 4402 2903 4453 ante
2945 4398 3164 4455 Urbem
3193 4398 3599 4472 suspenditur.
3627 4402 3904 4457 Ioannes

464 4481 726 4538 scentius
772 4481 1103 4538 decollatus
1133 4498 1271 4538 cum
1305 4488 1367 4539 12
1401 4483 1524 4538 suis
1572 4488 1708 4540 ante
1730 4485 1955 4541 Urbem
1987 4504 2117 4542 sus-
2225 4486 2621 4560 pseudopapa
2651 4492 2926 4544 caecatur.

459 4570 758 4644 penditur.
789 4569 1011 4627 Eodem
1042 4586 1204 4628 anno
1232 4572 1516 4645 quaedam
1557 4573 1772 4629 mulier
1801 4574 1862 4630 in
1914 4576 2119 4647 Bajoa-

457 4659 549 4717 ria
576 4660 721 4731 (318)
748 4659 810 4715 in
841 4675 962 4715 uno
991 4665 1168 4733 partu
1191 4660 1457 4734 quinque
1480 4662 1634 4718 ﬁlios
1665 4664 1839 4719 enixa
1863 4668 1968 4720 est.

530 4785 653 4839 999.
682 4782 829 4855 (319)
858 4783 1160 4839 Mathz'lda
1189 4785 1509 4855 abbatissa,
1538 4802 1706 4841 soror
1734 4787 2110 4859 imperatoris
2288 4791 2413 4845 996.
2456 4791 2654 4846 Bruno
2697 4807 2879 4864 papa,
2930 4793 3036 4865 qui
3087 4797 3144 4849 et
3179 4794 3515 4864 Gregorius,
3546 4792 3741 4864 obiit;
3806 4796 3913 4853 cui

534 5057 679 5133 (31_2)
720 5057 786 5113 H.
850 5057 973 5115 hac
1028 5059 1365 5127 supplenda
1432 5061 1730 5132 videntur,
1788 5062 2110 5117 secundum
2222 5065 2511 5133 supplevz‘.
2562 5066 2823 5121 Joannes
2869 5066 3141 5121 Staindel
3178 5067 3239 5121 in
3292 5066 3589 5122 Chronico
3622 5065 3761 5123 haec
3796 5070 3917 5126 ha-

464 5129 887 5199 Lamberitrum.
1714 5129 1720 5132 ’
2225 5129 2351 5189 bet}
2396 5136 2679 5199 Quaedam
2714 5137 2924 5191 mulier
2953 5137 3026 5192 de
3059 5137 3283 5193 familia
3318 5140 3373 5193 S.
3409 5137 3659 5195 Mauritii
3695 5139 3765 5195 in
3804 5141 3915 5196 Al-

535 5198 681 5338 (313)
720 5198 1029 5269 Ilsenburg
1058 5200 1135 5256 ad
1159 5200 1446 5257 orientem
1474 5201 1770 5258 Goslariaa.
2221 5204 2321 5259 lah
2348 5198 2524 5261 enixa
2555 5211 2643 5261 est
2670 5208 2937 5279 quinque
2966 5206 3143 5263 ﬁlios.

535 5268 657 5338 (314
718 5270 863 5324 Haec
913 5286 1098 5326 manu
1155 5274 1355 5338 tertia,
1400 5288 1530 5338 quae
1584 5289 1767 5338 usque
1813 5274 1894 5329 ad
1935 5277 2110 5338 ﬁnem
2297 5275 2441 5338 (319)
2471 5278 2602 5333 Hoc
2630 5293 2790 5333 anno
2823 5280 3026 5335 littera
3059 5279 3143 5335 Obt

535 5268 863 5352 (3191130
913 5268 1098 5352 man__u
1155 5274 1355 5341 tertia,
1400 5288 1530 5343 quae
1584 5289 1767 5345 usque
1813 5274 1894 5329 ad
1935 5277 2110 5343 ﬁnem
2240 5349 2249 5352 Α
2297 5275 2441 5346 (319)
2471 5278 2602 5333 Hoc
2630 5268 2790 5352 anno
2823 5268 3026 5335 l'z'ttera
3059 5279 3301 5351 obliqua
3332 5294 3616 5348 expressa
3647 5295 3732 5337 ea:
3762 5298 3923 5340 con-

462 5341 1171 5418 anlr‘zzl997nproseqaitur.
1344 5412 1358 5418 _
1409 5341 1426 5418 Ῐ
1595 5414 1605 5418 _
1663 5341 1682 5345 ’
1935 5341 1942 5343 “
2221 5341 2459 5416 iectura
2488 5349 2779 5418 suppleri.

531 5364 611 5394 ιηι
640 5364 735 5393 θυι
768 5364 1171 5410 pruscquuui'.

531 5408 677 5547 (3135)
720 5411 1213 5491 Constantinolim
1244 5428 1317 5467 ex
1343 5412 1458 5469 late
1485 5414 1640 5483 regis
1671 5432 1721 5472 c.

555 5484 680 5541 316)
722 5482 769 5536 Ι.
801 5496 849 5536 e.
887 5481 1206 5547 aliquibus.

2221 5364 2459 5416 )ecmra
2488 5364 2600 5418 sup
2648 5364 2779 5405 tem.

1350 5412 1458 5469 late
1485 5414 1640 5483 regis
1671 5432 1721 5472 c.
2296 5420 2445 5486 (320)
2490 5421 2547 5475 L.
2581 5364 2758 5477 ἇέεεε.
2793 5423 2845 5476 4.
2880 5424 2930 5475 5.

2300 5490 2441 5547 (321)
2482 5493 2539 5545 L.
2570 5490 2607 5546 f.
2642 5507 2693 5546 e.
2724 5491 2760 5546 i.
2792 5494 2858 5546 A.
2891 5491 2930 5546 (ἰ

555 5484 680 5560 316)
718 5482 849 5560 1.2.8.-
887 5481 1211 5560 aliq.uib‘_l§:
1286 5555 1312 5560 _
1370 5555 1404 5560 -
1560 5481 1576 5483 _
1671 5556 1709 5560 __

1699 5556 1709 5560 _
2300 5481 2441 5560 (321)
2482 5493 2539 5545 L.
2570 5490 2607 5546 f.
2642 5507 2693 5546 e.
2724 5491 2760 5546 i.
2792 5494 2858 5546 A.
2891 5491 3105 5548 desunt
3133 5498 3184 5547 5.
3220 5497 3268 5548 6.

534 5551 616 5629 (31
625 5551 678 5629 ἶ)
718 5551 1102 5629 Ijildesheim.
1132 5552 1256 5607 Vita
1281 5555 1335 5610 S.
1370 5555 1733 5629 Bernwardi,
1766 5573 1897 5629 cap.
1937 5562 2020 5614 10.

534 5622 682 5692 (318)
720 5623 865 5677 Haec
906 5624 1041 5690 jam
1091 5638 1283 5691 erasa,
1316 5640 1425 5693 ope
1470 5622 1805 5683 Annalistw
1839 5622 2115 5686 'Saxom's
