4004 6178
137 230 223 281 561
820 220 933 289 ET,
956 221 1314 279 LAMBERTI
1354 223 1944 286 ASCHAFNABUBG.
1986 235 2165 289 PARS
2204 236 2487 296 ALTERA
2526 245 2852 303 GENUINA.
3463 259 3566 313 562

428 345 750 401 ANNALES
794 343 970 400 HILD
982 345 1487 404 ESHEIMENSES.
2371 366 2721 426 LAMBERTI
2766 374 3106 430 ANNALES.

134 438 352 493 Ottonis
373 434 631 503 secundi,
664 434 832 490 obiit.
866 433 1212 505 Gregorius
1236 452 1405 507 papa
1455 438 1600 494 obiit
1624 455 1650 510 ;
1707 463 1715 495 ι

1984 446 2253 518 :rbertus,
2282 452 2385 524 qui
2415 459 2471 510 et
2511 455 2806 529 Silvester,
2839 462 3139 529 successit,
3164 462 3436 522 Adelheit
3456 466 3565 524 im-

133 527 461 616 Gerbm'W’
501 524 745 616 ίάθωβῖ
779 523 1098 616 ξίξνέεφθτν
1141 506 1445 583 succesSit.
1495 506 1801 588 Edelheid
1911 538 2173 608 peram-x
2212 506 2806 616 δὺξηώέῶίητνη
2840 506 3139 530 “ww”,

129 630 365 689 quoque
388 611 724 687 imperatrix
755 610 953 667 obivit
983 612 1161 684 (322).

193 703 387 759 Tertio
414 704 615 759 Ottone
655 701 1008 773 imperante
1066 701 1422 758 millesimus
1472 719 1671 761 annus
1704 723 1803 761 su-
1989 701 2146 753 1000.
2185 702 2505 771 Imperator
2538 721 2678 760 ossa
2709 705 2909 761 Karoli
2939 709 3131 778 Magni
3182 713 3562 785 Aquisgrani,

125 808 498 867 percrescens
542 790 738 846 statuit
790 790 1285 863 computationis
1333 808 1680 867 numerum,
1714 812 1800 852 se-
1912 802 1949 842 a
1977 786 2250 858 pluribus
2276 805 2346 845 eo
2373 808 2564 864 usque
2594 794 2888 863 ignorata,
2916 796 3156 853 invenit.
3179 801 3565 875 Gaudentius,

124 881 389 938 cundum
418 879 557 936 illud
585 878 747 952 quod
786 878 1023 949 legitur
1056 879 1347 952 scriptum
1372 899 1384 936 :
1440 883 1799 940 Millesimus
1911 874 2091 931 frater
2117 877 2417 935 Adalberti
2448 882 2729 949 martiris,
2758 883 2820 938 in
2858 888 3048 954 Praga
3078 874 3566 963 archiepiscopus

122 976 443 1042 exsuperat
472 976 525 1027 et
563 969 946 1026 transcendit
975 971 1186 1026 omnia
1218 985 1431 1027 annus.
1466 975 1797 1044 Imperator
1909 966 2306 1024 constituitur.

122 1063 251 1118 Otto
279 1047 483 1117 tertius
508 1075 684 1115 causa
713 1058 1020 1115 orationis
1068 1059 1148 1114 ad
1178 1064 1454 1115 sanctum
1503 1060 1793 1117 Adalber-

117 1148 263 1204 dum
292 1147 638 1221 episcopum
690 1150 746 1203 et
802 1146 1133 1203 martirem
1184 1148 1664 1220 quadragesimae
1706 1152 1977 1221 tempore
2013 1145 2309 1202 Sclaviam
2339 1147 2597 1205 intravit.
2636 1151 2840 1224 Ibique
2871 1152 3215 1210 coadunata
3251 1156 3465 1213 sinodo

115 1236 426 1311 episcopia
441 1239 655 1308 septem
682 1234 1018 1309 disposuit,
1048 1240 1106 1290 et
1128 1236 1547 1303 Gaudentium,
1568 1236 1813 1292 fratrem
1834 1236 1996 1291 beati
2017 1234 2258 1304 Alberti,
2294 1237 2354 1291 in
2385 1238 2700 1311 principali
2722 1240 2869 1295 urbe
2899 1240 3250 1298 Sclavorum
3277 1247 3466 1315 Praga

114 1326 386 1383 ordinari
414 1325 559 1392 fecit,
590 1324 1152 1397 archiepiscopum,
1172 1324 1408 1380 licentia
1436 1324 1687 1380 Romani
1724 1324 2049 1396 pontiﬁcis,
2081 1339 2264 1379 causa
2324 1327 2626 1397 petitionis
2659 1328 3047 1385 Bolizlavonis
3082 1332 3465 1388 Boemiorum

113 1414 313 1480 ducis,
342 1413 420 1468 ob
441 1428 701 1468 amorem
730 1411 953 1484 pocius
985 1416 1046 1467 et
1100 1412 1394 1467 honorem
1442 1412 1533 1468 sui
1561 1411 1889 1467 venerandi
1920 1409 2146 1477 fratris,
2179 1412 2345 1481 digni
2394 1416 2692 1486 pontiﬁcis
2722 1422 2778 1471 et
2806 1417 3102 1489 martyris.
3138 1419 3282 1475 Inde
3300 1436 3469 1476 reve-

113 1504 313 1572 niens,
338 1502 668 1574 palmarum
699 1500 1179 1557 sollemnitatem
1197 1500 1615 1574 Parthenopoli
1644 1500 1855 1556 festive
1886 1499 2146 1571 peregit.
2182 1503 2489 1559 Paschalia
2509 1522 2647 1560 vero
2667 1510 2940 1578 tempora
2970 1508 3158 1563 votive
3190 1509 3470 1574 Quidilin-

113 1590 358 1662 gaburh
385 1588 709 1644 celebravit.
744 1591 1135 1643 Pentecostes
1165 1592 1365 1643 autem
1392 1588 1795 1644 celebritatem
1843 1586 2043 1654 digna
2096 1587 2420 1645 (levoeione
2472 1593 2830 1664 Aquisgrani
2878 1594 3123 1651 feriavit.
3158 1598 3286 1661 Quo
3328 1602 3471 1655 tunc

115 1678 555 1737 ammirationis
610 1693 795 1732 causa
851 1676 1074 1745 magni
1124 1677 1501 1748 imperatoris
1559 1675 1763 1732 Karoli
1795 1689 1938 1731 ossa
1966 1681 2188 1733 contra
2216 1678 2413 1735 divine
2435 1682 2735 1749 religionis
2760 1683 3156 1740 ecclesiastica
3213 1685 3472 1745 effodere

114 1767 426 1841 praecepit,
455 1782 574 1839 qua
606 1770 744 1830 tunc
771 1764 835 1820 in
867 1764 1087 1820 abdito
1147 1764 1451 1837 sepulture
1507 1765 1792 1822 mirificas
1841 1777 2065 1818 rerum
2114 1769 2421 1824 varietates
2450 1769 2694 1826 invenit.
2741 1772 2853 1828 Sed
2882 1773 2954 1828 de
2985 1774 3120 1844 hoc,
3152 1779 3218 1830 ut
3266 1782 3475 1848 postea

115 1856 357 1925 claruit,
387 1854 678 1911 ulcionem
740 1853 951 1909 aeterni
1011 1852 1267 1909 vindicis
1315 1854 1579 1910 incurrit.
1642 1858 1791 1910 Nam
1846 1851 2186 1924 praedictus
2218 1856 2270 1911 ei
2294 1857 2619 1930 imperator
2656 1865 2793 1932 post
2822 1866 3000 1917 tantae
3032 1864 3473 1922 commissionis

115 1944 358 2001 facinus
387 1941 740 2016 comparuit,
770 1946 823 1999 el
847 1942 905 1998 ei
943 1941 1229 2014 praedixit
1255 1942 1422 2014 (323).

195 2062 355 2115 1001.
388 2057 634 2114 1nd.14.
674 2056 827 2129 (324)
884 2060 1227 2129 Imperator
1274 2057 1536 2114 natalem
1588 2057 1798 2117 Christi
1990 2060 2151 2114 1001.
2194 2063 2526 2132 Imperator
2572 2063 2836 2119 natalem
2889 2064 3124 2120 Domini
3181 2068 3382 2125 Romae
3440 2070 3587 2128 cele-

115 2150 311 2204 Rome
333 2145 670 2213 celebravit,
697 2149 755 2201 et
778 2145 881 2201 illo
914 2142 1318 2199 Bernwardus
1365 2145 1683 2221 episcopus
1736 2148 1799 2203 in
1910 2142 2129 2204 bravit.

119 2235 466 2309 epiphaniis
487 2250 664 2307 super
693 2233 897 2290 multis
926 2232 1426 2289 infestacionibus
1456 2232 1896 2309 archiepiscopi
1934 2232 2235 2307 \Villigisi,
2267 2242 2324 2293 et
2350 2238 2619 2294 maxime
2653 2240 2728 2295 de
2783 2241 3018 2309 sinorlo,
3052 2258 3236 2314 quam
3268 2246 3329 2302 in
3369 2265 3483 2305 sua

121 2324 183 2379 id
214 2328 309 2380 est
333 2322 870 2390 Gandeshemensi,
904 2320 1162 2377 ecclesia
1192 2337 1329 2377 cum
1356 2325 1654 2381 extraneis
1680 2322 1982 2397 episcopis
2008 2326 2244 2393 habuit,
2271 2331 2641 2398 conquestus
2664 2329 2911 2384 advenit
2942 2347 2954 2383 :
2988 2334 3297 2406 totamque
3325 2338 3480 2409 ejus-

117 2413 264 2469 dem
291 2410 734 2483 metropolitani
762 2410 1037 2466 illicitam
1062 2409 1518 2482 usurpationem
1547 2412 1609 2469 in
1636 2410 1957 2487 praesentia
1990 2415 2251 2471 Gerberti
2285 2419 2432 2482 (345)
2467 2431 2625 2487 pape
2647 2421 2704 2473 et
2732 2418 3111 2490 imperatoris
3138 2424 3288 2479 tertii
3317 2427 3478 2483 Otto-

119 2502 215 2556 nis
243 2498 507 2556 sinodali
533 2498 881 2555 auctoritate
912 2512 1168 2570 prorsus
1185 2496 1533 2564 adnullavit,
1563 2500 1907 2568 Gerberhga
1939 2501 2411 2557 Gandesmensis
2433 2502 2743 2560 abbatissa
2768 2506 2905 2560 ldus
2936 2509 3286 2566 Novembris
3308 2513 3472 2569 obiit.

190 2615 409 2670 Ottone
443 2613 588 2685 (326)
623 2614 693 2668 ΙΙΙ
722 2612 1085 2685 imperante,
1117 2609 1243 2665 ind.
1277 2615 1360 2665 15.
1396 2615 1554 2668 1002.
1608 2617 1797 2686 Impe—
1989 2618 2137 2669 l002.
2174 2617 2306 2671 Otto
2356 2618 2445 2685 Ill,
2497 2615 2828 2688 imperator
2880 2617 3062 2685 obiit;
3117 2621 3212 2676 cui
3270 2623 3581 2679 Heinricus

118 2707 287 2760 rator
320 2705 452 2759 Otto
500 2702 763 2758 natalem
806 2701 955 2772 (327)
1010 2698 1324 2756 Tudertine
1380 2717 1519 2756 cum
1566 2702 1797 2759 domno
1909 2701 2219 2771 Bajoarius
2275 2703 2579 2758 successit.
2638 2704 3011 2775 Eggihardus
3062 2710 3354 2778 marchio,
3410 2709 3580 2781 regni

122 2791 463 2865 apostolico
492 2790 809 2847 celebravit
837 2789 979 2845 inde
1010 2792 1263 2844 Romam
1293 2789 1566 2859 tendens,
1604 2792 1797 2850 Saler—
1908 2794 2250 2862 usurpator,
2276 2790 2472 2845 Poledi
2503 2792 2738 2848 occisus
2768 2798 2875 2849 est.

118 2897 272 2937 num
298 2879 595 2954 oppidum
624 2878 807 2947 adiit;
869 2877 975 2933 sed
1003 2877 1169 2932 febre
1212 2881 1269 2932 et
1297 2877 1492 2934 Italico
1510 2881 1726 2937 morbo
1749 2878 2006 2950 graviter
2027 2886 2357 2951 correptus,
2381 2896 2520 2935 cum
2540 2882 2802 2951 generali
2829 2882 3102 2939 omnium
3121 2885 3466 2941 constrista-

119 2970 284 3026 tione
315 2973 381 3024 10
412 2968 544 3024 Kal.
582 2966 903 3033 Februarii,
950 2965 1106 3038 proh
1129 2964 1300 3021 dolor
1332 2967 1342 3021 Σ
1387 2983 1459 3022 ex
1485 2969 1600 3024 hac
1639 2970 1756 3024 vita
1784 2970 1976 3023 morte
2003 2967 2308 3023 inmatura
2335 2967 2628 3025 discessit.
2674 2971 2777 3025 Cui
2810 2971 3113 3028 Heinricus
3151 2973 3275 3029 dux
3299 2974 3464 3030 Nori-

122 3073 361 3126 corum,
393 3056 484 3111 vir
504 3055 565 3111 in
586 3054 755 3110 omni
784 3052 1205 3109 recclesiastica
1234 3054 1606 3125 perfeccione
1636 3056 2002 3131 prtecipuus,
2034 3056 2333 3123 \Villigiso
2357 3059 2819 3126 Mogontiacensi
2836 3061 3291 3134 archiepiscopo
3313 3064 3463 3134 (328)

121 3146 465 3214 ordinante,
499 3143 804 3200 successit.
842 3141 1069 3198 Eodem
1088 3157 1228 3198 vero
1256 3158 1416 3198 anno
1446 3160 1639 3201 novus
1668 3163 1771 3200 rex
1800 3144 2108 3200 Heinricus
2141 3144 2332 3199 sancti
2359 3146 2658 3201 Laurentii
2686 3147 2947 3203 natalem
3003 3150 3462 3206 Parderbrunne

120 3235 272 3305 (329)
303 3232 646 3289 celebravit.
682 3234 748 3287 Et
771 3231 854 3287 ibi
884 3230 1116 3286 domna
1142 3230 1461 3301 Gunigund
1488 3234 1753 3303 regalem
1779 3231 2271 3288 benediccionem
2294 3236 2350 3286 et
2370 3248 2608 3289 coronae
2636 3234 3095 3306 imposicionem
3125 3253 3160 3292 a
3187 3238 3455 3309 predicto

120 3321 590 3395 metropolitano
617 3320 895 3393 suscepit.
925 3318 1041 3375 Sed
1066 3322 1122 3374 et
1151 3320 1371 3392 Sophia
1401 3321 1477 3376 ad
1501 3324 2029 3378 Gandeshemense
2068 3322 2335 3389 regimen
2382 3321 2587 3392 electa,
2611 3328 2857 3395 optentu
2882 3325 3226 3398 principum
3251 3325 3462 3381 domni

120 3408 477 3467 Bernwardi
513 3408 827 3465 licenciam
850 3425 887 3465 a
915 3407 1207 3481 palligero
1238 3409 1383 3478 (330)
1412 3408 1807 3467 benedicendi
1837 3409 2063 3464 ibidem
2095 3408 2369 3480 optinuit.
3122 3446 3129 3449 -

189 3503 372 3555 ΑΠΠο
401 3502 457 3554 2.
488 3501 778 3568 regnante
806 3496 1076 3563 Henrico,
1112 3495 1234 3552 ind.
1271 3500 1310 3552 l.
1350 3501 1504 3553 1003.
1529 3514 1630 3553 rex
1682 3515 1790 3555 na-
1980 3502 2136 3553 1003.
2170 3497 2437 3570 Plerique
2469 3499 2768 3571 principes
2800 3516 2835 3555 a
2882 3515 3021 3569 rege
3067 3500 3357 3559 deﬁciunt
3388 3521 3401 3572 ;
3458 3503 3567 3561 sed

123 3589 307 3645 talem
341 3586 579 3643 Domini
608 3584 1157 3653 Frankanaworde,
1185 3586 1414 3658 pascha
1435 3592 1633 3643 autem
1659 3588 1794 3653 Qui-
1904 3590 2041 3658 pOst
2069 3585 2376 3641 modicum
2406 3588 2671 3655 correcti,
2703 3588 2765 3643 in
2794 3588 3045 3658 gratiam
3074 3591 3462 3666 recipiuntur.

123 3676 533 3747 delingaburb
559 3675 896 3732 celebravit.
930 3674 1333 3731 Herimannus
1369 3675 1794 3732 Alemanorum

121 3768 248 3823 dux
268 3766 431 3836 regis
451 3763 741 3829 eleccioni
800 3762 1156 3836 aliquandiu
1211 3763 1518 3835 resistens,
1546 3766 1705 3834 regie
1733 3781 1793 3820 se

120 3854 409 3927 potestati
441 3852 684 3917 sudidit,
713 3857 770 3908 et
791 3852 1125 3908 interventu
1148 3852 1368 3921 reginae
1399 3858 1455 3908 et
1476 3852 1815 3926 principum
1848 3852 1911 3908 in
1935 3867 2044 3905 suo
2087 3851 2313 3905 honore
2345 3853 2693 3922 permansit.
2751 3852 3058 3908 Heinricus
3117 3856 3450 3912 Berhthaldi

120 3942 363 4000 comitis
392 3941 569 4006 ﬁlius,
596 3945 654 3996 et
683 3942 883 3996 Bruno
905 3940 1087 3995 frater
1111 3940 1286 4009 regis,
1317 3946 1373 3995 et
1393 3940 1574 3996 ambo
1607 3942 2030 4008 Bolizlavones,
2061 3938 2390 3993 Polianicus
2420 3939 2692 3995 videlicet
2745 3956 2814 3995 ac
2859 3941 3194 4009 Boemicus,
3226 3959 3262 3997 a
3309 3958 3447 4012 rege

118 4030 445 4087 inﬁdeliter
464 4028 792 4100 majestatis
829 4029 914 4085 rei
943 4029 1249 4085 deﬁciunt.
1281 4028 1393 4085 Sed
1438 4028 1742 4084 Heinricus
1770 4030 1849 4084 ad
1881 4043 2084 4098 regem
2113 4025 2357 4081 veniens
2379 4032 2436 4081 et
2467 4027 2788 4096 refugiens,
2809 4028 2869 4082 in
2893 4028 3279 4085 Givekanstin
3306 4030 3446 4102 (331)

118 4119 415 4176 custodite
444 4118 843 4191 mancipatur.
876 4118 1213 4191 Stephanus
1244 4134 1347 4172 rex
1381 4117 1705 4187 Ungaricus
1729 4133 1913 4190 super
1933 4114 2297 4171 avunculum
2328 4132 2503 4171 suum
2549 4131 2753 4184 regem
2784 4115 2978 4171 Iulum
3008 4132 3149 4173 cum
3187 4118 3449 4175 exercitu

116 4209 284 4264 venit
314 4227 327 4277 ;
354 4223 537 4280 quem
577 4224 715 4263 cum
738 4205 1276 4279 conprehendisset
1302 4222 1439 4261 cum
1472 4222 1652 4261 uxore
1683 4210 1738 4263 et
1764 4206 1901 4261 ﬁliis
1931 4205 2192 4273 duobus,
2223 4219 2477 4274 regnum
2526 4205 2655 4275 ejus
2715 4205 2791 4261 vi-
2830 4204 2907 4261 ad
2958 4205 3448 4264 christianitatem

117 4295 440 4371 compulit.
476 4295 770 4353 Sacellum
802 4296 993 4351 sancti
1019 4294 1247 4352 Martini
1270 4296 1415 4367 (332)
1446 4294 1772 4351 dedicatur.

190 4390 378 4441 Anno
408 4389 461 4441 3.
489 4385 612 4440 ind.
659 4389 712 4441 2.
779 4388 935 4440 1004.
996 4400 1102 4440 rex
1156 4383 1526 4440 nativitatem
1554 4383 1789 4439 Domini
1978 4385 2134 4438 1004.
2177 4381 2575 4438 Miserandum
2613 4381 2805 4455 Papiae
2832 4381 3198 4440 incendium.
3236 4387 3412 4456 Brun,
3440 4385 3555 4443 fra-

117 4473 311 4529 Palidi
344 4472 566 4529 mansit
591 4491 605 4540 ;
634 4472 735 4528 illo
762 4472 841 4527 ad
871 4489 1011 4528 eum
1069 4472 1387 4545 episcopus
1436 4472 1786 4528 Veronensis
1898 4475 1984 4528 ter
2014 4471 2191 4542 regis,
2220 4471 2323 4544 qui
2354 4471 2621 4527 electioni
2665 4473 2794 4545 ejus
2835 4472 3211 4545 aliquamdiu
3237 4474 3548 4543 restiterat,

116 4578 189 4619 ac
223 4562 333 4619 alii
364 4561 614 4633 quidam
633 4561 929 4634 primores
951 4560 1135 4616 Italici
1159 4560 1327 4630 regni
1342 4564 1633 4616 venerunt
1646 4577 1787 4616 cum
1897 4562 1959 4616 in
1983 4562 2238 4632 gratiam
2263 4561 2391 4632 ejus
2412 4560 2602 4618 rediit.

112 4651 303 4723 regiis
334 4650 712 4707 muneribus.
748 4653 814 4706 Et
836 4651 1037 4705 Bruno
1086 4649 1262 4705 frater
1308 4649 1486 4720 regis,
1540 4654 1789 4723 optentu

112 4739 375 4795 domnae
398 4738 565 4795 Gislre
594 4738 823 4804 matris,
858 4738 989 4809 ejus
1018 4737 1332 4810 acquisivit
1356 4737 1631 4808 gratiam.
1694 4737 1787 4792 In-

112 4827 415 4884 cendium
446 4826 784 4884 miserabile
814 4826 1067 4883 civitatis
1095 4826 1308 4899 Papiae.

192 5095 349 5165 (322)
380 5096 540 5151 Hinc
561 5097 687 5151 alia
714 5111 949 5151 manus.
1972 5095 2112 5166 (328)
2143 5098 2209 5150 Et
2239 5091 2595 5166 Bernwardo
2634 5091 2915 5166 episeopo
2955 5089 3165 5166 addita
3197 5102 3541 5166 manersrfec.

216 5159 350 5236 323)
380 5167 568 5221 Manu
598 5167 809 5223 saeculi
832 5168 962 5222 XV.
991 5167 1332 5236 adjectum:
1351 5166 1584 5223 obitum
1607 5184 1786 5223 suum
1900 5159 2032 5222 XV.
2056 5159 2131 5222 θέε
2175 5168 2316 5221 Vitae
2344 5166 2405 5219 S.
2455 5159 2815 5218 Bernwardi
2840 5159 2997 5229 ‘cap.
3058 5161 3125 5214 38
3181 5159 3338 5213 male
3375 5159 3547 5214 intel-

215 5236 379 5292 erius
410 5236 756 5292 affuturum.
1898 5240 2066 5295 lecto.

198 5309 352 5379 (324)
383 5308 552 5363 Anni
581 5311 931 5364 1001-1022
955 5308 1108 5365 med.
1137 5309 1263 5364 alia
1294 5324 1498 5365 manu.

1968 5307 2112 5380 (329)
2140 5308 2294 5363 Olim
2329 5303 2885 5361 Parderbrunnemo
2929 5304 3220 5371 scriptum
3252 5300 3439 5370 fuisse
3466 5302 3547 5356 vi-

196 5380 353 5449 (325)
373 5380 513 5435 Jam
542 5386 682 5437 vaec
709 5394 853 5436 rasa
879 5394 1065 5436 manu
1094 5394 1226 5435 sm.
1256 5380 1386 5437 XV.
1420 5380 1678 5437 Silvestri
1711 5383 1789 5439 le-
1894 5382 2089 5438 detur.

120 5444 341 5521 σῖέυνέ
471 5519 491 5521 _
597 5520 603 5521 ,
844 5520 851 5521 ί
1498 5520 1503 5521 ί
1966 5451 2116 5521 (330)
2147 5450 2184 5506 i.
2212 5465 2263 5521 e.
2305 5444 2597 5521 Willigiso
2627 5444 3095 5521 archiepiscopo.

200 5520 348 5594 (326)
373 5521 437 5577 Ο.
470 5519 562 5577 III.
589 5520 694 5576 iin
744 5520 940 5577 codice
985 5521 1189 5577 statim
1235 5526 1372 5590 post
1432 5520 1783 5594 adnullavit,
1967 5516 2117 5593 (331)
2148 5516 2603 5594 Gibechenstein
2632 5516 2709 5573 ad
2744 5516 2963 5574 Sal’am.

128 5588 424 5666 ιεσίιανσι
473 5662 508 5666 __
559 5663 591 5666 _
716 5660 726 5666 _
779 5659 789 5666 _
1236 5588 1252 5590 ἡ
1770 5588 1780 5594 ⁷
1970 5588 2113 5666 (332)
2149 5588 2530 5666 Hildesheim.

200 5657 354 5732 (327)
378 5662 527 5719 Scit.
558 5659 813 5718 Domini.

1967 5657 2115 5735 (333)
2147 5667 2215 5719 A.
2243 5664 2280 5719 i.
2313 5679 2370 5719 o.
2402 5676 2561 5719 anno
2592 5664 2694 5719 998
2722 5660 3125 5731 adsignantur
3147 5657 3211 5713 in
3241 5660 3292 5711 5.
