4002 6186
454 240 560 291 563
1358 231 1612 285 ANNAL.
1655 226 2105 283 HILDESHEIM.
2149 226 2527 291 QUEDLINB.
2566 228 2963 284 WEISSEMB.
3770 231 3877 286 5“

771 356 1094 412 ANNALES
1132 354 1649 411 HILDESHEIMEN
1660 354 1800 409 SES.
2688 353 3033 407 LAMBERTI
3093 353 3419 409 ANNALES

526 449 701 502 Anno
739 444 1012 516 ejusdem
1066 447 1120 500 4.
1168 459 1306 513 rege
1366 442 1816 512 gloriosissimo,
1874 438 1998 495 ind.
2059 443 2113 495 3.
2301 439 2459 495 1005.
2494 440 2850 496 Bernharius
2870 440 3065 497 abbas
3094 440 3512 497 Herveldensis
3558 440 3725 510 obiit,
3785 443 3881 498 cui

462 541 617 593 1005.
646 551 751 590 rex
781 533 1043 590 natalem
1076 532 1311 589 Domini
1370 531 1727 589 Thornburh
1778 528 2027 595 feriavit,
2061 532 2117 583 et
2225 528 2605 585 Gotehardus
2632 533 2933 586 successit.

458 626 517 681 in
547 624 818 696 partibus
859 623 1131 680 Saxoniae
1147 638 1340 693 usque
1366 620 1445 676 ad
1463 624 1697 691 tempus
1727 616 2115 691 quadragesi-

456 728 570 769 mae
592 712 901 781 habitavit,
934 709 1401 783 quadragesima
1433 707 1673 774 Thielze,
1701 707 1929 778 pascha
1958 722 2099 759 vero
2126 705 2488 778 Aquisgrani
2528 706 2866 763 celebravit.
2899 707 3259 764 Bernharius
3290 707 3484 763 abbas
3530 708 3884 765 Hervelden-

455 801 536 857 sis
576 800 760 869 obiit;
794 801 888 855 cui
919 799 1329 868 Godehardus,
1362 797 1733 853 monachicae
1757 795 1911 864 vitae,
1943 793 2034 848 vir
2060 794 2121 848 in
2151 799 2365 850 sancta
2390 796 2844 851 conversatione
2873 795 3355 868 probatissimus,
3381 797 3686 853 successit.

526 888 709 960 Regni
737 903 878 943 vero
911 887 1138 944 Henrici
1246 886 1369 942 ind.
1394 889 1447 941 4.
1483 886 1637 941 1006.
1698 900 1801 939 rex
1852 882 2111 938 natalem
2301 884 2454 938 1006.
2487 883 2846 947 Gunther-us,
2870 884 3091 939 nobilis
3116 885 3206 939 vir
3229 884 3305 940 de
3356 885 3711 955 Thuringia,
3753 901 3881 942 mo-

456 977 693 1034 Domini
721 976 926 1031 Palithi
952 976 1108 1044 egit:
1144 974 1548 1030 celebritatem
1600 986 1865 1043 namque
1896 986 2111 1041 pasca-
2221 973 2453 1027 nachus
2482 972 2673 1028 factus
2704 977 2795 1029 est
2819 973 3179 1040 Herveldiae;
3223 972 3328 1028 sed
3384 978 3593 1046 postea
3640 975 3725 1031 ad
3788 975 3882 1031 A1»

453 1066 524 1121 lis
577 1064 989 1121 sollemnitatis
1036 1062 1368 1131 Nuvimago
1435 1061 1675 1116 feliciter
1750 1058 2108 1132 tripudiavit.
2219 1062 2365 1116 taha
2394 1062 2681 1129 transivit,
2714 1062 2961 1119 consilio
3019 1062 3336 1118 Cotehardi
3361 1063 3617 1120 abbatis.
3667 1067 3879 1121 Fames

456 1155 795 1209 Guntherus
845 1152 1049 1207 divina
1099 1150 1315 1224 pietate
1362 1150 1698 1218 instinctus,
1759 1148 2112 1204 renuntians
2219 1150 2443 1206 valida.

456 1242 659 1297 seculo
685 1246 741 1297 et
769 1241 1012 1314 pompis
1041 1241 1191 1311 ejus,
1225 1241 1562 1295 monachus
1588 1245 1675 1294 est
1731 1238 1943 1294 factus.
2008 1241 2111 1292 Fa-

454 1347 586 1388 mes
615 1331 818 1387 valida
849 1346 1004 1404 pene
1024 1330 1084 1385 in
1109 1329 1387 1385 universa
1416 1334 1589 1384 terra.

527 1419 824 1475 Henricho
845 1398 1132 1489 regnante
1163 1423 1214 1474 6.
1262 1417 1386 1473 ind.
1417 1422 1468 1473 5.
1509 1417 1661 1472 1007.
1698 1432 1801 1471 rex
1850 1415 2114 1471 natalem
2298 1398 2451 1454 1007-

452 1508 594 1564 item
634 1508 840 1564 Palithi
881 1508 1217 1564 celebravit.
1253 1506 1651 1579 Epiphaniam
1703 1521 1843 1560 vero
1883 1504 2114 1561 Cande—

454 1597 646 1653 sheim
675 1597 856 1667 venit,
891 1601 947 1652 et
975 1595 1258 1651 odibilem
1286 1594 1720 1651 dissensionem
1742 1594 1895 1648 inter
1924 1592 2285 1662 Willigisum
2315 1594 2838 1666 archiepiscopum
2863 1598 2920 1650 et
2967 1595 3396 1650 Bernwardum
3448 1597 3774 1653 antistitem

455 1685 529 1741 de
555 1686 767 1741 eadem
796 1684 1047 1740 ecclesia
1074 1683 1354 1757 prudenti
1392 1682 1633 1751 ingenio
1661 1681 1959 1753 sapienter
1983 1680 2239 1736 diremit.
2276 1690 2499 1736 Domus
2538 1698 2682 1737 vero
2711 1683 3111 1737 Bernwardus
3136 1682 3197 1737 in
3244 1684 3564 1755 praesentia
3615 1686 3777 1755 regis

454 1778 510 1832 et
536 1774 967 1847 archiepiscopi
996 1778 1450 1843 ceterorumque
1480 1772 1645 1840 regni
1670 1770 2007 1842 primorum
2033 1770 2289 1825 eandem
2321 1771 2635 1826 ecclesiam
2667 1771 2981 1836 dedicavit,
3013 1776 3071 1826 et
3095 1786 3339 1826 omnem
3361 1772 3588 1829 ibidem
3616 1775 3776 1846 epis-
3840 1786 3849 1793 '

456 1861 729 1935 copalem
750 1860 1159 1934 provisionem
1181 1860 1306 1915 sine
1335 1860 1697 1930 cujusquam
1728 1857 2141 1912 interdictione
2166 1859 2518 1930 potestative
2548 1858 2885 1914 celebravit.

530 1948 712 2019 Regni
745 1954 947 2004 autem
975 1946 1228 2003 Heinrici
1257 1954 1310 2002 7.
1342 1946 1467 2002 ind.
1492 1949 1542 2002 6.
1585 1947 1737 2001 1008.
1792 1962 1896 2000 rex
1945 1950 2114 2000 nata-
2299 1947 2452 2000 1008.
2487 1948 2745 2015 Notbger
2776 1946 3115 2002 Leodiensis
3169 1947 3489 2020 episcopus
3536 1948 3687 2004 obiit
3720 1968 3734 2018 ;
3785 1950 3877 2006 cui

454 2037 573 2094 lem
604 2036 838 2093 Domini
864 2037 1068 2104 Palidi,
1100 2036 1329 2110 pascha
1379 2035 1780 2103 Merseburgh,
1838 2039 2114 2106 penteco-
2223 2034 2570 2090 Baldaricus
2601 2036 2903 2092 successit.
2937 2036 3278 2094 Guntherus
3319 2039 3657 2096 monachus
3709 2039 3872 2096 here-

456 2132 585 2183 sten
613 2143 751 2182 vero
771 2126 1097 2198 Agrippine
1137 2124 1381 2180 feriavit.
1416 2123 1719 2179 Liudolfus
1740 2123 2116 2179 Treverensis
2224 2140 2393 2179 mum
2416 2124 2635 2197 petivit.

454 2215 950 2289 metropolitanus
992 2215 1176 2282 obiit;
1230 2213 1325 2269 cui
1377 2213 1626 2269 Meinzoz
1679 2212 2115 2284 primiscrinius

457 2305 615 2375 regis
645 2304 946 2360 successit.
980 2304 1309 2372 Nohtgerus
1333 2302 1672 2376 prepositus
1703 2301 2046 2357 monasterii
2070 2300 2229 2356 beati
2259 2300 2426 2368 Galli,
2460 2301 2834 2358 Leodicensis
2862 2303 3102 2375 praesul,
3133 2303 3212 2359 ad
3239 2303 3533 2362 Christum
3552 2306 3774 2374 migra-

454 2394 558 2449 vit.
590 2395 731 2449 Post
754 2408 938 2465 quem
960 2392 1299 2448 Baldericus
1329 2390 1813 2462 Radasponensis
1839 2390 2221 2445 vicidomnus
2254 2390 2631 2446 subintravit.
2666 2394 2958 2448 Gunterus
2988 2392 3325 2450 monachus
3379 2400 3588 2451 sancta
3635 2411 3774 2453 con-

454 2482 792 2539 versatione
821 2482 882 2537 in
906 2480 1270 2537 monasterio
1302 2480 1612 2552 probatus,
1636 2479 1926 2535 heremita
1947 2484 2038 2535 est
2058 2478 2324 2535 effectus.

529 2624 596 2679 Et
632 2622 904 2679 nondum
930 2622 1262 2695 imperante
1293 2623 1347 2691 8,
1379 2620 1502 2675 ind.
1536 2623 1772 2676 7.1009.
1812 2636 1915 2675 rex
1968 2619 2115 2675 nati-
2302 2620 2454 2676 1009.
2483 2619 2739 2677 Ecclesia
2777 2622 2974 2693 major
3011 2624 3339 2694 Mogontiae,
3395 2641 3581 2697 quam
3636 2624 3878 2697 Willigi-

454 2711 702 2768 vitatem
728 2710 939 2769 Christi
985 2709 1334 2780 Salzburgh,
1374 2709 1607 2781 pascha
1661 2724 1801 2763 vero
1854 2710 2113 2778 August—
2226 2724 2330 2763 sus
2352 2714 2787 2780 construxerat,
2821 2710 3069 2767 incensa
3097 2717 3184 2768 est
3213 2712 3347 2784 ipso
3362 2712 3459 2768 die
3488 2715 3876 2771 consecratio-

454 2800 613 2870 burg
638 2800 883 2872 peregit.
925 2799 1237 2855 Retharius
1296 2797 1853 2854 Paderbrunnensis
1885 2797 2115 2869 episco-
2226 2798 2317 2853 nis
2357 2815 2499 2854 suae.

455 2904 571 2961 pus
600 2893 653 2942 2.
689 2891 834 2943 Non.
863 2888 1057 2944 Marcii
1083 2887 1261 2953 obiit;
1292 2887 1388 2942 cui
1416 2887 1800 2942 Meinwercus
1835 2886 1990 2955 regis
2017 2902 2115 2941 ca-

452 2975 727 3048 pellanus
759 2975 1061 3030 successit.
1082 2975 1502 3031 Monasterium
1529 2989 1772 3047 quoque
1801 2975 2286 3043 Mogonciacense
2316 2975 2739 3048 praetitulatum
2766 2977 2967 3033 divino
2996 2979 3224 3034 honore
3241 2983 3297 3035 et
3320 2979 3584 3053 reliquiis
3613 2980 3771 3037 beati

453 3061 681 3120 Martini
708 3062 907 3119 futura
938 3063 1403 3131 consecratione,
1438 3067 1846 3118 constructum
1875 3079 1911 3119 a
1941 3062 2242 3133 Willigiso
2268 3065 2718 3138 archiepiscopo
2762 3066 3028 3122 maximo
3055 3066 3285 3123 decoris
3313 3069 3533 3135 studio,
3557 3074 3608 3126 3.
3635 3070 3764 3126 Kal.

454 3149 819 3224 Septembris
848 3150 1171 3207 miserabili
1200 3151 1373 3225 periit
1399 3150 1697 3207 incendio.

522 3294 697 3349 Anno
729 3295 897 3364 regni
922 3294 1052 3366 ejus
1082 3297 1135 3350 9.
1160 3293 1283 3350 ind.
1319 3296 1370 3348 8.
1411 3292 1564 3348 1010.
1598 3291 1859 3348 natalem
1919 3290 2111 3346 Domi-
2298 3292 2452 3348 1010.
2518 3292 2833 3350 Ansfridus
2873 3295 3258 3365 Frajectensis
3306 3296 3627 3371 episcopus
3681 3296 3867 3369 obiit;

448 3382 597 3439 mini
652 3400 754 3439 rex
793 3384 998 3454 Palidi,
1049 3384 1283 3456 pascha
1360 3381 1698 3438 Radisbone
1776 3380 2109 3436 celebravit.
2222 3380 2317 3436 cui
2340 3380 2705 3438 Adelboldus
2728 3384 3031 3440 successit.

449 3472 766 3528 Ansfridus
799 3472 1200 3542 Trajectensis
1232 3470 1495 3526 ecclesias
1522 3471 1766 3526 antistes
1796 3468 1943 3525 obiit
1969 3488 1982 3537 ;
2015 3485 2113 3525 cu-

445 3562 547 3633 jus
573 3560 706 3616 loco
736 3559 1109 3615 Adelboldus
1136 3559 1437 3615 successit.

521 3651 826 3717 Regnante
856 3665 926 3703 eo
961 3649 1045 3703 10.
1069 3662 1251 3717 anno,
1278 3647 1402 3703 ind.
1435 3651 1486 3702 9.
1539 3647 1688 3701 1011.
1719 3663 1823 3702 rex
1846 3645 2110 3702 natalem
2295 3644 2450 3700 1011.
2486 3644 2815 3715 Willigisus
2843 3648 3154 3719 Mogontite
3176 3648 3661 3724 archiepiscopus
3691 3650 3872 3719 obiit;

449 3736 686 3792 Domini
718 3735 1181 3792 Frankenavord
1214 3735 1548 3801 celebravit,
1582 3740 1638 3790 et
1674 3736 1734 3791 in
1794 3736 1985 3806 capite
2019 3736 2108 3805 je-
2218 3733 2314 3789 cui
2344 3734 2758 3790 Erkenbaldus
2790 3736 3121 3806 [Fuldensis
3161 3737 3353 3795 abbas
3380 3742 3434 3795 4.
3469 3744 3521 3795 5.
3555 3740 3605 3812 6]
3633 3756 3871 3797 succes-

440 3824 596 3897 junii
628 3824 940 3882 Corbeiam
963 3825 1143 3881 venit.
1180 3824 1263 3880 lbi
1301 3824 1681 3880 Bernhardus
1712 3824 1847 3897 pius
1877 3824 2000 3879 dux
2054 3829 2104 3879 5.
2219 3826 2311 3879 ειῐ.
2335 3822 2657 3879 Abbatiam
2702 3826 2963 3881 Brantho
3014 3827 3293 3901 suscepit.

447 3914 531 3970 Id.
571 3914 871 3971 Februarii
896 3914 1060 3981 obiit,
1111 3918 1169 3970 et
1195 3914 1255 3970 in
1289 3914 1597 3985 Luniburg
1641 3912 1894 3970 cenobio
1949 3912 2108 3969 beati

446 4004 786 4061 Michahelis
821 4018 1048 4076 magno
1080 4000 1468 4076 exequiarum
1500 4002 1745 4075 planctu
1776 4002 2064 4074 sepultus,
2091 4000 2257 4074 quod
2278 4000 2405 4074 ipse
2436 4016 2469 4056 a
2500 4000 2894 4059 fundamento
2942 4008 3375 4076 construxerat,
3429 4010 3486 4062 et
3532 4005 3594 4062 in
3642 4024 3769 4081 qua

445 4094 887 4149 monachorum
909 4093 1452 4163 congregacionem
1484 4091 1875 4147 adunaverat.
1905 4093 2039 4145 Post
2069 4105 2253 4161 quem
2282 4105 2419 4145 vero
2446 4088 2602 4144 ﬁlius
2629 4090 2758 4161 ejus
2782 4092 3162 4147 Bernhardus
3190 4093 3333 4164 (334)
3354 4093 3643 4151 ducatum
3664 4095 3770 4152 ob-

446 4177 638 4234 tinuit.
668 4180 771 4235 His
799 4180 977 4236 etiam
1006 4180 1377 4253 temporibus
1408 4179 1738 4250 Willigisus
1778 4178 2194 4245 Mongontinus
2231 4178 2726 4252 metropolitanus
2752 4179 2829 4235 ad
2861 4180 3157 4237 Christum
3180 4181 3479 4251 migravit,
3510 4182 3573 4239 in
3594 4184 3771 4255 cujus

445 4262 647 4319 locum
672 4267 1091 4322 Erkanbaldus
1119 4267 1507 4325 Fuldensium
1537 4267 1729 4323 abbas
1756 4265 2133 4332 subintravit,
2156 4282 2232 4338 qn.
2304 4285 2337 4321 11
2387 4270 2591 4322 noster
2616 4266 2936 4342 episcopus
2970 4270 3365 4327 Bernwardus
3389 4269 3523 4327 Kal.
3553 4271 3773 4346 Aprilis

447 4353 838 4409 consecravit.

515 4492 763 4550 Heinrici
786 4508 948 4550 anno
974 4494 1141 4563 regni
1170 4495 1301 4565 ejus
1342 4494 1420 4548 ll.
1470 4492 1593 4548 ind.
1658 4494 1740 4548 10.
1797 4492 1947 4547 1012.
2003 4507 2103 4547 rex
2292 4494 2446 4550 1012.
2479 4494 2739 4551 Ecclesia
2760 4495 2955 4567 major
2980 4496 3039 4552 in
3076 4496 3432 4568 Babenberg
3460 4497 3538 4553 ab
3588 4498 3881 4556 Eberhar-

443 4582 809 4639 nativitatem
842 4582 1051 4640 Christi
1082 4581 1464 4652 Thornburg,
1505 4597 1691 4654 pasca
1721 4586 1921 4637 autem
1956 4584 2099 4637 Lao-
2210 4582 2292 4639 do
2318 4583 2514 4656 primo
2545 4585 2817 4656 ejusdem
2858 4586 3012 4641 sedis
3045 4587 3351 4660 episcopo,
3385 4594 3741 4646 consecrata
3771 4596 3878 4647 est.

442 4672 594 4729 dicie
626 4672 770 4745 (335)
797 4672 1137 4729 celebravit.
1172 4672 1316 4728 Inde
1343 4687 1486 4728 vero
1517 4687 1656 4726 cum
1683 4686 1923 4726 summa
1938 4686 2105 4740 rega-
2211 4673 2582 4729 Gotehardus
2610 4673 2919 4730 abbatiam
2951 4674 3411 4732 Herveldensem
3453 4676 3731 4751 reliquit;
3786 4678 3881 4735 cui

442 4761 514 4817 lis
546 4762 878 4819 reverentia
915 4762 1271 4832 Babenberg
1297 4776 1652 4834 progressus
1683 4764 1787 4816 est.
1823 4759 1907 4815 Ibi
1930 4776 2105 4816 vene-
2211 4762 2509 4818 Arnoldus
2536 4764 2843 4821 successit.

440 4850 629 4908 rabile
656 4851 1109 4920 monasterium,
1141 4850 1330 4923 ipsius
1389 4848 1599 4905 domni
1627 4849 1783 4919 regis
1810 4848 2009 4904 nobile
2034 4866 2105 4906 ac

448 4940 707 5013 speciale
740 4940 1028 5011 studium,
1061 4940 1139 4996 ab
1171 4939 1536 5006 Eberhardo,
1594 4938 1791 5011 primo
1831 4938 2105 5009 ejusdem

442 5028 600 5083 sedis
627 5028 932 5102 episcopo,
961 5045 1099 5085 cum
1121 5044 1419 5084 consensu
1445 5031 1502 5084 et
1530 5032 1828 5083 conventu
1866 5028 2139 5082 omnium
2181 5027 2608 5100 Cisalpinorum
2656 5029 2981 5102 praesulum
3032 5034 3064 5085 2
3120 5035 3265 5088 Non.
3314 5033 3439 5090 Maii

443 5121 860 5173 consecratum
880 5121 970 5174 est
1007 5117 1085 5174 ad
1121 5116 1366 5173 laudem
1395 5120 1452 5172 et
1474 5116 1768 5173 honorem
1800 5115 2035 5172 Domini
2061 5116 2246 5177 nostri
2272 5119 2408 5171 Jesu
2433 5116 2663 5185 Christi,
2696 5122 2753 5173 et
2800 5119 3222 5191 preciosissimi
3275 5137 3436 5177 mar-

441 5203 587 5275 tyris
616 5204 744 5274 ejus
759 5206 971 5276 Georii,
990 5211 1046 5262 et
1074 5206 1153 5262 ad
1181 5204 1584 5278 patrocinium
1608 5204 1885 5261 omnium
1907 5209 2254 5262 sanctorum
2275 5203 2395 5260 Dei.
2422 5207 2668 5274 Dagano
2695 5205 3242 5281 Pathenopolitanaa
3273 5210 3438 5268 urbis

442 5290 831 5362 archipraesul
848 5293 997 5349 obiit
1016 5295 1112 5351 cui
1137 5293 1528 5351 Walthardus
1556 5293 1831 5366 ejusdem
1859 5293 2121 5353 ecclesia;
2150 5293 2511 5366 praepositus
2539 5295 2841 5354 successit.
2865 5296 2981 5355 Sed
3007 5301 3067 5357 et
3092 5297 3235 5358 huic
3255 5302 3436 5373 post7

441 5381 677 5437 tantum
706 5380 1079 5452 epdomadas
1109 5383 1388 5439 defuncto
1421 5382 1707 5438 successit
1733 5386 1903 5453 Dero,
1944 5382 2036 5436 vir
2062 5379 2358 5452 perfectus
2377 5380 2440 5437 in
2467 5382 2636 5439 omni
2666 5383 3084 5443 (ecclesiastico
3107 5387 3445 5444 studioﬂo—

441 5466 766 5539 dehardus,
794 5468 994 5527 relicta
1025 5471 1388 5527 Herfeldersi
1414 5471 1691 5541 abbacia,
1723 5472 1938 5526 iterum
1968 5470 2260 5527 remeavit
2285 5469 2364 5526 ad
2388 5471 2619 5530 Altaha.

695 5558 1069 5700 [Crimen-dus
1100 5576 1181 5616 an
1210 5560 1551 5634 aequivocus
1580 5561 1608 5617 ?
1636 5575 1821 5619 manu
1850 5573 1985 5617 saec.
2022 5559 2155 5615 XV.
2191 5562 2391 5616 Benno
2418 5562 2722 5618 scribitur.
2758 5578 2811 5618 v.
2845 5564 3037 5633 infra.

3410 4820 3454 4864 κ
