4002 6186
210 230 293 281 1165
920 227 1004 278 ET
1034 225 1381 281 LAMBERTI
1412 225 1993 283 ASCHAFNABURG.
2022 227 2198 284 PARS
2223 229 2499 284 ALTERA
2528 231 2855 285 GENUINA.
3489 234 3591 288 566

343 400 348 404 .
461 347 783 402 ANNALES
810 347 1474 405 HILDESHEIMENSES.
2506 351 2856 408 LAMBERTI
2893 350 3236 406 ANNALES.

262 454 551 519 Regnante
579 449 894 506 Heinricho
927 454 1009 506 12.
1044 468 1224 518 anno,
1259 453 1383 508 ind.
1423 459 1507 510 11.
1555 458 1709 510 1013.
1743 453 1834 508 in-

579 449 894 506 Heinricho
927 454 1009 506 12.
1044 468 1224 518 anno,
1259 453 1383 508 ind.
1423 459 1507 510 11.
1555 458 1709 510 1013.
1743 453 1834 508 in-
2019 457 2150 510 1013

199 537 598 596 carnacionem
631 539 865 594 Domini
895 555 999 595 rex
1028 540 1210 596 Palidi
1245 540 1490 598 feriavit.
1520 545 1728 598 Postea
1771 545 1833 598 12

200 627 306 684 Kal.
337 626 503 682 Febr.
535 627 794 697 peccatis
822 628 1137 697 agentibus
1164 630 1491 702 principale
1522 630 1815 703 templum
1848 628 2412 686 Hildineshemensis
2458 631 2719 688 ecclesia:
2749 630 2992 687 diabolo
3023 631 3165 686 insi-

193 717 370 771 diante
411 731 517 786 per
541 720 778 770 noctem
824 716 959 784 igne
993 733 1370 780 succensum,
1405 719 1508 774 sed
1543 719 1670 774 solo
1700 718 1917 774 divinae
1968 717 2366 774 miserationis
2415 720 2684 776 subsidio
2712 719 3010 788 velociter,
3043 722 3163 776 Deo

195 804 391 873 gratias
419 804 430 858 !
464 811 549 858 est
585 804 958 860 exstinctum.
993 806 1106 861 Sed
1135 807 1270 874 hoc,
1307 807 1422 862 ah!
1458 807 1571 863 ahl
1602 805 1778 861 nobis
1817 810 1998 861 restat
2028 806 2378 878 lugendum,
2406 808 2547 880 quia
2575 809 2634 863 in
2664 808 2875 864 eodem
2900 807 3158 864 incendo

190 909 311 954 cum
340 891 780 964 preciosissimo
803 893 1030 949 missali
1049 899 1403 951 ornamento
1428 893 1862 966 inexplicabilis
1879 897 1936 948 et
1953 894 2442 966 inrecuperabilis
2470 895 2640 968 copia
2661 896 2832 968 periit
2846 896 3155 955 librorum.

190 984 246 1038 Et
281 996 375 1039 rex
407 981 827 1051 purgationem
859 986 1076 1045 sanctae
1123 983 1311 1040 Mariae
1341 983 1757 1055 Parthenopoli
1804 982 1940 1051 egit.
1976 982 2116 1038 Inde
2148 983 2351 1039 Werla
2378 985 2642 1050 veniens,
2675 983 2840 1054 gravi
2870 983 3158 1053 languore

186 1074 478 1141 correptus
518 1068 1000 1140 epdomadorum
1032 1076 1061 1125 5
1091 1072 1284 1143 spatio
1315 1071 1618 1130 decubuit.
1663 1071 2048 1142 Christyanus
2078 1071 2440 1129 Pataviensis
2487 1072 2805 1143 episcopus
2847 1071 3032 1139 obiit;
3065 1072 3160 1131 cui

187 1157 516 1226 Beringerus
538 1157 666 1228 ejus
682 1157 796 1212 loci
817 1157 1082 1214 decanus
1110 1160 1417 1216 successit.
1439 1160 1836 1215 Godescalcus
1849 1159 2180 1232 presbyter,
2196 1164 2398 1218 nostra
2424 1159 2913 1230 congregacionis
2932 1175 3161 1231 praepo-

184 1246 336 1313 situs,
367 1245 514 1302 obiit
539 1251 620 1302 17.
660 1246 907 1305 Kalend.
940 1248 1214 1318 Augusti.
2743 1255 2768 1273 '

246 1419 553 1477 Heinricho
594 1425 881 1491 regnante
914 1426 974 1478 13
999 1437 1180 1491 anno,
1205 1421 1328 1478 ind.
1358 1425 1439 1478 12.
1478 1423 1630 1478 1014.
1656 1424 1822 1478 nata—
2009 1424 2160 1484 1014.
2182 1421 2492 1480 Heinricus
2512 1437 2616 1478 rex
2637 1438 2778 1487 cum
2797 1420 3156 1492 Cunigunda
3173 1421 3380 1494 regina
3395 1423 3586 1498 impe-

177 1508 286 1564 lem
321 1509 557 1565 Domini
601 1525 706 1564 rex
733 1509 907 1582 Papie
939 1511 1272 1566 celebravit.
1307 1510 1446 1566 Inde
1477 1511 1830 1566 commitatu
1938 1510 2080 1566 riale
2112 1526 2335 1567 nomen
2377 1511 2658 1584 suscepit.

174 1597 348 1667 regali
371 1601 623 1654 Romam
645 1613 922 1674 pergens,
949 1599 1272 1672 imperialis
1293 1615 1529 1656 coronae
1547 1599 1830 1656 diadema

171 1701 202 1740 a
249 1687 437 1741 sancti
468 1686 618 1742 Petri
643 1686 867 1742 vicario
899 1679 1218 1743 Benedicto
1249 1693 1297 1743 6.
1335 1687 1466 1743 Kal.
1497 1687 1729 1743 Martias
1779 1703 1918 1743 cum
1951 1687 2208 1757 generali
2257 1687 2540 1743 electione
2583 1686 2863 1758 suscepit.
2899 1687 3158 1758 Ejusque

167 1774 505 1830 contectalis
553 1775 779 1838 domna
831 1776 1185 1845 Cunigunda
1228 1776 1389 1831 idem
1438 1779 1558 1832 Deo
1608 1780 1907 1832 annuente
1951 1776 2299 1852 promeruit.
2346 1775 2436 1832 Sic
2461 1775 2786 1848 imperator
2821 1775 2917 1830 Dei
2966 1774 3157 1843 gratia

161 1861 354 1918 factus
405 1864 651 1935 Papiam
699 1863 887 1920 rediit.
935 1864 1021 1924 lbi
1051 1869 1323 1920 sanctum
1355 1866 1580 1937 pascha
1611 1865 1852 1920 feriavit.
1887 1865 2028 1920 Inde
2059 1880 2324 1937 namque
2367 1864 2732 1935 regrediens,
2765 1866 3154 1938 pentecosten

160 1951 516 2019 Babenberg
556 1951 756 2007 festive
799 1954 1042 2024 peregit.
1092 1955 1218 2018 Quo
1267 1958 1408 2009 tunc
1437 1954 1746 2030 privilegia
1780 1954 1926 2026 (336)
1957 1953 2228 2024 ejusdem
2279 1954 2392 2009 loci
2435 1969 2528 2009 res
2580 1951 2942 2009 continentia
2977 1951 3154 2024 jussit

153 2039 506 2106 inscribere,
553 2039 785 2094 ﬁrmata
824 2040 913 2094 vel
963 2040 1156 2109 sigillo
1187 2042 1329 2112 (337)
1362 2058 1466 2096 sue
1498 2041 1882 2107 auctoritatis,
1918 2045 1973 2096 et
2025 2041 2309 2096 roborata
2339 2040 2666 2114 apostolica
2715 2041 2850 2113 jure
2899 2038 3150 2100 Romani

151 2125 474 2199 pontiﬁcis,
521 2131 584 2182 ut
611 2132 809 2183 essent
847 2128 1085 2184 illorum
1134 2129 1336 2186 banno
1381 2129 1640 2199 ﬁrmata,
1674 2133 1961 2199 regnante
2007 2129 2234 2186 Christo
2262 2130 2402 2201 Regi
2431 2145 2644 2201 regum
2674 2131 2736 2186 in
2785 2133 3057 2195 eternum
3087 2133 3145 2187 et

158 2214 332 2271 ultra.

222 2393 397 2444 Anno
419 2388 586 2457 regni
609 2388 738 2460 ejus
766 2389 849 2445 l4.
875 2393 930 2444 et
947 2389 1181 2464 imperii
1202 2391 1331 2462 ejus
1351 2395 1404 2448 2.
1424 2391 1548 2446 ind.
1575 2391 1634 2448 l3
1665 2391 1796 2447 1015

2008 2391 2161 2448 1015.
2196 2395 2523 2468 Imperator
2566 2391 2646 2448 ad
2674 2390 2924 2447 Polenos
2966 2390 3114 2464 (340)
3147 2406 3285 2450 cum
3314 2390 3573 2454 exercitu

162 2476 483 2547 imperator
511 2476 882 2532 nativitatem
911 2478 1119 2534 Christi
1149 2479 1336 2534 Palidi
1361 2479 1498 2548 egit.
1531 2481 1598 2534 Et
1626 2479 1812 2534 duces
1924 2478 2089 2535 abiit.

163 2565 545 2621 Oudalricum
576 2565 937 2621 Boemiorum
968 2571 1025 2622 et
1049 2567 1409 2623 Bolizlavum
1433 2566 1816 2622 Polianorum
1997 2559 2000 2562 ’

160 2652 209 2707 in
234 2653 467 2725 pascha
502 2654 804 2722 Mersburg
830 2654 907 2710 ad
934 2670 995 2709 se
1021 2661 1306 2710 venturos
1335 2653 1769 2712 determinavit.
1804 2653 2155 2711 Oudalricus
2183 2670 2326 2710 vero
2356 2653 2452 2710 die
2483 2657 2701 2709 statuto
2733 2669 2797 2709 se
2823 2669 2934 2725 pro
2959 2652 3152 2708 crimi-

154 2742 235 2796 nis
265 2742 539 2798 accusati
567 2743 910 2798 innocentia
952 2743 1416 2815 expurgandum
1445 2743 1846 2815 prtesentavit.
1878 2745 1944 2798 Et
1967 2744 2082 2798 hoc
2111 2742 2254 2816 quia
2285 2742 2615 2798 Bolizlavus
2640 2741 2918 2812 neglexit,
2951 2741 3149 2797 estatis

154 2829 295 2886 illius
335 2837 616 2904 tempore
646 2849 785 2899 cum
816 2831 1017 2900 valida
1051 2849 1308 2894 suorum
1340 2848 1525 2890 manu
1552 2831 1880 2898 Polianiam
1909 2831 2233 2905 imperator
2261 2832 2517 2899 intravit.
2551 2835 2760 2896 Ernost
2787 2831 2912 2895 dux
2937 2847 3009 2888 ex
3039 2831 3150 2895 im-

155 2920 379 2991 proviso
404 2921 469 2975 in
513 2920 833 2977 venatione
873 2937 911 2976 a
940 2937 1050 2976 suo
1081 2920 1264 2975 milite
1292 2920 1678 2976 Adalberhdo
1729 2922 1944 2990 sagitta
1999 2936 2343 2992 percussus,
2377 2921 2700 2984 miserabili
2729 2925 2918 2978 morte
2948 2921 3142 2994 periit.

153 3009 492 3066 Lantbertus
518 3009 825 3081 praeliator
848 3009 1150 3065 occubuit.
1186 3009 1309 3064 Hoc
1336 3024 1518 3078 anno,
1545 3008 1818 3066 videlicet
1847 3009 2279 3068 Incarnationis
2315 3010 2544 3066 Domini
2571 3013 2755 3066 nostri
2778 3012 2915 3066 Jesu
2939 3010 3148 3070 Christi

157 3096 293 3152 1015.
329 3098 616 3153 Heinrico
653 3098 714 3152 12
749 3100 893 3168 (338)
921 3113 1113 3152 annos
1141 3101 1450 3166 regnante,
1495 3101 1547 3151 2.
1574 3097 1702 3167 jam
1733 3096 1834 3152 Dei
1877 3097 2067 3167 gratia
2095 3098 2447 3170 imperante,
2483 3098 2668 3172 cripta
2711 3098 2897 3154 nostri
2940 3114 3150 3156 mona-

151 3185 292 3240 sterii
321 3190 470 3257 (339)
505 3186 700 3242 indict
736 3187 816 3242 13.
852 3191 903 3242 3.
938 3186 1070 3242 Kal.
1105 3187 1340 3242 Octobr.
1371 3175 1650 3241 dedicata
1679 3190 1766 3241 est
1795 3202 1830 3241 a
1861 3187 2260 3243 Bernawardo
2303 3187 2575 3260 ejusdem
2619 3187 2880 3243 ecclesiae
2913 3202 3150 3245 venera-

149 3270 359 3329 billimo
413 3274 686 3346 presule,
744 3279 802 3330 et
852 3274 1202 3329 Thidericho
1250 3273 1901 3344 Mimigardivurdensis
1953 3273 2211 3333 ecclesiae
2261 3275 2615 3345 dignissimo
2663 3274 2940 3342 antistite,
2972 3278 3028 3334 et
3071 3274 3150 3334 ab

150 3359 478 3419 Ekkihardo
528 3362 964 3419 Slieswicensis
996 3362 1243 3418 civitatis
1273 3361 1601 3428 venerabili
1644 3361 1953 3436 episcopo,
1984 3362 2045 3418 in
2084 3363 2313 3418 honore
2346 3362 2666 3419 Salvatoris
2695 3362 2930 3418 Domini
2958 3361 3150 3417 nostri

147 3448 267 3504 Jesu
296 3451 535 3516 Christi,
592 3455 649 3506 et
678 3451 806 3522 ejus
851 3451 1153 3507 Genitricis
1183 3454 1610 3524 perpetuaeque
1674 3450 1942 3520 Virginis,
1991 3455 2046 3514 et
2076 3449 2155 3507 ad
2185 3451 2486 3522 singulare
2544 3451 2942 3532 patrocinium
2987 3449 3147 3512 beati

149 3537 477 3609 archangeli
511 3538 817 3596 Michaelis
841 3539 1152 3610 tociusque
1183 3538 1416 3594 miliciae
1446 3537 1719 3594 caelestis.
2729 3561 2734 3565 λ

205 3662 507 3732 Regnante
569 3677 641 3728 eo
676 3663 758 3735 15,
792 3666 849 3718 et
876 3661 1206 3736 imperante
1259 3666 1310 3718 3.
1342 3677 1524 3729 anno,
1556 3661 1682 3719 ind.
1720 3662 1802 3731 14.
1993 3662 2145 3724 1016.
2171 3663 2410 3727 Grando
2431 3677 2656 3734 magna
2676 3663 2802 3732 fuit,
2826 3667 2884 3721 et
2910 3662 3084 3726 multi
3112 3661 3360 3720 fulmine
3379 3659 3571 3718 exusti

155 3746 289 3806 1016.
316 3751 667 3824 imperator
716 3751 925 3820 Christi
970 3751 1296 3814 navitatem
1342 3751 1792 3807 Patherbrunne
1904 3755 2062 3816 sunt.

146 3836 468 3896 celebravit.
504 3843 744 3910 Magnae
775 3838 949 3908 mqlis
982 3839 1213 3910 grando
1261 3838 1440 3911 venit,
1473 3843 1531 3895 et
1557 3838 1800 3911 plurimi

143 3921 356 3984 fulmini
386 3927 599 3985 exusti
629 3927 950 4002 perierunt.
986 3927 1392 3997 Wigmannus
1423 3942 1627 3983 comes
1657 3930 1711 3982 2.
1745 3930 1944 3983 Nonas
1976 3926 2240 3994 octobris
2271 3932 2360 3986 est
2385 3929 2643 3988 occisus.

204 4031 348 4089 1017.
381 4034 514 4091 ind.
569 4035 651 4090 15.
683 4033 1007 4106 imperator
1053 4033 1316 4091 natalem
1345 4033 1580 4090 Domini
1607 4033 1793 4088 Palidi
1978 4034 2132 4089 1017.
2161 4034 2463 4104 Megingoz
2491 4037 2882 4090 Treverorum
2911 4030 3230 4103 episcopus
3252 4027 3400 4085 obiit
3427 4045 3440 4095 ;
3474 4026 3569 4083 cui

139 4119 255 4186 egit.
291 4123 520 4179 Eodem
558 4138 728 4180 anno
749 4138 993 4184 rursum
1016 4120 1345 4186 Polianiam
1371 4137 1511 4178 cum
1537 4120 1798 4177 exercitu
1908 4123 2113 4192 Boppo
2154 4121 2455 4176 successit.
2509 4123 2840 4192 Imperator
2886 4122 3096 4174 contra
3125 4117 3374 4174 Polenos
3417 4115 3568 4189 (341)

138 4203 373 4267 intravit.
406 4213 692 4281 Meingoz
720 4209 1092 4270 Treverensis
1124 4209 1446 4282 episcopus
1477 4209 1624 4266 obiit
1656 4227 1669 4278 ;
1702 4209 1798 4265 cui
1906 4208 2122 4265 iterum
2150 4209 2476 4274 exercitum
2505 4209 2693 4270 duxit.

137 4293 324 4370 Boppo
372 4299 703 4356 successit.
751 4297 887 4358 {Eid
916 4297 1279 4361 Misnicensis
1331 4296 1552 4370 praesul
1582 4295 1802 4354 obdor-

141 4384 328 4454 mivit;
359 4393 506 4461 post
535 4402 732 4462 quem
763 4386 1144 4442 Hildivardus
1178 4385 1554 4455 subintravit.
1587 4383 1897 4442 Diudolfus
1931 4384 2223 4458 presbiter
2249 4388 2303 4443 4.
2338 4388 2484 4444 Non.
2519 4386 2697 4458 Aug.,
2729 4385 3144 4452 Godescalcus.

143 4475 414 4542 presbiter
444 4483 508 4534 et
537 4477 816 4532 decanus
843 4481 896 4530 7.
925 4475 1053 4530 Kal.
1091 4475 1360 4531 Octobris
1392 4475 1688 4531 obierunt.

205 4582 541 4653 lmperante
575 4587 630 4636 5.
660 4581 752 4636 sui
781 4580 1014 4653 imperii
1041 4596 1203 4637 anno
1225 4579 1347 4636 ind.
1379 4581 1425 4636 1.
1457 4581 1590 4636 1018
1612 4580 1802 4653 impe-
1990 4579 2145 4637 1018.

142 4672 284 4724 rator
309 4671 591 4727 natalem
627 4669 841 4727 Christi
868 4668 1402 4737 Patherbrunnem,
1439 4670 1668 4742 pascha
1699 4669 1804 4724 Ba-

143 4751 395 4830 benberg
421 4760 570 4829 egit.
606 4757 961 4814 Heinrichus
1008 4757 1277 4814 marchio
1325 4757 1738 4830 Bajoarior-um
1790 4756 2104 4813 subitanea
2133 4761 2324 4812 morte
2354 4762 2696 4829 praeventus
2722 4757 2884 4815 obiit.
2928 4761 3008 4812 Eo
3037 4771 3140 4811 an-

143 4857 210 4899 no
251 4846 522 4906 domnus
559 4846 956 4904 Bernwardus
986 4846 1302 4934 episcopus
1330 4851 1598 4920 tempore
1621 4845 2102 4919 quadragesima}
2149 4845 2411 4916 Goslare,
2438 4851 2733 4920 praesente
2780 4847 3139 4917 imperatore

143 4946 264 4989 cum
293 4938 612 5010 episcopis
640 4935 970 5007 ceterisque
1015 4930 1182 5005 regni
1203 4930 1570 5010 primoribus
1601 4933 1814 4990 sinodo
1843 4934 2071 5002 habita,
2103 4933 2557 5003 Godescalcum,
2590 4933 2908 5009 Eggihardi
2937 4930 3138 5005 praesi-

143 5018 222 5076 dis
245 5023 456 5094 ﬁlium,
491 5029 555 5082 et
587 5024 982 5093 Gerdrudam,
1016 5015 1269 5094 Egberdi
1303 5025 1536 5081 comitis
1565 5023 1775 5093 ﬁliam,
1810 5023 2124 5097 separavit.
2153 5024 2393 5080 Maccho
2438 5023 2731 5096 presbiter
2760 5026 2812 5079 6.
2845 5020 2975 5076 Kal.
3009 5017 3137 5075 Maii

142 5108 290 5168 obiit.

225 5521 346 5594 336)
382 5519 454 5594 ῌ.
478 5517 758 5594 privileia
778 5518 1270 5594 c_orr.privi1_egia
1290 5533 1340 5573 ε.
1364 5517 1566 5594 eadem
1587 5532 1792 5573 manu.
1977 5518 2128 5594 (330)
2158 5516 2217 5594 _S.
2252 5512 2546 5594 Michaelis
2575 5512 3208 5594 Hildenesheimensis.

226 5585 346 5661 337)
376 5585 707 5662 Sighaculo
735 5592 874 5648 add.
907 5585 1003 5648 vel
1033 5585 1224 5662 sigillo
1270 5590 1478 5658 eadem.
1501 5604 1706 5646 manu.
1977 5585 2127 5662 (340)
2158 5585 2500 5662 L._polonos
2530 5585 2664 5662 1.0.
2693 5587 2781 5644 ed.
2816 5585 2882 5642 II.

229 5657 352 5725 338)
382 5657 542 5734 Lége
574 5659 720 5719 XIV.
1091 5657 1118 5662 ⁷
1165 5667 1170 5670 ’
1973 5657 2121 5733 (341)
2149 5657 2405 5718 Polonos
2435 5661 2487 5716 6.
2520 5657 2593 5717 ed
2622 5661 2686 5716 II.
