4002 6186
414 244 514 295 567
1337 235 1589 291 ANNAL.
1625 232 2070 289 HILDESHEIM.
2107 225 2458 295 QUEDLINB
2488 226 2884 284 WEISSEMB.
3740 220 3851 275 568

710 357 1049 413 ANNALES.
1084 356 1756 413 HILDESHEIMENSES.
2637 348 2980 405 LAMBEBTI
3024 344 3369 401 ANNALES.

485 466 818 536 Imperante
862 460 1136 518 Heinrico
1175 465 1226 517 6.
1262 461 1352 516 sui
1382 459 1614 533 imperii
1644 475 1827 529 anno,
1850 457 1974 513 ind.
2008 460 2063 511 2.
2252 453 2406 510 1019.
2438 458 2762 526 Imperator
2808 467 3033 525 papam
3058 449 3410 519 Babenberg
3439 446 3709 520 suscepit
3735 446 3854 503 ho-

417 554 569 609 1019.
603 551 931 624 imperator
959 550 1224 607 natalem
1260 550 1492 606 Domini
1527 548 1880 617 Werziburg
1920 544 2072 601 celc-
2184 542 2378 617 spitio.

412 639 643 706 bravit;
674 642 883 711 postea
927 654 1069 696 cum
1098 639 1358 695 exercitu
1402 642 1610 694 contra
1660 633 2070 692 Bernhardum

410 728 628 783 ducem
655 726 733 782 ad
765 726 1077 783 castellum
1123 725 1487 793 Scalcaburg
1522 725 1797 796 perrexit,
1830 720 2055 793 ibique,
2088 721 2208 775 Deo
2241 717 2496 789 gratias!
2532 718 2737 773 omnia
2781 716 2843 773 iu
2892 732 3039 789 pace
3087 714 3406 772 constituit.

413 820 494 872 Eo
525 830 688 875 anno
718 815 780 869 in
808 816 1042 888 pascha
1070 831 1294 888 papam
1320 814 1394 869 de
1426 816 1615 869 Roma
1642 809 2012 878 Bavemberg
2042 808 2313 880 hospicio
2345 806 2626 880 suscepit.

492 923 642 977 1020.
675 920 799 976 ind.
831 925 882 977 3.
917 921 1244 993 imperator
1282 918 1653 974 nativitatem
1685 915 1920 972 Domini
1953 915 2066 970 Ha-
2252 914 2405 969 1020.
2481 911 2825 968 Heribertus
2889 909 3259 968 Coloniensis
3329 907 3854 981 archiepiscopus,

414 1010 695 1066 mersteiu
721 1009 856 1078 egit.
891 1009 1274 1064 Heriberhtns
1305 1007 1792 1079 archiepisc0pus
1820 1003 2072 1061 Coloniae
2182 1002 2345 1067 obiit,
2371 1001 2465 1056 cui
2482 1000 2806 1070 Pilegriuus
2828 997 3127 1055 successit.
3159 996 3572 1053 Erkenbaldus
3595 998 3855 1065 Mogon-

413 1097 730 1154 mortalem
753 1097 937 1154 vitam
973 1097 1054 1152 17.
1078 1095 1208 1151 Kal.
1239 1095 1452 1168 Aprilis
1480 1095 1541 1150 in
1573 1093 1905 1163 angelicam
1935 1108 2068 1146 mu-
2180 1090 2273 1145 tiae
2303 1082 2451 1162 (344)
2482 1089 2971 1161 archiepiscopus
2997 1086 3171 1153 obiit;
3195 1084 3291 1141 cui
3321 1084 3501 1140 Aribo
3525 1082 3853 1140 successit.

412 1186 578 1254 tavit;
596 1187 659 1241 in
676 1187 768 1256 euj
780 1202 849 1240 us
863 1186 1065 1241 locum
1088 1185 1420 1254 Biligrimus
1437 1181 1811 1239 subintravit.
1836 1180 2071 1235 Erkem-

414 1274 634 1331 baldus
662 1273 973 1344 Mogontiae
1004 1271 1498 1345 metropolitanus
1554 1271 1634 1326 15.
1687 1269 1816 1325 Kal.
1872 1267 2234 1339 Septembris
2286 1266 2630 1337 sustollitur,
2676 1270 2816 1338 post
2852 1280 3034 1339 quem
3079 1263 3281 1333 Aribo,
3328 1261 3419 1317 vir

420 1367 642 1419 sanctae
670 1362 931 1418 ecclesiae
957 1360 1440 1435 probatissimus,
1469 1358 1864 1414 substituitur.
2608 1367 2615 1375 â€˜

488 1474 659 1526 Anno
704 1467 937 1535 imperii
966 1466 1216 1522 Heinrici
1258 1470 1310 1521 8.
1353 1465 1477 1520 iud.
1509 1468 1562 1519 4.
1618 1464 1768 1519 1021.
1802 1463 2074 1518 iuearna-
2260 1461 2413 1516 1021.
2451 1464 2665 1530 Ingens
2697 1464 2866 1515 terrae
2894 1462 3093 1514 motus
3114 1458 3305 1514 factus
3337 1455 3508 1512 estin
3541 1454 3852 1526 Bajoaria.

419 1558 645 1613 tionem
692 1556 923 1612 Domini
977 1556 1301 1627 imperator
1345 1552 1770 1621 Regeuesburg
1821 1550 2069 1606 feriavit.

418 1645 634 1716 Ingens
663 1652 810 1700 terre
852 1648 1052 1699 motus
1078 1643 1140 1698 in
1172 1641 1461 1712 Bajoariae
1505 1639 1774 1712 partibus
1804 1643 1856 1694 4.
1895 1638 1975 1694 1d.
2028 1638 2177 1706 Maii,
2223 1637 2373 1693 hora
2406 1636 2489 1705 10,
2522 1635 2659 1702 diei,
2700 1635 2845 1691 feria
2869 1638 2921 1692 6.
2957 1640 3097 1707 post
3121 1633 3415 1689 ascensio-

419 1750 561 1790 nem
590 1732 824 1789 Domini
856 1732 1132 1801 contegit.

500 1837 734 1911 lmperii
774 1853 935 1892 anno
975 1842 1026 1903 9,
1061 1835 1182 1891 iud.
1232 1841 1282 1891 5.
1332 1836 1484 1891 1022.
1534 1833 1796 1890 natalem
1838 1833 2070 1889 Domini
2255 1833 2409 1887 1022.
2435 1832 2858 1901 (3i5)Domnus
2877 1828 3275 1884 Bernwardus
3298 1826 3851 1882 Hildenesheimen-

423 1928 748 1998 imperator
786 1924 1175 1979 Thorneburh
1213 1923 1455 1995 quievit.
1501 1922 1846 1978 Thiedricus
1888 1921 2071 1977 Mimi-
2182 1921 2262 1975 sis
2316 1919 2634 1991 episcopus
2680 1918 2827 1974 obiit
2856 1918 2963 1985 [12.
2992 1917 3122 1972 Kal.
3153 1915 3490 1972 Decembris
3520 1919 3575 1971 4.
3603 1915 3721 1986 5.];
3754 1915 3853 1970 cui

424 2011 903 2084 gardivordensis
935 2011 1255 2084 episcopus
1291 2015 1373 2066 10.
1409 2011 1539 2066 Kal.
1572 2012 1735 2066 Febr.
1771 2009 1951 2073 obiit;
1983 2026 2078 2064 eul
2184 2008 2334 2079 (346)
2366 2007 2747 2063 Gotheardus
2774 2006 2987 2062 Altalia
3016 2004 3208 2061 abbas
3241 2004 3557 2060 succcessit
3585 2003 3664 2074 [4.
3697 2005 3846 2059 Non.

427 2100 736 2171 Sigifridus
755 2099 1354 2172 Parthenopolitauus
1379 2099 1570 2154 abbas
1595 2098 1895 2154 successit.
1921 2098 2086 2153 Thie-
2195 2095 2535 2152 Decembris
2565 2095 2876 2151 ordinatus
2907 2097 2959 2150 4.
2994 2095 3073 2165 6.]

424 2189 625 2244 dricus
672 2187 988 2245 Mindensis
1014 2187 1236 2259 praesul
1285 2187 1367 2243 ll.
1413 2187 1543 2243 Kal.
1578 2191 1739 2243 Mart.
1787 2186 2077 2241 discessit.

424 2280 562 2332 Post
587 2292 771 2349 quem
814 2275 1183 2343 Alberichus,
1216 2275 1491 2346 ejusdem
1530 2275 1644 2330 loci
1691 2274 2069 2347 przepositus,
2102 2276 2191 2328 est
2231 2271 2471 2342 electus,
2522 2271 2626 2327 sed
2674 2276 2864 2327 morte
2913 2274 3255 2344 praeventus
3304 2286 3415 2325 uec

426 2364 935 2421 consecrationem
966 2363 1210 2435 accepit,
1259 2379 1369 2419 uec
1417 2364 1479 2419 in
1508 2363 1856 2419 cathedram
1881 2360 2170 2435 pervenit.
2205 2358 2591 2428 Sigiberhdus
2649 2374 2791 2415 vero
2843 2359 2905 2414 in
2952 2358 3409 2430 epischopatum

425 2454 684 2510 intravit.
716 2456 982 2509 Domnus
1012 2451 1409 2508 Bernwardus
1436 2449 2119 2507 Hildenesheimensium
2147 2447 2503 2505 venerabilis
2534 2447 2777 2504 antistes
2814 2448 2894 2515 12,
2915 2446 3045 2502 Kal.
3081 2446 3420 2502 Decembris

429 2543 509 2599 ad
540 2543 837 2600 Christum
867 2540 1147 2611 migravit
1171 2557 1183 2595 :

1356 2664 1461 2721 Cui
1493 2667 1645 2721 Deus
1675 2664 1857 2721 eterui
1890 2665 2123 2737 praestet
2146 2661 2445 2719 consortia
2474 2663 2673 2731 regni,

1498 2754 1710 2810 Vivens
1740 2769 1875 2810 arce
1905 2750 2027 2825 poli
2053 2751 2125 2808 sit
2153 2750 2350 2807 socius
2384 2749 2600 2806 Lazari.
2636 2750 2844 2805 Amen.

430 2879 497 2932 In
529 2877 702 2947 cujus
729 2874 862 2931 loco
887 2875 1182 2931 domuum
1209 2876 1653 2945 Godehardum,
1688 2874 2159 2933 Herfeldeusium
2180 2878 2236 2931 et
2258 2874 2669 2931 Altahensium
2691 2873 2859 2948 prius
2886 2871 3191 2943 abbatem,
3216 2874 3423 2928 saneta

431 2964 679 3019 ecclesia
706 2962 821 3017 sibi
852 2961 1095 3034 suisque
1120 2963 1337 3020 utiliter
1363 2964 1729 3033 subrogavit.

505 3068 625 3122 Hoc
654 3066 800 3139 (342)
848 3082 1028 3135 anno,
1078 3068 1349 3125 videlicet
1400 3069 1762 3142 incorporati
1821 3070 1979 3126 verbi
2032 3072 2183 3127 1022.
2217 3070 2387 3140 regni
2428 3086 2569 3127 vero
2612 3069 2865 3127 Heinrici
2911 3067 3286 3143 imperatoris
3334 3069 3422 3125 21.

431 3154 800 3211 ordinatione
829 3159 1031 3212 autem
1073 3156 1281 3213 domui
1312 3158 1651 3214 Beruwardi
1678 3160 1857 3231 hujus
1888 3159 2150 3215 ecclesiae
2182 3159 2435 3233 presulis
2466 3158 2788 3215 venerandi
2816 3160 2903 3215 31.
2932 3158 3265 3214 iudiccione
3296 3164 3348 3214 5.
3369 3163 3419 3213 3.

433 3242 566 3299 Kal.
602 3244 893 3315 Octobris,
924 3244 1107 3316 hujus
1150 3246 1496 3303 monasterii
1527 3249 1852 3303 oratorium
1884 3264 1920 3304 a
1950 3248 2199 3321 praefato
2231 3248 2485 3304 antistite
2516 3265 2655 3303 cum
2687 3264 2925 3304 summo
2955 3247 3187 3303 decoris
3207 3247 3426 3302 studio

431 3332 510 3389 ad
534 3333 841 3390 utilitatem
890 3335 1294 3391 monacchicae
1321 3335 1456 3391 vitae
1483 3342 1891 3392 constructum
1940 3335 2099 3393 foras
2146 3353 2352 3392 muros
2397 3336 2985 3392 Hildinesheimensis
3027 3334 3191 3391 urbis
3225 3335 3424 3401 situm,

433 3421 778 3477 dedicatum
808 3426 914 3488 est,
947 3423 1192 3494 insuper
1222 3439 1361 3477 cum
1386 3424 1553 3478 omni
1574 3424 1901 3479 devocione
1928 3423 2338 3479 ecclesiasticae
2364 3422 2666 3493 religionis
2694 3429 3129 3491 consecratum,
3158 3424 3219 3479 in
3245 3425 3430 3479 hono-

431 3526 496 3565 re
521 3510 840 3565 Salvatoris
868 3510 1101 3565 Domini
1132 3511 1317 3566 nostri
1346 3514 1484 3567 Jesu
1514 3512 1723 3567 Christi
1754 3518 1810 3567 et
1838 3513 1967 3583 ejus
1999 3513 2303 3568 Genitricis
2335 3528 2689 3585 semperque
2721 3514 2971 3585 Virginis
2999 3513 3210 3583 Mariae,
3238 3529 3308 3569 ac
3334 3529 3427 3569 sa-

434 3597 650 3652 lutiferi
694 3597 834 3666 ligni
891 3598 1219 3653 adorandae
1249 3604 1306 3655 et
1359 3600 1605 3655 vivitieaa
1633 3601 1845 3670 crucis,
1899 3606 1956 3656 et
2011 3602 2090 3656 ad
2139 3601 2393 3674 speciale
2447 3602 2847 3674 patrocinium
2905 3603 3088 3659 sancti
3139 3601 3430 3659 Michaelis

436 3685 801 3753 archangeli,
828 3685 1132 3758 totiusque
1176 3686 1408 3742 miliciaa
1438 3689 1589 3756 coeli,
1622 3693 1680 3744 et
1701 3690 1780 3745 ad
1808 3689 2051 3745 laudem
2080 3690 2489 3746 veneracionis
2538 3691 2812 3747 omnium
2843 3696 3191 3748 sanctorum
3244 3691 3366 3761 Dei,
3396 3706 3433 3746 a

434 3773 781 3829 venerando
810 3773 1083 3844 ejusdem
1110 3774 1353 3831 ecclesie
1384 3776 1690 3848 provisore
1723 3776 2088 3845 Beruvardo,
2116 3782 2173 3833 et
2201 3778 2278 3833 ab
2309 3778 2646 3835 honorabili
2678 3782 2980 3836 Unewano
3011 3777 3431 3852 archipraesule

438 3862 951 3934 Hamaburgeusis
975 3862 1260 3931 ecclesiae,
1287 3865 1367 3921 ab
1399 3865 1739 3922 Ekkihardo
1768 3882 2012 3939 quoque
2041 3866 2441 3924 Sliesvieceusi
2473 3869 2776 3941 episcopo,
2812 3869 2890 3925 ab
2917 3870 3263 3925 Beruhardo
3291 3868 3431 3939 (343)

437 3951 685 4024 quidem
715 3952 1223 4024 Aldenburgeusis
1249 3954 1513 4011 ecclesiae
1536 3955 2020 4012 reverentissimo
2050 3957 2327 4025 antistite,
2366 3958 2441 4012 ad
2471 3957 2886 4014 ecclesiasticae
2920 3959 3085 4031 pacis
3115 3958 3429 4013 munimen

440 4045 497 4095 et
525 4040 599 4096 ad
624 4041 1069 4099 christiauitatis
1100 4043 1352 4100 salutem
1379 4049 1437 4100 et
1462 4044 1893 4102 defensionem.
1929 4046 1997 4101 Et
2022 4046 2082 4101 in
2108 4051 2339 4102 tantum
2371 4046 2580 4118 predia
2609 4051 2667 4103 et
2710 4063 2804 4103 res
2847 4048 3060 4103 eodem
3084 4046 3218 4102 loco
3256 4046 3433 4119 perti-

441 4128 642 4183 nentia
671 4134 810 4184 sunt
832 4131 1037 4187 banno
1063 4134 1431 4191 auctoritatis
1459 4151 1670 4190 eorum
1702 4135 1981 4207 stabilita,
2014 4139 2081 4192 ut
2105 4135 2153 4191 si
2183 4136 2319 4209 quis
2350 4136 2488 4192 inde
2528 4137 2588 4192 vi
2617 4142 2723 4193 aut
2750 4144 2961 4209 sponte
2991 4135 3195 4208 aliqua
3225 4134 3439 4208 diripe-

441 4216 549 4279 ret,
567 4220 866 4309 perpetua
888 4218 1287 4309 damnacioue
1336 4222 1691 4293 subjaeeret,
1723 4228 1780 4279 et
1818 4228 2106 4296 perpetuo
2154 4224 2534 4280 anathemate
2582 4224 2925 4289 damnatus,
2967 4228 3024 4280 et
3052 4224 3126 4280 de
3168 4229 3324 4280 terra
3354 4224 3437 4278 vi-

442 4302 721 4367 ventium~
738 4302 1024 4371 delectus,
1052 4306 1158 4377 qui
1184 4308 1323 4364 huic
1350 4309 1485 4366 loco
1514 4315 1752 4368 essetin
1776 4311 1982 4384 aliquo
2011 4312 2309 4369 obnoxius
2333 4317 2391 4368 et
2415 4314 2766 4370 contrarius.
2804 4313 2945 4382 Fiat,
2972 4311 3096 4383 ï¬at,
3125 4312 3248 4369 ï¬at.

1228 4429 1353 4486 Hoc
1378 4430 1484 4488 ï¬at
1510 4448 1722 4488 verum
1755 4433 1982 4490 Christo
2009 4438 2292 4506 regnante
2327 4450 2430 4507 per
2459 4451 2658 4492 evum.

517 4546 631 4602 Sed
659 4562 802 4603 mox
829 4547 1102 4619 ejusdem
1145 4551 1495 4608 monasterii
1532 4554 1947 4612 habitaculum
1976 4555 2335 4614 comisssum
2364 4563 2457 4614 est
2486 4558 2566 4615 ad
2594 4558 2929 4629 regendum
2972 4559 3211 4616 abbatis
3236 4558 3435 4616 ofï¬cio

447 4635 848 4707 Goderamuo,
879 4636 1115 4694 ceuobii
1145 4639 1335 4725 sancti
1362 4641 1737 4699 Pautaleouis
1768 4645 2091 4719 preposito.

1230 4763 1401 4829 Quod
1425 4762 1522 4836 pie
1549 4780 1694 4821 nam
1722 4766 1873 4823 rexit
1899 4766 2016 4825 hoc
2044 4769 2276 4826 mundo
2303 4770 2601 4843 quamdiu
2625 4770 2790 4826 vixit.

524 4883 679 4940 1023.
706 4882 830 4940 ind.
864 4888 916 4942 6.
948 4885 1274 4958 Mersiburg
1313 4887 1639 4961 imperator
1665 4890 1877 4948 Christi
1906 4891 2097 4949 iucar-
2281 4894 2437 4951 1023.
2463 4896 2611 4950 Gero
2642 4894 2960 4968 episcopus
2986 4893 3556 4966 Madagaburgensis
3580 4892 3756 4963 obiit;
3779 4891 3869 4950 cui

446 4971 754 5031 nationem
779 4973 1121 5032 solemm'tcr
1146 4976 1485 5037 celebravit.
1518 4980 1667 5039 Gero
1696 4982 2096 5057 Parthenopo-
2205 4983 2532 5041 Hunfridus
2559 4984 2865 5041 successit.
2895 4986 3113 5042 Branto
3144 4984 3334 5041 abbas
3356 4983 3503 5056 (347)
3559 4981 3874 5039 Fuldensis

696 5424 865 5518 á¼“Î½,
884 5430 1010 5518 Î¹á½²Î¹á¿–á½±
1038 5448 1290 5518 mamâ€œ.
1316 5507 1330 5518 _
1708 5513 1816 5518 ,Î·-
1875 5513 1910 5518 _
2229 5510 2248 5518 Î·
2286 5439 2431 5518 (345)
2468 5441 2686 5518 Î Î±á¿–Ï‚-2
2718 5446 2805 5502 ita
2842 5430 3033 5518 liabet
3056 5459 3079 5500 :
3129 5438 3505 5503 Gotehardus
3552 5436 3877 5512 episcopus

700 5495 817 5583 Bc:
852 5514 866 5553 :
896 5516 910 5552 :
944 5516 956 5555 :
986 5517 998 5557 :
1028 5518 1042 5557 :
1073 5520 1086 5560 :
1114 5521 1128 5562 :
1188 5507 1434 5583 quidem
1464 5524 1476 5538 Â°
1532 5525 1664 5573 saec.
1697 5513 1828 5572 XV.
1873 5513 2108 5568 Î’Ïá½»ÎºÎ·-
2222 5495 3024 5573 á¼´Îµá½¸á¿‘Ï…á½³Î¸á¾¶á¾šá¿¦á¿–á½¶Î¸á¾˜Î¾Îµá¿†á¼’á¿–á½¦Î¾

447 5567 876 5663 Î Î¸Î¹Î¾á¿–á¼¤á½·á¿–Î·Ï„á¾³á¼šâ¶
897 5643 911 5663 Î¹
1206 5567 1229 5583 Î¿
1277 5567 1280 5568 Î½
1352 5567 1356 5571 á¼¼
1624 5567 1630 5573 á¼¶
1699 5567 1704 5568 7
1735 5567 1749 5570 Î³
1779 5567 1784 5569 ï¬
1815 5567 1826 5572 Î½
1959 5567 1962 5568 Î½
2284 5584 2432 5663 Ï‚á¾·á½·Î¾Î²)
2453 5567 3206 5663 cm_Â§3Â§&i&;â€”db?h5ardus
3232 5582 3516 5641 successit
3544 5584 3599 5641 3.

518 5632 665 5707 (3'44)
693 5640 858 5696 Deest
896 5643 940 5700 1.

2280 5632 2431 5719 (iiii
2455 5632 2843 5719 á¾¹á¿–á½·á¿—á¾¶á¼“á½³á¼€á¿†á¼±
2870 5632 2921 5716 Îž.

2235 5745 2248 5755 Îµ
