4002 6186
235 178 327 230 569
930 178 1016 232 ET
1053 134 1400 234 LAMBERTI
1437 177 2024 236 ASCHAFNABURG.
2066 175 2246 232 ruis
2286 178 2564 233 ALTERA
2602 177 2935 234 GENUINA.
3537 180 3642 234 570

525 300 846 356 ANNALES
893 301 1556 360 HILDESHEIMENSES.
2448 303 2792 358 LAMBERTI
2835 301 3175 358 ANNALES.

226 385 433 441 litanus
465 387 850 459 archipraesul
879 389 1042 444 obiit.
1096 391 1200 446 Cui
1245 392 1617 458 Hunfrithus,
1657 391 1744 446 vir
1768 405 1875 462 per
1981 389 2296 462 episcopus
2340 389 2530 445 factus
2583 395 2674 445 est
2725 388 3253 455 Halberstatensis;
3308 387 3637 447 Richardus

226 474 419 530 omnia
469 475 543 530 ad
601 492 779 532 usum
823 483 1026 534 sancte
1075 479 1336 536 ecclesiae
1386 480 1871 553 probatissimus,
1981 479 2124 549 (353)
2156 478 2343 534 factus
2369 483 2456 534 est
2486 478 2681 534 abbas
2707 477 3039 533 Fuldensis.

227 565 519 620 successit.
535 565 813 622 Arnolqu
831 567 1329 624 Halberstatensis
1346 570 1668 643 episcopus
1690 568 1836 624 obiit
1856 586 1868 636 ;

225 653 314 707 cui
343 653 646 724 Branthog
676 655 1057 713 Fuldensium
1079 657 1223 713 olim
1256 658 1450 715 abbas
1479 657 1785 714 successit.
1821 655 2196 712 Bernhardus
2226 655 2373 726 (348)
2403 654 2946 724 Haldenburgensis
2969 653 3215 709 antistes

222 741 586 810 abstollitur;
621 749 755 815 post
782 761 964 816 quem
994 746 1315 802 Reinoldus
1345 746 1729 802 subinfertur.
1766 748 2032 800 Domnus
2064 743 2456 800 Godehardus
2486 745 2684 817 prima
2710 748 2848 816 post
2878 742 3213 799 ordinacio—

221 845 353 884 nem
384 847 561 886 suam
585 819 782 888 aestati
813 833 1132 904 pulchrum
1165 836 1602 891 monasterium
1632 834 1694 889 in
1727 833 1975 890 australi
2001 834 2150 903 (349)
2181 836 2348 904 parte
2378 832 2726 905 principalis
2764 837 2980 888 nostraa
3025 830 3211 887 eccle-

223 918 318 972 siae
346 918 674 975 honoriﬁce
700 920 1008 976 fundendo
1035 923 1352 978 inchoavit.
1388 923 1788 979 Wolframnus
1817 921 1893 977 de
1936 921 2150 978 eadem
2194 921 2665 990 congregacione
2723 921 2939 977 electus
2991 920 3217 976 domno

222 1005 570 1062 Godehardo
601 1008 902 1064 successit.
937 1009 1243 1065 Liudolfus
1270 1026 1474 1066 comes
1505 1009 1669 1066 obiit.

289 1160 442 1212 1024.
483 1157 608 1214 ind.
643 1165 671 1214 7
719 1159 1066 1215 Heinrichus
1117 1160 1445 1234 imperator
1501 1163 1870 1222 nativitatem
2055 1165 2210 1217 1024.
2255 1161 2566 1216 Heinricus
2598 1160 2902 1216 secundus
2929 1176 3033 1216 rex
3078 1160 3402 1232 imperator
3449 1157 3636 1224 obiit;

219 1245 417 1301 Christi
450 1246 818 1318 Babenberg,
854 1249 1082 1320 pascha
1123 1251 1562 1324 Parthenopoli,
1589 1257 1868 1325 penteco-
1980 1251 2076 1307 cui
2104 1251 2392 1307 successit
2424 1251 2800 1307 Cuonradus.

217 1337 339 1388 sten
369 1351 511 1391 vero
533 1336 772 1392 Goslare
798 1337 1124 1393 honoriﬁce
1157 1339 1491 1395 celebravit.
1524 1341 1632 1406 Qui
1664 1345 1873 1412 postea

217 1424 409 1478 Gruna
433 1424 610 1492 venit,
639 1429 696 1480 et
720 1423 801 1479 ibi
831 1424 1120 1494 languore
1153 1432 1459 1500 correptus
1488 1429 1774 1485 decubuit
1803 1447 1816 1484 :
1851 1434 1908 1484 et
1932 1445 2072 1484 cum
2096 1429 2273 1484 totius
2303 1427 2472 1496 regni
2509 1443 2760 1489 merore,
2804 1427 2881 1481 ah
2914 1426 2926 1481 l
2989 1425 3066 1480 ah
3093 1426 3105 1480 ι
3165 1430 3217 1480 3.

217 1509 348 1565 ldus
375 1511 507 1567 Julii
537 1513 846 1570 hominem
876 1514 1172 1586 deposuit.
1209 1514 1323 1573 Sed
1353 1521 1420 1572 22
1453 1518 1648 1587 annis,
1677 1517 2035 1590 epdomadis
2067 1523 2097 1571 5
2123 1522 2180 1572 et
2208 1521 2255 1572 1.
2289 1515 2450 1571 diem
2489 1515 2778 1584 regnavit.
2828 1514 3042 1570 Anima
3091 1515 3221 1584 ejus

215 1599 548 1670 requiescat
577 1601 639 1656 in
670 1617 840 1672 pace.

693 1718 795 1770 Det
825 1717 975 1787 (350)
1001 1717 1270 1789 requiem
1296 1719 1518 1790 anime,
1544 1721 1647 1792 qui
1678 1725 1894 1776 cuncta
1920 1720 2216 1788 gubernat
2257 1717 2482 1790 ubique
2517 1717 2529 1771 ι

282 1802 434 1857 Huic
460 1819 726 1876 namque
753 1808 804 1859 6.
835 1803 973 1858 Idus
1003 1807 1364 1877 Septembris
1397 1809 1750 1865 Cuonradus
1773 1824 2026 1878 regnum
2076 1807 2451 1862 subintravit.
2514 1805 2720 1862 Senior
2771 1809 2974 1860 noster
3021 1804 3214 1860 Gode-

207 1890 442 1946 bardus
473 1897 700 1947 curtem
725 1908 898 1948 suam
928 1894 1007 1949 ad
1035 1894 1385 1952 orientalem
1441 1903 1674 1969 partem
1729 1902 1944 1953 nostrae
1986 1897 2258 1965 civitatis,
2312 1896 2374 1951 in
2421 1895 2555 1950 loco
2613 1895 2718 1966 qui
2777 1894 2992 1949 dicitur
3045 1892 3217 1950 Sulza

208 1977 546 2036 fabricavit.

284 2131 444 2184 1025.
499 2129 624 2185 ind.
677 2133 727 2185 8.
786 2133 1141 2190 Cuonradus
1196 2151 1298 2192 rex
1347 2136 1609 2192 natalem
1662 2136 1873 2192 Christi
2058 2141 2214 2192 1025.

206 2215 403 2272 Mindo
461 2234 600 2273 cum
649 2219 871 2290 ingenti
927 2223 1115 2290 gloria
1172 2229 1227 2279 et
1280 2224 1473 2280 leticia
1509 2226 1757 2296 peregit.
1793 2225 1873 2280 lbi

212 2304 388 2359 etiam
414 2304 724 2376 plurimos,
753 2310 856 2380 qui
887 2311 1165 2382 przedicte
1200 2312 1329 2382 ejus
1360 2312 1630 2368 electioni
1668 2329 1792 2368 non
1822 2313 2164 2378 intererant,
2193 2314 2404 2369 obvios
2433 2312 2663 2376 habuit,
2715 2326 3048 2381 omnesque
3098 2308 3213 2365 sibi

212 2391 460 2448 devotos
492 2393 550 2448 in
580 2396 832 2464 gratiam
860 2399 1096 2470 recepit.
1150 2401 1377 2456 Pascha
1419 2418 1562 2456 vero
1609 2402 2030 2470 Regenesburh
2091 2402 2430 2458 celebravit.
2495 2404 2761 2456 Domnus
2818 2397 3211 2452 Godehardus

215 2485 477 2537 montem
507 2485 836 2556 spetiosum
864 2487 924 2542 in
954 2488 1305 2545 occidentali
1335 2495 1503 2562 parte
1535 2491 1787 2546 civitatis
1820 2494 2020 2546 nostre
2065 2491 2322 2547 incolere
2368 2490 2542 2561 cepit,
2598 2504 2782 2560 quem
2810 2491 3017 2559 postea
3049 2486 3216 2540 titulo

218 2585 281 2625 ac
311 2571 547 2627 nomini
577 2574 766 2629 sancti
805 2575 1057 2631 Mauricii
1082 2578 1306 2633 summi
1336 2578 1426 2633 sui
1458 2578 1695 2650 patroni
1725 2578 2042 2635 dedicavit.

280 2725 412 2779 1026
443 2724 624 2795 (351).
656 2725 782 2782 ind.
810 2731 863 2782 9.
898 2728 1252 2783 Cuonradus
1283 2745 1385 2784 rex
1419 2729 1683 2784 natalem
1715 2729 1876 2786 Chri-
2061 2731 2216 2783 1026.

215 2810 279 2865 sti
309 2811 623 2883 Lindburg
647 2813 952 2870 celebriter
981 2815 1231 2871 feriavit.
1252 2815 1689 2872 Wolframmus
1722 2816 1878 2873 Alta-

213 2899 403 2954 hensis
433 2900 632 2956 abbas
661 2902 824 2957 obiit.
860 2904 1042 2974 Cujus
1082 2905 1140 2959 in
1171 2903 1371 2960 locum
1403 2906 1776 2960 Ratmundus
1798 2908 1884 2961 est
1914 2904 2159 2974 electus,
2183 2908 2239 2959 et
2269 2902 2369 2959 Dei
2395 2901 2587 2973 gratia
2613 2902 3013 2956 consecratus.
3045 2899 3215 2954 Pater

214 2987 600 3045 Godehardus
630 2991 743 3047 hoc
761 3007 923 3046 anno
955 2992 1309 3064 praedictum
1338 3010 1567 3050 novum
1595 2998 1870 3050 nostrum
1901 2993 2342 3050 monasterium
2372 2991 2432 3046 in
2480 2989 2835 3046 occidentali
2885 2992 3050 3062 parte
3101 3004 3210 3043 no-

217 3081 340 3131 strae
367 3078 723 3150 principalis
757 3081 1020 3136 ecclesiae
1056 3086 1140 3136 17.
1170 3081 1301 3136 Kal.
1334 3082 1696 3154 Septembris
1727 3090 1789 3137 1n
1819 3083 2048 3138 honore
2078 3079 2400 3153 passionis,
2448 3077 2952 3140 ressurrectionis,
3003 3092 3213 3131 ascen-

216 3165 385 3221 sionis
409 3168 628 3223 Christi
655 3167 1019 3224 sollemniter
1041 3171 1427 3227 consecravit.
1465 3171 1841 3227 Ekkihardus
1869 3169 2272 3228 Sliesvicensis
2299 3168 2618 3240 episcopus
2657 3166 2817 3220 obiit.
2855 3164 2958 3219 Cui
2993 3163 3210 3220 Rodul-

220 3253 323 3322 fus,
349 3255 421 3311 de
454 3255 800 3312 Coloniensi
831 3257 987 3312 clero
1019 3257 1262 3326 electus,
1297 3259 1602 3314 successit.

284 3411 433 3463 1027.
461 3408 596 3463 ind.
635 3412 718 3463 10.
754 3409 1105 3464 Cuonradus
1133 3425 1236 3464 rex
1280 3410 1340 3464 in
1392 3410 1620 3483 pascha
1670 3413 1870 3465 Romae
2055 3413 2211 3464 1027.
2255 3405 2608 3463 Cuonradus
2659 3420 2762 3459 rex
2827 3403 3151 3475 imperator
3202 3399 3394 3455 factus
3447 3398 3540 3452 est
3585 3393 3648 3449 in

217 3495 535 3567 imperator
571 3498 761 3553 factus
793 3502 898 3552 est.
948 3501 1013 3553 Et
1048 3498 1206 3553 ﬁlius
1239 3499 1368 3570 ejus
1425 3500 1727 3554 Heinricus
1771 3516 1875 3554 rex
1981 3497 2226 3570 pascha.
2261 3495 2660 3557 Gevehardus,
2718 3493 2897 3548 frater
2952 3488 3350 3563 imperatoris,
3403 3488 3648 3542 coactus

218 3583 330 3639 dux
387 3585 642 3656 Bajaria:
691 3603 819 3641 esse
879 3586 1051 3659 cepit.
1117 3587 1373 3644 Sinodus
1448 3588 1742 3658 generalis
1813 3588 1874 3643 in
1982 3591 2068 3641 est
2099 3602 2170 3641 ex
2201 3584 2352 3640 laico
2382 3583 2629 3639 clericus
2655 3581 2800 3637 ﬁeri.

223 3675 702 3732 Franconovurdi
731 3676 1152 3748 episcoporum
1190 3682 1275 3731 22.
1328 3682 1618 3748 praesente
1678 3680 1873 3734 Cuon-

219 3763 353 3817 rado
383 3765 775 3838 imperatore,
793 3764 852 3818 in
880 3781 1002 3836 qua
1032 3766 1294 3820 domnus
1323 3765 1716 3821 Godehardus
1747 3763 2036 3820 diocesim
2062 3778 2235 3819 suam
2265 3775 2446 3833 super
2473 3759 3027 3815 Gandeshemensse
3058 3757 3220 3811 terri-

221 3853 422 3909 torium
454 3853 751 3909 canonice
783 3853 1039 3920 retinuit,
1094 3854 1432 3909 testimonio
1485 3862 1514 3909 τ
1567 3853 2012 3926 episcoporum.
2064 3850 2359 3905 Brunonis
2420 3847 2833 3917 Augustensis,
2888 3843 3222 3900 Eberhardi

223 3942 744 4012 Bavenbergensis,
778 3943 1148 4012 Meginwreci
1174 3943 1726 4012 Paterbrunnensis,
1759 3940 2126 4011 Meginhardi
2156 3931 3064 4028 Werziburgensis,_Hildiwardi
3092 3929 3220 4028 Citi-

221 4030 420 4097 censis,
457 4030 777 4099 Sigiberthi
802 4031 1139 4096 Mindensis,
1177 4031 1466 4086 Brunonis
1494 4029 2003 4102 lersiburgensis.
2038 4033 2101 4083 In
2131 4029 2244 4083 hac
2277 4024 2490 4080 sinodo
2529 4020 3217 4116 Gebehardusnjuvenis,

222 4117 384 4174 frater
423 4117 828 4193 imperatoris,
893 4133 1065 4174 arma
1086 4119 1439 4190 compulsus
1468 4119 1767 4192 deposuit,
1799 4123 1854 4174 et
1883 4115 2215 4174 clericalem
2259 4119 2572 4170 tonsuram
2619 4109 2866 4180 accepit.
2913 4109 3218 4177 Wiggerus

224 4207 503 4276 presbiter
532 4212 756 4264 nostrae
787 4207 1272 4277 congregationis
1300 4208 1464 4265 obiit.

294 4363 442 4416 1028.
484 4359 613 4415 ind.
653 4364 736 4415 11.
770 4362 1098 4431 Imperator
1138 4360 1612 4415 incarnationem
1645 4359 1880 4415 Domini
2063 4359 2221 4412 1028.
2265 4353 2596 4422 Heinricus,
2653 4348 3054 4441 imperatoris
3088 4347 3268 4441 filius,
3323 4361 3427 4402 rex
3457 4343 3648 4441 factus

231 4447 644 4517 Regenesburg
666 4447 1007 4503 celebravit.
1064 4449 1437 4518 Mogontinus
1481 4447 1877 4519 archiepisco-
1988 4448 2076 4500 est
2105 4442 2464 4515 Aquisgrani
2493 4457 2600 4514 per
2627 4439 2986 4509 Pilegrinum
3015 4436 3430 4494 Coloniensem
3454 4433 3648 4489 archi-

229 4549 332 4606 pus
359 4538 539 4593 Aribo
567 4538 630 4593 in
662 4537 946 4593 Geizlethe
1005 4540 1151 4608 (352)
1205 4537 1486 4592 sinodum
1540 4536 1880 4606 generalem
1989 4533 2364 4606 episcopum.

231 4638 357 4680 cum
400 4628 525 4682 suis
576 4625 974 4697 suffraganeis
1023 4627 1320 4699 episcopis
1366 4625 1595 4695 habuit,
1647 4625 1708 4680 in
1760 4641 1884 4697 qua

232 4712 368 4768 inter
391 4719 588 4771 cetera
617 4715 1014 4770 ecclesiastica
1043 4715 1291 4788 quidam
1321 4715 1504 4770 homo
1530 4714 1827 4784 ingenuus
1853 4713 1928 4769 de
1952 4711 2276 4768 homicidio
2315 4707 2584 4780 Sigefridi
2618 4705 2858 4801 comitis.
2880 4704 3217 4801 incusatus,

236 4801 500 4859 candenti
540 4819 604 4858 se
636 4802 791 4858 ferro
823 4803 1196 4875 expurgavit,
1229 4802 1333 4875 qui
1361 4819 1433 4858 ex
1462 4802 1699 4858 decreto
1731 4801 2006 4875 synodali
2039 4805 2176 4873 post
2199 4799 2353 4856 duas
2391 4803 2596 4854 noctes
2645 4794 2960 4889 probatus,
3018 4789 3222 4889 illesus

237 4891 517 4960 apparuit.
552 4890 796 4957 Misako,
827 4891 931 4962 qui
955 4891 1083 4961 jam
1113 4906 1218 4964 per
1247 4891 1474 4962 aliquot
1527 4906 1720 4946 annos
1766 4906 2020 4960 regnum
2081 4889 2426 4945 Sclavorum
2485 4882 2793 4956 tyrannice
2851 4879 2965 4934 sibi
3015 4881 3224 4973 contra

236 4972 597 5049 imperialem
626 4978 963 5051 usurpabat
992 4979 1367 5050 majestatem
1399 4979 1714 5036 orientales
1744 4985 1945 5052 partes
1973 4978 2245 5036 Saxoniaa
2271 4991 2410 5031 cum
2436 4973 2635 5029 valido
2666 4985 2916 5065 suorum
2959 4968 3222 5065 exercitu

239 5063 510 5123 violenter
539 5066 776 5137 invasit,
809 5071 865 5123 et
891 5066 1182 5123 incendiis
1214 5084 1285 5124 ac
1315 5067 1863 5141 depraedationibus
1897 5067 2174 5141 peractis,
2205 5065 2362 5120 viros
2388 5057 3045 5155 quosque-trucidavit,

239 5147 396 5208 lieres
422 5153 716 5227 plurimas
746 5154 1088 5229 captivavit,
1118 5140 1509 5228 parvulorum
1543 5140 2044 5213 innumerabilem
2099 5168 2346 5227 prorsus
2400 5147 2846 5206 multitudinem
2902 5140 3228 5201 miserabili

308 5399 448 5467 (348)
488 5404 768 5460 Bennone
793 5420 872 5460 m.
900 5419 1012 5460 sec.
1042 5403 1172 5459 XV.
2066 5397 2216 5473 (352)
2255 5394 2559 5473 Qeisleden
2589 5394 2650 5473 in
2679 5397 2837 5448 terra
2874 5389 3190 5473 chhsfeld-
3231 5459 3267 5473 ,,
3376 5463 3389 5473 ,
3517 5457 3531 5473 .

310 5399 448 5467 (34.8)
488 5404 768 5460 Βθῃῃοῃθ
793 5420 872 5460 m_
900 5419 1012 5460 sec,
1042 5403 1172 5459 XV,
2090 5401 2192 5454 352
2255 5399 2559 5452 Geisleden
2589 5399 2650 5449 in
2679 5399 2837 5448 terra
2874 5399 3190 5448 Eichsfeld.
3231 5462 3240 5473 .
3520 5457 3531 5469 _

310 5473 449 5546 (349)
490 5475 534 5529 Ο
562 5474 798 5546 ::7:t:::ali
833 5479 880 5530 1.
913 5473 1182 5530 orientali
1207 5490 1286 5529 m.
1319 5489 1366 5528 ε.
1398 5473 1530 5530 XV.
2066 5399 2220 5546 i953i
2260 5469 2324 5522 Β.
2358 5465 2396 5520 f.
2430 5481 2576 5546 cna:
2603 5464 2834 5546 hanno
2868 5465 3004 5517 1024
3037 5459 3469 5517 adscribuntur
3505 5471 3571 5511 m
3600 5458 3653 5510 5.

316 5540 454 5614 (350)
494 5545 615 5600 Ded
645 5548 935 5601 corn-Det
964 5562 1014 5600 c.
1999 5558 2048 5597 r.
2082 5540 2120 5596 f.
2156 5556 2210 5595 a.
2245 5540 2526 5593 successit
2551 5541 2584 5592 2
2641 5542 2693 5591 6.

315 5610 458 5682 (351')
494 5616 651 5671 Hinc
674 5617 799 5674 alia
822 5631 1058 5673 manus.
