4004 6178
270 179 376 232 B73
976 175 1060 229 ET
1095 173 1454 231 LABERTI
1489 170 2088 229 ASCHAF‘NABURG.
2124 172 2306 230 PARS
2342 172 2625 232 ALTERA
2662 173 2998 233 GENUINA.
3593 175 3699 239 δτι

595 298 925 354 ANNALES
960 297 1632 355 HIIDESHEIMENSES.
2493 296 2841 357 WERTI
2881 296 3235 359 ΔΝΝΑΒΕὸη

338 389 499 444 1032.
528 386 656 443 ind.
689 386 772 443 15.
827 385 1217 447 (‘Jiuonradus
1246 387 1572 461 imperator
1596 382 1793 439 natale
1826 384 1931 439 Do-
2114 383 2267 439 1032.
2329 384 2656 461 Arnoldus,
2710 385 2933 441 amissa
2985 384 3231 449 abbatia
3288 383 3699 463 Herveldensi,

260 477 413 534 mini
438 475 694 546 Gosleri,
734 476 958 553 pascha
986 491 1126 535 vero
1157 474 1532 545 Seliganstad
1585 471 1924 533 celebravit.
2036 471 2201 541 obiit,
2242 471 2304 529 in
2335 473 2627 547 Gellingin
2651 473 2820 547 (361).

260 566 385 622 Hoc
416 582 585 622 anno
618 565 920 625 Bezbriem
948 564 1024 623 ob
1052 565 1561 627 immanissimam
1618 562 1929 625 tirannidis

261 671 387 709 suae
421 654 706 711 sevitiam
736 672 772 715 a
799 642 936 720 suis,
970 658 1024 710 et
1050 654 1229 715 etiam
1259 670 1380 713 non
1411 653 1538 710 sine
1570 652 1821 714 fratrum
1854 667 2101 709 suorum
2136 653 2607 723 machinatione,
2637 652 2977 711 interfectus
3009 657 3121 719 est.
3154 654 3269 715 Sed

258 743 519 799 Misecho
554 742 759 802 statim
786 742 1031 801 domum
1051 743 1257 815 rediit;
1289 743 1395 817 qui
1425 756 1797 817 cognoscens
1828 739 1939 796 sibi
1966 744 2213 819 propter
2262 741 2725 803 immoderatam
2744 744 2833 798 sui
2864 741 3272 817 insolentiam,

259 848 450 904 quam
480 831 793 904 prioribus
824 832 993 890 annis
1025 832 1308 902 exercuit,
1334 832 1541 891 omnia
1570 848 1706 909 quia
1735 846 2055 910 perpessus
2087 833 2198 905 est,
2215 831 2426 888 merito
2452 832 2742 900 evenisse,
2766 831 2996 903 legatos
3030 846 3172 891 suos
3192 830 3271 893 ad

256 923 699 993 imperatorem
728 920 1058 988 destinavit,
1098 925 1456 994 tempusque
1490 924 1679 975 semet
1707 918 2113 993 praesentandi
2139 919 2558 992 condigneque
2616 919 3021 977 satisfaciendi
3067 923 3271 993 postu-

256 1009 419 1066 lavit.
454 1013 524 1065 Et
547 1010 943 1083 postmodum
968 1010 1323 1082 imperatore
1356 1010 1762 1066 consentiente
1810 1008 2115 1077 Mersburg
2142 1008 2322 1079 venit,
2357 1013 2413 1065 et
2443 1014 2628 1066 semet
2658 1014 2805 1066 Non.
2830 1009 2965 1064 Julii
2995 1008 3056 1064 in
3081 1007 3273 1080 impe-

255 1098 547 1154 ratoriam
569 1104 950 1175 potestqtem,
976 1114 1211 1159 coronae
1243 1099 1468 1155 scilicet
1504 1115 1573 1156 ac
1603 1098 1795 1155 tocius
1822 1096 2063 1168 rcegalis
2089 1098 2429 1156 ornamenti
2478 1098 2721 1168 oblitust,
2750 1097 3056 1155 humiliter
3078 1097 3267 1162 dedit.

260 1189 452 1253 Quem
482 1187 823 1262 imperator
845 1188 1206 1259 clementius,
1225 1204 1414 1261 quam
1437 1188 1565 1261 ipse
1594 1188 1962 1260 opinaretur,
1988 1185 2269 1258 suscepit,
2304 1187 2478 1259 eique
2508 1192 2565 1244 et
2593 1188 2724 1258 ejus
2752 1186 3007 1260 patrueli
3026 1185 3272 1243 cuidam

256 1276 574 1332 Thiedrico
605 1291 885 1346 regnum,
912 1278 1073 1349 quod
1101 1277 1229 1349 ipse
1258 1276 1425 1332 solus
1454 1279 1594 1333 ante
1615 1275 1988 1350 possederat,
2015 1273 2252 1341 divisit;
2284 1275 2453 1347 quod
2480 1275 2613 1348 ipse
2634 1281 2836 1332 tamen
2863 1278 3075 1348 postea
3105 1272 3273 1330 solus

254 1366 475 1422 iterum
506 1365 623 1420 sibi
654 1366 974 1439 usurpavit.
1008 1366 1359 1423 Oudalricus
1388 1382 1553 1434 vero,
1582 1366 1798 1423 eodem
1820 1363 2008 1435 regali
2030 1364 2305 1435 iussione
2335 1364 2640 1437 invitatus,
2657 1364 2862 1421 venire
2887 1363 3267 1435 contempsit.

255 1455 447 1519 Quem
479 1454 820 1526 imperator
846 1458 1047 1527 postea
1080 1454 1350 1515 Wirbeni
1385 1456 1555 1524 (358),
1612 1455 1716 1510 ubi
1745 1457 1954 1510 contra
1990 1452 2270 1509 Liutizios
2320 1453 2681 1526 pacificandi
2708 1452 2878 1522 regni
2910 1452 3101 1522 gratia
3131 1467 3272 1508 com

254 1542 427 1610 sedit,
462 1542 545 1598 ad
576 1559 641 1598 se
666 1543 999 1599 venientem
1027 1547 1083 1599 et
1106 1543 1285 1601 etiam
1315 1544 1547 1600 ratione
1596 1543 1961 1611 convictum,
1991 1540 2069 1597 de
2096 1540 2335 1597 insidiis
2383 1557 2648 1614 quoque,
2677 1557 2831 1614 quas
2860 1541 2976 1613 ipsi
3004 1540 3268 1612 impera-

255 1630 367 1687 tori
398 1631 560 1698 fecit,
595 1636 739 1687 ante
762 1631 1064 1687 biennium
1090 1632 1464 1703 confessum,
1490 1632 1548 1687 in
1580 1632 1825 1689 exilium
1872 1630 2251 1686 transmissit.
2287 1629 2625 1700 Sigifrithus
2666 1628 3270 1699 Mimigardevordem

256 1720 335 1774 sis
362 1718 639 1775 ecclesiae
668 1720 886 1792 praesul
915 1725 964 1775 5.
998 1721 1247 1778 Kalend.
1294 1721 1639 1776 Decembris
1678 1720 1843 1787 obiit,
1877 1718 1973 1774 cui
2004 1718 2407 1774 Herimannus
2464 1718 2722 1776 Colonia
2752 1717 3111 1790 praepositus
3138 1732 3271 1772 suos

255 1808 453 1863 cessit.
484 1808 725 1864 Liebizo
751 1808 1319 1880 Hammaburgensis
1347 1809 1837 1882 archiepiscopus
1870 1812 1922 1864 8.
1953 1807 2207 1862 Kalend.
2243 1807 2607 1879 Septembris
2632 1807 2798 1875 obiit,
2830 1806 2927 1862 cui
2959 1804 3273 1861 Herimans

256 1912 373 1952 nus
402 1896 907 1954 Halberstatensis
927 1898 1153 1954 cenobii
1185 1898 1549 1971 praspositus
1602 1896 1911 1953 successit.
1967 1895 2248 1951 Arnolfus
2275 1894 2468 1951 abbas
2492 1894 2903 1967 Herocampias
2928 1899 2978 1949 5.
3012 1892 3267 1949 Kalend.

258 1985 525 2040 Januarii
545 1984 716 2051 obiit,
762 1990 814 2040 et
843 1986 919 2040 ad
948 1987 1221 2056 (.iellingae
1254 1987 1547 2060 sepultus,
1579 2002 1703 2059 qua
1725 1992 1865 2042 tunc
1894 1984 2086 2055 gratia
2136 1984 2424 2040 manendi
2452 1983 2780 2051 habitavit;
2837 1982 2943 2038 sed
2967 1981 3106 2037 inde
3132 1984 3271 2054 post

259 2078 377 2132 tres
435 2073 566 2131 dies
614 2072 980 2146 totidemque
1036 2080 1241 2133 noctes
1298 2074 1619 2144 deductus,
1678 2079 1735 2133 et
1786 2074 1862 2135 de
1920 2076 2076 2127 terra
2107 2072 2381 2140 eﬂ'ossus,
2429 2086 2501 2126 ex
2534 2074 2833 2151 praecepto
2860 2068 3134 2127 Roudolﬁ
3175 2068 3269 2133 sui

262 2161 654 2229 successoris,
690 2160 992 2219 Herfeldiae
1018 2162 1077 2219 in
1106 2163 1357 2220 ecclesia
1394 2163 1583 2223 sancti
1614 2159 1955 2220 Michahelis
1976 2164 2068 2216 est
2117 2157 2466 2221 tumulatus.
2522 2158 2830 2234 Wiggerus
2859 2158 3174 2233 presbyter
3212 2161 3270 2215 et

258 2248 619 2323 praepositus
641 2256 695 2306 5.
730 2248 975 2306 Kalend.
1007 2252 1221 2325 Aprilis
1248 2251 1396 2309 obiit
1420 2251 1588 2327 (359).

334 2373 491 2429 1033.
536 2373 665 2429 ind.
701 2373 743 2429 Ι.
804 2372 1120 2446 Imperator
1161 2376 1360 2431 natale
1412 2375 1646 2431 Domini
1686 2376 1923 2430 Pather-
2109 2371 2265 2431 1033.
2328 2370 2647 2438 Cunigund
2722 2369 3066 2443 imperatrix
3142 2369 3309 2427 obiit.
3368 2372 3699 2443 Imperator

257 2457 472 2525 brune,
524 2458 761 2530 pascha
810 2461 1108 2529 Neumago
1148 2460 1287 2530 egit.
1326 2463 1390 2517 Et
1417 2459 1625 2521 ωειιὶγο
1652 2464 1925 2532 tempore
2031 2459 2361 2521 exercitum
2415 2457 2586 2521 duxit
2651 2460 2712 2521 in
2761 2458 3174 2528 Burgundiam
3238 2461 3451 2523 contra
3504 2458 3699 2523 Uode~

258 2548 679 2616 Burgundiam
719 2563 859 2606 cum
907 2549 1162 2608 exercitu
1213 2564 1571 2622 properans,
1604 2549 1922 2607 Oudonem
2030 2563 2193 2607 nem.

257 2635 362 2690 diu
395 2636 510 2691 sibi
558 2635 953 2704 resistentem,
1010 2638 1112 2710 qui
1165 2638 1423 2699 eandem
1457 2637 1762 2706 regionem
1809 2634 1923 2697 sibi

259 2727 465 2778 contra
490 2723 874 2797 imperatoris
894 2724 1258 2786 voluntatem
1312 2724 1623 2797 tyrannica
1648 2726 2067 2796 usurpaverat,
2108 2723 2356 2781 obvium
2396 2723 2707 2796 suscepit;
2760 2722 3137 2796 acceptisque
3185 2721 3268 2785 ab

259 2827 330 2866 eo
355 2810 431 2866 de
460 2828 613 2884 pace
638 2812 995 2882 juramentis
1025 2819 1081 2871 et
1108 2813 1443 2879 obsidibus,
1474 2812 1725 2885 paciﬁce
1756 2810 1947 2869 rediit.
1983 2811 2209 2871 Eodem
2236 2811 2420 2872 etiam
2450 2826 2611 2869 anno
2665 2811 2744 2869 ad
2774 2810 3086 2875 castellum
3128 2810 3265 2875 Wire

259 2898 398 2955 hine
430 2900 769 2971 Liudgerus
797 2917 1014 2970 comes,
1041 2908 1097 2961 et
1124 2901 1389 2967 Thiedof,
1419 2906 1475 2961 et
1504 2900 1932 2968 Wolveradus,
1964 2915 2105 2960 cum
2136 2900 2266 2959 aliis
2293 2903 2368 2961 40
2394 2899 2575 2961 occisi
2606 2905 2765 2963 sunt.
2821 2899 2933 2961 Piae
2957 2899 3265 2964 memoria:

261 2988 583 3058 Cunigund
613 2988 958 3061 imperatrix
990 2996 1040 3050 5.
1074 2994 1220 3049 Non.
1255 2989 1451 3047 Marcii
1476 2989 1640 3047 obiit.
1689 2989 1937 3061 Eclipsis
1968 2987 2108 3049 solis
2137 2992 2190 3045 3.
2243 2987 2377 3045 Kal.
2407 2987 2562 3054 Julii.
2595 2988 2742 3052 feria
2765 2991 2818 3051 6.
2847 2988 3031 3049 natali
3078 2986 3267 3052 sancti

259 3077 411 3133 Petri
462 3077 742 3149 apostoli,
797 3078 946 3134 hora
990 3079 1106 3135 diei
1157 3083 1209 3135 6.
1260 3078 1494 3144 accidit,
1542 3080 1903 3150 imperatore
1956 3080 2097 3135 tunc
2154 3076 2442 3149 placitum
2494 3094 2634 3139 cum
2688 3076 3056 3149 primQribus
3097 3076 3267 3146 regni

260 3169 548 3222 tractante
578 3166 641 3221 in
672 3166 1010 3238 Merseburg
1063 3168 1313 3227 civitate.
1345 3166 1645 3225 Dedicatio
1677 3165 2026 3229 monasterii
2057 3166 2249 3228 sancti
2274 3164 2569 3227 Michaelis
2599 3164 2942 3234 archangeli
2985 3165 3046 3227 in
3080 3165 3270 3227 Hilde-

258 3253 530 3309 nesheim
552 3258 604 3310 3.
639 3253 773 3312 Kal.
803 3254 1068 3313 Octobris
1098 3271 1203 3328 per
1227 3254 1677 3319 Godehardum,
1708 3254 1983 3325 ejusdem
2009 3252 2124 3313 loci
2145 3253 2523 3325 episcopum,
2547 3269 2687 3317 eum
2714 3252 2980 3316 maxime
3002 3252 3275 3325 {requiem

261 3341 339 3396 tia
369 3341 762 3414 populorum.
795 3342 1143 3403 Incendium
1172 3342 1509 3401 Altahensis
1549 3341 1901 3406 monasterii
1933 3344 1985 3398 6.
2010 3340 2142 3401 Kal.
2176 3340 2383 3403 Martii.

336 3464 491 3521 1034.
523 3463 649 3520 ind.
699 3468 754 3520 2.
802 3467 1126 3538 Imperator
1150 3465 1518 3523 nativitatem
1547 3465 1757 3523 Christi
1785 3464 1925 3524 Min-
2111 3463 2265 3520 1034.
2299 3463 2671 3535 Albuwinus,
2702 3462 3063 3537 praepositus
3117 3459 3553 3532 Herveldensis,
3585 3456 3694 3516 ah-

261 3552 364 3624 do,
396 3558 454 3609 et
497 3554 733 3626 pascha
761 3554 1129 3625 Reinesburg
1178 3555 1426 3612 feriavit.
1488 3558 1549 3610 In
1580 3555 1781 3612 natale
1814 3558 1926 3611 Do-
2031 3551 2145 3609 bas
2174 3551 2368 3610 faetus
2398 3553 2457 3609 in
2488 3552 2799 3624 Niunburg
2828 3554 2994 3626 (362).

260 3642 408 3697 mini
437 3642 514 3698 ad
542 3658 681 3698 eum
710 3643 887 3713 legati
919 3643 1295 3700 diversarum
1323 3645 1589 3715 gentium
1611 3661 1749 3700 cum
1771 3643 1924 3716 opti-

260 3731 373 3786 mis
403 3730 896 3805 multimodisque
951 3733 1301 3789 muneribus
1360 3737 1691 3802 venerunt;
1731 3732 1939 3805 ibique
1991 3730 2352 3805 Hildericho,
2397 3733 2501 3807 qui
2529 3734 2921 3790 Altmannum
2950 3732 3260 3800 interfecit,

260 3818 684 3876 intercessione
740 3821 1136 3893 imperatricis
1192 3826 1250 3876 et
1291 3821 1555 3894 episcopi
1634 3819 2158 3889 Halberstatensis,
2232 3820 2610 3877 incolomitas
2668 3822 2796 3877 vita:
2870 3824 2927 3876 et
2989 3819 3268 3893 repeticio

260 3907 466 3979 patriae
532 3908 896 3964 conceditur.
958 3908 1022 3965 In
1075 3908 1302 3981 pascali
1367 3925 1510 3965 vero
1566 3908 1881 3965 festivitate
1944 3907 2298 3964 Oudalricus
2372 3909 2751 3964 Boemiorum
2816 3908 2959 3974 dux,
3019 3896 3268 3980 optentu

259 3995 653 4068 imperatricis
684 4001 741 4053 et
768 3997 1130 4070 principum,
1176 3998 1237 4053 in
1292 3997 1481 4067 gratia
1533 3997 1608 4053 de
1658 3997 1834 4054 exilio
1861 3995 2116 4052 domum
2170 3996 2363 4052 redire
2416 3998 2767 4075 promeruit,
2808 4000 2865 4052 et
2889 3984 3144 4051 ducatus
3175 3994 3267 4049 sui

260 4084 665 4154 medietatem,
719 4101 831 4141 suo
906 4086 1084 4141 fratre
1140 4085 1407 4142 Germiro
1466 4086 1855 4143 medietatam
1909 4084 2218 4153 retinente,
2273 4085 2550 4158 suscepit.
2609 4085 2735 4140 Udo
2791 4082 3054 4153 Iuvenis,
3108 4082 3266 4139 ﬁlius

262 4172 488 4229 Ottonis
518 4172 752 4228 comitis
785 4174 858 4229 de
898 4172 1287 4241 Hamerstein,
1313 4173 1473 4230 obiit.
1525 4176 1856 4251 Imperator
1878 4174 2094 4231 iterum
2124 4174 2240 4230 hoc
2281 4189 2443 4229 anno
2473 4172 2886 4243 Burgundiam
2923 4188 3063 4227 cum
3095 4186 3268 4243 gran-

259 4260 321 4316 di
343 4260 605 4317 exercitu
627 4260 888 4329 intravit,
913 4266 968 4317 et
997 4260 1310 4319 Oudonem
1339 4261 1480 4318 item
1510 4264 1886 4321 resistentem
1917 4261 2166 4335 fugavit,
2200 4261 2579 4342 eandemque
2631 4259 2939 4333 regionem
2986 4259 3265 4317 ﬁdelibus

260 4349 403 4419 suis,
430 4349 536 4421 qui
561 4349 611 4405 ei
639 4348 825 4405 ﬁdem
849 4350 1193 4421 juramento
1224 4350 1569 4419 ﬁrmabant,
1611 4351 2077 4409 commendant.
2110 4350 2530 4421 Meginhardus
2568 4349 3085 4419 Werziburgensis
3112 4363 3267 4421 prte-

259 4437 355 4493 sul
382 4437 460 4493 ad
489 4437 787 4493 Christum
817 4438 1115 4507 migravit,
1150 4444 1288 4511 post
1314 4456 1497 4511 quem
1530 4441 1748 4508 Bruno,
1790 4440 2077 4513 patruelis
2127 4439 2524 4512 imperatoris,
2559 4438 2931 4504 subintravit,
2960 4454 2997 4494 a
3023 4441 3142 4493 Deo
3164 4437 3269 4493 da-

260 4531 356 4582 tus
387 4527 553 4599 (360).
585 4526 989 4585 Warmundus
1015 4527 1369 4587 Constantia:
1401 4527 1643 4585 antistes
1672 4528 1855 4597 obiit;
1889 4528 1985 4584 cui
2032 4528 2212 4587 frater
2265 4528 2396 4601 ejus
2428 4531 2617 4604 Eppo,
2657 4527 2858 4598 regius
2895 4525 3263 4601 capellanus,

258 4614 565 4672 successit.
616 4614 795 4671 Plura
825 4619 882 4672 et
900 4614 1136 4674 insolita
1164 4615 1323 4672 bella
1368 4616 1520 4673 inter
1576 4616 1846 4675 Lvitizios
1895 4620 1951 4673 et
2000 4619 2297 4676 nostrates
2356 4615 2436 4677 ad
2465 4616 2760 4691 oppidum
2784 4613 3032 4678 Wirbini
3060 4615 3266 4675 exorta

256 4706 420 4769 sunt,
449 4702 512 4760 in
541 4702 764 4777 quibus
796 4702 871 4760 de
897 4702 1113 4760 nostris
1166 4702 1417 4774 quidam
1462 4702 1750 4761 interfecti
1803 4707 1960 4770 sunt,
2020 4707 2079 4763 et
2129 4702 2399 4779 plerique
2451 4702 2721 4766 sauciati.
2761 4700 3021 4765 Peccatis
3080 4698 3260 4763 etiam

257 4791 478 4849 nostris
509 4791 589 4849 ah
622 4791 635 4848 l
668 4792 787 4849 ah!
839 4807 1045 4851 coram
1075 4794 1195 4849 Deo
1228 4792 1730 4867 promerentibus,
1788 4790 2166 4853 laudandum
2214 4796 2272 4853 et
2317 4790 2670 4853 honorabile
2707 4787 3053 4853 exercitium
3082 4801 3261 4850 vene.

257 4877 465 4936 rabilis
494 4879 601 4935 viri
628 4881 972 4936 Bernwardi
1003 4879 1286 4952 episcopi,
1329 4880 1763 4939 monasterium
1817 4880 2037 4935 scilicet
2094 4881 2284 4943 sancti
2335 4879 2675 4943 Michahelis
2729 4874 3095 4948 archangeli,
3124 4872 3258 4935 Kal.

256 4967 415 5024 Junii
444 4967 506 5023 in
534 4967 740 5039 vigilia
758 4972 1144 5040 pentecosten
1176 4969 1254 5023 ad
1282 4984 1597 5040 vesperam
1630 4968 1879 5024 fulmine
1902 4969 2076 5024 comb
2093 4974 2308 5042 ..stum,
2341 4973 2398 5029 et
2422 4964 2840 5030 miserabiliter
2867 4967 2956 5025 est
3008 4960 3258 5025 deterio-

255 5060 479 5112 ratum.
502 5055 760 5113 Misacho
790 5055 1178 5116 Polianorum
1201 5055 1329 5115 dux
1356 5055 1659 5117 inmatura
1677 5060 1869 5119 morte
1898 5055 2135 5126 interiit,
2167 5062 2225 5120 et
2252 5054 2610 5121 cristianitas
2645 5051 2871 5116 ibidem
2892 5067 2930 5117 ἃ
2956 5049 3078 5114 δαῖε
3104 5048 3260 5125 Prio’

328 5394 478 5465 (358)
504 5392 777 5451 Werbem
807 5392 887 5448 ad
916 5390 1173 5448 Albiam.
2029 5405 2208 5465 nunc
2228 5389 2413 5465 vicus,
2454 5388 2534 5465 ad
2556 5387 2926 5465 _Wipperam
2944 5400 3189 5465 _prope_
3218 5386 3687 5465 ﬁnge-onustam,

331 5455 479 5533 (359)
506 5466 665 5520 Hinc
694 5465 819 5520 alia
850 5478 1084 5520 manus.
2029 5462 2091 5518 in
2119 5459 2458 5534 principatu
2471 5455 2918 5534 _Schwar'sburg
2944 5455 3318 5515 Kudolstadt.
3347 5455 3588 5511 HESSE.

356 5528 482 5599 360)
511 5537 755 5595 Litteris
778 5534 1455 5606 rubrisADEODA’I‘US.
1580 5604 1585 5606 Α
1794 5604 1826 5606 μ
2100 5528 2249 5605 (362)
2281 5528 2372 5585 Ad
2394 5528 2612 5606 Salam.

355 5607 484 5675 361)
514 5606 842 5677 Gellingen,
876 5604 1205 5676 ϐου-1118811,
1262 5604 1701 5667 monasterium
1748 5604 1919 5675 olim,
