4002 6186
310 207 415 258 575
1232 199 1493 254 ANNAL.
1536 197 1986 254 HILDESHEIM.
2029 199 2402 264 QUEDLINB.
2443 199 2825 256 WEISSEMB.
3629 198 3744 252 576

590 325 911 379 ANNALES
952 321 1632 379 HILDESHEIMENSES.
2519 323 2878 378 LAMBERTI
2919 322 3263 378 ANNALES.

307 449 476 507 ribus
510 449 660 503 bene
681 447 960 502 inchoata
985 451 1042 502 et
1089 463 1124 502 a
1182 464 1244 503 se
1281 447 1495 504 melius
1550 446 1855 515 roborata,
1899 444 2169 502 flebiliter
2196 449 2348 519 proh
2401 448 2618 504 dolor!
2661 446 2944 522 disperiit.
2991 446 3309 502 Praedictus

309 553 553 613 quoque
609 535 1004 593 Oudalrichus
1060 535 1372 592 Boemicus
1415 537 1561 607 dux,
1615 539 1751 608 post
1791 534 2190 592 reversionem
2234 536 2411 593 fratre
2464 542 2706 607 caecato,
2738 535 2860 592 ﬁlio
2916 535 3140 606 fugato,
3170 536 3312 590 item

311 629 690 684 sacramenta
715 624 1046 694 refringens
1071 625 1403 681 intidelitati
1432 625 1656 692 institit,
1689 628 1745 679 et
1776 623 2020 680 tandem
2054 625 2114 680 in
2147 641 2295 681 cena
2325 625 2612 696 residens,
2662 625 2796 681 cibo
2827 629 3094 698 potuque
3125 624 3308 680 suffo-

309 720 478 772 catus
499 713 784 770 extabuit.
809 713 962 780 Quia
982 729 1124 782 ergo
1148 715 1250 785 jus
1282 714 1492 787 fasque
1518 712 1894 785 contempsit,
1923 718 1978 768 et
1998 717 2134 785 post
2153 719 2273 769 tam
2297 714 2471 786 plura
2492 715 2838 784 juramenta
2858 713 3067 786 priscis
3097 713 3310 769 iterum

309 802 542 859 insidiis
572 802 895 866 consensit,
931 803 1089 858 unde
1120 802 1397 858 fidelibus
1429 801 1635 859 Christi
1661 801 1918 857 salubris
1968 801 2316 874 providetur
2362 802 2621 871 refectio,
2677 802 2815 858 inde
2854 801 2937 857 illi
2986 801 3150 872 justa
3200 817 3310 873 pro

309 892 510 966 pravis
543 891 666 947 suis
695 891 918 946 meritis
951 892 1111 946 venit
1139 891 1484 947 interfectio.
1538 891 1760 947 Eodem
1791 907 1952 947 anno
1977 890 2348 948 Thietmarus
2387 891 2704 948 Vardensis
2733 889 3052 964 episcopus
3081 896 3134 946 7.
3169 890 3300 946 Kal.

310 981 445 1038 Julii
473 981 552 1038 ad
576 981 878 1036 Christum
910 980 1207 1050 migravit.

383 1123 531 1195 (363)
557 1126 696 1179 Post
723 1138 905 1195 quem
928 1125 1144 1192 Bruno,
1202 1121 1382 1179 frater
1435 1122 1714 1179 Friderici
1768 1123 2022 1194 comitis,
2070 1122 2535 1194 Nienburgensis
2593 1126 2650 1178 et
2705 1121 3313 1194 Maagetheburgensis

313 1211 505 1268 abbas
533 1210 906 1266 subintravit.
944 1210 1146 1266 Eidem
1175 1227 1317 1266 vero
1351 1211 1609 1267 Brunoni
1658 1211 1718 1266 in
1771 1211 2074 1281 Nienburg
2101 1211 2410 1267 Albvvinus
2440 1211 2499 1266 in
2531 1209 2947 1283 philosophica
2973 1216 3096 1264 arte
3123 1208 3315 1264 erudi-

313 1299 596 1365 tissimus,
632 1297 942 1353 Herfeldiaa
964 1298 1336 1371 praepositus,
1365 1299 1468 1370 qui
1509 1299 1858 1354 fuitibidem
1899 1304 2076 1354 antea
2115 1299 2292 1354 scolae
2344 1299 2629 1369 magister
2659 1296 3123 1366 famosissimus,
3179 1312 3316 1350 suc-

312 1386 508 1442 cessit.
538 1390 599 1441 In
630 1386 1076 1456 Maegetheburg
1097 1391 1300 1442 autem
1333 1386 1520 1442 Sidaec
1558 1387 1633 1442 de
1660 1387 1873 1442 eadem
1911 1386 2160 1442 ecclesia
2192 1385 2412 1442 electus
2441 1385 2836 1441 substituitur.
2894 1383 3118 1440 Eodem
3149 1398 3312 1439 anno

314 1473 658 1530 Thiedricus
685 1490 887 1529 comes
921 1473 1305 1530 Orientalium
1333 1491 1370 1530 a
1399 1473 1685 1529 militibus
1711 1475 2048 1543 Eggihardi
2083 1474 2449 1530 marchionis
2479 1474 2536 1528 in
2568 1473 2812 1546 proprio
2842 1471 3117 1528 cubiculo
3164 1471 3303 1526 ﬁcta

312 1561 664 1618 salutatione
693 1562 1154 1631 circumventus,
1186 1562 1247 1616 in
1281 1561 1420 1617 dolo
1453 1566 1533 1617 13.
1565 1562 1696 1617 Kal.
1733 1563 2074 1618 Decembris
2105 1561 2411 1618 occiditur.
2443 1561 2622 1632 Cujus
2670 1560 3019 1630 dignitatem
3066 1557 3310 1614 honoris

313 1648 495 1718 Dmdi,
518 1648 676 1704 ﬁlius
701 1652 851 1719 ejus,
876 1649 1150 1715 obtinuit,
1183 1649 1286 1721 qui
1318 1653 1525 1721 postea
1575 1649 1831 1720 Oudam,
1861 1649 2196 1707 Willihelmi
2225 1649 2621 1719 Turingorum
2645 1647 2916 1720 praetoris
2949 1646 3218 1716 viduam,
3248 1646 3310 1701 in

311 1736 446 1807 conj
459 1735 664 1806 ugium
695 1736 924 1792 ascivit.
951 1737 1107 1792 Hezo
1147 1735 1450 1791 Palatinus
1480 1753 1682 1792 comes
1713 1753 1750 1792 a
1797 1753 1906 1792 sua
1937 1736 2276 1792 concubina
2303 1735 2547 1792 nomine
2581 1734 2939 1804 Tiethburga
2971 1732 3181 1788 veneni
3211 1749 3316 1804 po-

315 1822 470 1891 culo,
506 1827 568 1878 ut
592 1823 796 1889 fertur,
829 1823 1240 1889 defraudatus,
1274 1823 1446 1896 periit
1472 1823 1742 1879 ﬂebiliter
1771 1829 2064 1889 mortuus,
2096 1827 2151 1879 et
2205 1823 2280 1879 ad
2313 1826 2645 1892 Augustam
2674 1825 3113 1892 transportatus
3167 1823 3226 1875 et
3251 1819 3313 1875 in

312 1909 562 1966 ecclesia
599 1911 786 1965 sancti
817 1910 1118 1967 Oudalrici
1149 1915 1236 1966 est
1279 1911 1546 1982 sepultus
1609 1915 1693 1966 I6.
1746 1911 1870 1968 Kal.
1915 1911 2090 1968 Junii.
2143 1909 2520 1966 Ekberhthus
2568 1923 2772 1965 comes
2812 1913 2864 1964 5.
2900 1907 3025 1964 Kal.
3087 1906 3314 1981 Appril.

315 1996 482 2052 obﬁL

390 2140 544 2194 £035.
575 2136 701 2193 ind.
735 2142 788 2194 3.
814 2139 1210 2195 Chounradus
1257 2138 1584 2211 imperator
1607 2139 1975 2196 nativitatem
2161 2138 2315 2194 1035.
2349 2134 2662 2204 Bodulfus,
2713 2135 2907 2192 abbas
2956 2133 3393 2206 Herveldensis,
3436 2133 3751 2189 ordinatur

315 2225 528 2282 Christi
559 2241 694 2281 cum
726 2226 1150 2282 decentissima
1211 2243 1454 2282 suorum
1503 2227 1975 2300 frequentatione
2084 2226 2401 2300 episcopus
2431 2225 2899 2281 Podelbrunnon
2924 2243 2938 2292 ;
2971 2224 3066 2280 cui
3096 2223 3499 2294 Meginherus,
3528 2222 3615 2277 vir
3643 2237 3744 2276 ve-

315 2314 555 2371 Goslare
585 2315 902 2372 celebravit
931 2335 944 2384 ;
975 2333 1098 2388 quo
1131 2317 1210 2372 ad
1259 2333 1398 2373 eum
1424 2317 1798 2374 diversarum
1830 2333 1974 2386 gen-
2085 2315 2390 2386 nerabilis,
2415 2315 2717 2370 successit.

313 2403 464 2459 tium
526 2403 706 2472 legati
761 2421 897 2460 cum
953 2405 1303 2461 muneribus
1361 2411 1812 2474 convenerunt;
1871 2407 1976 2476 qui

311 2491 470 2558 inde,
498 2495 563 2546 ut
586 2491 1032 2563 imperatoriam
1064 2493 1441 2563 majestatem
1487 2494 1803 2566 oportebat
1855 2493 2237 2560 remunerati,
2288 2493 2581 2549 abierunt.
2651 2491 2757 2548 Ubi
2799 2492 2978 2548 etiam
3033 2491 3318 2564 praedicto

313 2578 542 2634 domno
570 2579 843 2635 Albwino
871 2580 1128 2636 abbatiaa
1159 2581 1510 2650 dignitatem
1543 2581 1602 2636 in
1633 2581 1777 2654 ipsis
1804 2581 1928 2636 Kal.
1961 2581 2226 2637 Januarii
2256 2579 2719 2637 commendavit.
2773 2581 2843 2635 Et
2881 2579 3312 2636 Chuonradum

312 2666 565 2723 Alberici
593 2666 782 2724 ﬁlium
813 2668 987 2724 exilio
1017 2685 1186 2724 reum
1219 2669 1547 2740 majestatis
1599 2669 1927 2742 deputavit.
1963 2673 2250 2742 Tempore
2294 2667 2804 2742 quadragesimali
2839 2668 2980 2723 urbs
3007 2667 3252 2723 Wirbini
3281 2683 3318 2722 a

312 2755 568 2811 Luitiziis
601 2755 851 2828 capitur,
887 2762 945 2813 et
973 2757 1322 2830 praesidium
1381 2758 1543 2814 Dredi
1569 2759 1801 2814 comitis
1848 2759 2155 2831 captivum
2203 2757 2522 2814 diducitur.
2584 2756 2931 2812 Incendium
2964 2755 3318 2826 Degarensis

316 2843 464 2914 (36f)
499 2843 845 2899 monasterii
875 2849 926 2901 5.
979 2845 1110 2900 Kal.
1161 2845 1381 2902 Marcii.
1437 2851 1765 2918 Imperator
1811 2847 2040 2918 pascha
2093 2845 2518 2902 Paderbrunne
2572 2844 2850 2912 feriavit;
2907 2844 3318 2900 ascensionem

315 2931 549 2986 Domini
628 2930 1016 3001 Seliganstad,
1087 2938 1469 3006 pentecosten
1576 2950 1718 2990 vero
1787 2935 2134 3005 Bavenberg
2203 2934 2340 3004 egit.
2411 2933 2573 2990 Unde
2643 2932 3081 3006 expeditionem
3143 2948 3318 2988 suam

315 3033 377 3072 in
408 3018 676 3073 Liutizios
708 3019 857 3075 serie
891 3021 1219 3077 mandavit.
1281 3021 1367 3077 Ibi
1390 3022 1568 3078 etiam
1603 3022 1917 3079 Heinricho
1969 3023 2114 3093 regi,
2147 3023 2269 3078 tilio
2301 3023 2697 3096 imperatoris,
2744 3022 2861 3076 ﬁlia
2915 3023 3108 3079 Chnut
3162 3021 3318 3090 regis

318 3107 622 3160 Danorum
676 3107 1032 3177 juramentis
1080 3109 1527 3181 desponsatur;
1575 3114 1632 3165 et
1689 3112 1819 3167 Otto
1881 3111 1955 3167 de
2015 3110 2375 3168 Suinvourdi
2418 3110 2640 3166 ibidem
2696 3109 3063 3172 Mathildem,
3135 3108 3321 3164 ﬁliam

318 3191 722 3250 Bolezlavonis
776 3195 1152 3252 Polianorum
1212 3198 1402 3268 ducis,
1464 3197 1574 3253 sibi
1632 3198 2039 3271 desponsavit.
2095 3201 2423 3271 Imperator
2481 3214 2618 3252 cum
2649 3197 3023 3253 validissimo
3056 3199 3316 3252 exercitu

313 3279 619 3351 regionem
651 3283 1027 3341 Liutiziorum
1067 3285 1342 3352 intravit;
1374 3301 1562 3358 quam
1590 3285 1766 3356 longe
1796 3286 2035 3358 lateque
2064 3286 2356 3341 incendiis
2397 3290 2455 3341 et
2504 3284 2913 3358 populationis
2961 3283 3313 3340 devastavit.

315 3369 540 3426 Eodem
567 3387 728 3428 anno
781 3373 1180 3430 Herimannus
1237 3373 1813 3443 Hammaburgensis
1879 3373 2374 3445 metropolitanus
2422 3388 2492 3428 ex
2550 3374 2664 3430 hac
2721 3373 2845 3428 vita
2897 3373 3194 3442 migravit.
3254 3376 3318 3426 In

314 3459 486 3528 cujus
538 3459 738 3515 locum
787 3461 1206 3517 Adelbrandus
1264 3462 1408 3532 (365)
1465 3461 1665 3530 regius
1716 3461 2064 3533 capellanus
2120 3461 2401 3527 intravit;
2443 3461 2546 3532 qui
2587 3477 2726 3516 cum
2780 3477 3020 3517 summo
3069 3476 3316 3516 suorum

315 3545 525 3617 suique
555 3548 1118 3618 conprovintialium
1171 3548 1392 3617 gaudio
1424 3565 1460 3603 a
1491 3549 1614 3603 suis
1666 3548 2060 3620 suffraganeis
2118 3549 2414 3621 episcopis
2463 3549 2719 3605 sabbato
2767 3555 2903 3606 ante
2949 3549 3317 3605 nativitatem

316 3632 546 3702 Christi,
577 3634 639 3688 in
669 3635 870 3704 vigilia
899 3636 1090 3691 sancti
1119 3632 1366 3691 Thomaa
1394 3636 1670 3708 apostoli,
1700 3637 2031 3710 prespiterii
2077 3637 2393 3700 honorem,
2417 3641 2475 3692 et
2514 3637 2575 3691 in
2623 3639 2951 3694 crastinum
3004 3637 3319 3710 pontiﬁca-

311 3717 431 3774 lem
462 3721 904 3791 promotionem
933 3722 1162 3796 accepit
1191 3722 1538 3779 honoriﬁce.
1579 3725 1918 3797 Opperthus
1952 3724 2472 3794 Elewangensium
2497 3724 2690 3780 abbas
2721 3725 2867 3781 obiit
2900 3745 2912 3792 ;
2948 3725 3042 3781 cui
3069 3725 3316 3780 Rihhar-

314 3804 429 3861 dus
462 3806 768 3864 Fuldensis
799 3811 1135 3866 monachus
1167 3811 1468 3867 successit.
1518 3811 1813 3868 Maerksuit
1866 3812 2595 3885 Wongerestorpiensium
2637 3812 2948 3868 abbatissa
2977 3814 3011 3867 2
3040 3812 3171 3868 Kal.
3201 3815 3316 3868 No-

312 3893 514 3950 vemb.
548 3895 730 3964 obiit;
760 3903 900 3969 post
927 3913 1113 3970 quam
1156 3898 1435 3966 Alberad,
1496 3899 2020 3956 Molinbechiensis
2070 3901 2238 3973 prius
2285 3899 2618 3969 abbatissa,
2673 3900 3114 3956 machinatione
3175 3901 3317 3969 Sigi-

312 3979 509 4038 berhti
535 3983 866 4041 Mindensis
897 3986 1163 4059 episcopi
1193 3986 1354 4042 idem
1382 3986 1650 4056 regimen
1682 3988 1960 4060 suscepit,
2021 3992 2144 4044 tota
2193 3988 2656 4058 congregatione
2703 3988 2959 4043 nimium
3008 3988 3314 4044 renitente.

312 4068 561 4126 Hiemali
592 4075 861 4145 tempore
891 4073 1150 4142 Chnuht,
1174 4090 1278 4129 rex
1310 4077 1614 4130 Danorum
1641 4079 1697 4130 et
1746 4076 2097 4146 Anglorum,
2137 4076 2464 4131 immatura
2493 4081 2682 4132 morte
2719 4080 3059 4148 praeventus
3111 4075 3314 4146 obivit,

312 4162 369 4211 et
389 4157 711 4216 christiana
747 4161 953 4231 religio
983 4163 1061 4218 ab
1085 4163 1216 4235 ipso
1242 4162 1494 4219 ﬁdeliter
1522 4163 1756 4220 exculta
1785 4165 2104 4237 periclitari
2133 4165 2330 4238 coepit.
2382 4164 2495 4220 Sed
2525 4163 2680 4220 ﬁlius
2725 4165 2855 4236 ejus
2881 4201 2886 4208 -
2908 4164 3133 4236 junior,
3168 4164 3323 4219 Haer-

312 4241 577 4300 dechunt
604 4247 868 4315 nomine,
898 4265 1152 4319 regnum
1181 4251 1370 4323 ipsius
1398 4256 1535 4324 post
1563 4268 1702 4307 eum
1734 4269 2037 4309 consensu
2065 4251 2525 4326 provincialium
2557 4253 2830 4309 obtinuit.
2883 4255 3034 4310 Outa
3093 4257 3313 4308 sancta:

312 4337 897 4478 :ZmIIaemlorationis
928 4337 1237 4394 abbatissa
1267 4340 1341 4395 de
1373 4341 1720 4412 Confengon
1751 4341 1900 4413 (366)
1927 4343 2075 4399 obiit
2124 4346 2208 4398 14.
2251 4342 2383 4398 Kal.
2447 4342 2654 4398 Octob.
2705 4346 2901 4398 Bruno
2940 4358 3143 4398 comes
3172 4341 3318 4398 obiit

389 4462 401 4475 .
550 4464 564 4477 .
630 4439 731 4478 un.

389 4462 401 4475 .
433 4439 564 4477 Aa].
595 4439 618 4478 «Ι
630 4439 731 4480 un.

390 4567 544 4622 1036.
562 4565 685 4623 ind.
709 4569 761 4622 4.
784 4571 1111 4639 Imperator
1141 4580 1280 4624 cum
1292 4584 1532 4626 summa
1553 4587 1800 4628 suorum
1816 4573 1974 4646 prin-
2158 4574 2313 4630 1036.
2331 4574 2641 4645 Piligrinus
2659 4573 3026 4631 Coloniensis
3052 4572 3540 4646 archiepiscopus
3555 4573 3707 4628 obiit
3732 4592 3746 4641 ;

313 4654 517 4728 cipum
579 4653 912 4727 frequentia
967 4655 1338 4712 nativitatem
1390 4656 1600 4716 Christi
1655 4661 1974 4730 Argentine
2083 4663 2177 4718 cui
2211 4663 2609 4719 Herimannus
2659 4663 2960 4718 successit.
3011 4662 3257 4733 [Eodem
3287 4678 3447 4718 anno
3484 4661 3750 4717 aediﬁca-

312 4743 632 4814 magniﬁce
663 4743 983 4799 celebravit
1015 4763 1026 4811 ;
1055 4743 1534 4816 puriﬁcationem
1564 4763 1703 4804 vero
1753 4755 1973 4805 sanctae
2081 4757 2209 4807 tum
2242 4758 2333 4808 est
2357 4753 2788 4808 monasterium
2843 4753 3195 4808 Scothorum
3225 4752 3286 4808 in
3333 4751 3599 4807 Erfordia
3638 4768 3751 4824 per

312 4832 514 4887 Mariae
544 4831 931 4902 Augustburg
945 4833 1082 4902 egit,
1115 4832 1218 4888 ubi
1241 4837 1298 4888 et
1322 4833 1631 4906 publicum
1662 4853 1799 4892 cum
1826 4854 1974 4893 cun-
2083 4841 2378 4896 domnum
2408 4840 2772 4897 Waltherum
2797 4840 2871 4895 de
2921 4840 3192 4910 Glisberg
3224 4859 3236 4909 ;
3285 4839 3509 4896 ibidem
3549 4839 3746 4912 sepulv

313 4919 420 4975 ctis
436 4919 987 4991 circumjacentium
999 4921 1312 4992 regionum
1325 4923 1690 4995 primoribus
1711 4941 1972 4982 conven-
2091 4936 2200 4985 Lis.
2232 4933 2285 4986 4.
2318 4928 2394 5003 5.]

313 5011 442 5063 tum
455 5008 751 5077 habuit,in
766 5027 888 5082 quo
905 5010 1157 5083 patrueli
1181 5026 1290 5067 suo
1313 5011 1672 5068 Chuonrado
1683 5013 1883 5069 ducatr.
1918 5040 1968 5070 ..-.

315 5096 766 5152 Carentinorum
798 5099 1115 5154 commisit.
1145 5099 1598 5156 Adwlberonem
1621 5102 1946 5173 majestatie
1974 5123 2144 5162 reum
2174 5107 2356 5180 priori
2372 5123 2536 5163 anno
2563 5107 3067 5164 dimovit.Histem
3097 5106 3312 5162 diebus

313 5181 475 5238 idem
493 5183 792 5240 Adalbero
816 5184 1252 5243 Willehelmum
1285 5188 1567 5245 comitem
1597 5188 1904 5262 interfecit,
1933 5198 1989 5251 et
2035 5199 2244 5268 postea
2297 5195 2357 5250 in
2405 5195 2721 5251 castellum
2751 5195 3090 5265 Eresburgh
3119 5209 3306 5251 causa

382 5557 529 5629 (363)
556 5557 717 5614 Hinc
741 5557 866 5614 alia
892 5573 1127 5615 manus.
2155 5566 2299 5629 (365)
2330 5566 2709 5624 BEZELINUS
2738 5568 2801 5623 in
2831 5584 2907 5623 m.
2944 5569 3159 5624 litteris
3184 5569 3306 5624 BEZ
3337 5567 3606 5624 abscisis.

385 5566 529 5629 (363)
556 5566 717 5614 Hinc
741 5566 866 5614 alia
892 5573 1127 5615 manus.
2175 5567 2275 5621 365
2330 5566 2709 5624 BEZELINUS
2738 5568 2801 5623 in
2831 5584 2907 5623 m.
2944 5569 3053 5624 lim

385 5629 902 5699 (364)1‘egernsee.
2155 5566 2304 5709 (366)
2353 5637 2701 5709 Baufungen
2729 5637 2791 5694 in
2823 5638 3053 5696 Hassia.
