4004 6178
231 129 333 180 δττ
956 115 1039 168 ET
1077 110 1414 168 LAMBERTI
1451 101 2071 162 ASCHAFNABUBG.
2114 102 2302 163 PARS
2339 107 2618 166 ALTERA
2658 110 2983 170 GENUINA.

540 229 880 298 ANNALES
918 231 1578 294 HILDESHEIMENSES.
2340 229 2347 231 ﬁ
2511 237 2848 292 LAMBERTI
2886 237 3234 294 ANNALES.

222 353 453 414 latendi
484 349 785 419 confugit.
823 350 1152 420 Imperator
1180 345 1402 417 pascha
1431 332 1835 409 Engilenheim
1867 333 2149 390 feriavit.
2190 337 2405 394 Deinde
2431 340 2761 396 Triburiam
2791 342 3062 412 tendens,
3093 358 3272 413 gene-

220 445 332 503 rali
359 443 591 500 ibidem
625 438 851 495 sinodo
882 435 1183 508 praesedit,
1212 434 1271 488 in
1301 449 1421 505 qua
1451 423 1806 500 germanitas
1843 423 2302 495 episcoporum
2327 430 2530 502 priora
2556 429 2793 486 decreta
2822 431 3270 501 redintegravit,

221 540 280 592 et
306 533 492 591 etiam
522 529 802 603 quedam
835 525 915 582 ad
953 523 1396 579 firmamentum
1426 522 1637 575 sanctze
1667 510 1957 603 ecclesiae
1993 517 2324 573 necessaria
2365 518 2778 574 conformavit.
2832 518 3059 574 Ibidem
3091 520 3271 576 etiam

220 597 564 698 prmdictus
586 620 724 675 Otto
755 617 1007 684 cogente
1035 610 1247 666 sinodo
1276 607 1648 698 Mahtbildem
1674 599 1782 657 sibi
1809 597 2274 698 desponsatam
2295 606 2642 675 juramento
2692 621 2728 660 a
2756 621 2816 660 se
2846 605 3270 676 abaligenavit.

221 689 667 768 Ascensionem
718 701 963 760 Domini
989 700 1314 772 imperator
1344 695 1754 752 Paderbrunne
1798 689 2090 761 peregit;
2142 699 2527 764 pentecosten
2584 709 2729 749 vero
2777 694 3269 767 nativitatemque

223 799 422 857 sancti
448 794 752 854 Johannis
785 791 1106 858 Niumago,
1133 791 1190 842 et
1218 785 1298 841 ibi
1324 785 1444 841 ﬁlio
1472 777 1848 856 imperatoris
1883 775 2172 835 Heinrico
2204 781 2327 852 regi
2357 781 2518 838 venit
2563 781 2794 851 regina,
2853 781 3129 837 Cunihild
3176 799 3280 838 no-

224 889 414 954 mine,
445 902 584 958 quse
610 883 846 939 ibidem
885 880 946 934 iu
975 875 1160 933 natali
1188 873 1598 946 apostolorum
1627 868 1892 940 regalem
1929 883 2225 924 coronam
2257 871 2506 942 accepit,
2557 876 2616 926 et
2664 875 2896 926 mutato
2947 870 3191 927 nomine
3216 872 3278 926 in

225 975 652 1034 benedictione
686 966 1012 1038 Cunigund
1041 965 1202 1020 dicta
1227 968 1330 1018 est.
1363 963 1577 1019 Estivo
1605 960 1784 1016 etiam
1837 961 2114 1029 tempore
2163 959 2493 1031 imperator
2539 959 2851 1028 regionem
2903 959 3277 1015 Liutiziorum

229 1083 371 1123 cum
403 1061 670 1120 exercitu
701 1056 966 1114 intravit.
1005 1053 1120 1112 Sed
1155 1053 1250 1107 Dei
1277 1052 1464 1120 gratia
1497 1049 1778 1106 omnibus
1809 1062 1922 1119 pro
1955 1061 2065 1100 suo
2097 1047 2252 1102 velle
2283 1047 2619 1119 dispositis,
2669 1047 2926 1120 acceptis
2962 1047 3278 1103 obsidibus

227 1161 285 1212 et
317 1148 752 1209 innumerabili
784 1144 1065 1219 pecunia,
1100 1142 1162 1197 in
1183 1157 1332 1214 pace
1359 1138 1663 1196 remeavit.
1698 1136 2086 1193 Meinwercus
2143 1135 2690 1191 Patherbrunensis
2744 1137 3068 1208 episcopus
3126 1141 3272 1192 Non.

226 1243 387 1300 Junii
418 1240 586 1296 obiit.
625 1237 728 1294 Cui
761 1232 1093 1291 Ruodolfus
1123 1229 1447 1285 Herveldiae
1475 1227 1666 1284 abbas
1711 1223 2019 1280 successit.
2077 1224 2197 1280 Sed
2245 1224 2513 1280 domnus
2572 1225 2946 1294 Meginherus
3003 1225 3274 1295 ejusdem

226 1331 345 1388 loci
372 1330 671 1389 decanus.
697 1322 922 1398 plurali
952 1319 1216 1376 utilitatis
1249 1318 1445 1373 studio
1473 1315 1766 1380 imbutus,
1800 1319 2022 1369 sancta!
2076 1312 2329 1385 quidem
2387 1313 2863 1369 conversationis
2921 1315 3278 1384 monachus,

232 1417 552 1475 Herfeldize
577 1413 913 1487 primatum
945 1409 1216 1479 ejusdem
1248 1403 1556 1475 dignitatis
1600 1401 1876 1458 obtinuit.
1931 1403 2133 1455 Bruno
2190 1399 2660 1469 Mersburgensis
2714 1402 2934 1474 praesul
2994 1402 3076 1458 Id.
3129 1408 3278 1470 Aug.

230 1506 589 1569 sustollitur,
636 1505 774 1574 post
803 1514 990 1572 quem
1022 1493 1337 1550 Hunoldus
1383 1489 1887 1547 Halberstatensis
1938 1488 2306 1560 praepositus
2362 1488 2755 1546 subinfertur.
2811 1490 3154 1547 Tbiedricus
3207 1489 3282 1545 de

228 1595 450 1653 eodem
479 1592 564 1648 ibi
595 1587 876 1646 coenobio
904 1583 1292 1658 praeponitur.
1327 1584 1560 1638 Sanctae
1591 1578 2052 1651 Agrippinensis
2085 1575 2354 1632 ecclesiae
2391 1579 2892 1651 metropolitanus
2921 1578 3283 1635 venerandae

231 1682 545 1742 memoriaa
577 1677 915 1747 Biligrinus,
946 1673 1023 1729 ad
1056 1671 1259 1727 omnia
1288 1671 1351 1726 in
1383 1669 1611 1726 divinis
1643 1673 1699 1723 et
1726 1667 2014 1722 humanis
2045 1669 2460 1738 perstrenuus,
2508 1669 2560 1720 9.
2616 1667 2747 1723 Kal.
2793 1668 3156 1742 Septembris
3206 1666 3284 1720 ad

231 1774 536 1832 Christum
567 1766 867 1837 migravit.
903 1767 966 1818 ln
1017 1761 1189 1832 cujus
1244 1759 1452 1815 locum
1509 1755 1901 1813 nobilissimae
1961 1753 2186 1810 indolis
2239 1754 2479 1823 juvenis
2529 1757 2948 1824 Herimannus,
3012 1755 3286 1827 ejusdem

230 1862 516 1920 ecclesiae
548 1855 1031 1920 archidiaconus,
1065 1849 1170 1905 sed
1223 1847 1430 1918 regius
1463 1845 1818 1919 capellanus
1851 1849 1908 1901 et
1939 1842 2285 1914 Cisalpinus
2315 1843 2731 1917 cancellarius,
2783 1863 2921 1902 cum
2972 1845 3280 1900 inenarra-

235 1952 336 2009 bili
364 1948 590 2021 gaudio
614 1945 858 2019 piorum
912 1938 1188 1997 omnium
1240 1936 1504 1992 intravit.
1568 1933 1944 1990 Branthohus
2001 1930 2495 1986 Halberstatensis
2551 1934 2823 2003 pontifex
2849 1939 2900 1990 6.
2950 1933 3080 1987 Kal.
3144 1933 3286 2002 Sep-

242 2018 494 2097 tembris
522 2018 815 2097 discessit,
850 2029 944 2086 cui
973 2024 1358 2097 Burghardus
1390 2021 1726 2096 imperialis
1756 2019 2154 2077 cancellarius
2181 2018 2510 2074 honoriﬁce
2553 2024 2863 2080 successit.
2903 2019 3290 2092 Sigeberhtus

241 2127 632 2188 Mindensium
662 2119 888 2197 praesul
919 2115 1195 2191 spiritum
1225 2112 1449 2168 eﬁlavit
1499 2116 1552 2167 6.
1589 2111 1728 2167 ldus
1759 2109 2072 2174 Octobris;
2123 2112 2259 2179 post
2304 2123 2486 2179 quem
2534 2111 2756 2167 nobilis
2799 2109 3100 2185 prosapiae
3151 2112 3287 2180 tyro

242 2223 442 2275 Bruno
473 2195 739 2278 nomine,
773 2208 994 2279 regalis
1028 2203 1401 2277 capellanus,
1429 2218 1571 2258 cum
1605 2199 1867 2270 generali
1896 2195 2416 2266 congratulatione
2447 2213 2838 2274 quorumque
2880 2197 3091 2258 Christi
3140 2196 3288 2252 ﬁde-

241 2309 394 2364 lium
425 2305 588 2361 idem
619 2298 984 2358 antisticium
1025 2291 1248 2350 caelesti
1277 2290 1699 2347 benedictione
1729 2287 1976 2361 accepit.
2013 2288 2340 2342 Gozmarus
2368 2286 2856 2360 Asneburgensis
2888 2288 3212 2360 episcopus
3233 2289 3284 2340 4.

244 2397 330 2454 Id.
359 2392 703 2450 Decembris
734 2388 902 2454 obiit,
935 2384 1032 2441 cui
1063 2380 1374 2437 Albericus
1405 2379 1606 2449 regius
1636 2379 2179 2451 postsequetaneus
2210 2373 2514 2429 successit.
2570 2378 2840 2433 Domnus
2874 2373 3285 2442 Godehardus,

249 2479 731 2542 Hildeseimensis
760 2477 1107 2550 episcopus,
1143 2473 1480 2526 Brunonem
1499 2466 1988 2524 Mindonensium
2018 2461 2360 2550 prmsulem,
2407 2466 2471 2550 et,
2495 2465 2920 2535 Burghardum
2950 2462 3288 2518 Halbersta-

249 2573 482 2632 tensem
509 2548 878 2644 pontiﬁcem,
914 2568 1000 2619 15.
1037 2559 1171 2616 Kal.
1206 2559 1450 2613 Januar.
1486 2556 1702 2612 sabato
1729 2560 1866 2610 ante
1892 2550 2160 2608 natalem
2195 2548 2432 2604 Domini
2458 2549 2522 2605 in
2555 2553 2889 2609 Halberstat
2918 2549 3286 2624 presbiteros

256 2659 584 2720 ordinavit.

333 2879 493 2932 1037.
535 2870 660 2927 ind.
802 2866 1136 2939 Imperator
1190 2857 1449 2914 natalem
1503 2857 1647 2928 (367)
1708 2851 1915 2912 Christi

3601 118 3707 172 578

2102 2854 2255 2906 1037.
2301 2853 2624 2908 lncensum
2687 2857 2776 2909 est
2818 2852 3249 2910 monasterium
3284 2850 3706 2910 Herveldense.

258 2970 487 3022 Verone
538 2957 863 3017 honoriﬁce
893 2937 1248 3010 celebravit.
1301 2951 1366 3002 Et
1411 2944 1759 3018 imperatrix
1788 2958 1928 2998 cum
2038 2937 2246 2995 Gozelo
2274 2937 2396 2992 dux
2425 2939 2702 2998 Odonem
2747 2943 3026 2998 comitem
3075 2940 3308 3010 occidit,
3359 2945 3414 2997 et
3463 2956 3604 2998 cum
3637 2959 3710 2999 eo

261 3055 383 3111 ﬁlio
411 3067 554 3121 rege
580 3053 637 3104 et
662 3063 817 3103 nuru
847 3042 1099 3101 eosdem
1149 3037 1274 3093 dies
1324 3033 1630 3106 Imbripoli
1683 3030 1925 3088 feriavit.
2039 3027 2114 3083 ad
2147 3043 2249 3081 sex
2277 3025 2466 3083 millia
2488 3028 2641 3098 (369)
2672 3031 2966 3086 homines.

261 3147 423 3200 Tunc
449 3142 512 3196 in
541 3137 720 3194 natali
752 3133 941 3191 sancti
975 3127 1258 3202 Stephani
1290 3121 1746 3198 protomartyris
1787 3121 1928 3173 Bur-

264 3229 534 3304 ghardus
559 3225 779 3300 praasul
807 3214 1306 3278 Halberstatensis
1336 3209 1742 3286 pontiﬁcalem
1771 3204 2247 3304 benedictionem
2274 3219 2310 3258 a
2341 3204 2614 3261 Bardone
2644 3208 3016 3278 Mogontiaco
3070 3213 3283 3264 metro-

265 3291 534 3394 politano
559 3291 809 3386 suisque
839 3305 1241 3376 suffraganeis
1284 3298 1685 3371 Heliganstedi
1724 3294 2052 3394 honoriﬁce
2098 3291 2380 3394 percepit.
2442 3297 2772 3365 Imperator
2827 3303 2962 3368 post
3019 3297 3280 3352 natalem

270 3381 505 3466 Domini
530 3406 592 3460 in
620 3403 862 3459 Salerno
887 3397 1075 3471 opido
1098 3391 1437 3465 generalem
1466 3391 1828 3445 conventum
1861 3384 1934 3439 de
1973 3399 2035 3438 re
2085 3381 2328 3454 publica
2381 3397 2522 3437 cum
2580 3384 2895 3457 Cisalpinis
2941 3385 3281 3458 nostrisque

267 3495 636 3571 primoribus
659 3489 900 3555 habuit;
930 3469 996 3542 in
1023 3499 1146 3557 quo
1189 3477 1642 3538 Mediolanensis
1692 3471 2178 3544 archiepiscopus
2223 3469 2570 3542 imperatori
2624 3473 2956 3530 contrarius
3007 3489 3276 3546 compre-

268 3557 572 3650 henditur,
603 3587 659 3637 et
686 3575 954 3652 BOpponi
985 3569 1366 3645 Aquilegensi
1389 3565 1742 3640 patriarchae
1770 3559 2100 3652 servandus
2127 3557 2551 3627 committitur;
2610 3577 2645 3615 a
2682 3577 2806 3633 quo
2853 3561 2997 3632 fuga
3042 3561 3276 3635 lapsus,

273 3674 477 3749 palam
525 3646 1015 3737 rebellare—cepit.
1048 3663 1235 3727 Quem
1268 3657 1588 3729 imperator
1618 3669 1648 3709 e
1679 3649 1928 3718 vestigio
1967 3665 2106 3704 cum
2159 3646 2419 3704 exercitu
2475 3646 2854 3720 insequutus,
2909 3649 3123 3705 urbem
3173 3665 3280 3722 per

274 3733 464 3820 totum
496 3733 960 3829 subsequentem
987 3765 1218 3806 annum
1250 3761 1386 3801 cum
1413 3743 1602 3800 tocius
1623 3737 1887 3814 periculo
1912 3737 2202 3793 exercitus
2231 3733 2482 3790 obsedit.
2545 3739 2740 3792 Bruno
2771 3737 3094 3792 Mindensis
3125 3754 3276 3810 pree-

275 3852 366 3909 sul
396 3852 458 3907 in
485 3824 811 3906 sancto-die
839 3844 1224 3916 pentecosten
1251 3832 1700 3909 epischOpalem
1734 3827 2077 3884 unctionem
2104 3826 2182 3883 ab
2215 3824 2572 3880 Herimanno
2612 3825 3033 3899 Agrippinensi
3062 3832 3274 3881 metro-

274 3943 542 4018 politano
572 3939 630 3994 in
663 3915 880 4007 campo
903 3934 1075 4003 juxta
1105 3926 1520 3987 Mediolanum,
1555 3919 1893 3978 astantibus
1936 3917 2297 3990 imperatore
2353 3920 2410 3970 et
2442 3930 2579 3984 rege
2632 3932 2772 3970 cum
2818 3915 3282 3987 quampluribus

274 4003 442 4102 regni
468 4003 851 4103 primoribus.
882 4020 1176 4089 condigne
1211 4015 1484 4087 suscepit.
1519 4011 1745 4067 Eodem
1774 4008 1870 4063 die
1899 4006 2043 4062 inibi
2075 4020 2298 4074 magna
2337 4005 2588 4058 tonitrus
2645 4003 3017 4075 fulgurisque
3076 4008 3279 4059 exorta

275 4091 501 4177 collisio
530 4118 680 4172 hora
706 4113 824 4168 diei
852 4114 1038 4174 sexta,
1068 4108 1141 4163 de
1167 4103 1426 4161 exercitu
1454 4097 1830 4172 imperatoris
1851 4112 1974 4151 non
2002 4095 2200 4150 minus
2227 4097 2294 4148 60
2325 4092 2506 4159 viros,
2541 4095 2603 4146 ut
2628 4091 2862 4159 dicitur,
2896 4106 3036 4146 cum
3069 4091 3278 4146 inenu-

276 4207 548 4266 merabili
579 4219 873 4277 equorum
905 4201 1436 4265 armentorumque
1467 4186 1847 4245 multitudine
1879 4184 2130 4256 peremit
2161 4200 2174 4250 ;
2210 4182 2317 4237 sed
2365 4186 2420 4236 et
2451 4181 2720 4252 sequenti
2750 4180 2845 4236 die
2875 4179 3027 4236 lzora
3069 4179 3284 4236 eadem

274 4298 459 4354 etiam
489 4267 722 4366 aliqdos
752 4287 995 4345 ademit.
1030 4283 1320 4340 Plurimos
1350 4279 1595 4352 quidem
1627 4274 1827 4330 varios
1855 4278 1911 4328 et
1936 4273 2115 4328 etiam
2159 4269 2426 4326 insolitos
2476 4267 2808 4324 difﬁcilium
2858 4285 3059 4324 rerum
3101 4285 3279 4325 even-

276 4392 373 4442 tus
413 4400 520 4457 per
544 4357 698 4438 hanc
727 4381 995 4434 aestatem
1025 4371 1313 4428 exercitus
1346 4373 1546 4424 noster
1576 4365 1637 4420 in
1667 4361 1870 4418 multis
1901 4361 2125 4417 ibidem
2159 4357 2454 4414 sustinuit.

350 4541 744 4608 Placentinus,
777 4531 1214 4600 Cremonensis,
1245 4525 1651 4588 Vercellensis,
1685 4522 1780 4578 alii
1811 4522 1994 4578 etiam
2023 4519 2310 4594 episcopi,
2339 4518 2590 4592 quidam
2619 4518 2947 4589 majestatis
2992 4518 3096 4584 rei,
3137 4518 3281 4591 quia

279 4649 422 4690 cum
453 4606 738 4704 praedicto
766 4622 1216 4695 archiepiscopo
1245 4621 1303 4673 et
1328 4615 1576 4673 ()udone
1605 4617 1864 4685 tyranno
1895 4625 2052 4682 saepe
2081 4613 2415 4664 memorato
2445 4612 2652 4663 contra
2682 4606 3108 4678 imperatorem
3140 4621 3279 4660 con-

280 4693 614 4784 senserant,
645 4714 863 4788 captivi
893 4693 986 4769 ad,
1001 4726 1112 4766 nos
1140 4693 1204 4764 in
1235 4706 1472 4762 diversa
1494 4702 1628 4758 loca
1658 4698 1876 4756 exiliati
1909 4703 2067 4754 sunt.
2102 4696 2556 4752 Prenominatus
2585 4711 2729 4764 ergo
2778 4693 2971 4761 Oudo,
3017 4693 3278 4766 impera-

282 4816 410 4868 tore
441 4780 613 4864 ltaliae
645 4780 844 4878 partes
875 4802 1254 4874 procurante,
1291 4791 1737 4860 Luthuringiam
1763 4788 1933 4859 juxta
1961 4802 2229 4842 marcam
2283 4784 2588 4841 Gazelonis
2649 4783 2820 4838 ducis
2870 4783 3120 4853 ejusque
3174 4780 3276 4835 ﬁlii

284 4895 584 4956 Godefridi
623 4868 908 4950 tirannice
936 4886 1174 4951 invasit,
1207 4887 1263 4939 et
1293 4882 1610 4948 civitatem,
1642 4893 1776 4950 quae
1811 4877 1954 4931 Bera
1973 4875 2121 4946 (368)
2147 4874 2379 4939 dicitur,
2434 4873 2656 4942 injusta
2693 4868 3157 4943 praesumptione
3184 4883 3281 4923 oc-

285 4985 524 5060 cupavit
551 5002 565 5051 ;
594 4984 766 5054 juxta
794 4994 978 5051 quam
1011 4975 1088 5030 ab
1108 4972 1346 5028 hisdem
1367 4968 1624 5024 ducibus
1655 4969 2006 5036 occupatus,
2040 4967 2434 5033 consertoque
2491 4959 2696 5031 praelio
2739 4958 2890 5013 inter
2939 4958 3165 5027 primos
3194 4954 3281 5009 in-

285 5041 512 5148 gldrius
540 5041 840 5133 occubuit,
862 5067 1179 5137 justasque
1209 5058 1418 5114 divinae
1445 5055 1651 5111 ultioni
1679 5057 1816 5127 post
1843 5051 2084 5107 effracta
2109 5051 2453 5121 juramenta
2481 5062 2714 5119 pennas
2735 5043 3001 5100 exsolvit.
3023 5042 3113 5098 Ab
3135 5041 3279 5114 ipsis

288 5131 434 5221 sane
463 5159 788 5217 victoribus
815 5131 1146 5225 ignoratu—s,
1177 5149 1239 5204 in
1264 5147 1591 5202 crastinum
1619 5144 1771 5198 inter
1793 5141 2011 5211 vulgus
2039 5140 2313 5194 inventus
2353 5141 2442 5192 est
2469 5135 2690 5203 nudus,
2738 5133 2922 5189 vitam
2969 5131 3188 5204 pariter
3227 5135 3283 5186 et

366 5518 520 5661 $367K
555 5516 727 5570 Deest
757 5527 807 5567 ι’.
2133 5495 2279 5565 (369)
2317 5491 2490 5548 Deest
2513 5495 2567 5547 2.
2597 5494 2649 5547 6.

393 5592 496 5646 368
559 5591 688 5641 Bar.

393 5591 520 5646 368i
559 5591 688 5641 Har.
