4004 6178
303 105 409 158 m
1226 98 1488 156 ANNAL.
1526 94 1967 152 HILDESHEIM.
2008 94 2381 160 QUEDLINB.
2422 94 2813 154 WEISSEMB.
3626 106 3744 160 580

618 224 947 281 ANNALES
990 222 1507 279 HILDESHEIIEN
1517 221 1639 276 SES
2530 221 2878 277 LAMBERTI
2931 220 3261 279 ANNALES

296 346 484 403 regno
511 331 678 404 quod
708 331 822 388 sibi
850 346 1156 404 usurpans
1183 329 1520 395 affectabat,
1554 325 1864 400 spoliatus.
1897 329 2119 382 Nostra
2146 324 2429 382 acclesia
2476 326 2763 383 dacanus
2805 326 3008 384 Tadilo
3059 333 3114 384 11
3165 328 3290 385 Kal.

296 420 575 477 Februar.
609 420 773 491 obiit,
804 425 973 494 pater
996 420 1059 475 in
1086 417 1316 476 Christo
1345 415 1703 473 venerabilis
1732 420 1793 471 et
1816 415 1929 487 piis
1955 414 2240 470 omnibus
2274 431 2511 487 semper
2558 416 2985 472 memorabilis.
3039 418 3293 489 Hagano

293 508 607 579 diaconus,
638 509 836 580 regius
860 508 1230 580 capellanus,
1265 510 1348 561 10.
1376 504 1509 561 Kal.
1535 507 1710 561 Marc.
1745 503 2017 574 moritur,
2052 508 2109 559 et
2155 502 2217 559 in
2268 504 2582 559 Herveldia
2621 504 2925 577 sepelitur.
2973 506 3285 576 Sigifridus

295 612 499 654 comes
523 601 583 654 et
610 601 986 669 Dangmarus
1014 609 1222 651 comes
1253 593 1549 650 obierunt.

367 793 522 848 1038.
565 791 890 862 Imperator
942 802 1085 842 cum
1132 785 1508 843 nobilissima
1559 786 1655 841 sui
1718 784 1949 841 familia
2132 789 2285 842 l038.
2323 785 2693 841 Gotehardus
2742 786 3349 846 Hildenesheimensis
3390 790 3738 865 episcopus

290 877 658 934 nativitatem
687 873 896 933 Christi
931 875 1156 929 Parmae
1182 873 1506 930 celebravit
1534 891 1548 941 ;
1597 872 1703 946 qui
1731 873 1948 929 urbani
2052 873 2232 943 obiit;
2258 874 2355 930 cui
2388 874 2727 931 Diotmarus
2756 877 3061 933 successit.

290 980 363 1021 ex
390 963 503 1019 levi
530 978 717 1019 causa
741 966 952 1017 sancto
980 960 1078 1017 die
1112 962 1436 1018 nativitatis
1469 961 1704 1017 Domini
1731 961 1812 1017 ad
1851 977 1948 1017 ve-

289 1066 530 1123 speram
556 1055 860 1107 certamen
888 1050 1165 1120 inierunt,
1195 1050 1257 1105 in
1272 1066 1396 1123 quo
1420 1050 1499 1106 de
1527 1050 1789 1106 exercitu
1815 1051 2228 1123 quamplures,
2261 1051 2367 1106 sed
2395 1053 2697 1126 pracipue
2728 1056 2845 1109 tres
2870 1069 2943 1110 ex
2971 1054 3284 1111 clientibus

285 1138 482 1208 regiis,
511 1139 778 1205 Chonon,
810 1141 1110 1207 Magnum,
1141 1139 1512 1209 Suicgerum,
1546 1143 1945 1212 peremerunt.
1978 1142 2088 1194 Pro
2114 1155 2239 1211 qua
2269 1154 2414 1208 ergo
2460 1141 2790 1198 insolentia
2838 1144 3165 1200 temeritate
3223 1145 3282 1200 in

286 1226 619 1283 crastinum
648 1226 910 1283 diluculo
938 1226 1053 1299 ipsi
1081 1226 1260 1282 simul
1281 1242 1422 1282 cum
1450 1228 1681 1283 civitate
1707 1226 2112 1299 omnibusque
2140 1228 2285 1297 suis,
2318 1229 2527 1300 preda,
2575 1230 2735 1299 igne,
2778 1231 2931 1287 ferro
2961 1232 3282 1304 perierunt.

286 1316 518 1372 Pascha
544 1331 686 1371 vero
716 1314 1044 1388 imperator
1072 1315 1198 1370 siue
1224 1315 1440 1387 quavis
1470 1315 1744 1371 molestia
1772 1315 1829 1370 in
1859 1315 2104 1372 castello
2137 1316 2333 1389 Spella
2363 1317 2533 1389 (369')
2569 1318 2819 1391 paciﬁce
2848 1320 3093 1377 feriavit.
3152 1324 3283 1378 Pre-

284 1404 477 1461 dictus
502 1420 744 1478 quoque
773 1403 1301 1461 Mediolanensium
1331 1404 1827 1477 metropolitanus
1859 1404 1937 1459 ab
1967 1405 2295 1478 apostolico
2324 1404 2604 1478 pontiﬁce
2632 1412 2772 1479 post
2812 1409 3006 1479 justas
3039 1409 3281 1466 crebras

284 1493 758 1550 ammoniciones
780 1491 1091 1549 communi
1118 1492 1540 1565 episcoporum
1568 1492 1807 1548 decreto
1836 1492 1897 1548 in
1925 1494 2171 1565 paschis
2191 1495 2754 1566 anathematizatus,
2800 1501 2857 1553 et
2885 1511 2922 1552 a
2972 1502 3105 1554 cetu
3129 1498 3275 1555 ﬁde-

282 1581 431 1637 lium
458 1585 547 1638 est
583 1584 948 1652 segregatus.
981 1580 1094 1646 Qui
1134 1579 1526 1636 nihilominus
1554 1580 1616 1635 in
1645 1596 1758 1636 sua
1787 1580 2187 1637 obstinatione
2239 1582 2603 1655 perduravit,
2660 1590 2717 1640 et
2772 1585 3116 1658 imperatori
3174 1601 3283 1659 pro

280 1687 462 1745 posse
489 1669 553 1726 in
582 1669 866 1726 omnibus
892 1684 1001 1742 per
1028 1673 1389 1741 prasentem
1418 1673 1475 1725 et
1502 1668 1684 1725 etiam
1712 1668 2180 1742 subsequentem
2208 1687 2439 1727 annum
2467 1673 2956 1731 incommodavit.

353 1831 434 1885 Eo
463 1832 732 1901 tempore
760 1827 1121 1884 veneranda
1144 1828 1451 1884 memoria
1482 1832 1723 1884 sanctus
1748 1832 1950 1884 noster
1974 1830 2241 1901 pontifex
2269 1831 2663 1887 Godehardus
2693 1838 2745 1889 3.
2774 1836 2919 1889 Non.
2939 1834 3088 1904 Maii,
3113 1834 3279 1891 vide-

280 1916 416 1973 licet
438 1916 585 1973 feria
616 1920 669 1984 6,
700 1919 839 1988 post
867 1915 1287 1972 ascensionem
1311 1915 1548 1971 Domini
1571 1932 1647 1971 ex
1672 1917 1786 1973 hac
1816 1916 1936 1972 vita
1967 1917 2326 1987 subtractus,
2353 1919 2433 1975 ad
2463 1924 2730 1976 eternam
2761 1938 2901 1977 cum
2924 1923 3153 1980 Christo
3179 1940 3280 1997 pe-

279 2005 539 2062 renniter
566 2004 826 2061 victurus
850 2004 1151 2075 migravit,
1176 2004 1478 2077 nobisque
1502 2005 1735 2060 miseris
1765 2005 2131 2061 immensam
2161 2007 2493 2063 mesticiam
2538 2009 2811 2066 discessu
2858 2028 2968 2067 suo
3008 2012 3274 2070 contulit.

280 2097 470 2160 Quem
487 2110 625 2151 vere
651 2093 729 2150 ad
762 2096 950 2149 Deum
970 2093 1338 2165 processisse
1358 2109 1481 2149 non
1507 2094 1902 2150 discredimus
1933 2113 1945 2161 ;
1981 2095 2095 2151 hoc
2127 2100 2347 2163 tamen,
2379 2098 2548 2169 quod
2590 2103 2799 2156 sancta
2828 2100 2959 2171 ejus
2982 2102 3279 2157 ammoni-

278 2184 437 2241 tione
466 2181 887 2254 fructiferaque
924 2181 1205 2237 virtutum
1235 2182 1757 2254 praostentatione
1783 2183 2231 2254 prasentialiter
2250 2185 2578 2257 privamur,
2610 2187 2821 2244 merito
2852 2204 3090 2261 semper
3112 2189 3277 2260 inge-

278 2272 524 2328 mimus.
558 2269 761 2337 Qualis
787 2286 1053 2342 namque
1081 2269 1274 2325 meriti
1301 2274 1474 2337 esset,
1504 2269 1921 2343 unusquisque
1949 2271 2011 2326 in
2037 2288 2149 2327 suo
2170 2273 2287 2329 fine
2314 2289 2676 2344 cognoscere
2698 2281 2911 2348 potest;
2937 2277 3103 2349 quia,
3130 2278 3281 2335 sicut

280 2360 569 2432 scriptum
598 2363 706 2429 est,
737 2357 1157 2431 unusquisque
1185 2358 1247 2414 in
1276 2375 1388 2414 sua
1415 2357 1533 2414 ﬁne
1560 2360 1960 2429 cognoscitur.
1976 2360 2129 2417 Satis
2153 2377 2398 2435 quoque
2419 2369 2513 2419 est
2538 2370 2838 2436 apertum,
2864 2365 3035 2422 illum
3060 2366 3281 2423 habere

278 2466 506 2521 magna
534 2448 837 2523 praeconia
867 2448 1236 2515 meritorum,
1269 2465 1411 2505 cum
1440 2447 1502 2504 in
1528 2450 1657 2520 ejus
1682 2448 1851 2505 obitu
1880 2455 2002 2506 tam
2032 2451 2287 2509 miriﬁca
2306 2453 2620 2523 signorum
2642 2460 2809 2524 gesta
2829 2457 3105 2528 patefecit
3127 2460 3277 2513 Deus

277 2538 338 2594 in
366 2537 676 2594 miraculo.
712 2536 862 2593 Illud
888 2552 1033 2592 vero
1061 2552 1441 2609 quamquam
1472 2536 1548 2593 sit
1572 2538 1805 2594 cunctis
1835 2538 2046 2595 Christi
2104 2540 2381 2597 ﬁdelibus
2437 2547 2673 2609 notum,
2731 2560 2875 2601 vera
2919 2546 3283 2619 experientia

275 2627 634 2685 relationum
663 2630 866 2683 tamen
891 2625 969 2681 ob
1001 2626 1050 2696 ej
1061 2642 1129 2681 us
1156 2626 1483 2682 sanctitatis
1510 2626 1918 2682 testimonium
1950 2627 2045 2683 hic
2071 2630 2405 2685 continetur
2432 2630 2787 2704 inscriptum
2817 2634 2987 2703 (370).

348 2790 413 2842 ln
438 2785 610 2858 cujus
637 2785 840 2842 locum
868 2783 1129 2839 domnus
1152 2785 1522 2841 Thietmarus
1550 2784 1749 2854 regius
1776 2785 2124 2858 capellanus
2157 2787 2459 2858 successit,
2511 2789 2589 2845 ad
2637 2789 2841 2846 omnia
2870 2790 2930 2846 in
2963 2790 3178 2847 divinis
3217 2796 3273 2848 et

276 2874 559 2929 humanis
584 2872 828 2929 feliciter
854 2877 1259 2945 perstrenuus,
1286 2889 1322 2929 a
1352 2873 1619 2929 llardone
1648 2874 2110 2945 metropolitano
2140 2876 2448 2947 Mogontia
2484 2882 2568 2932 13.
2604 2876 2728 2933 Kal.
2771 2878 3140 2951 Septembris
3173 2882 3281 2936 La-

275 2961 534 3018 resheim
562 2966 651 3019 est
674 2965 1076 3017 consecratus.
1107 2959 1413 3033 Liudolfus
1443 2978 1667 3028 comes,
1698 2961 2013 3034 privignus
2043 2963 2440 3036 imperatoris,
2488 2969 2543 3021 9.
2599 2965 2722 3021 Kal.
2776 2966 2905 3023 Maii
2952 2967 3277 3025 immatura

277 3055 467 3107 morte
492 3036 657 3107 obiit.
691 3053 756 3105 Et
785 3049 916 3121 ejus
964 3048 1146 3104 frater
1203 3049 1619 3120 Herimannus,
1676 3050 2060 3106 Alamanniae
2112 3051 2255 3121 dux,
2288 3052 2486 3108 subita
2528 3053 2869 3110 inﬁrmitate
2919 3060 3277 3127 praeventus,

275 3140 455 3197 bonis
484 3140 696 3196 ﬂebilis
727 3138 1013 3195 omnibus
1048 3143 1132 3194 16.
1169 3138 1293 3194 Kal.
1324 3139 1455 3195 Julii
1487 3139 1808 3195 denotavit.
1847 3140 2069 3196 Nobilis
2099 3142 2276 3197 etiam
2316 3146 2590 3199 nostram
2631 3144 2838 3215 regina
2882 3145 3139 3201 Gunhild
3186 3151 3273 3202 15.

277 3229 402 3286 Kal.
435 3230 689 3301 Augusti
714 3246 787 3287 ex
814 3229 928 3285 hoc
952 3228 1180 3284 mundo
1212 3228 1490 3299 migravit
1519 3247 1531 3295 ;
1565 3230 1736 3300 cujus
1762 3231 2275 3301 intempestativus
2305 3231 2502 3287 obitus
2523 3248 2710 3305 quam
2742 3232 3033 3305 plurimos
3065 3234 3271 3306 cujus-

274 3334 393 3392 que
421 3319 648 3376 ordinis
673 3334 779 3393 per
808 3317 1201 3374 christianum
1228 3316 1551 3389 imperium
1582 3317 1967 3373 contristavit.
2001 3318 2332 3388 Sigifrithus
2360 3325 2581 3392 prator
2609 3321 2909 3378 Palatinus
2940 3326 3112 3393 (371),
3147 3324 3264 3379 fra-

272 3411 363 3465 ter
410 3408 702 3465 Brunonis
731 3404 997 3480 episcopi
1054 3404 1477 3474 Mindonensis,
1524 3412 1583 3461 ‘7.
1642 3405 1773 3461 Kal.
1832 3407 1941 3464 Mai
1995 3408 2265 3476 moritur,
2315 3408 2377 3463 in
2434 3409 2815 3467 Wimilaburc
2875 3415 3025 3479 (372)
3078 3416 3274 3468 tumu-

272 3494 450 3553 latur.

318 3696 504 3753 ’4039.
543 3695 669 3752 ind.
709 3701 763 3750 7.
805 3696 1133 3767 imperator
1160 3694 1425 3751 natalem
1459 3694 1695 3751 Domini
1725 3695 1929 3752 Gosla—
2113 3703 2268 3756 1039.
2312 3698 2665 3756 Cuonradus
2692 3700 3019 3775 imperator
3068 3700 3213 3759 obiit
3266 3703 3526 3774 Trajecti
3556 3708 3710 3776 (373)

272 3800 336 3841 re
365 3801 507 3842 cum
533 3783 1012 3841 reverentissima
1039 3784 1382 3859 principum
1413 3783 1505 3840 sui
1551 3784 1931 3855 congratula-
2039 3786 2184 3843 feria
2214 3786 2480 3843 secunda
2510 3789 2570 3843 in
2597 3793 2972 3861 pentecoste;
3006 3789 3100 3845 cui
3131 3789 3440 3847 Heinricus
3471 3792 3705 3864 tertius,

270 3873 429 3932 tione
454 3872 870 3931 decentissime
899 3872 1265 3947 tripudiavit,
1296 3872 1402 3928 ubi
1431 3876 1488 3929 et
1522 3872 1752 3943 legatos
1783 3889 1928 3929 cun-
2038 3874 2195 3930 ﬁlius
2225 3880 2374 3947 ejus,
2408 3877 2707 3934 successit.
2764 3877 3093 3934 Richardus
3144 3879 3337 3935 abbas
3396 3879 3708 3938 Fuldensis

269 3968 504 4023 ctarum
528 3962 935 4036 adjacentium
962 3964 1280 4034 regionum
1317 3978 1456 4018 eum
1486 3961 1701 4017 debitis
1748 3963 1928 4019 vecti-
2038 3964 2204 4028 obiit,
2234 3965 2330 4020 cui
2360 3964 2648 4034 Sigewart
2678 3966 2981 4023 successit.
3027 3967 3357 4037 Regenbolt
3412 3968 3708 4043 Spirensis

269 4055 495 4126 galium
523 4052 998 4127 professionibus
1022 4053 1086 4109 in
1115 4055 1506 4109 aucmentum
1545 4067 1668 4107 sua
1693 4051 1928 4122 magni-
2038 4053 2356 4128 episcopus
2382 4053 2564 4123 obiit;
2597 4055 2693 4111 cui
2726 4054 2964 4112 Sibicho
2994 4057 3294 4113 successit.

267 4143 520 4199 ﬁcentia
547 4142 828 4215 suscepit,
857 4158 1153 4215 quosque,
1186 4146 1249 4198 ut
1277 4140 1651 4214 imperialem
1686 4140 1929 4196 muniﬁ-

267 4229 526 4287 centiam
553 4230 821 4298 decebat,
854 4234 978 4287 tam
1006 4230 1101 4287 sui
1127 4245 1314 4303 quam
1336 4229 1633 4303 optabant
1662 4230 1874 4299 gratia,
1898 4245 2086 4303 quam
2111 4234 2168 4285 et
2195 4246 2397 4286 rerum
2424 4229 2799 4288 abundantia
2821 4231 3076 4290 donatos
3103 4233 3265 4307 paci-

265 4317 378 4374 ﬁce
406 4317 649 4374 remisit.
680 4317 764 4373 lbi
791 4318 972 4373 etiam
997 4318 1149 4375 inter
1177 4321 1373 4374 cetera
1396 4317 1782 4375 institutionis
1814 4335 1935 4375 sua
1962 4317 2201 4375 decreta
2225 4318 2535 4375 Alberada
2567 4318 2890 4376 abbatissa
2944 4322 3019 4377 de
3070 4320 3269 4378 Molin-

262 4405 424 4462 bach
449 4404 758 4462 abbatiam
783 4406 1327 4476 Wongeresthorph
1357 4405 1540 4462 invito
1571 4407 1827 4463 Brunoni
1853 4406 2136 4479 episcopo
2163 4407 2455 4476 resignari
2484 4408 2783 4479 pracepit.
2841 4411 3034 4474 Quam
3064 4414 3266 4464 tamen

264 4495 428 4552 idem
455 4494 774 4569 episcopus
802 4498 939 4566 post
959 4495 1189 4568 pascha
1213 4492 1303 4549 vel
1330 4498 1732 4567 spontaneam
1760 4496 1855 4552 vel
1871 4496 2121 4553 invitam
2146 4495 2226 4552 ab
2252 4496 2469 4552 eadem
2498 4494 2783 4566 dignitate
2816 4497 2929 4553 sub
2968 4497 3267 4555 abrenun-

261 4584 520 4642 tiacione
549 4583 791 4657 publica
810 4582 1095 4640 desistere
1126 4581 1279 4639 fecit.

334 4672 811 4730 Puriﬁcationem
842 4676 1063 4730 sancta
1090 4671 1284 4730 Maria
1314 4670 1641 4746 imperator
1662 4672 1889 4729 Alstedi
1935 4672 2072 4743 egit,
2133 4671 2337 4744 sicque
2382 4672 2818 4745 compendiosa
2870 4673 3078 4729 itinere
3136 4690 3264 4747 per-

263 4767 474 4833 agrata
505 4760 824 4832 Origentali
856 4760 1137 4831 Saxonis,
1166 4759 1467 4833 rebusque
1495 4760 1844 4833 paeiﬁcatis,
1874 4759 2250 4829 Nuvimagon
2273 4760 2519 4816 tetendit
2545 4779 2558 4824 ;
2607 4760 2810 4833 ibique
2844 4765 3080 4834 tempus
3113 4778 3260 4835 qua-

262 4850 614 4922 dragesimae
645 4855 701 4907 et
726 4853 1003 4908 sanctum
1031 4849 1261 4923 pascha
1286 4853 1349 4904 et
1372 4848 1791 4905 ascensionem
1820 4848 2075 4916 Domini,
2106 4847 2381 4921 podagra
2404 4847 2767 4919 laborando,
2800 4849 3093 4907 consedit.
3117 4849 3261 4907 Inde

262 4940 343 4996 ad
361 4940 788 4997 celebrandum
808 4944 1193 5012 pentecosten
1208 4938 1541 5009 Traiectum
1563 4936 1745 5008 venit,
1756 4942 1813 4993 et
1828 4936 1912 4993 ibi
1931 4937 2177 5010 quidem
2199 4937 2258 4992 in
2281 4953 2522 4993 summa
2542 4937 2753 4994 laticia
2772 4942 3052 4994 sanctum
3075 4939 3257 5006 diem,

263 5028 483 5086 scilicet
503 5029 566 5086 in
594 5029 809 5101 regalis
834 5027 1195 5086 diadematis
1223 5027 1440 5084 decore
1469 5026 1874 5100 procedendo,
1908 5028 2154 5099 peregit.
2200 5026 2314 5083 Sed
2339 5026 2613 5099 sequenti
2641 5026 2757 5095 die,
2812 5026 2960 5083 feria
2998 5032 3054 5094 2,
3108 5028 3261 5085 hora

332 5328 506 5402 (3697)
524 5326 760 5402 _§pella,
791 5343 979 5402 prope
1005 5327 1273 5399 Foligno.
1606 5398 1644 5402 __
2094 5326 2666 5402 (372A)“Vuida_burch
2696 5344 2854 5385 corr.
2884 5328 3329 5402 Vuimilaburh,
3353 5346 3405 5387 c.
3448 5331 3702 5391 Videtur

334 5397 484 5471 (370)
524 5397 607 5456 Ηῖ
624 5397 1091 5468 Quatuor—linea
1118 5397 1527 5470 dacuwﬂunc
1555 5398 1682 5456 alia
1702 5412 1916 5456 manus
2022 5413 2156 5473 esse
2188 5397 2635 5473 Wimmelburg,
2692 5415 2880 5473 prope
2940 5401 3229 5470 Eisleben,
3277 5401 3424 5459 olim
3485 5420 3700 5461 cano-

259 5468 494 5542 incipit.
1008 5541 1018 5542 ί
1095 5541 1102 5542 ί
1342 5468 1347 5470 ⁷

1342 5468 1347 5470 ⁷
2021 5468 2193 5524 bium
2222 5486 2276 5542 a.
2314 5474 2447 5526 1525
2478 5468 2764 5527 dirutum.

333 5541 479 5616 (371)
516 5542 567 5601 Ι.
607 5556 659 5602 e.
694 5557 897 5600 comes
924 5541 1247 5615 palatinus.

1033 5541 1247 5599 atinus.
2093 5541 2245 5611 (373)
2285 5542 2343 5597 L.
2372 5542 2533 5599 deest
2561 5545 2614 5598 4.
