4004 6178
926 91 1008 144 ΕΤ
1047 89 1383 147 LAMBERTI
1419 61 2040 142 ASCHAFNABURG.
2087 89 2266 150 PARS
2303 96 2579 155 ALTERA
2619 100 2947 158 GENUINA.

501 215 844 271 ANNALES
884 212 1535 271 HILDESHEIMENSES.
2473 223 2818 279 LMBERTI
2856 210 3204 284 ANNALES_

164 310 284 369 diei
315 313 367 364 6.
400 311 454 362 2.
489 309 642 361 Non.
676 307 818 370 Jun,
854 318 1059 358 mense
1087 300 1383 357 reﬁciendi
1411 297 1596 370 gratia
1620 292 1945 384 assidens,
1990 299 2190 360 subita
2221 306 2559 366 defeceione
2583 318 2933 384 praereptus,
2963 316 3213 371 vixdum

166 394 566 457 confessionis
609 391 913 448 sententia
951 390 1205 463 prolata,
1235 389 1497 445 ﬂebiliter
1528 382 1837 474 expiravit.
1883 388 1954 474 Oi
2000 402 2139 458 ergo
2189 397 2421 454 occulta
2477 382 2696 454 divinEB
2748 382 3214 474 dispensationis

158 485 412 563 judicia,
440 480 819 540 admiranda
848 480 1068 554 pariter
1101 483 1156 535 et
1185 478 1519 558 metuenda,
1552 473 1651 565 qui
1682 472 2021 565 priori_dic
2051 483 2317 541 maximo
2339 486 2664 542 mundialis
2683 472 2921 561 pompae
2957 493 3213 565 tripudio

164 559 267 634 rex
300 581 360 632 et
388 575 729 645 imperator
761 569 926 625 orbis
953 572 1274 623 coronatus
1317 564 1611 641 processit,
1663 559 2011 633 posteriori
2040 568 2114 622 ah
2153 570 2165 624 !
2200 574 2278 628 ah
2312 573 2323 628 !
2357 574 2451 629 die
2485 575 2648 630 viam
2677 559 2966 631 universae
3020 559 3216 635 carnis

165 668 502 736 ingressus,
536 661 690 718 cinis
747 658 1096 729 vermisque
1149 655 1400 725 futurus,
1433 651 1697 709 discessit
1729 669 1742 718 ;
1772 648 1901 739 nisi
1963 657 2124 726 quod
2185 675 2323 716 vere
2381 678 2723 735 speramus,
2755 665 2898 736 quia
2926 667 3217 739 quicquid

163 753 489 812 carnaliter
515 748 825 807 contraxit
880 745 1295 816 neglegentiae,
1353 761 1462 818 pro
1515 744 1628 799 hoc
1682 741 1740 796 in
1771 738 2206 803 defensionem
2247 750 2462 806 animae
2493 752 2853 824 supplicatio
2901 738 3219 812 intervenit

165 842 459 901 ecclesiae.
491 839 616 897 Sed
647 841 717 895 ut
743 836 1001 911 quidam
1024 834 1142 890 ait:

169 99 271 156 58!

869 981 913 1036 Ο
934 977 1022 1033 nil
1047 992 1240 1047 gnara
1271 977 1359 1032 sui
1388 975 1661 1032 mortalia
1691 979 1939 1048 pectora
1969 975 2075 1033 fati
2113 978 2124 1032 !

168 1130 392 1185 Verum
424 1128 492 1180 ut
519 1122 724 1180 verius
751 1121 1051 1185 dicamus,
1089 1135 1126 1173 o
1151 1117 1325 1184 dura,
1356 1123 1411 1174 et
1440 1122 1503 1173 ut
1532 1118 1593 1173 in
1625 1134 1772 1191 pace
1799 1116 2036 1190 loquar,
2082 1135 2335 1192 prorsus
2367 1121 2747 1179 insensibilia
2777 1125 3028 1181 humani
3048 1144 3219 1196 gene-

171 1218 253 1272 ris
281 1213 472 1270 corda
506 1214 518 1267 l
549 1210 694 1284 quia
725 1210 784 1264 in
819 1225 942 1282 quo
975 1207 1102 1262 viro
1133 1222 1287 1280 pene
1345 1206 1534 1262 tocius
1583 1205 1745 1262 orbis
1804 1207 2000 1277 capud
2054 1207 2370 1280 virtusque
2402 1211 2687 1279 concidit,
2719 1212 2798 1267 ad
2827 1214 2956 1284 ejus
2986 1215 3216 1270 obitum

173 1311 302 1361 tam
331 1303 604 1358 subitum
635 1305 885 1370 tamque
917 1295 1326 1370 periculosum
1352 1312 1497 1351 sane
1529 1294 1730 1350 nullus
1761 1294 2077 1364 ingemuit.

870 1443 1039 1494 Hunc
1071 1442 1265 1493 rector
1293 1453 1505 1506 regum
1540 1436 1832 1491 Dominus
1857 1436 2087 1492 soletur
2117 1437 2181 1492 in
2209 1454 2410 1506 evum,

942 1531 1089 1584 Cum
1129 1526 1328 1598 pueris
1356 1525 1642 1581 Habrahe
1670 1525 1829 1581 vivat
1858 1529 1914 1580 et
1951 1525 2015 1580 in
2055 1525 2285 1598 requie.

248 1677 366 1736 Sed
399 1675 560 1731 ﬁlius
585 1673 715 1744 ejus
770 1671 1038 1725 domnus
1091 1667 1468 1737 Heinrichus,
1523 1667 1588 1721 in
1612 1666 1778 1721 omni
1809 1666 2063 1738 quidem
2091 1666 2379 1722 virtutum
2409 1669 2780 1731 exhibitione
2812 1681 3221 1748 perstrenuus,

180 1775 315 1826 ante
348 1765 576 1822 scilicet
603 1763 658 1818 in
687 1759 1022 1834 specialem
1054 1757 1221 1827 regni
1252 1755 1680 1812 monarchiam
1714 1756 1978 1825 generali
2013 1755 2156 1811 cleri
2185 1756 2516 1830 populique
2545 1763 2921 1833 praelectione
2969 1781 3223 1821 corona-

181 1865 294 1929 tus,
323 1871 495 1913 nunc
534 1857 732 1909 autem
791 1850 922 1904 sine
981 1847 1198 1920 quavis
1253 1845 1749 1902 contradictionis
1798 1845 2100 1914 molestia,
2149 1861 2389 1902 summa
2418 1848 2850 1909 christianismi
2877 1853 3219 1920 concordia,

180 1948 329 2004 solio
362 1944 572 2019 patris,
603 1945 724 1998 Deo
759 1939 984 2011 gratias
1015 1937 1030 1992 l
1061 1940 1154 1992 est
1190 1936 1608 1992 intronizatus.

942 2081 1133 2144 Quem
1168 2079 1319 2133 Deus
1351 2077 1416 2133 in
1437 2077 1626 2132 finem
1662 2080 1974 2133 conservet
1996 2076 2107 2131 rite
2125 2075 2398 2143 senilem,

1018 2172 1085 2224 Et
1111 2168 1388 2241 placidus
1420 2168 1646 2240 placito
1687 2169 1759 2224 sit
1785 2168 1922 2240 pius
1955 2168 2090 2239 ipse
2119 2182 2253 2222 suo.

260 2319 651 2382 Chronradus
677 2314 1144 2372 Carentinorum
1164 2310 1306 2380 dux,
1340 2311 1628 2384 patruelis
1656 2310 1986 2366 Chronradi
2015 2309 2420 2382 imperatoris,
2444 2311 2531 2368 l3.
2562 2315 2694 2371 Kal.
2717 2322 2867 2386 Aug.
2902 2316 3225 2372 immatura

193 2421 408 2480 morte,
438 2409 605 2478 regio
635 2405 846 2461 morbo
872 2403 977 2458 diu
1010 2401 1315 2470 fatigatus,
1341 2400 1644 2457 discessit.
1677 2399 1900 2455 Eodem
1954 2399 2050 2454 die
2104 2399 2463 2455 venerandae
2516 2407 2827 2461 memoriae
2885 2404 3224 2461 Rihbardus

198 2503 391 2560 abbas
421 2495 735 2553 Fuldensis
765 2493 913 2548 obiit
945 2491 1048 2560 ;in
1083 2490 1255 2560 cujus
1282 2488 1483 2543 locum
1510 2489 1891 2560 Sigevvardus
1916 2487 2178 2559 juvenis,
2210 2487 2287 2543 ab
2317 2487 2450 2560 ipso
2484 2506 2558 2546 eo
2581 2493 2697 2549 loci
2717 2494 2776 2549 in
2809 2493 3014 2549 divino
3037 2493 3220 2549 servi-

198 2592 358 2647 mine
387 2585 743 2657 regulariter
774 2587 830 2638 et
857 2581 1043 2636 etiam
1077 2577 1374 2650 sapienter
1394 2579 1686 2633 enutritus
1718 2577 1956 2632 insedit.
2005 2575 2252 2630 Hisdem
2284 2575 2500 2632 diebus
2556 2581 2848 2637 Radulfus
2907 2581 3098 2636 abbas
3146 2582 3221 2638 de

202 2679 360 2735 Diuzi
389 2676 537 2748 (374)
572 2673 773 2730 obivit.
808 2671 903 2726 Pie
923 2671 989 2724 in
1017 2667 1254 2722 Christo
1283 2665 1636 2722 venerabilis
1660 2665 1964 2721 memoriae
1995 2665 2222 2719 domna
2253 2663 2477 2736 Sophia
2501 2672 2532 2723 6
2555 2669 2685 2725 Kal.
2722 2669 3020 2725 Februarii
3051 2669 3214 2726 obiit.

201 2768 312 2824 Sed
338 2763 487 2822 huic
512 2764 579 2819 in
600 2759 978 2818 Gandeshein
1014 2771 1186 2812 soror
1217 2755 1346 2826 ejus
1369 2754 1684 2811 Adalheiht
1712 2751 2190 2821 Quidelingensis
2216 2751 2446 2810 domna
2475 2759 2790 2828 successit,
2832 2764 2888 2814 et
2908 2758 3216 2814 abbatiam

201 2855 424 2913 )Esnidi
453 2853 602 2925 (375)
623 2850 1005 2922 Theophanu
1035 2845 1232 2917 neptis
1271 2859 1478 2899 earum
1518 2843 1793 2900 obtinuit.
1824 2844 1993 2913 (376).

270 2980 485 3038 Senior
508 2981 716 3033 noster
739 2975 1118 3030 Thietmarus
1138 2969 1456 3040 episcopus
1481 2973 1618 3040 post
1641 2967 1874 3022 obitum
1903 2964 2199 3038 praedictae
2214 2964 2457 3020 domnae
2483 2970 2724 3042 Sophia:
2752 2971 3018 3027 decimas
3043 2987 3223 3044 super

205 3068 588 3126 Gaudeshem
617 3063 1237 3133 circumjacentesque
1270 3056 1522 3125 villulas,
1561 3072 1720 3128 quas
1743 3057 1882 3126 ipsa
1913 3070 1951 3108 a
2005 3053 2223 3109 nostris
2253 3054 2594 3112 senioribus
2637 3059 2700 3114 in
2728 3059 3090 3116 beneﬁcium
3119 3061 3223 3116 ha-

206 3159 332 3214 buit
361 3157 424 3211 in
456 3170 633 3209 suam
665 3152 1017 3207 vestituram
1050 3145 1226 3218 recipi
1256 3145 1456 3215 jussit.
1501 3144 1603 3201 Cui
1638 3146 1859 3199 Bezoca
1889 3142 2190 3215 preposita
2241 3158 2385 3197 cum
2442 3145 2568 3199 suis
2625 3147 2961 3203 fautoribus
3006 3149 3219 3205 frivola

209 3244 652 3302 machinatione
677 3240 905 3296 restitit.
943 3237 1190 3291 Hasmet
1216 3233 1482 3288 decimas
1516 3233 1644 3306 ipse
1677 3231 2202 3294 modoabbatissa
2229 3229 2940 3307 adveniente,pontiticali
2972 3237 3226 3292 auctori-

210 3340 324 3390 tate
343 3330 640 3408 repetivit,
673 3345 896 3401 easque
919 3341 1029 3398 per
1059 3339 1314 3378 manum
1346 3321 1622 3377 advocati
1651 3319 1964 3376 Christiani
2008 3319 2238 3374 comitis
2282 3335 2420 3373 cum
2472 3321 2657 3391 digna
2712 3325 3112 3381 satisfactione
3157 3327 3220 3381 in

211 3421 525 3497 proprium
557 3419 682 3474 sine
707 3415 922 3490 quavis
949 3410 1362 3468 interdictione
1395 3416 1423 3466 5
1455 3409 1580 3466 Kal.
1615 3407 1829 3497 Octob.
1866 3407 2073 3497 recipit
2101 3408 2161 3462 in
2211 3408 2395 3462 choro
2429 3409 2760 3480 aquilonali
2789 3429 2980 3484 ;quas
3006 3418 3219 3487 postea

214 3495 406 3568 eidem
433 3507 610 3565 altari
639 3512 695 3563 et
719 3503 1031 3562 abbatisse
1058 3499 1332 3556 beneficii
1363 3498 1573 3567 gratia,
1607 3495 1878 3569 quandiu
1925 3496 2052 3569 ipse
2079 3497 2252 3566 vivat,
2311 3497 2665 3570 repraestitit,
2712 3517 2826 3573 pro
2881 3517 2951 3556 eo
3001 3501 3221 3558 scilicet

216 3616 418 3669 censu,
451 3612 634 3670 quem
664 3597 868 3651 sancte
892 3589 1182 3648 memorie
1215 3585 1610 3644 Bernwardus
1642 3585 1959 3658 episcopus
1985 3584 2208 3641 ibidem
2259 3585 2529 3642 instituit.
2561 3585 2772 3644 Testes
2821 3590 3220 3647 Herimannus

215 3686 699 3760 archiepiscopus
730 3681 973 3738 Colonie
1006 3695 1146 3735 cum
1177 3681 1297 3732 suis
1329 3680 1588 3749 quatuor
1618 3673 1864 3743 clericis,
1896 3673 2057 3730 Bodo
2089 3679 2288 3730 noster
2326 3672 2617 3743 decanus,
2649 3677 2838 3746 τΕΠὶο,
2874 3679 3219 3736 Wolfherus

215 3773 658 3842 Volcawardus,
688 3771 1064 3838 Reinbertus,
1105 3764 1429 3834 Wolferus,
1465 3763 1796 3828 Liudierus,
1857 3762 2268 3829 Merkbardus,
2301 3763 2605 3831 \Verinus,
2657 3766 2986 3836 Rihdagus,
3051 3769 3219 3824 Thie-

217 3874 466 3934 tmarus,
510 3863 706 3931 lmezi,
761 3857 1130 3927 Adeldagus,
1192 3852 1520 3920 Liudierus,
1583 3851 1934 3918 Warmund,
2009 3852 2333 3917 VVolferus,
2415 3869 2553 3907 cum
2604 3853 2734 3910 aliis
2774 3855 2976 3910 multis
3027 3856 3214 3923 laicis,

220 3955 602 4011 Thietmarus
632 3967 856 4021 comes,
886 3945 1059 4004 Uodo
1089 3959 1312 4014 comes,
1346 3941 1645 3998 Tiedricus
1673 3955 1895 3996 comes.

286 4081 446 4136 ιθω.
467 4077 594 4134 inaL
621 4081 680 4133 8.
713 4079 911 4132 Novus
935 4089 1040 4128 rex
1069 4073 1273 4126 noster
1301 4065 1778 4124 incarnationem
1835 4065 2072 4121 Domini
2119 4063 2456 4122 Radisbone
2495 4066 2774 4122 decenter
2811 4068 2948 4137 egit,
2977 4073 3034 4123 et
3061 4067 3222 4140 puri-

215 4169 559 4226 ﬁcationem
586 4168 786 4220 sancte
814 4161 987 4219 Marie
1016 4162 1280 4229 Auguste
1309 4157 1556 4226 degens,
1589 4153 1878 4226 placitum
1916 4154 2129 4212 habuit
2167 4170 2306 4210 cum
2357 4154 2669 4228 Cisalpinis
2722 4155 3095 4228 primoribus
3144 4157 3219 4212 de

215 4259 302 4316 rei
331 4255 570 4331 publice
596 4251 912 4310 stabilitate
941 4249 1107 4320 (577).

891 4390 1254 4448 ANNALI-UH
1290 4385 1981 4444 HILDESHEIMENSIUM
2020 4387 2505 4444 CONTINUATIO.
2539 4390 2603 4442 A.
2651 4388 2974 4445 1041-1108.

302 4541 459 4599 1041.
489 4538 616 4595 ind.
641 4541 696 4593 9.
727 4534 1037 4591 Heinricus
1061 4549 1168 4588 rex
1193 4530 1414 4586 ducem
1440 4526 1696 4584 Βοθωὶω
1745 4529 1881 4582 Fra-

221 4632 448 4690 tislaun
471 4627 630 4685 bello
659 4626 805 4700 petit
835 4643 852 4691 ;
880 4622 986 4678 sed
1017 4621 1219 4676 multis
1245 4617 1593 4692 proceribus
1619 4620 1678 4672 et
1733 4615 1884 4672 mili-

1991 4528 2282 4602 profugus
2301 4532 2358 4585 et
2382 4529 2542 4600 exul,
2568 4530 2822 4586 Heinrici
2848 4531 3026 4600 regis,
3051 4530 3146 4586 cui
3172 4531 3355 4603 priori
3370 4547 3536 4588 anno
3557 4549 3647 4589 re-

1992 4619 2336 4688 bellaverat,
2377 4620 2628 4688 gratiam
2679 4621 2888 4693 quaerit
2940 4627 2998 4677 et
3046 4621 3285 4676 invenit.
3339 4622 3645 4678 Heinricus

220 4723 387 4780 tibus
411 4720 473 4774 in
500 4714 951 4791 praestructione
1001 4711 1164 4766 silvae
1197 4710 1341 4765 citra
1387 4713 1448 4763 et
1489 4706 1645 4762 ultra
1671 4705 1884 4761 occisis

223 4810 322 4868 vel
346 4810 562 4882 captis,
589 4805 671 4862 nil
700 4803 954 4875 dignum
983 4799 1214 4857 efﬁcere
1231 4797 1445 4871 potuit.
1477 4798 1680 4852 Petrus
1735 4811 1884 4866 quo-

220 4916 365 4974 que,
410 4895 806 4967 Ungariorum
862 4907 986 4959 rex,
1033 4888 1231 4944 eidem
1287 4886 1425 4942 duci
1479 4886 1625 4956 (378)
1677 4889 1885 4939 contra

220 4989 571 5047 Heinrieum
595 5000 801 5055 regem
817 4981 1045 5038 auxilia
1075 4978 1253 5034 misit.

299 5081 460 5136 1042.
491 5075 616 5132 ind.
644 5074 732 5128 10.
767 5069 1008 5141 Ungarii
1046 5065 1353 5140 quendam
1381 5067 1650 5120 Ovonem
1682 5076 1885 5131 regem

225 5167 346 5226 sibi
379 5166 690 5238 eligentes,
712 5164 949 5217 Petrum
963 5171 1170 5229 regem
1203 5169 1386 5209 suum
1409 5151 1740 5226 expellunt.
1775 5149 1886 5217 Qui

324 5327 453 5386 374)
481 5325 680 5382 Deutz.

327 5399 452 5457 375)
485 5399 688 5451 Essen.

326 5463 451 5535 376)
483 5467 644 5522 Hinc
668 5463 796 5535 alia
825 5475 1076 5535 manu;
1305 5525 1322 5535 ἱ
1595 5524 1634 5535 Π

327 5524 457 5611 377')
483 5538 645 5595 Hinc
673 5534 799 5593 alia
825 5545 1038 5589 manus
1054 5529 1116 5585 in
1146 5524 1892 5594 membranapalimpsesta

300 5330 326 5614 Ξ

1991 4723 2096 4762 rex
2125 4707 2431 4763 Boemiam
2457 4708 2784 4778 ingressus,
2803 4708 2940 4777 igne
2968 4708 3294 4779 praedaque
3309 4715 3527 4764 cuncta
3540 4709 3645 4764 de-

1993 4800 2206 4866 vastat,
2236 4801 2292 4851 et
2314 4795 2595 4852 rebellem
2626 4797 2843 4852 ducem
2873 4796 3115 4851 obsides
3145 4796 3308 4862 dare,
3342 4801 3397 4850 et
3441 4797 3645 4868 ipsum

1991 4889 2128 4957 post
2146 4900 2208 4938 se
2238 4884 2643 4956 Radisponam
2671 4885 2745 4940 ad
2796 4884 3160 4938 deditionem
3197 4883 3500 4939 humiliter
3550 4899 3647 4938 ve-

1993 4973 2139 5042 nire,
2170 4973 2402 5044 sibique
2425 4972 2818 5044 jurejurando
2844 4972 3187 5027 ﬁdelitatem
3219 4971 3644 5043 servitiumque

1995 5062 2351 5117 conﬁrmare
2380 5065 2624 5117 coartat.
2646 5064 2770 5117 Ovo
2799 5075 2902 5115 rex
2932 5058 3348 5130 Ungariorum,
3386 5059 3472 5116 ob
3520 5075 3647 5114 sus-

1994 5153 2234 5221 ceptum
2255 5148 2334 5204 ab
2355 5149 2627 5205 Heinrico
2656 5162 2792 5218 rege
2821 5150 3056 5204 Petrum
3094 5163 3131 5204 a
3187 5163 3250 5204 se
3296 5147 3644 5222 expulsum,

1993 5325 2179 5381 usque
2205 5324 2262 5365 a.
2301 5307 2435 5381 1100
2466 5311 2690 5364 exitum
2719 5323 2744 5380 ,·
2771 5308 3032 5377 scriptor
3058 5310 3456 5379 imperatoris,
3491 5310 3648 5380 glos-

1995 5380 2161 5439 sator
2181 5380 2480 5450 pontiﬁcis
2504 5385 2712 5448 partes
2736 5381 3144 5448 amplectitur.

2064 5453 2219 5524 (378)
2245 5455 2472 5509 Ducem
2500 5451 2706 5509 codex.
