4002 6186
384 122 486 176 583

1177 110 1439 170 ANNAL.
1481 102 1928 167 HILDESHEIM.
1970 104 2484 172 QUEDLINBUBG.
2527 107 2920 169 WEISSEMB.

3690 119 3815 174 53.5

1331 236 1661 294 ANNALES
1700 230 2368 289 HILDESHEIMENSES.
2403 236 2470 288 A.
2507 233 2639 291 1043
2687 237 2839 292 1059.

378 364 529 421 ﬁnes
587 363 868 436 Bajoariae
916 361 1138 436 praedis
1170 366 1225 419 et
1253 360 1542 418 incendiis
1584 356 2023 432 depopulatur;
2065 356 2115 409 Α
2221 356 2372 413 1053.
2413 356 2538 413 ind.
2564 362 2615 413 6.
2647 362 2759 415 Leo
2816 376 2978 434 papa
3032 362 3361 418 exercitum
3415 362 3645 419 ducens
3696 379 3818 436 per

378 458 464 510 set
513 468 739 522 magna
780 468 922 525 pars
973 450 1263 507 exercitus
1309 451 1439 523 ejus
1494 449 1573 506 ab
1640 446 2034 504 Atbelherone

378 541 723 600 marchione
752 540 945 597 deleta
974 544 1084 597 est.

452 650 604 706 1043.
635 649 759 705 ind.
799 649 881 704 11.
912 648 1221 706 Heinricus
1251 664 1355 704 rex
1394 644 1770 704 Pannoniam
1803 643 2033 711 ingres-

378 756 500 807 sus,
532 738 689 795 duas
720 738 1221 812 populosissimas
1254 737 1519 793 civitates
1550 735 1774 804 evertit,
1832 733 2033 805 plures

375 827 676 885 deditione
702 827 972 899 subjecit.
1001 827 1115 883 Sed
1166 843 1305 882 cum
1334 829 1570 882 Petrum
1595 838 1819 893 regem,
1848 836 2032 894 quem

375 932 586 973 secum
607 916 886 986 ducebat,
900 915 1294 988 provinciales
1309 914 1571 986 recipere
1594 909 2032 979 nollent,a1ium

375 1022 559 1079 quem
588 1005 890 1079 petebant,
914 1004 1131 1060 ducem
1153 1004 1238 1059 eis
1270 1002 1571 1059 constituit
1599 1019 1612 1068 ;
1669 1015 1850 1073 quem
1908 1001 2032 1055 Ovo

375 1100 513 1168 post
539 1094 873 1151 discessum
897 1095 1026 1165 ejus
1070 1093 1129 1148 in
1180 1092 1486 1148 Boemiam
1540 1088 1816 1162 reppulit.
1875 1086 2033 1143 Gisla

374 1183 744 1257 imperatrix,
777 1188 967 1239 mater
1025 1182 1279 1238 Heinrici
1336 1180 1513 1251 regis,
1557 1179 1704 1236 obiit
1769 1178 1827 1234 l6
1895 1176 2027 1232 Kal.

375 1273 580 1346 Martii,
612 1277 670 1329 et
698 1272 862 1346 apud
887 1271 1121 1344 Spiram
1162 1270 1462 1344 sepelitur.

453 1380 611 1437 1044.
640 1379 764 1436 ind.
795 1380 878 1435 1'2.
921 1378 1232 1435 Heinricus
1279 1395 1385 1435 rex
1426 1378 1642 1434 iterum
1691 1374 2030 1432 Pannonias

375 1468 693 1534 invadens,
725 1468 1211 1538 satisfactionem,
1242 1467 1503 1536 obsides,
1534 1480 1808 1529 munera,
1865 1462 2030 1536 pacis

374 1574 483 1632 per
507 1558 939 1630 jusjurandum
993 1556 1516 1612 conﬁrmationem
1565 1554 1884 1627 accipiens,
1916 1551 2031 1607 dis-

378 1648 571 1704 cessit.
609 1646 750 1702 lndo
777 1662 1072 1713 reversus,
1107 1643 1545 1702 Constantiensi
1571 1642 1808 1715 synodo
1839 1640 2028 1708 affuit,

377 1736 481 1792 ubi
509 1735 739 1793 cunctis
764 1736 966 1792 debita
996 1734 1242 1802 dimisit,
1275 1733 1710 1805 destructisque
1753 1730 2036 1787 omnibus

381 1825 723 1895 inimicitiis,
742 1842 953 1899 pacem
980 1825 1269 1881 hactenus
1289 1823 1644 1889 inauditam,
1673 1827 1797 1877 tam
1823 1820 1884 1876 in
1916 1824 2037 1875 tota

380 1914 597 1973 Suevia
627 1932 814 1987 quam
856 1915 917 1970 in
947 1914 1074 1971 aliis
1101 1914 1192 1969 sui
1216 1912 1559 1986 provinciis,
1586 1912 1750 1981 regia
1780 1925 2034 1966 censura

375 2020 484 2076 per
509 2004 773 2059 edictum
804 2003 1198 2060 conﬁrmavit.
1233 2002 1451 2059 Deinde
1483 2004 1773 2070 Agneten,
1831 1998 2034 2054 Wille-

376 2093 562 2150 helmi
595 2093 979 2149 Pictaviensis
1006 2092 1302 2165 principis
1335 2091 1544 2159 ﬁliam,
1567 2090 1838 2160 reginam
1869 2088 2033 2160 apud

376 2183 781 2254 Mongontiam
808 2182 996 2252 ungui
1025 2181 1268 2245 faciens,
1307 2179 1611 2247 regalibus
1641 2179 1750 2235 sibi
1808 2177 2031 2250 nuptiis

373 2271 437 2327 in
468 2270 912 2341 11ingelenheim
967 2269 1270 2344 copulavit
1303 2288 1316 2337 ;
1351 2269 1510 2325 unde
1566 2267 1863 2324 inﬁnitam
1909 2267 2031 2322 his-

372 2360 638 2417 trionum
659 2365 717 2416 et
739 2359 1144 2431 joculatorum
1192 2357 1633 2414 multitudinem
1664 2356 1791 2412 sine
1818 2355 1953 2411 cibo
1978 2359 2035 2411 et

373 2449 727 2506 muneribus
778 2465 1037 2505 vacuam
1063 2453 1120 2505 et
1161 2452 1490 2504 merentem
1542 2446 1707 2503 abire
1742 2444 2027 2517 permisit.

376 2537 705 2611 Liupoldus
733 2538 1021 2605 marchio,
1064 2536 1368 2593 Adalberti
1394 2535 1569 2603 ﬁlius,
1602 2534 1868 2591 maxima
1915 2535 2031 2589 Un-

374 2628 682 2699 gariorum
705 2627 925 2694 clades,
954 2627 1251 2683 inmature
1281 2625 1447 2682 obiit.
1481 2624 1860 2682 Thietmarus
1915 2623 2033 2696 epi-

375 2732 598 2789 scopus
629 2715 796 2784 obiit,
829 2715 1102 2772 Azelinus
1136 2715 1368 2786 eligitur
1398 2714 1564 2786 (379).

450 2825 605 2880 1045.
660 2822 784 2878 ind.
848 2824 929 2879 13.
991 2822 1299 2878 Heinricus
1319 2838 1424 2877 rex
1447 2820 1629 2877 tercio
1686 2819 2030 2877 Pannonias

372 2912 559 2968 iratus
586 2910 949 2980 ingrediens,
981 2909 1081 2966 Dei
1112 2910 1349 2966 favente
1381 2909 1719 2974 clementia,
1766 2913 1823 2966 et
1851 2909 2029 2965 beato

375 2997 693 3055 Oudalrico
722 2996 1004 3070 episcopo
1035 2997 1409 3070 impetrante,
1437 2997 1624 3053 victor
1639 2997 1851 3067 factus,
1883 3000 2031 3055 Ovo-

371 3102 513 3143 nem
544 3102 684 3143 cum
708 3102 895 3147 uxore
923 3091 980 3142 et
1006 3086 1141 3145 ﬁliis
1171 3086 1581 3160 cognatisque,
1613 3087 1835 3160 quibus
1859 3085 2027 3143 locus

373 3174 666 3233 evadendi
694 3179 840 3245 erat,
867 3175 1191 3246 eﬁ‘ugabat,
1245 3178 1476 3232 Petrum
1509 3175 1571 3232 in
1594 3191 1848 3247 regnum
1868 3175 2031 3232 resti-

372 3265 482 3322 tuit
514 3283 527 3333 ;
557 3265 919 3338 subditoque
944 3264 1057 3322 sibi
1089 3264 1485 3335 Ungariorum
1531 3281 1737 3335 regno,
1789 3280 2029 3320 summa

370 3370 510 3412 cum
539 3355 767 3411 honore
787 3354 1117 3411 revertitur.

446 3463 600 3519 1046.
632 3462 755 3518 ind.
789 3462 873 3518 14.
900 3462 1207 3520 Heinricus
1246 3477 1351 3518 rex
1406 3461 1636 3519 Italiam
1694 3460 2024 3530 ingressus,

367 3551 617 3624 paciﬁce
646 3567 682 3608 a
709 3552 997 3608 Romanis
1027 3550 1366 3623 suscipitur.
1391 3553 1584 3622 Papas
1614 3554 1732 3606 tres
1769 3565 1892 3605 non
1950 3549 2030 3604 di-

370 3654 485 3710 gne
516 3639 868 3697 constitutos
895 3638 1262 3711 synodaliter
1290 3639 1588 3711 deposuit,
1637 3643 1695 3695 et
1749 3637 2027 3707 Suidege-

368 3743 504 3784 rum
536 3726 1095 3798 Bahenbergensem
1125 3729 1478 3801 episcopum
1520 3742 1747 3800 papam
1803 3727 2026 3782 consti-

368 3817 498 3889 tuit,
527 3816 775 3891 ipseque
799 3822 855 3874 et
878 3818 1099 3890 conjux
1128 3817 1261 3888 ejus
1292 3823 1489 3887 Agnes
1553 3816 1761 3887 regina
1812 3816 2025 3873 eadem

367 3907 464 3965 die
493 3907 788 3982 imperiali
815 3902 1230 3967 benedictione
1269 3905 1689 3964 sublimantur.

443 4015 597 4072 1047.
630 4014 754 4071 ind.
795 4015 874 4070 15.
906 4015 1108 4070 Petrus
1134 4028 1241 4069 rex
1266 4012 1665 4083 Ungariorum
1688 4029 1724 4069 a
1755 4012 2025 4086 quodam

364 4106 628 4175 tyranno
649 4102 993 4159 Pannonico
1011 4106 1223 4175 captus
1240 4106 1330 4158 est
1344 4105 1601 4158 caecatus
1632 4100 1729 4157 ille
1756 4101 1860 4174 qui
1884 4118 2025 4158 eum

364 4190 672 4263 expulerat
711 4207 961 4261 regnare
1011 4190 1207 4263 capit.
1261 4190 1621 4262 Suidegerus
1670 4207 1832 4265 papa
1880 4191 2027 4248 obiit

365 4278 580 4334 eodem
596 4294 719 4351 quo
750 4279 1131 4336 constituitur
1163 4296 1348 4353 anno,
1374 4297 1485 4354 pro
1504 4297 1628 4354 quo
1673 4283 1879 4354 Boppo
1932 4298 2026 4338 or-

2144 444 2424 517 Apuliam
2477 453 2685 505 contra
2738 453 3116 507 Normannos
3161 451 3395 509 inﬁnita
3477 452 3815 525 utrobique

2143 534 2285 590 cede
2315 541 2578 608 peracta,
2601 537 2831 610 absque
2860 538 3108 596 victoria
3135 540 3488 612 regreditur,
3521 546 3578 597 et
3604 546 3638 597 2
3668 541 3816 598 Kal.

2140 622 2273 678 Julii
2302 624 2516 681 eodem
2545 642 2707 682 anno
2736 626 2900 685 obiit.

2219 731 2371 788 1054.
2431 732 2556 789 ind.
2608 741 2659 790 7.
2724 735 2901 791 Leoni
2943 751 3099 809 pape
3152 738 3560 807 Gehehardus,
3594 739 3706 812 qui
3758 743 3819 795 et

2141 822 2353 887 Victor,
2383 824 2683 880 successit.
2718 825 3098 881 Athalbertus
3148 828 3419 883 marchio
3460 828 3631 885 obiit.
3694 830 3829 884 Fa-.

2140 926 2269 965 mes
2302 927 2523 982 magna
2578 911 2703 969 fuit.
2754 913 2904 969 Welf
2956 915 3080 970 dux
3129 916 3568 974 Carinthiorum
3633 917 3811 974 obiit.

2143 998 2496 1055 Counradus
2526 1001 2649 1056 dux
2681 1007 2857 1059 antea
2886 1003 3131 1059 Noricus
3161 1004 3238 1059 ab
3266 1006 3663 1079 imperatores
3713 1024 3815 1062 ex-

2140 1088 2370 1161 pulsus,
2400 1090 2460 1145 in
2480 1092 2789 1148 Pannonia
2814 1093 2953 1148 exul
2982 1093 3139 1149 male
3169 1095 3439 1152 moritur.
3487 1097 3645 1154 Hezil
3710 1113 3813 1153 co-

2140 1195 2270 1234 mes
2301 1180 2375 1234 de
2408 1181 2834 1238 Oleresteuvelt
2870 1182 3016 1238 obiit
3065 1187 3096 1238 6
3138 1184 3265 1241 Kal.
3308 1185 3474 1243 Febr.
3526 1187 3815 1243 Azelinus

2141 1268 2461 1342 episcopus
2494 1269 2660 1339 obiit,
2689 1271 2914 1328 Hettelo
2935 1271 3168 1341 eligitur
3193 1274 3359 1345 (380).

2219 1375 2372 1431 1055.
2406 1377 2530 1433 ind.
2564 1383 2616 1433 8.
2644 1379 3047 1435 Herimannus
3080 1380 3446 1438 Coloniensis
3506 1382 3815 1456 archiepi-

2142 1481 2360 1538 scopus
2387 1465 2534 1522 obiit
2566 1485 2578 1533 ;
2623 1483 2733 1540 pro
2787 1484 2908 1540 quo
2948 1468 3211 1524 domnus
3253 1474 3427 1527 Anno
3466 1471 3809 1529 ordinatur.

2219 1570 2373 1625 1056.
2408 1570 2531 1626 ind.
2557 1575 2611 1627 9.
2645 1576 2856 1642 Magna
2881 1573 3056 1630 cedes
3087 1591 3123 1630 a
3160 1574 3436 1631 barbaris
3487 1577 3591 1649 qui
3646 1578 3811 1634 Liut-

2141 1658 2238 1715 tici
2267 1659 2546 1715 dicuntur
2571 1661 2633 1715 in
2664 1662 3026 1719 Christianos
3055 1662 3210 1719 facta
3236 1670 3325 1721 est
3349 1684 3361 1735 ;
3389 1683 3654 1739 quorum
3675 1668 3812 1740 qui-

2144 1748 2284 1804 dam
2319 1749 2537 1817 gladio,
2567 1750 2816 1822 quidam
2846 1751 3139 1821 fugientes
3164 1753 3226 1809 in
3271 1771 3431 1828 aqua
3457 1756 3806 1829 perierunt;

2142 1836 2296 1893 inter
2321 1855 2476 1911 quos
2507 1838 2836 1895 Willehalm
2865 1842 3155 1914 marchyo
3184 1844 3490 1900 occiditur.
3553 1846 3806 1903 Hisdem

2144 1925 2514 1997 temporibus
2544 1927 2715 1983 multi
2755 1927 3131 1985 diversarum
3162 1933 3604 2003 provinciarum
3636 1935 3805 2007 prin-

2143 2015 2305 2087 cipes
2332 2016 2652 2087 perierunt.
2690 2020 2899 2073 Fames
2928 2018 3150 2075 multas
3199 2023 3529 2093 provintias
3569 2024 3800 2080 afﬂixit.

2144 2107 2387 2173 Egestas
2446 2110 2503 2160 et
2552 2106 2809 2178 penuria
2855 2108 3122 2182 undique
3174 2112 3534 2183 praevaluit;
3609 2114 3803 2169 multa

2142 2192 2304 2249 mala
2334 2198 2476 2249 tunc
2500 2195 2783 2267 temporis
2815 2196 2970 2253 facta
2997 2204 3153 2255 sunt.
3190 2200 3498 2256 Heinricus
3546 2202 3803 2276 impera-

2142 2286 2234 2338 tor
2262 2282 2354 2339 his
2416 2284 2726 2340 doloribus
2765 2287 3121 2344 cordetenus
3175 2298 3593 2364 compunctus,
3636 2292 3801 2349 inﬁr-

2140 2371 2294 2427 mari
2324 2372 2503 2444 carpit
2536 2391 2548 2441 ;
2578 2377 2635 2429 et
2661 2374 2986 2447 perductus
3018 2394 3207 2450 usque
3252 2380 3330 2435 ad
3378 2386 3656 2450 mortem,
3706 2399 3801 2438 sa-

2139 2460 2323 2532 pienti
2362 2465 2561 2517 tamen
2584 2480 2728 2519 usus
2756 2465 3109 2534 consilio,ab
3134 2469 3416 2525 omnibus
3446 2471 3672 2543 quibus
3701 2489 3803 2545 po-

2141 2550 2249 2605 tuit
2269 2550 2507 2608 veniam
2527 2555 3136 2627 petens,quibusdam
3154 2559 3378 2631 praedia
3393 2578 3530 2633 quae
3557 2561 3802 2619 obstulit

2141 2639 2476 2709 restituens,
2509 2644 2737 2699 cunctis
2761 2645 2864 2716 qui
2886 2650 3095 2703 contra
3121 2665 3260 2704 eum
3277 2649 3484 2723 culpas
3506 2651 3799 2725 dampna-

2137 2726 2286 2783 biles
2317 2728 2586 2786 facerunt
2615 2731 2916 2801 relaxans,
2972 2734 3163 2792 ﬁlium
3214 2755 3391 2795 suum
3456 2740 3799 2797 Heinricum

2139 2816 2391 2872 Romani
2446 2819 2748 2889 pontiﬁcis
2804 2825 3255 2899 ceterorumque
3333 2828 3692 2899 pontiﬁcum
3744 2836 3797 2887 et

2138 2903 2479 2977 principum
2510 2907 2795 2964 electione
2822 2926 3026 2980 regem
3065 2914 3384 2972 constituit.
3418 2917 3518 2972 His
3558 2924 3619 2974 et
3648 2919 3792 2987 aliis,

2139 2998 2318 3066 prout
2341 2995 2705 3067 possibilitas
2756 2998 2892 3055 vitae
2951 3000 3209 3065 admisit,
3257 3003 3414 3061 bene
3467 3005 3791 3079 dispositis,

2141 3085 2170 3136 3
2198 3084 2345 3137 Non.
2404 3082 2672 3139 Octobris
2722 3087 2881 3143 hanc
2934 3088 3118 3146 vitam
3172 3099 3511 3164 presentem
3563 3096 3625 3150 in
3677 3098 3791 3152 Deo

2138 3168 2348 3226 ﬁnivit.

2208 3279 2381 3333 Anno
2414 3278 2648 3335 Domini
2673 3280 2828 3336 1057.
2852 3282 2976 3339 ind.
3011 3288 3063 3339 9.
3098 3286 3426 3359 Heinricus,
3444 3288 3605 3347 ﬁlius
3628 3291 3793 3347 Hein-

2136 3364 2243 3420 rici
2267 3365 2668 3439 imperatoris,
2720 3369 3055 3433 admodum
3099 3390 3250 3447 puer
3291 3377 3470 3450 coepit
3520 3395 3787 3450 regnare.

2136 3457 2332 3523 Agnes
2357 3454 2730 3526 imperatrix,
2758 3465 2950 3515 mater
2973 3461 3161 3534 ipsius
3188 3464 3462 3533 Heinrici,
3507 3467 3789 3525 ducatum

2137 3545 2396 3617 suscepit
2424 3547 2728 3616 Itajoarizp.
2767 3550 2961 3607 Victor
2987 3568 3150 3625 papa
3177 3555 3380 3612 multis
3435 3557 3497 3613 in
3551 3560 3789 3616 Germa-

2135 3630 2235 3687 nia
2269 3631 2420 3688 bene
2450 3633 2774 3707 dispositis,
2817 3641 3068 3696 Romam
3121 3643 3312 3712 rediit,
3361 3649 3418 3700 et
3446 3647 3657 3703 eodem
3689 3664 3787 3703 an-

2134 3735 2213 3775 no
2245 3720 2428 3776 vitam
2459 3722 2653 3779 ﬁnivit
2681 3743 2694 3792 ;
2727 3741 2837 3798 pro
2866 3743 2990 3799 quo
3016 3730 3369 3800 Fridericus,
3422 3736 3527 3807 qui
3567 3741 3625 3792 et
3669 3738 3786 3792 Ste-

2132 3809 2395 3881 phanus,
2422 3810 2600 3868 frater
2626 3813 2924 3872 Godefridi
2951 3817 3141 3887 ducis,
3177 3820 3307 3891 jam
3346 3826 3685 3881 monachus
3727 3826 3787 3882 in

2132 3902 2337 3953 monte
2362 3900 2606 3955 Cassino
2640 3901 2855 3973 factus,
2905 3920 2942 3960 a
2986 3908 3270 3964 Romanis
3322 3912 3593 3983 pontifex
3623 3930 3789 3970 cons-

2132 3985 2376 4043 tituitur.
2411 3988 2515 4044 Hic
2540 3989 2720 4047 etiam
2751 3993 2965 4048 eodem
2994 4011 3157 4053 anno
3204 3998 3368 4056 obiit.
3430 4005 3575 4058 Item
3636 4003 3790 4059 obieo

2131 4079 2273 4131 runt
2307 4076 2600 4134 Adelbero
2628 4080 3141 4154 Babenbergensis
3179 4087 3503 4163 episcopus
3531 4098 3590 4149 et
3619 4093 3790 4150 Ottho

2131 4164 2258 4221 dux
2285 4166 2360 4222 de
2383 4168 2723 4227 Suinvurdi.

2209 4271 2343 4328 1058
2373 4273 2497 4330 ind.
2536 4276 2620 4331 10.

363 4366 624 4463 dinatur.
655 4367 830 4463 Ottho
859 4367 983 4425 dux
1006 4369 1338 4463 Spevorum
1364 4369 1528 4438 obiit,
1562 4386 1673 4444 pro
1694 4386 1817 4444 quo
1847 4370 2020 4429 Ottho
2057 4401 2104 4457 ο
2211 4379 2366 4436 1059.
2399 4379 2524 4436 ind.
2564 4383 2647 4439 11.
2677 4383 3046 4459 Liuppoldus
3085 4392 3578 4463 Mogontiacensis
3595 4398 3793 4455 archi-

363 4455 439 4513 de
476 4454 793 4515 Siunvurdi
821 4455 1092 4513 surrexit.

438 4545 591 4601 1048.
615 4544 741 4601 ind.
782 4545 826 4601 1.
866 4548 1070 4619 BOppo
1100 4561 1265 4620 papa
1295 4545 1461 4614 obiit,
1502 4563 1664 4606 anno
1714 4565 1839 4625 quo
1885 4566 2024 4607 con-

363 4633 650 4704 stituitur;
681 4651 793 4709 pro
815 4651 939 4709 quo
974 4639 1189 4705 Bruno,
1222 4636 1326 4711 qui
1375 4640 1431 4693 et
1480 4637 1617 4706 Leo,
1650 4638 2020 4697 Tullensium

360 4724 629 4797 antistes,
702 4740 866 4799 papa
940 4724 1267 4782 ordinatur.
1335 4725 1642 4787 Heinricus
1695 4728 2021 4802 imperator

358 4814 643 4871 nascitur.

438 4904 593 4961 1049.
623 4902 749 4960 ind.
782 4907 837 4959 2.

435 4995 589 5051 1050.
618 4993 744 5051 ind.
795 4992 847 5049 3.
883 4993 1095 5050 Bartho
1134 4992 1621 5067 archiepiscopus
1668 4994 1846 5064 obiit;
1907 5013 2018 5070 pro

358 5099 483 5156 quo
504 5082 834 5156 Liupoldus
862 5082 1192 5139 ordinatur.

437 5172 591 5227 1051.
618 5172 743 5229 ind.
774 5175 829 5228 4.

434 5259 590 5315 1052.
623 5258 749 5315 ind.
776 5264 828 5316 5.

430 5400 957 5488 (3791ῌφσῌὶηζίίο
981 5403 1236 5488 ςιηηὶαᾴ
1257 5404 1558 5487 ρηαθὶηεηη
1607 5406 1857 5488 scripta,
1879 5410 2013 5477 jam

2131 4467 2452 4541 episcopus
2482 4471 2667 4540 obiit;
2697 4488 2809 4545 pro
2839 4492 2961 4548 quo
3000 4478 3247 4536 Sifridus
3280 4482 3587 4541 Fuldensis
3645 4503 3793 4545 con-

2132 4556 2409 4614 stituitur.
2459 4561 2709 4651 Sanctus
2759 4566 2965 4621 Conno
3018 4569 3392 4628 Trevirorum
3468 4575 3793 4651 episcopus

2127 4647 2543 4719 martyrizatur
2576 4667 2589 4716 ;
2631 4649 2690 4705 in
2716 4651 2952 4709 deserto
2993 4654 3127 4712 loco
3166 4674 3203 4714 a
3233 4661 3553 4733 scopuloso
3580 4647 3794 4723 monte

2127 4737 2215 4827 ter
2242 4736 2647 4827 praacipitatus
2672 4744 2761 4795 est
2779 4756 2816 4796 a
2836 4743 3200 4803 Theodorico
3230 4749 3466 4816 comite,
3493 4768 3565 4808 eo
3621 4756 3795 4827 quod

2127 4822 2360 4911 absque
2385 4824 2673 4883 electione
2698 4830 3052 4888 constitutus
3070 4839 3182 4905 est,
3208 4841 3265 4893 et
3279 4839 3548 4911 sepultus
3567 4822 3663 4899 est
3682 4845 3796 4901 Do-

2124 4910 2240 4967 leia
2274 4930 2288 4981 ;
2322 4912 2406 4970 ibi
2425 4930 2532 4987 per
2559 4915 2728 4972 illum
2758 4919 3048 4978 Dominus
3068 4924 3259 4982 multa
3280 4910 3450 4997 signa
3472 4933 3614 4987 tunc
3648 4937 3797 4990 tem-

2125 5001 2290 5073 poris
2321 5003 2476 5059 fecit.
2512 5005 2641 5078 Ipse
2668 5022 2871 5065 comes
2899 5016 3037 5082 post
3063 5014 3316 5071 modum
3371 5020 3793 5090 paenitentiam

2125 5105 2334 5161 agens,
2367 5096 2425 5148 et
2479 5092 2955 5168 Hierosolymam
2998 5117 3277 5173 pergens,
3335 5106 3523 5164 vitam
3570 5108 3793 5185 ﬁnivit,

2125 5183 2183 5237 et
2204 5196 2415 5237 omnes
2445 5188 2831 5242 consentanci
2860 5189 2990 5259 eius
3017 5191 3179 5250 mala
3208 5200 3399 5252 morte
3432 5198 3745 5269 perierunt

2123 5283 2235 5341 pro
2264 5285 2388 5342 quo
2418 5271 2589 5327 Oudo
2629 5275 3025 5335 constituitur.

2194 5409 2437 5500 (880L191:
2465 5418 2892 5500 margin‘ejam
2912 5424 3308 5500 nonnisghgzc
3333 5428 3639 5487 habentur
3669 5476 3687 5491 .
3721 5476 3737 5492 .
3772 5477 3787 5492 .

357 5471 724 5568 abscisi
736 5471 1406 5568 ἕξεὲἕξηξοξνξέςέ
1435 5490 1644 5533 marus
1696 5471 2014 5553 episcopus
2119 5471 2279 5537 linus
2307 5471 2627 5560 episcopus
2649 5471 3360 5568 ’oBiItT'L'."iéiB'éii§iE&£

356 5542 560 5602 obiitx.
585 5587 599 5601 .
633 5586 648 5600 .
687 5558 805 5601 nus
831 5542 1065 5614 eligitur
1095 5546 1352 5616 legatur.
