4004 6178
208 137 310 189 585

922 138 1004 191 ET
1042 137 1387 198 LAMBERTI
1426 147 2008 208 ASCHAFNABURG.
2050 151 2226 210 PARS
2265 156 2541 216 ALTERA
2583 165 2909 223 GENUINA.

3533 189 3635 242 586

1154 267 1481 326 ANNALES
1524 273 2186 333 HILDESHEIMENSES.
2231 282 2296 334 A.
2344 284 2670 342 1060-1090.

275 352 435 403 1060.
468 346 593 403 iud.
631 352 713 403 12.
754 352 905 415 1061,
939 348 1064 403 ind.
1104 354 1186 406 13.
1238 357 1396 411 1062.
1430 356 1555 415 ind.
1595 364 1860 418 14.1063.

2008 379 2107 418 um
2138 363 2289 422 inter
2320 368 2679 444 Liupoldum
2706 379 3142 451 marchionem,
3176 388 3233 440 et
3259 388 3648 451 Counradum

198 434 324 504 ind,
362 440 446 492 15.
486 440 638 492 1064.
663 437 789 492 ind.
824 442 870 493 1.

271 528 432 581 1065.
461 525 585 582 ind.
620 532 669 581 2.
703 527 1039 583 Guntherus
1090 529 1611 607 Babenbergensis
1641 539 1869 613 episco-

195 629 311 685 pus
341 613 521 681 obiit;
554 630 663 687 pro
689 631 813 688 quo
845 615 1244 674 Hcrimannus
1285 624 1688 682 constituitur.
1733 631 1870 685 Goz-

194 699 393 755 winus
426 717 650 770 comes,
683 701 762 757 ob
792 702 1170 759 exercitatam
1198 705 1262 762 in
1302 708 1613 784 episcopio
1660 715 1871 773 Wirce-

190 788 485 857 burgensi
512 788 814 861 iniuriam,
856 806 891 845 a
938 789 1230 847 militibus
1271 795 1674 857 Adalberonis
1718 803 1870 876 epis-

192 876 329 949 copi
358 877 663 933 occiditur.

266 969 427 1021 1066.
462 965 583 1022 ind.
615 971 666 1023 3.
702 971 944 1025 Cometa
975 967 1226 1037 videtur,
1259 976 1318 1028 et
1340 974 1558 1044 Anglia
1607 993 1645 1034 a
1695 983 1865 1037 Nort-

184 1054 391 1112 manis
420 1054 726 1111 subicitur.

264 1148 427 1199 1067.
455 1142 576 1199 ind.
608 1147 659 1199 4.
734 1150 887 1201 1068.
917 1144 1045 1201 ind.
1199 1152 1353 1206 1069.
1387 1149 1514 1207 ind.
1550 1158 1603 1209 6.

263 1236 427 1288 1070.
458 1232 576 1288 ind.
634 1238 685 1289 7.
743 1235 883 1290 Dedi
943 1235 1217 1293 marchio
1266 1238 1395 1310 regi
1441 1240 1724 1299 Heinrico
1777 1260 1873 1301 re-

179 1321 391 1378 bellat.

261 1407 423 1462 1071.
450 1407 571 1464 ind.
599 1412 648 1464 8.
685 1411 876 1482 Ottho,
908 1412 1038 1468 dux
1075 1414 1377 1488 Bajoarire,
1410 1418 1537 1489 regi
1583 1419 1874 1480 Heinrico

182 1495 457 1553 rebellat.

259 1586 418 1641 1072.
450 1584 570 1641 ind.
603 1592 655 1643 9.
703 1589 1033 1661 Conjurant
1070 1592 1374 1670 principes
1426 1597 1599 1668 regni
1650 1602 1873 1660 contra

182 1674 502 1732 Henricum
528 1690 747 1746 regem.

256 1764 416 1820 1073.
465 1762 585 1820 ind.
644 1765 724 1820 10.
760 1767 1024 1824 Saxones
1091 1772 1460 1846 Hartesburg
1505 1775 1864 1850 destruunt;

180 1853 285 1909 ubi
313 1851 470 1923 regis
497 1851 599 1909 ﬁlii
624 1854 1000 1927 sepulchrum
1034 1858 1292 1930 violant,
1335 1879 1599 1936 ossaque
1632 1865 1866 1939 disper-

178 1947 351 2013 gunL

257 2031 414 2086 1074.
441 2029 558 2086 ind.
593 2031 672 2086 11.
706 2030 1043 2090 Alexandro
1062 2049 1246 2107 papae
1273 2036 1708 2096 Hildibrandus
1729 2058 1861 2098 suc-

180 2120 382 2177 cessit.
911 2123 923 2137 ‘

257 2209 409 2264 1075.
439 2209 561 2266 ind.
608 2210 691 2266 l2.
720 2211 936 2271 Bellum
961 2217 1151 2271 Juxta
1201 2216 1493 2273 Unstrhut
1538 2221 1859 2277 committi-

176 2302 275 2353 tur
303 2304 333 2353 5
366 2298 445 2355 1d.
478 2300 631 2356 Junii
658 2307 859 2359 contra
897 2320 1110 2376 regem
1136 2304 1498 2377 Heinricum,
1550 2306 1660 2366 ubi
1682 2310 1858 2367 multi

175 2392 446 2461 potentes
475 2407 545 2446 ex
571 2395 819 2465 utraque
855 2398 1027 2467 parte
1058 2392 1428 2466 ceciderunt,
1476 2400 1533 2452 et
1578 2398 1852 2456 Saxones

175 2479 387 2549 fugam
416 2480 692 2538 inierunt.

251 2571 407 2627 1076.
441 2572 563 2629 ind.
611 2574 694 2628 l3.
742 2575 1068 2631 Concilium
1115 2575 1469 2630 Wormaciae
1517 2592 1850 2653 congrega-

174 2664 288 2729 tur,
322 2661 424 2717 ubi
457 2662 875 2720 Hildibrandus
898 2682 1063 2738 papa
1094 2664 1434 2721 abdicatur.

250 2750 401 2806 1077.
435 2750 559 2807 ind.
601 2752 662 2807 14
713 2755 973 2809 Domnus
1001 2759 1179 2810 Anno
1226 2752 1601 2811 Coloniensis
1654 2760 1848 2816 archi-

169 2839 492 2912 episcopus
530 2841 676 2897 ohiit
703 2845 736 2896 2
784 2846 928 2899 Non.
978 2842 1297 2900 Decembr.
1356 2842 1465 2908 Qui
1515 2859 1589 2902 ex
1633 2848 1846 2907 funda-

169 2933 372 2984 mento
434 2935 464 2986 5
506 2932 993 3001 congregationes
1041 2932 1199 2999 fecit,
1255 2931 1414 2986 duas
1457 2931 1517 2988 in
1571 2937 1838 3007 Colonia,

166 3033 353 3073 unam
384 3018 444 3073 in
477 3019 705 3075 honore
736 3026 950 3076 sanctas
1000 3021 1217 3089 Mariae,
1267 3019 1452 3075 aliam
1499 3020 1561 3079 in
1610 3024 1839 3083 honore

168 3106 353 3162 sancti
388 3106 621 3176 Georgii
651 3108 944 3181 martyris,
976 3113 1034 3166 et
1061 3113 1233 3165 extra
1259 3122 1448 3163 unam
1476 3108 1539 3165 in
1563 3109 1698 3170 loco
1729 3114 1836 3188 qui

165 3202 413 3251 vocatur
434 3196 745 3254 Grascabf.
776 3202 831 3254 et
855 3198 916 3253 in
945 3198 1064 3254 alio
1091 3198 1231 3253 loco
1263 3195 1369 3269 qui
1399 3204 1650 3257 vocatur
1680 3203 1836 3261 Sale-

166 3289 301 3355 vett,
332 3301 525 3342 unam
550 3286 611 3341 in
638 3291 837 3343 monte
865 3288 968 3361 qui
997 3291 1253 3344 vocatur
1286 3286 1590 3360 Sigeberg,
1619 3290 1680 3348 in
1708 3310 1831 3367 quo

166 3373 407 3431 feliciter
443 3374 793 3447 requiescit;
840 3392 949 3449 pro
997 3392 1120 3449 quo
1163 3374 1460 3432 Hildolfus
1507 3379 1829 3455 episcopus

166 3463 497 3520 ordinatur.
526 3467 721 3532 Agnes
749 3463 1092 3537 imperatrix
1141 3463 1310 3520 obiit.
1360 3466 1689 3524 Roudolfus
1725 3487 1831 3527 rex

164 3551 523 3609 constitutus
576 3555 665 3607 est
708 3551 768 3607 in
812 3552 943 3609 loco
996 3552 1102 3625 qui
1134 3551 1352 3608 dicitur
1388 3555 1728 3626 Vorhheim,
1773 3563 1832 3616 et

164 3639 220 3695 in
244 3638 454 3695 media
495 3638 958 3711 quadragesima
1001 3641 1168 3714 apud
1211 3640 1574 3710 Mogontiam
1612 3650 1827 3703 unctus

162 3732 248 3783 est
272 3728 333 3783 in
373 3742 581 3798 regem
631 3742 667 3783 a
714 3727 926 3784 Sifrido
981 3727 1456 3802 archiepiscopo.
1508 3732 1827 3792 Discordia

160 3819 320 3873 mter
343 3831 568 3887 papam
594 3821 649 3872 et
678 3831 872 3887 regem
906 3818 1237 3874 Henricum
1264 3826 1553 3878 renovata
1589 3838 1707 3893 pro
1739 3839 1827 3881 re-

159 3906 247 3976 gis
268 3904 676 3961 inobedientia
704 3904 865 3976 (381).

234 3995 393 4049 1078.
420 3992 546 4049 ind.
588 3993 670 4048 15.
721 3992 942 4049 Bellum
982 3993 1157 4064 juxta
1189 3994 1402 4050 Strowi
1429 3997 1822 4056 commissum

159 4087 261 4139 est.
292 4088 325 4137 7
358 4080 441 4137 1d.
472 4084 703 4151 August
748 4079 1037 4136 Hildolfus
1086 4081 1411 4154 episcopus
1457 4083 1822 4143 Coloniensis
1852 4150 1857 4155 ,

156 4169 303 4227 obiit
328 4187 343 4237 ;
374 4184 486 4242 pro
514 4184 638 4242 quo
670 4168 1001 4238 Sigewinus
1027 4168 1357 4226 ordinatur.

228 4258 392 4314 1079.
406 4256 530 4313 ind.
550 4262 599 4313 1.
624 4256 853 4312 Bellum
864 4257 1038 4328 juxta
1055 4256 1409 4315 Flatecheim
1429 4260 1819 4319 commissum

156 4353 246 4403 est
297 4352 330 4404 5
390 4345 515 4403 Kal.
567 4346 734 4402 Febr.
788 4345 999 4402 Hettilo
1051 4346 1370 4421 episcopus
1436 4347 1819 4406 Hildineshei-

154 4434 384 4492 mensis
432 4433 596 4491 obiit.
637 4434 805 4491 Sedit
857 4434 921 4489 in
963 4434 1308 4505 episcopatu
1345 4437 1522 4491 annis
1564 4440 1632 4493 28
1673 4479 1687 4494 .

154 4526 305 4583 dies.
346 4568 359 4580 .
398 4567 411 4578 .
445 4524 548 4581 Cui
576 4522 864 4579 successit
896 4521 1042 4594 Udo,
1074 4522 1291 4578 nobilis
1320 4524 1450 4595 cjus
1468 4525 1817 4583 canonicus.

229 4614 389 4670 1080.
423 4613 546 4669 ind.
574 4616 627 4668 2.
658 4610 835 4685 Apud
858 4611 1183 4668 Briximam
1210 4612 1481 4670 Noricam
1512 4618 1579 4671 30
1601 4614 1827 4687 episco-

150 4718 379 4776 porum
407 4717 767 4775 magnaeque
797 4700 982 4774 partis
1011 4699 1368 4773 optimatum
1391 4703 1558 4773 regni
1574 4719 1827 4761 conven-

152 4797 251 4848 tus
297 4796 509 4848 contra
558 4789 1013 4846 Hildibrandum
1060 4788 1332 4846 habetur.
1385 4790 1609 4847 Bellum
1652 4792 1826 4864 juxta

154 4880 374 4938 Elstret
397 4878 785 4936 committitur
816 4877 1017 4934 Idibus
1045 4877 1351 4947 Octobris;
1401 4878 1462 4935 in
1495 4896 1618 4953 quo
1666 4884 1823 4939 Rou-

152 4968 361 5026 dolfus
388 4986 512 5037 rex,
544 4968 649 5042 qui
679 4972 736 5024 et
766 4967 910 5035 dux,
943 4966 1251 5023 occiditur.

234 5059 394 5115 1081.
426 5058 551 5115 ind.
586 5063 640 5116 3.
671 5057 973 5114 Heinricus
1002 5072 1106 5113 rex
1133 5058 1387 5114 Romam
1416 5057 1669 5116 obsedit.
1707 5059 1825 5117 Bel-

223 5307 376 5379 (381)
416 5307 607 5382 Manu
652 5304 838 5362 secuti
891 5303 1012 5360 XII
1053 5303 1281 5362 inserta
1345 5305 1550 5364 littera
1580 5308 1824 5382 obliqua

151 5379 584 5449 expressimus.

226 5446 378 5529 (382)
415 5446 819 5529 I_1_ochstad.u
940 5517 953 5529 '
1042 5518 1053 5529 .

253 5517 385 5605 1313.5)
419 5522 713 5605 Υρπρεηε
737 5517 1163 5605 latuerat?»
1256 5591 1328 5605 ..
1436 5593 1446 5603 .
1646 5593 1657 5605 .
1748 5595 1758 5605 .

253 5526 385 5593 385)
420 5526 542 5577 Vox
563 5534 713 5590 pene
737 5526 858 5574 tota
889 5526 1138 5600 abscisa.
1256 5591 1267 5602 .
1436 5593 1446 5603 .
1748 5595 1758 5605 ⁸

226 5526 384 5663 1384)
424 5593 568 5647 Haec
594 5605 777 5649 manu
825 5595 1103 5646 correctis
1145 5596 1371 5659 scripta
1409 5605 1544 5660 Jam
1593 5593 1823 5652 abscisa

666 5681 908 5736 PATBOL.
939 5678 1111 5736 CXLI.

1978 450 2225 511 fratrem
2247 455 2418 514 ducis
2450 463 2703 520 Boemiee
2733 468 2765 521 4
2797 466 2876 523 Id.
2905 469 3054 526 Maii.
3090 476 3233 529 Item
3249 474 3477 537 bellum
3501 450 3653 541 inter

1981 541 2208 599 Suevos
2239 550 2296 601 et
2315 549 2620 619 Bajoarios
2643 552 2818 623 juxta
2850 557 3215 629 Danubium,
3245 563 3380 622 loco
3409 570 3514 643 qui
3548 590 3649 629 vo-

1977 633 2146 686 catur
2175 633 2485 693 Hohstetin
2532 640 2675 712 (382)
2722 646 2752 698 3
2802 643 2942 700 ldus
2991 650 3139 718 Aug.
3194 633 3501 715 Heinricus
3548 678 3655 719 rex

1974 724 2155 776 natus
2184 727 2291 790 est,
2314 724 2524 795 junior
2551 729 2711 785 ﬁlius
2740 732 2909 804 (383).

2056 809 2212 866 1082.
2244 811 2370 868 ind.
2403 818 2457 871 4.
2494 818 2891 877 Herimannus
2922 838 3180 895 regnum
3227 828 3479 906 invadit,
3524 846 3575 895 et
3617 856 3655 897 a

1973 897 2282 970 Sige/‘rido
2297 904 2650 975 Mogontino
2681 910 3024 968 ordinatur.

2054 988 2212 1046 1083.
2247 990 2373 1048 ind.
2503 998 2693 1054 Roma
2731 1006 2909 1074 capta
2960 1008 3048 1060 est
3099 1011 3153 1062 et
3198 1008 3656 1073 Hildebrandus

1968 1091 2147 1168 papa
2171 1083 2460 1148 expulsus
2483 1085 2561 1140 ab
2592 1086 2862 1145 Heinrico
2885 1106 3046 1161 rege,
3077 1097 3135 1150 et
3162 1098 3498 1168 pestilentia
3527 1120 3657 1161 ma-

1977 1180 2101 1236 gna
2125 1167 2283 1225 facta
2312 1176 2419 1228 est.
2452 1174 2873 1249 Herimannus,
2901 1180 3007 1253 qui
3037 1167 3292 1254 regnum
3333 1188 3654 1262 invaserat,

1979 1255 2333 1315 orientalem
2366 1263 2676 1321 Franciam
2701 1267 2989 1324 hostiliter
3013 1269 3363 1342 ingreditur.

2059 1345 2215 1403 1084.
2250 1348 2374 1406 ind.
2405 1355 2457 1407 6.
2492 1354 2796 1412 Heinricus
2825 1357 3153 1430 imperator
3175 1362 3250 1418 de
3279 1366 3442 1424 Italia
3462 1386 3656 1428 rever-

1980 1432 2142 1503 titur,
2170 1441 2227 1493 et
2253 1442 2524 1509 Augusta
2553 1443 2631 1499 ab
2657 1460 2729 1500 eo
2756 1445 3065 1504 obsidetur
3103 1456 3160 1507 et
3207 1455 3457 1527 capitur.
3500 1461 3654 1516 Heri-

1982 1540 2245 1582 mannus
2290 1529 2802 1603 Babenbergensis
2848 1537 3168 1613 episcopus
3208 1542 3375 1614 obiit,
3418 1549 3523 1620 qui
3574 1551 3653 1607 ab

1976 1613 2291 1712 episcopio
2316 1619 2605 1691 expulsus
2633 1627 2744 1679 est.
2777 1623 3105 1695 Sigefridus
3164 1613 3653 1712 archiepiscopus

1896 1717 1937 1771 Β
1977 1701 2210 1762 obiitin
2251 1707 2595 1799 Thuringia,
2648 1717 2705 1767 et
2747 1714 2913 1798 apud
2966 1718 3300 1788 Hasungun
3346 1701 3648 1799 sepelitur,

1977 1808 2091 1864 pro
2117 1811 2240 1867 quo
2271 1797 2599 1855 Wezelinus
2628 1797 3023 1860 constituitur.
3423 1797 3432 1798 ί
3527 1875 3533 1883 ⁸

2054 1881 2209 1971 1085.
2241 1885 2368 1944 ind.
2397 1894 2450 1944 7.
2488 1889 2769 1961 Synodus
2799 1894 3110 1963 Mogontiae
3163 1900 3329 1971 apud
3369 1881 3648 1964 sanctum

1973 1969 2276 2068 Albanum
2307 1974 2594 2068 habetur.
2631 1979 2919 2038 Obierunt
2943 1969 3259 2055 Gregorius
3306 2006 3489 2065 papa,
3540 1996 3648 2068 qui

1973 2062 2030 2114 et
2058 2060 2504 2131 Hildibrandus,
2538 2066 2870 2125 Tietmarus
2913 2073 3252 2132 Wormatiae
3301 2060 3642 2156 episcopus,

1971 2148 2369 2208 Herimannus
2398 2153 2698 2212 Palatinus
2721 2174 2943 2216 comes.
2977 2161 3284 2222 Heim‘icus
3312 2148 3417 2225 rex
3459 2148 3643 2227 Saxo;

1965 2235 2134 2294 niam
2162 2245 2378 2298 vastat.

2043 2325 2198 2385 1086.
2239 2329 2365 2385 ind.
2396 2333 2448 2387 8.
2474 2330 2741 2391 Saxones
2788 2351 2921 2393 cum
2961 2338 3171 2398 Suevis
3237 2344 3637 2405 Werceburch

1964 2412 2344 2489 obsederunt,
2376 2420 2459 2476 ad
2496 2424 2669 2491 cujus
2703 2425 3112 2485 liberationem
3145 2432 3476 2502 imperator
3499 2453 3635 2494 cum

1962 2518 2186 2576 magna
2214 2525 2399 2566 manu
2431 2513 2589 2566 venit
2610 2520 2664 2569 et
2696 2513 2918 2571 bellum
2944 2516 3116 2587 juxta
3156 2520 3419 2582 Bleihfelt
3468 2542 3632 2582 com-

1961 2592 2166 2650 mittur
2195 2602 2225 2653 3
2261 2598 2340 2653 Id.
2374 2602 2525 2668 Aug.
2558 2601 2659 2658 Set
2689 2620 2827 2675 rege
2852 2606 3087 2677 fugato,
3114 2608 3385 2669 Saxones
3420 2616 3628 2671 urbem

1958 2691 2266 2752 ceperunt.
2299 2686 2701 2747 Herimannus
2723 2709 2943 2750 nomen
2984 2696 3216 2767 regium
3262 2700 3528 2774 deponit,
3571 2707 3630 2759 et

1953 2769 2084 2842 ipse
2114 2790 2259 2831 mox
2278 2776 2449 2849 perit.
2486 2778 2863 2839 Wirceburch
2889 2799 2926 2841 a
2958 2786 3292 2845 Saxonibus
3320 2769 3497 2865 capta
3510 2769 3620 2863 est,

1954 2864 2013 2916 et
2039 2877 2185 2920 mox
2214 2865 2293 2922 ab
2322 2866 2681 2940 imperatore
2712 2873 3023 2946 acquisita.

2028 2966 2185 3025 1087.
2208 2970 2333 3028 ind.
2362 2978 2414 3030 9.
2444 2976 2654 3033 Bertha
2682 2978 3024 3052 imperatrix
3065 2982 3231 3042 obiit.
3278 2987 3617 3046 Pestilentia

1869 3069 1911 3124 ο
1949 3052 2113 3113 facta
2139 3062 2230 3115 est
2267 3100 2282 3116 .
2328 3102 2341 3116 .
2388 3102 2401 3117 .
2447 3105 2461 3118 .
2503 3063 2672 3138 (384).

2020 3163 2177 3223 1088.
2208 3166 2332 3259 ind.
2386 3170 2468 3227 10.
2516 3173 2688 3229 Wezil
2736 3177 3240 3245 Mogonciacensis
3291 3184 3611 3259 archiepis-

1941 3268 2135 3326 copus
2200 3257 2373 3347 obiit.
2404 3262 2626 3347 Bucco
2687 3263 3218 3327 Harberstadensis
3284 3257 3605 3347 episcopus

1940 3340 2222 3401 Gozlaria!
2252 3346 2558 3403 occiditur.

2017 3446 2172 3505 1089.
2203 3449 2329 3508 ind.
2368 3452 2452 3509 11.
2483 3454 2845 3525 Eggiberlus
2867 3460 3136 3518 mare/tio
3156 3464 3602 3526 Hildenesheim

1937 3534 2184 3607 obsedit,
2217 3540 2321 3595 ubi
2360 3541 2621 3599 Udonem
2647 3546 2984 3617 episcopum
3024 3550 3131 3606 diu
3183 3553 3475 3613 obsessum
3519 3572 3605 3614 ce-

1932 3624 2025 3693 pit
2054 3624 2222 3699 (385).
2258 3628 2483 3686 Bellum
2509 3631 2680 3702 juxta
2712 3632 2916 3692 Glicho
2935 3638 3245 3699 castellum
3270 3642 3331 3699 in
3357 3644 3603 3703 Thurin-

1934 3711 2033 3781 gia
2056 3714 2232 3784 juxta
2262 3719 2559 3791 Erpesfort
2590 3720 2790 3791 situm,
2811 3723 2964 3782 inter
2984 3725 3408 3802 imperatorem
3432 3734 3603 3791 Hein-

1932 3815 2126 3859 ricum
2164 3807 2221 3860 et
2248 3806 2628 3876 Ecgibertum
2677 3812 3092 3875 marchionem
3130 3816 3193 3873 in
3250 3819 3444 3889 vigilia
3492 3825 3602 3880 Do—

1931 3890 2102 3963 mini,
2133 3892 2229 3949 die
2262 3895 2591 3966 Dominica,
2623 3898 2684 3954 in
2709 3915 2833 3972 quo
2888 3903 3264 3961 Burchardus
3305 3910 3597 3968 Losannaa

1931 3978 2251 4053 episcopus
2268 3982 2502 4040 occisus
2523 3991 2629 4041 est.
2645 3987 2932 4045 Obierunt
2945 3991 3232 4065 episcopi,
3260 3995 3594 4064 Sigewinus

1931 4068 2322 4140 Coloniensis,
2381 4074 2556 4131 Ottho
2612 4076 3096 4150 Radisponensis.
3145 4084 3597 4145 Constituuntur

1929 4157 2215 4232 episcopi,
2246 4160 2648 4220 Herimannus
2670 4165 3057 4237 Coloniensis,
3083 4172 3465 4231 Routhardus
3485 4179 3597 4235 Mo-

1929 4247 2355 4321 gontiacensis,
2406 4252 2777 4310 Emehardus
2822 4255 3347 4331 Wirceburgensis,
3397 4268 3429 4321 8
3459 4267 3592 4325 Kal.

1926 4336 2196 4405 Augusti.

1740 4480 1753 4493 .
1799 4481 1812 4494 .
1845 4422 1890 4476 D
2007 4442 2161 4499 1090.
2195 4442 2320 4501 ind.
2351 4444 2433 4501 12.
2468 4450 2794 4520 Imperator
2820 4449 3050 4509 Italiam
3081 4455 3262 4527 petiit.
3284 4458 3594 4518 Heriman-

1928 4544 2044 4585 nus
2066 4532 2358 4589 Mettensis
2389 4536 2728 4609 episcopus,
2763 4537 3070 4597 Liudolt'us
3103 4543 3248 4611 dux,
3282 4551 3339 4601 et
3381 4549 3594 4606 Bertol-

1930 4617 2026 4674 fus
2054 4620 2198 4689 dux,
2230 4620 2387 4677 ﬁlius
2406 4625 2698 4695 Roudolti,
2733 4627 3030 4688 obierunt.
3060 4633 3409 4702 Eggibertus
3438 4650 3595 4691 mar-

1931 4707 2087 4780 chyo
2126 4709 2359 4766 occisus
2388 4717 2493 4768 est.
2529 4716 2796 4772 Domnus
2854 4718 3194 4786 Athelbero,
3244 4720 3593 4778 vicessimus

1929 4802 2067 4870 post
2091 4797 2336 4857 beatum
2380 4804 2790 4861 Burchardum
2829 4814 3226 4865 sacrosanctae
3270 4808 3595 4866 Wircebur-

1931 4886 2131 4957 gensis
2161 4890 2439 4947 aacclesiee
2473 4893 2792 4967 episcopus
2820 4901 2850 4952 3
2883 4897 3016 4954 Kal.
3048 4897 3187 4953 Julii
3215 4897 3590 4969 constitutus,

1929 4975 2076 5033 vixit
2100 4977 2164 5033 in
2210 4979 2560 5053 episcopatu
2607 4998 2801 5040 annos
2848 4988 2938 5052 45,
2981 5000 3219 5042 menses
3261 4989 3315 5058 3,
3356 4985 3485 5044 dies
3515 4996 3588 5057 7;

1929 5064 2077 5122 obiit
2100 5071 2133 5123 2
2161 5070 2359 5126 Nonas
2388 5070 2675 5128 Octobris.

1930 5316 2074 5368 sunt
2115 5354 2127 5366 .
2166 5316 2381 5399 Latus
2423 5355 2434 5369 .
2481 5355 2492 5368 .
2539 5355 2552 5370 .
2597 5330 2635 5370 u
2666 5316 2785 5399 legi
2808 5317 3593 5399 videatur.ﬁestituendum

1932 5396 2136 5467 censeo
2165 5382 2473 5467 Heinricus
2513 5382 2785 5467 marchio
2814 5387 2963 5467 obiit
3003 5405 3080 5467 ex
3108 5392 3593 5467 Chronographo

1932 5453 2193 5580 Safppe,
2223 5459 2329 5511 aut
2354 5453 2655 5513 Adventus
2681 5458 2872 5515 sancti
2902 5459 3124 5520 Nicolai
3154 5453 3453 5524 Barimvex
3471 5453 3597 5524 Ἀη-

1935 5540 2018 5582 ηα
2046 5541 2095 5581 zs
2125 5540 2180 5582 α.

2006 5597 2151 5668 (385)
2171 5599 2268 5655 Ita
2284 5600 2600 5657 restitutuo
2620 5616 2728 5672 ope
2745 5602 3085 5663 Annalistx
3103 5608 3372 5678 Saxoni;
3414 5614 3476 5666 in.
3506 5626 3596 5667 co-

3077 5701 3142 5754 10
