4002 6186
430 175 531 225 587

1343 166 1597 221 ANNAL.
1638 161 2081 220 HILDESHEIM.
2123 159 2499 226 QUEDLIND.
2540 162 2920 220 WEISSEMB.

3738 169 3853 223 588

1420 289 1738 345 ANNALES
1760 286 2403 343 HILDESHEIMENSES
2433 289 2499 341 A.
2530 285 2848 342 1091-1103.

504 387 656 438 1091.
690 379 811 435 ind.
849 383 932 434 13.
958 377 1219 435 Mahthilt
1246 378 1321 434 de
1354 377 1772 448 Longobardia
1804 376 2075 432 Heinrico
2104 383 2150 433 Α
2262 379 2419 431 1099.
2449 375 2574 431 ind.
2608 381 2659 431 6.
2694 379 3019 449 Imperator
3047 374 3403 449 Badisponm
3432 378 3661 450 pascha
3690 377 3852 434 cele-

425 470 547 539 regi
572 467 836 524 rebellat.
876 467 995 523 Visi
1020 473 1159 523 sunt
1184 483 1294 538 per
1315 470 1579 540 regiones
1620 469 1843 524 multas
1870 466 2079 522 vermi-

423 560 549 615 culi
576 558 750 613 nimis
781 558 975 628 ignoti
1002 558 1169 630 (386).

496 650 651 702 1092.
682 646 805 702 ind.
846 650 925 703 14,
963 645 1271 703 Conradus
1297 661 1500 701 comes
1522 661 1558 700 a
1591 643 1949 700 Fresonibus
1980 658 2077 698 oc-

419 735 578 790 cisus
609 740 698 791 est
734 752 873 790 cum
905 734 1033 790 aliis
1062 734 1265 791 multis
1300 739 1362 789 12
1411 733 1535 789 Kal.
1583 737 1732 803 Aug.
1785 734 1849 787 Et
1897 730 2075 804 pesti-

417 823 600 880 lentia
632 826 777 895 (387)
809 840 1031 893 magna
1056 824 1371 880 hominum
1398 827 1455 878 et
1473 837 1759 895 pecorum
1790 821 1945 876 facta
1965 824 2071 875 est.

494 916 649 968 1093.
682 912 806 968 ind.
844 918 927 967 15.
958 916 1202 983 Magnus
1231 911 1357 967 dux
1388 913 1694 967 Saxonum
1725 908 1962 966 Sclavos
1989 923 2077 963 re-

418 1005 728 1073 bellantes,
763 1008 826 1060 14
856 1004 1107 1060 urbibus
1134 1004 1340 1077 captis,
1376 1002 1629 1073 subegit.
1664 1007 1693 1057 5
1724 1002 1868 1057 Kal.
1914 1001 2069 1071 Aug.

418 1096 582 1152 circa
611 1108 914 1164 vesperam
945 1092 1203 1165 eclypsis
1233 1092 1372 1148 solis
1403 1091 1559 1147 facta
1579 1094 1667 1146 est
1694 1095 1723 1146 3
1754 1091 1903 1146 hora
1934 1087 2070 1155 diei,

417 1187 475 1239 et
501 1184 684 1239 draco
713 1182 875 1237 visus
906 1185 1011 1236 est.
1057 1180 1373 1236 Fratislaus
1418 1179 1543 1235 dux
1582 1178 1836 1235 Boemiae
1865 1177 1926 1232 in
1970 1190 2072 1232 ve-

416 1276 562 1327 natu
590 1272 664 1327 de
694 1286 850 1344 equo
871 1270 1115 1337 cadens,
1139 1268 1451 1325 subitanea
1475 1272 1663 1324 morte
1684 1266 1990 1323 discessit.
2016 1308 2028 1321 .
2056 1307 2068 1321 .

412 1376 524 1432 per
550 1366 736 1417 totum
780 1402 792 1414 .
839 1402 851 1413 .
898 1400 909 1413 .
952 1360 1200 1430 aquilon
1244 1401 1255 1413 .
1303 1402 1315 1414 .
1362 1400 1374 1412 .
1417 1373 1541 1414 are.

491 1454 647 1507 1094.
680 1449 804 1505 ind.
841 1454 888 1503 1.
921 1447 1253 1504 Pestilentia
1277 1463 1504 1518 magna
1533 1446 1689 1503 facta
1710 1449 1819 1501 est.

490 1544 647 1596 1095.
674 1539 799 1595 ind.
830 1542 883 1594 2.
921 1536 1227 1593 Ladizlaus
1276 1552 1381 1592 rex
1428 1535 1768 1605 Pannonias,
1818 1534 1909 1589 vir
1956 1533 2070 1605 piae

416 1628 743 1697 memorias,
777 1627 916 1683 item
944 1625 1312 1699 Liuppoldus
1356 1625 1649 1696 marchyo
1687 1628 1744 1680 et
1789 1623 2073 1679 Henricus

415 1716 716 1774 Palatinus
745 1732 950 1772 comes
981 1714 1277 1770 obierunt.

491 1811 646 1863 1096.
675 1805 797 1861 ind.
831 1810 882 1861 3.
916 1804 1176 1876 Populus
1204 1801 1656 1859 innumerabilis
1689 1804 1752 1856 12
1777 1802 1917 1873 (388)
1946 1803 2076 1871 fere

415 1897 586 1953 milia
613 1911 685 1950 ex
710 1895 1083 1951 diversarum
1110 1894 1375 1964 gentium
1404 1891 1696 1959 partibus,
1742 1891 1891 1948 duce
1936 1906 2075 1962 quo-

415 1987 555 2044 dam
598 1985 891 2041 monacho
928 1985 1108 2039 Petro
1155 1985 1390 2039 nomine
1444 1985 1710 2038 armatus
1765 1980 2079 2038 Hierosoli-

415 2092 582 2132 mam
606 2074 873 2141 tendens,
887 2072 1124 2128 Judaeos
1144 2071 1432 2144 baptizari
1452 2070 1760 2143 compulit,
1775 2084 2074 2126 rennuen-

416 2168 504 2221 tes
548 2164 845 2220 immensa
897 2162 1041 2217 cede
1083 2161 1440 2233 proﬂigavit.
1496 2160 1670 2232 Apud
1714 2159 2074 2228 Mogontiam

414 2252 584 2309 Judei
609 2266 861 2307 numero
885 2250 1147 2305 virorum
1199 2265 1270 2305 ac
1314 2248 1634 2303 mulierum
1676 2252 1734 2304 et
1777 2246 2073 2303 infantum

416 2341 576 2397 mille
602 2345 659 2397 et
686 2338 1145 2413 quatuordecim
1181 2337 1467 2394 interfecti
1495 2340 1654 2403 sunt,
1706 2340 1764 2392 et
1807 2335 2075 2393 maxima

414 2445 556 2504 pars
582 2428 832 2486 civitatis
861 2431 1071 2484 exusta
1096 2431 1200 2483 est.
1228 2426 1397 2482 Judei
1412 2443 1518 2499 per
1542 2425 1807 2481 diversas
1832 2424 2075 2498 provin-

416 2519 538 2576 cias
559 2516 872 2577 Christiani
900 2516 1039 2574 facti
1066 2520 1222 2584 sunt,
1250 2520 1307 2572 et
1333 2516 1550 2573 iterum
1579 2530 1616 2571 a
1644 2514 2073 2571 christianitate

416 2612 809 2667 recesserunt.

489 2703 645 2756 1097.
679 2697 801 2754 ind.
835 2700 887 2753 4.
922 2699 1250 2769 Imperator
1277 2694 1352 2750 de
1384 2693 1565 2763 Italia,
1588 2693 1691 2750 ubi
1698 2696 1834 2764 jam
1854 2699 2072 2763 septem

414 2791 591 2847 annis
621 2793 945 2847 manserat.
978 2785 1168 2843 rediit.
1204 2784 1555 2841 Counradus
1584 2783 1738 2857 patri
1767 2800 1878 2839 suo
1905 2784 2074 2840 Hein-

413 2879 537 2934 rico
567 2876 849 2945 rebellat;
882 2880 938 2932 et
960 2875 1040 2931 ob
1069 2876 1226 2931 hanc
1254 2873 1537 2945 injuriam
1560 2872 1783 2945 juniori
1811 2872 1939 2928 ﬁlio
1960 2888 2072 2929 suo

412 2981 671 3037 regnum
696 2965 972 3036 injungit.
1019 2966 1149 3021 Hoc
1195 2979 1355 3021 anno
1398 3006 1411 3019 .
1456 3005 1468 3017 .
1515 3000 1529 3018 .
1572 2963 1801 3019 totiusi
1839 3004 1852 3017 .
1898 3002 1914 3018 .
1959 3003 1974 3019 .
2014 2978 2072 3020 es

414 3056 1745 3111 cu...mul...ner...serunt...

489 3147 646 3202 1098.
672 3143 797 3200 ind.
831 3148 882 3200 5.
918 3142 1268 3201 Counradus
1289 3158 1494 3199 comes
1543 3141 1620 3199 de
1670 3140 2070 3198 Hohenburch

408 3233 537 3305 regi
563 3233 831 3303 rebellat,
864 3238 921 3292 et
945 3233 1166 3291 idcirco
1222 3232 1508 3306 expulsus
1557 3236 1661 3288 est.
1698 3232 1846 3288 Cum
1893 3237 2071 3301 capta

408 3326 596 3381 Nicea
628 3324 869 3381 civitate
899 3326 1194 3381 exercitus
1234 3323 1720 3379 Christianorum
1769 3322 1907 3377 inde
1954 3321 2070 3377 dis-

410 3414 662 3483 cederet,
702 3416 767 3471 in
820 3430 935 3485 quo
985 3415 1128 3482 plus
1185 3426 1364 3483 quam
1413 3414 1648 3479 300,000
1697 3415 2069 3467 armatorum

405 3500 683 3570 fuerunt,
741 3516 875 3555 cum
926 3505 1098 3555 tanta
1147 3498 1530 3567 plenitudine
1580 3497 1868 3554 conduxit
1920 3496 2069 3568 (389)

411 3588 548 3643 vitae
574 3588 908 3643 necessaria
936 3589 1114 3656 Deus,
1146 3592 1211 3641 ut
1236 3586 1309 3642 de
1333 3587 1520 3643 ariete
1568 3601 1846 3642 nummus
1896 3590 1952 3641 et
1999 3585 2071 3642 de

415 3675 554 3731 bove
584 3675 689 3731 vix
726 3674 1035 3732 duodecim
1066 3674 1501 3743 acciperentur.
1550 3674 1767 3746 Sicque
1807 3673 1882 3730 ab
1926 3672 2073 3730 obsi-

411 3762 669 3820 dendam
723 3762 1128 3834 Antiochyam
1177 3767 1487 3819 venerunt.
1535 3761 1657 3831 Que
1698 3778 1812 3833 per
1862 3778 2071 3820 novem

411 3867 636 3908 menses
663 3851 893 3909 obsessa
920 3857 973 3908 et
999 3856 1179 3922 capta
1201 3856 1285 3907 est
1328 3892 1339 3904 .
1386 3892 1399 3904 .
1444 3893 1457 3906 .
1503 3893 1516 3906 .
1558 3850 1810 3923 aliisque
1836 3851 2073 3907 commi-

415 3940 698 3999 litonibus
722 3942 866 3999 suis.
898 3940 1011 4009 Qui
1028 3941 1207 3997 etiam
1224 3944 1359 4010 post
1380 3939 1630 4012 aliquod
1659 3945 1887 4011 tempus
1908 3940 2073 3997 intra

412 4031 629 4090 obsessi
655 4038 797 4089 sunt
827 4048 864 4089 a
890 4030 1192 4104 paganis;
1228 4036 1314 4087 set
1356 4031 1543 4101 afﬂiti
1589 4031 1753 4100 fame
1795 4031 1971 4087 nimis
2020 4035 2075 4087 et

414 4122 530 4188 siti,
563 4123 626 4176 in
659 4128 896 4178 tantum
925 4127 989 4177 ut
1028 4120 1207 4177 multi
1231 4136 1306 4177 ea:
1348 4121 1489 4190 ipsis
1540 4121 1853 4190 cruci/eris
1900 4135 2075 4193 equos

416 4209 567 4280 (390)
597 4215 651 4265 et
682 4210 878 4266 asinos
909 4210 1296 4279 comederent,
1323 4214 1379 4265 et
1412 4211 1513 4266 vix
1541 4209 1616 4265 ab
1667 4210 1945 4266 humanis
1976 4209 2079 4267 da-

410 4296 591 4367 pibus
620 4313 679 4354 se
702 4298 948 4370 quidam
974 4299 1365 4355 continerent.
1400 4299 1835 4355 Clamaverunt
1862 4299 1945 4356 ad
1966 4301 2079 4356 Do-

416 4387 667 4456 minum,
700 4403 774 4444 ne
813 4388 1075 4445 traderet
1105 4387 1480 4444 Christianos
1522 4389 1586 4444 in
1632 4403 1847 4445 manus
1884 4389 2076 4459 genti-

423 4473 569 4531 lium
600 4474 749 4547 (391)
792 4518 804 4532 .
850 4518 862 4533 .
909 4519 921 4532 .
969 4518 981 4531 .

420 4706 549 4779 haec
579 4711 813 4764 tantum
831 4708 1118 4779 leguntur
1142 4723 1166 4765 .'
1195 4749 1208 4765 .
1246 4748 1260 4763 .
1295 4750 1308 4764 .
1339 4707 1507 4764 rchio
1537 4746 1551 4765 .
1587 4748 1599 4765 .
1638 4749 1653 4765 .
1680 4708 1785 4766 ubi
1808 4710 1935 4766 Udo
1964 4753 1976 4767 .
2010 4751 2022 4766 .
2059 4752 2071 4767 .

2186 463 2416 531 bravit;
2448 464 2552 521 ubi
2578 464 2791 521 iisdem
2812 465 3024 521 diebus
3054 482 3281 538 magna
3300 465 3632 523 mortalitas
3686 467 3852 523 facta

2185 558 2274 609 est
2302 571 2313 621 ;
2340 554 2402 609 in
2431 570 2555 627 qua
2582 553 2873 611 Rabbodo
2923 555 3226 611 Palatinus
3271 572 3476 612 comes
3525 572 3665 613 cum
3714 556 3850 612 aliis

2184 642 2722 699 innumerabilibus
2760 644 3028 701 moritur.
3065 646 3419 704 Counradus
3450 646 3847 717 Trajectensis

2184 731 2501 804 episcopus
2529 735 2582 787 4.
2617 731 2763 787 feria
2807 730 3046 804 paschae
3099 746 3134 788 a
3182 734 3549 803 negotiatore
3603 734 3847 791 Fresico

2184 821 2497 877 crudeliter
2525 821 2830 877 occiditur.
2865 821 3148 878 Obierunt
3178 823 3464 896 episcopi,
3489 822 3848 880 Oudalricus

2184 910 2639 982 Eichstadensis,
2688 912 3082 967 Herimannus
3127 910 3515 983 Coloniensis,
3562 926 3676 985 pro
3719 929 3846 986 quo

2184 999 2511 1055 Fridericus
2541 1000 2934 1056 constituitur.
2970 1001 3242 1058 Urbanus
3268 1018 3433 1075 papa
3469 1003 3575 1075 qui
3604 1007 3663 1059 et
3713 1005 3846 1060 Otto

2182 1089 2363 1157 obiit;
2394 1091 2685 1146 Paschali
2710 1092 2989 1147 succedit.
3041 1090 3434 1148 Hierosolima
3477 1106 3514 1148 δ.
3561 1092 3845 1150 Christia-

2181 1178 2275 1233 nis
2305 1178 2553 1251 capitur.
2580 1177 2900 1236 Godefrido
2946 1179 3099 1235 duce
3142 1181 3468 1237 exercitum
3512 1183 3757 1253 regente
3788 1186 3845 1238 et

2180 1266 3839 1338 in(591')...............

2179 1357 2349 1412 milia
2403 1358 2757 1413 Maurorum
2801 1358 3170 1430 occiderunt,
3214 1364 3271 1415 et
3316 1360 3627 1416 thesauros
3685 1360 3842 1430 regis

2180 1446 2518 1502 Babilonite
2537 1454 2999 1517 occupaverunt.
3027 1446 3220 1503 Filius
3240 1449 3617 1518 imperatoris
3638 1449 3841 1519 Heyn-

2179 1536 2341 1590 ricus
2370 1536 2608 1591 levatur
2627 1537 2691 1590 in
2712 1552 2907 1606 regem
2930 1538 3079 1608 (392)
3102 1538 3494 1608 Aquisgrani,
3515 1538 3840 1594 Counrado

2180 1639 2318 1696 rege
2348 1639 2481 1680 eum
2506 1626 2761 1681 inimicis
2785 1628 2986 1695 patris
3005 1626 3126 1682 suis
3147 1625 3211 1683 in
3254 1627 3452 1684 Ytalia
3485 1629 3844 1685 consistente

2098 1732 2142 1785 Β
2181 1719 2235 1769 et
2265 1715 2680 1770 consentiente.

2255 1819 2409 1872 1100.
2442 1816 2567 1873 ind.
2600 1821 2651 1872 7.
2674 1815 2913 1891 Heimps
2938 1817 3109 1886 dura,
3142 1822 3198 1874 et
3223 1817 3412 1874 fames
3437 1830 3690 1890 magna.
3719 1820 3844 1877 Udo

2179 1906 2448 1963 marchio
2478 1910 2534 1962 et
2557 1905 2758 1979 plures
2784 1908 3112 1980 Saxonum,
3151 1906 3443 1965 barbaros
3473 1908 3582 1982 qui
3607 1914 3666 1966 et
3688 1910 3843 1966 Lint-

2180 1993 2275 2049 tici
2331 1999 2624 2073 vocantur
2668 1994 2905 2063 invasit,
2957 2000 3014 2051 et
3055 1996 3381 2053 honoriﬁce
3428 1998 3840 2071 triumphavit.

2178 2081 2385 2140 Athela
2409 2083 2720 2155 marchya,
2754 2086 3005 2140 Romam
3033 2100 3309 2157 pergens,
3337 2092 3576 2143 mortua
3605 2092 3715 2143 est.
3738 2090 3842 2144 Go-

2179 2170 2444 2227 defridus
2488 2171 2613 2227 dux
2651 2171 2798 2227 obiit
2845 2172 3012 2245 apud
3063 2173 3561 2247 Hierosolymam;
3603 2180 3663 2232 et
3720 2193 3843 2231 non

2182 2261 2355 2332 longe
2375 2276 2411 2317 a
2440 2266 2645 2317 sancto
2672 2260 2991 2331 sepulchro
3022 2262 3296 2319 conditus
3316 2267 3504 2335 jacet,
3539 2264 3644 2337 qui
3674 2280 3845 2321 exer-

2179 2349 2361 2405 citum
2393 2349 2861 2407 Christianorum
2890 2348 3137 2421 regebat
3163 2370 3176 2421 ;
3207 2368 3318 2425 pro
3347 2369 3469 2428 quo
3498 2352 3679 2409 frater
3709 2353 3841 2425 ejus

2179 2437 2564 2495 Baldewinus
2591 2436 2967 2496 constituitur
2992 2439 3161 2511 (393).

2254 2542 2411 2597 110l.
2452 2540 2575 2596 ind.
2605 2545 2658 2597 8.
2707 2545 3035 2613 Imperator
3079 2541 3343 2599 natalem
3391 2540 3630 2600 Domini
3677 2544 3839 2617 apud

2178 2628 2538 2700 Mogontiam
2569 2628 2907 2686 celebravit.
2943 2626 3052 2686 Ubi
3077 2630 3251 2688 multi
3272 2632 3578 2706 principes
3628 2649 3840 2690 conve-

2177 2723 2415 2788 nerunt,
2448 2722 2505 2774 et
2535 2715 2853 2774 consilium
2892 2718 3240 2792 imperatori
3263 2714 3578 2792 dederunt,
3607 2724 3675 2779 ut
3732 2725 3835 2778 Ro-

2178 2824 2343 2864 mam
2370 2805 2626 2863 mitteret
2652 2807 2894 2863 nuntios
2924 2812 3168 2882 propter
3196 2809 3487 2867 unitatem
3533 2806 3834 2877 eecclesire,

2178 2903 2237 2954 et
2263 2913 2489 2970 papam
2530 2896 2908 2953 constitueret
2947 2897 3282 2955 secundum
3330 2899 3685 2957 electionem
3740 2903 3838 2957 Ro-

2178 3002 2501 3043 manorum
2529 2990 2587 3042 et
2614 2986 2889 3042 omnium
2920 2983 3349 3045 ascelesiarum.
3374 2992 3587 3046 Comes
3618 2990 3835 3046 Heinri-

2100 3088 2142 3145 c
2180 3096 2285 3135 cus
2315 3077 2569 3149 gratiam
2598 3074 2973 3151 imperatoris
3003 3078 3341 3153 acquisivit,
3384 3085 3441 3137 et
3483 3081 3612 3154 ipse
3649 3081 3835 3156 impe-

2174 3168 2335 3221 rator
2364 3166 2720 3238 marchyam
2752 3168 3076 3224 Fresonum
3110 3166 3222 3225 sibi
3266 3168 3531 3226 tradidit.
3572 3168 3679 3235 Qui
3728 3174 3839 3226 sta.

2176 3253 2284 3309 tim
2311 3252 2450 3309 illuc
2480 3269 2737 3327 pergens
2768 3272 2907 3311 cum
2932 3272 3119 3313 uxore
3146 3272 3277 3328 sua,
3325 3256 3454 3331 ipse
3502 3256 3838 3314 interiectus

2176 3347 2282 3415 est,
2316 3346 2372 3398 et
2402 3342 2506 3399 illa
2536 3342 2633 3398 vix
2663 3343 2852 3400 evasit
2880 3345 3053 3417 (394).

2249 3447 2405 3499 1102.
2463 3444 2588 3500 ind.
2648 3448 2700 3501 9.
2761 3449 3089 3519 Imperator
3130 3446 3395 3504 natalem
3442 3444 3685 3504 Domini
3732 3450 3837 3505 ilo-

2175 3532 2395 3603 gontiae
2438 3532 2778 3601 celebravit,
2818 3534 2923 3590 ubi
2966 3535 3272 3593 Heinricus
3319 3552 3523 3594 comes
3574 3537 3653 3594 de
3696 3537 3842 3600 Lint.

2177 3620 2370 3677 burch
2401 3621 2545 3692 (395)
2575 3622 2701 3679 dux
2729 3623 2975 3680 effectus
3002 3629 3111 3683 est.

2254 3729 2410 3781 1103.
2438 3725 2562 3780 ind.
2619 3730 2704 3781 10.
2756 3730 3084 3799 Imperator
3138 3729 3401 3787 natalem
3441 3729 3670 3786 Domini
3714 3732 3837 3786 Mo-

2178 3812 2376 3884 gontie
2402 3813 2740 3883 celebravit,
2765 3814 2870 3871 ubi
2899 3815 3199 3890 principes
3227 3822 3659 3875 convenerunt.
3692 3820 3761 3874 Et
3780 3818 3841 3874 in

2178 3903 2525 3976 epyphania
2549 3904 2785 3960 Domini
2808 3905 3179 3963 Emehardus
3200 3907 3713 3978 Wirceburgensis
3729 3907 3845 3981 epi-

2181 4007 2403 4065 scopus
2430 3992 2591 4064 apud
2625 3997 2903 4050 sanctum
2932 3995 3248 4053 Martinum
3276 3996 3529 4054 missam
3561 3998 3840 4065 cantavit;

2181 4087 2239 4139 et
2266 4082 2417 4139 inter
2440 4083 2764 4140 missarum
2806 4084 3186 4160 sollempnia,
3234 4088 3483 4161 quando
3524 4088 3844 4161 episcopus

2182 4172 2477 4245 populum
2514 4174 2824 4242 monebat,
2869 4174 3198 4248 imperator
3234 4177 3410 4249 quasi
3451 4177 3632 4234 corde
3683 4190 3844 4235 com-

2182 4265 2443 4335 punctus
2474 4265 2592 4319 Deo
2629 4263 3017 4335 promittebat
3052 4282 3165 4339 pro
3198 4265 3431 4324 delictis
3474 4267 3602 4323 suis
3648 4268 3847 4325 Hiao-

2186 4350 2487 4423 solymam
2509 4366 2779 4424 pergere,
2809 4352 3015 4427 sicque
3056 4354 3377 4429 optimates
3394 4356 3565 4427 regni
3593 4355 3850 4431 decipie-

2105 4439 2148 4493 D
2186 4439 2314 4497 bat.
2345 4443 2617 4513 Cumque
2635 4441 2937 4516 principes
2961 4443 3043 4502 ad
3066 4444 3199 4517 ejus
3218 4444 3453 4503 curiam
3471 4460 3616 4520 sepe
3637 4461 3851 4505 convo-

2256 4717 2494 4798 (390)_E.
2515 4720 2580 4798 et
2607 4733 2661 4774 a.
2691 4733 2742 4774 c.
2776 4734 2852 4798 ea;
2873 4720 3200 4779 Annaliun
3228 4722 3475 4781 Sanane
3495 4726 3757 4798 accepi;
3788 4725 3845 4781 in

418 4794 462 4834 ιι
490 4777 573 4833 ob
614 4822 627 4835 .
672 4822 686 4836 .
730 4822 747 4861 ._
777 4777 923 4861 [tt—'—
952 4780 1169 4861 Manus
1199 4781 1796 4861 saeguliﬂXVpodici
1826 4784 2077 4861 inseruit
2182 4777 2525 4861 codiceflegi
2546 4796 2869 4861 nequeunt.

419 4864 555 4922 quae
580 4851 747 4922 apud
766 4851 1088 4908 Chesnium
1108 4857 1162 4907 et
1188 4851 1543 4922 Leibnitium
1567 4852 1865 4909 habentur
1892 4869 1915 4910 .'
1934 4857 2078 4911 Mar-

421 4920 556 4976 ehio
585 4920 659 4977 de
681 4922 1131 4998 iBrandenburg
1162 4921 1519 4998 Hildenseim
1552 4922 1784 4980 obsedit
1835 4928 1892 4981 et
1920 4925 2076 4998 epis-

421 5006 643 5065 copum
676 4995 943 5051 Udonem
969 4995 1031 5050 in
1062 5009 1133 5067 ea
1165 4995 1337 5067 cepit.

494 5068 638 5137 (386)
668 5067 764 5122 Ita
790 5066 1221 5123 restituendum
1236 5066 1365 5122 esse
1393 5066 1650 5134 videtur,
1682 5071 1748 5121 ut
1768 5068 1832 5123 in
1852 5068 2079 5125 Ekker—

423 5132 605 5211 hardi
623 5132 913 5194 'chronico
940 5143 1209 5211 utroque,
1241 5132 1653 5211 Annalistaet
1698 5137 2078 5211 Chronogra-

412 5203 541 5279 pho
560 5204 797 5263 Saxone
829 5210 1067 5279 tegitur.
1086 5203 1365 5279 "Vestigia
1394 5209 1457 5279 in
1487 5208 1684 5265 codice
1712 5217 1902 5267 sunt:
1939 5203 1962 5265 ἷ
2002 5253 2014 5265 .
2062 5252 2074 5267 .

423 5276 1469 5337 ει...ο..ζωι11ῐ;ε.’..ὶι.

518 5347 638 5420 387)
672 5347 992 5407 Pcstilestia
1021 5351 1150 5407 cod.

519 5419 640 5493 388)
671 5423 757 5478 XII
783 5423 875 5478 vel
896 5424 1099 5492 potius
1123 5422 1208 5479 XV
1226 5422 1257 5478 ?
1286 5421 1414 5479 cod.

521 5496 646 5568 389)
674 5492 733 5547 C.
767 5509 916 5568 vnn.
951 5495 1013 5568 I).
1048 5496 1207 5568 utex
1236 5496 1584 5568 conjectura
1614 5495 1868 5568 restitui,
1896 5511 2076 5568 quum

2254 4859 2398 4939 (39.1)
2433 4859 2786 4930 Supplenda
2808 4863 3086 4939 videntur
3112 4880 3135 4921 .'
3161 4864 3695 4939 bellumqueginire
3716 4882 3850 4939 cum

2182 4930 2454 5007 hostibus
2483 4937 2831 5004 proponunt
2858 4945 2913 4991 et
2938 4934 3173 5007 reliqua
3201 4952 3333 5007 qua
3361 4930 3527 5007 apud
3559 4938 3852 4996 Annalis-

2186 4953 2454 4987 nosunus
2484 4953 2831 5004 proponunt
2858 4953 2913 4991 et
2938 4953 3173 5006 reliqua
3243 4953 3333 4993 uae
3361 4953 3524 5007 apua
3559 4953 3848 4996 Annam-

2186 5004 2651 5129 taq‘muf’axonem
2699 5020 2887 5077 usque
2939 5010 2996 5062 et
3043 4953 3464 5065 benegicentes
3512 5011 3714 5067 Deum
3774 5011 3848 5066 le-

2226 5089 2434 5130 untur.

2586 5147 2703 5203 Hic
2725 5150 3083 5225 -complures
3142 5150 3315 5225 linea.-
3363 5150 3483 5221 legi
3523 5157 3848 5225 nequeunt.

2188 5217 2283 5286 Cf.
2312 5217 2858 5288 Chronographum
2881 5217 2943 5276 et
2971 5220 3200 5277 Annal.
3234 5217 3557 5278 Samonem.

2280 5287 2401 5358 392)
2427 5291 2493 5361 In
2508 5287 2571 5361 r.’
2596 5287 2853 5361 restitui,
2882 5292 3045 5361 locus
3076 5297 3270 5349 vacat.

2201 5359 2587 5486 ῖαξὲθὲἓαίἕῗῖιᾶν
2615 5360 2754 5417 inde
2782 5359 2984 5419 eadem
3007 5362 3244 5435 quidem
3269 5379 3507 5434 manus,
3536 5366 3649 5422 sed
3658 5366 3850 5437 paulo

2174 5442 2307 5497 3am
2339 5442 2592 5488 mutata.

2256 5499 3850 5571 (394).......chusabbas.........in

420 5566 742 5642 scripturw
758 5565 1026 5642 reliquiae
1040 5566 1122 5642 ad
1143 5566 1299 5642 hanc
1314 5565 1665 5642 Eikkehardi
1676 5565 2077 5642 potius‘quam
2183 5565 2477 5642 margine.

423 5628 508 5694 ad
534 5628 999 5707 Chronographi
1038 5635 1297 5693 Saxonis
1348 5628 2073 5698 lectionem-accederent.

2257 5643 2402 5709 (395)
2431 5643 2734 5715 Limburg.
