4004 6178
195 192 289 254 589
919 193 1004 247 ΕΤ
1043 188 1387 249 ΙΑΠΒΕΗΤΙ
1424 186 1993 247 ASCHAFNABURG.
2034 183 2223 239 PARS
2265 184 2564 245 ALTERA
2601 193 2702 250 GEl

1991 229 1993 240 .
2034 183 2223 239 PARS
2265 184 2564 245 ALTERA
2601 193 2918 251 GENUINA.

3532 206 3635 259 590

1153 317 1473 373 ANNALES
1512 310 2159 372 HILDESHEIMENSES
2199 311 2275 363 Α.
2336 312 2702 372 1104-1105.

187 415 397 480 nirent,
430 413 580 470 nihil
608 413 685 469 de
714 424 782 468 re
810 411 1059 486 publica
1088 414 1373 485 agebant,
1428 419 1637 487 praeter
1694 414 1859 486 quod
1897 419 1941 470 Α
1972 406 2282 471 aacclesiae,
2322 422 2465 480 quae
2516 428 2620 484 per
2666 415 3082 485 negligentiam
3140 416 3325 488 patris
3381 416 3474 472 sui
3529 417 3633 474 de-

184 518 292 562 sua
318 505 400 561 ibi
427 507 936 561 consummarent
964 521 976 572 ;
1009 509 1328 577 propterea
1359 521 1562 561 secum
1591 504 1730 561 ﬁcta
1746 503 1863 559 ﬁde

184 594 602 663 versabantur,
633 598 692 651 et
714 593 1012 650 adversus
1042 609 1185 649 eum
1238 594 1683 667 conspirabant.
1743 594 1861 651 Sic-

184 698 298 760 que
326 700 546 742 omnes
571 684 747 755 regni
768 683 1076 757 principes
1107 682 1466 757 decipiebat,
1496 689 1562 740 ut
1591 683 1736 739 nihil
1778 698 1865 738 re-

185 792 313 833 rum
344 773 612 832 veritatis
643 775 706 830 in
736 788 802 830 re
834 772 1083 847 publica
1113 778 1335 844 ageret,
1364 774 1478 829 nisi
1533 774 1695 847 quod
1740 773 1865 829 suis

183 864 559 939 temporibus
592 868 815 921 cuncta
842 863 1217 920 vilescerent.
1252 863 1440 921 Multae
1471 863 1651 919 urbes
1675 866 1732 919 et
1760 879 1865 935 op-

182 955 326 1029 pida
354 956 487 1026 ejus
513 954 677 1011 bello
716 958 862 1010 sunt
890 954 1211 1009 destructa:
1243 957 1300 1008 et
1328 953 1733 1009 (ecclesiarum
1763 952 1867 1008 Dei

184 1048 308 1102 erat
334 1051 563 1119 raptor,
594 1044 822 1101 scilicet
853 1058 1039 1100 causa
1066 1043 1493 1099 reconciliandi
1540 1043 1861 1116 principes,

180 1134 425 1192 illarum
453 1134 688 1207 praedia
716 1133 1159 1190 distribuendo.
1190 1132 1347 1199 Quid
1389 1132 1580 1188 multa
1608 1134 1636 1188 ?
1682 1148 1864 1188 nemo

183 1238 480 1296 umquam
506 1222 653 1278 talia
705 1220 770 1277 in
824 1221 1091 1293 antiquis
1142 1220 1552 1277 voluminibus
1604 1220 1866 1294 repperit

188 1312 432 1384 scripta,
460 1310 671 1384 qualia
704 1310 977 1367 inaudita
1004 1314 1380 1383 perpetraret
1436 1310 1704 1366 facinora
1737 1329 1750 1377 ;
1809 1314 1867 1366 et

184 1401 297 1457 nisi
324 1400 482 1456 mira
510 1399 611 1455 Dei
640 1399 966 1455 clementia
984 1415 1129 1455 eum
1161 1398 1452 1465 sufferret,
1485 1404 1542 1454 et
1572 1399 1649 1454 ad
1677 1399 1869 1472 paeni-

186 1492 431 1548 tentiam
452 1488 809 1561 distulisset,
826 1494 985 1547 terra
1010 1504 1152 1546 eum
1176 1488 1397 1557 vivum,
1424 1490 1576 1546 sicut
1607 1492 1863 1558 Dathan,

188 1579 623 1637 absorbuisset.

1973 496 2216 553 turbata
2276 503 2375 553 est
2425 500 2609 557 multo
2661 507 2939 574 tempore.
3000 508 3128 560 Mox
3178 510 3242 562 ut
3293 504 3633 578 apostolicae

1973 578 2428 639 consolacionis
2502 586 2682 643 verba
2762 588 3023 659 percepit
3094 593 3151 645 et
3216 589 3402 647 banni
3482 589 3634 646 sola-

1972 672 2199 729 tionem
2229 670 2385 745 (397)
2415 690 2449 729 a
2479 675 2759 747 praedicto
2781 676 3081 749 episcopo,
3109 678 3438 747 castellum,
3466 677 3635 751 quod

1970 765 2224 818 vocatur
2253 763 2652 835 Nuorenbere,
2685 765 2920 820 obsedit
2948 770 3005 821 et
3035 782 3159 821 suae
3197 766 3405 822 ditioni
3463 767 3635 823 sube-

1972 853 2073 923 git.
2134 856 2207 907 At
2238 857 2426 924 pater,
2455 872 2633 911 mane
2690 858 2998 928 comperto
3050 871 3113 910 se
3155 855 3458 927 privatum
3487 856 3629 923 ﬁlio,

1974 943 2159 1001 nimio
2233 943 2438 1001 dolore
2500 945 2942 1015 constringitur,
2997 950 3053 1000 et
3106 945 3413 1016 Mogontiae
3471 950 3637 1001 nata-

1972 1033 2091 1089 lem
2122 1034 2357 1090 Domini
2386 1035 2791 1091 celebraturus
2818 1035 3143 1091 revertitur.
3178 1034 3335 1092 Obiit
3379 1037 3638 1091 Joannes

1976 1121 2270 1195 Spirensis
2297 1122 2634 1195 episcopus.

2049 1216 2182 1266 “()5
2214 1214 2342 1269 Rea:
2367 1214 2515 1284 (398)
2548 1213 2917 1269 Halverstad
2943 1214 3123 1283 venit,
3184 1219 3240 1269 et
3293 1214 3634 1283 canonicos,

1972 1316 2117 1372 quos
2143 1303 2490 1358 Fridericus
2523 1304 2827 1372 epis-copas
2856 1303 3080 1371 injuste
3108 1304 3451 1372 expulerat,
3496 1304 3639 1359 locis

1973 1396 2029 1446 et
2060 1392 2233 1447 rebus
2263 1394 2384 1447 suis
2410 1394 2721 1461 restituit;
2771 1393 3068 1463 ceterique
3107 1407 3385 1448 canonici
3443 1392 3640 1447 banno

1972 1480 2314 1544 solvuntur,
2349 1496 2413 1536 eo
2444 1482 2605 1551 quod
2636 1481 2790 1550 regis
2819 1480 3096 1535 Heinrici
3146 1479 3643 1536 anathematizati

1974 1567 2245 1636 episcopo
2310 1573 2753 1624 consenserant.
2824 1567 2971 1622 [nde
3046 1582 3156 1623 rex
3218 1567 3372 1623 adiit
3434 1567 3642 1623 Hilde-

1974 1656 2256 1712 ncsheim.
2292 1658 2560 1728 Cumque
2590 1658 2727 1712 urbi
2748 1658 3286 1727 appropinquaret,
3348 1657 3472 1713 Udo
3526 1658 3644 1727 epi-

263 1742 421 1831 Htli.
452 1738 577 1831 ind.
612 1742 645 1792 9
676 1738 848 1831 (393).
880 1740 1018 1831 Erat
1054 1736 1149 1831 in_
1179 1736 1549 1831 Badisbonar
1577 1739 1651 1831 in;
1682 1739 1867 1831 natali
1906 1778 1947 1831 Β
1979 1760 2188 1814 scopas
2219 1762 2350 1803 cum
2378 1748 2591 1815 paucis
2622 1747 2789 1802 abiit.
2820 1747 3116 1802 Canonici
3152 1746 3348 1801 banno
3404 1748 3644 1802 solvun-

190 1829 427 1887 Domini
454 1827 836 1901 imperatoris
869 1826 1055 1893 curia,
1090 1826 1195 1882 ubi
1239 1843 1443 1882 comes
1498 1828 1867 1905 Sigehardus
1906 1826 1941 1831 ⁷
1981 1839 2128 1903 tur;
2179 1836 2449 1891 ordinati
2475 1837 2627 1891 sicut
2657 1840 2711 1891 et
2757 1836 3075 1891 ordinator
3130 1835 3206 1889 ab
3259 1835 3458 1905 ofﬁcio
3513 1851 3643 1891 sus-

184 1918 502 1993 quoddam
512 1916 814 1989 judicium
830 1931 1013 1989 super
1033 1916 1276 1972 clientes
1298 1917 1517 1987 injuste
1530 1902 1826 1989 judicavit
1850 1936 1864 1986 ;

184 2022 266 2064 ex
286 2023 413 2081 qua
439 2023 630 2063 causa
662 2005 743 2062 ab
772 2005 857 2061 eis
880 2009 972 2061 est
992 2005 1248 2061 occisus.
1284 2006 1448 2061 Unde
1468 2011 1600 2063 orta
1629 2011 1718 2063 est
1741 2022 1868 2063 ma-

193 2099 362 2153 xima
386 2097 724 2171 persecutio
754 2095 1102 2169 imperatori
1132 2111 1168 2150 a
1197 2095 1467 2164 cognatis
1511 2096 1671 2152 illius
1720 2102 1777 2152 et
1827 2112 1865 2152 a

192 2190 420 2245 cunctis
447 2186 826 2261 principibus
852 2186 1025 2256 regni
1055 2204 1069 2254 ;
1102 2186 1245 2257 quia
1286 2186 1336 2240 si
1390 2186 1568 2243 vellet
1616 2188 1670 2244 ei
1729 2186 1870 2243 sub-

188 2277 416 2345 venire,
443 2291 840 2350 nequaquam
869 2280 1028 2331 esset
1052 2274 1413 2331 interfectus.
1444 2279 1595 2332 Cum
1616 2293 1759 2333 vero
1787 2275 1869 2331 ob

190 2368 254 2424 id
285 2367 505 2423 factum
533 2382 661 2444 non
686 2380 917 2439 paucos
949 2364 1173 2420 habere
1205 2364 1866 2433 sentiretadversarios,

190 2456 667 2529 circumquaque
698 2455 778 2510 ab
803 2453 1040 2509 insidiis
1070 2468 1283 2509 eorum
1312 2452 1595 2524 vallatus,
1657 2460 1869 2528 aptum

190 2545 490 2602 evadendi
509 2544 692 2618 coepit
742 2543 1044 2616 inquirere
1076 2542 1297 2598 locum.
1332 2543 1600 2599 Tandem
1638 2545 1869 2600 disces-

192 2633 291 2704 sit,
320 2638 379 2690 et
406 2638 470 2689 ut
494 2637 772 2689 sanctum
803 2631 1037 2705 pascha
1068 2630 1398 2686 celebraret
1419 2647 1561 2686 cum
1589 2633 1712 2688 suis
1752 2635 1871 2689 Mo-

193 2723 521 2794 gontiacus)
571 2722 753 2779 venit.
817 2724 1035 2778 Sancto
1090 2719 1269 2789 igitur
1326 2720 1560 2791 pascha
1602 2721 1751 2778 inibi
1778 2738 1871 2777 so-

190 2813 512 2886 lempniter
578 2815 843 2886 peracto.
909 2810 1197 2865 Leodium
1254 2809 1433 2864 venit.
1491 2812 1623 2875 Quo
1667 2812 1871 2867 venire

194 2902 535 2958 debuerunt
592 2916 800 2957 comes
858 2899 1255 2955 Herimannus
1286 2901 1343 2953 et
1367 2900 1875 2971 Magedeburgen-

192 2992 282 3047 sis
298 2991 566 3047 ecclesiae
598 2989 959 3063 praepositus
1004 2987 1306 3043 vacabulo
1372 2990 1727 3059 Hartwigus,
1779 3006 1876 3046 co-

196 3081 357 3138 mitis
382 3080 718 3151 Eggelberti
767 3079 947 3145 ﬁlius,
1008 3078 1330 3150 episcopus
1379 3077 1463 3132 ibi
1512 3080 1875 3136 constituen-

196 3170 335 3226 dus.
392 3173 665 3242 Cumque
724 3167 904 3223 simul
957 3168 1020 3223 in
1074 3167 1170 3222 via
1226 3169 1428 3221 essent
1474 3166 1700 3235 directi,
1760 3167 1873 3240 ipsi

198 3273 434 3330 suaque
486 3257 694 3313 omnia
748 3273 785 3312 a
838 3254 1165 3311 Teodorico
1224 3253 1441 3311 comite
1493 3254 1568 3310 de
1612 3256 1871 3313 Saxonia

200 3351 343 3402 sunt
365 3345 702 3418 captivitate
730 3342 974 3417 detenti,
1014 3346 1075 3397 et
1120 3357 1197 3398 ne
1250 3341 1328 3396 ad
1382 3342 1615 3399 curiam
1668 3361 1876 3416 perve-

197 3436 399 3492 nirent
427 3433 722 3507 impediti.
756 3432 917 3488 Talia
946 3436 1151 3487 autem
1180 3431 1259 3486 ab
1291 3430 1651 3503 imperatore
1708 3450 1875 3489 com-

199 3529 392 3598 perta,
421 3522 603 3579 nimis
628 3521 1000 3594 indignatus,
1048 3521 1205 3576 circa
1260 3520 1483 3576 festum
1531 3523 1719 3579 sancti
1767 3526 1879 3577 An-

201 3613 360 3669 dreae
382 3614 752 3683 congregato
783 3609 1046 3666 exercitu
1088 3613 1146 3664 et
1197 3608 1321 3664 ﬁlio
1377 3624 1485 3665 suo
1535 3610 1874 3677 comitante,

200 3702 366 3759 venit
390 3717 585 3774 usque
618 3698 971 3766 Fridislare;
1004 3713 1150 3755 nam
1179 3697 1399 3754 abinde
1425 3698 1632 3755 debuit
1671 3699 1730 3754 in
1778 3701 1878 3755 Sa-

202 3792 452 3848 xoniam
476 3804 747 3862 pergere.
786 3788 870 3844 lbi
898 3792 1073 3844 nocte
1096 3787 1365 3860 quadam
1394 3785 1552 3842 ﬁlius
1577 3787 1878 3860 quosdam

202 3879 278 3936 de
297 3879 488 3952 patris
515 3878 612 3935 sui
641 3876 1059 3945 familiaribus,
1089 3877 1524 3932 Herimannum
1557 3875 1777 3931 scilicet
1822 3879 1881 3931 et

202 3969 357 4026 alios
411 3983 756 4037 assumens,
810 3966 976 4039 quod
1025 3970 1113 4022 est
1162 3970 1194 4021 2
1253 3965 1334 4021 ld.
1384 3964 1690 4020 Decembr.
1723 3964 1878 4020 clam

201 4058 518 4125 abscessit,
542 4061 601 4113 et
639 4056 979 4127 Bajoariam
1032 4056 1118 4111 ire
1177 4054 1499 4112 contendit.
1560 4056 1877 4125 Comperto

200 4148 387 4218 igitur
413 4145 671 4202 discidio
700 4145 805 4201 ﬁlii
834 4161 870 4201 a
899 4148 1066 4217 patre
1097 4142 1474 4215 aThiepaldo
1500 4142 1871 4210 marchione,

202 4252 397 4310 supra
424 4235 726 4291 nominati
781 4233 1013 4290 comitis
1073 4231 1383 4305 Sigehardi
1433 4235 1671 4304 nepote,
1732 4246 1879 4300 gau-

202 4325 361 4382 dens
411 4340 511 4380 cur
608 4323 828 4380 iunctis
854 4322 1113 4392 regionis
1154 4322 1312 4379 illius
1364 4320 1721 4393 primatibus
1778 4320 1882 4376 ob-

202 4415 375 4471 viam
427 4413 612 4485 venit,
669 4417 727 4469 et
784 4411 1108 4469 honoriﬁce
1184 4410 1471 4483 suscepit,
1554 4411 1880 4483 optimum-

1977 1926 2344 1992 penduntur.
2374 1928 2519 1981 Post
2550 1941 2686 1981 vero
2711 1928 3020 1996 episcopus
3046 1926 3474 1981 canonicorum
3504 1942 3643 1981 con-

1977 2013 2111 2069 silio
2139 2021 2451 2071 revocatus
2499 2015 2697 2083 rediit,
2730 2020 2784 2070 et
2844 2015 3042 2070 banno
3099 2014 3331 2069 solutus
3380 2015 3646 2085 gratiam

1979 2105 2134 2172 regis
2196 2105 2475 2173 optinuit.
2536 2105 2625 2159 Eo
2669 2146 2680 2159 .
2728 2149 2739 2161 .
2788 2148 2799 2160 .
2845 2146 2857 2159 .
2904 2146 2916 2158 .
2977 2104 3352 2171 Northuson,
3424 2107 3649 2174 juvene

1979 2207 2117 2263 rege
2130 2194 2514 2263 prwsidente,
2542 2194 2888 2250 Rat/tardus
2938 2194 3321 2263 Mogontmus
3353 2193 3649 2263 archiepi-

1980 2296 2211 2353 scopus,
2270 2288 2324 2338 et
2376 2281 2753 2338 Givehardus
2813 2283 3287 2338 Constantiensis
3339 2283 3648 2351 episcopus

1980 2386 2006 2425 s
2052 2412 2064 2425 .
2115 2413 2127 2425 .
2174 2414 2186 2426 .
2233 2414 2245 2426 .
2293 2415 2305 2427 .
2352 2413 2364 2425 .
2411 2413 2423 2425 .
2471 2413 2483 2425 .
2525 2374 2731 2427 multis
2759 2372 3042 2441 capitulis
3096 2372 3381 2440 recitatis,
3449 2386 3648 2442 syma-

1977 2461 2184 2516 niacos
2213 2476 2251 2516 a
2279 2466 2491 2517 sancta
2519 2463 2787 2518 cecclesia
2814 2460 3210 2517 etiminandos
3242 2476 3362 2516 esse
3411 2475 3649 2517 censue-
3734 2496 3737 2499 ν

1981 2551 2148 2601 runt.
2178 2546 2490 2615 Jejunium
2529 2550 2791 2614 quatuor
2842 2550 3171 2613 temporum
3216 2588 3227 2600 .
3274 2586 3287 2599 .
3334 2586 3345 2597 .
3392 2586 3405 2598 .
3451 2587 3464 2599 .
3511 2587 3524 2599 .
3571 2586 3584 2598 .
3632 2585 3645 2597 .

1985 2632 3205 2705 ..............Statimpost
3256 2631 3649 2704 epiphaniam

1980 2720 2212 2790 legatos
2243 2721 2459 2777 direxit
2480 2722 2624 2794 (399)
2661 2722 3009 2788 Bawariam,
3045 2720 3458 2778 Coloniensem
3488 2719 3650 2775 vide-

1978 2808 2118 2866 licet
2145 2816 2201 2867 et
2224 2815 2646 2867 Treverensem
2676 2810 3179 2884 archiepiscopos,
3208 2813 3265 2865 et
3293 2808 3509 2864 ducem
3538 2806 3651 2862 Fri-

1981 2900 2275 2974 dericum,
2308 2906 2364 2957 et
2392 2900 2676 2957 Erlolfum
2706 2901 3151 2968 cancellarium,
3185 2900 3236 2955 si
3284 2916 3407 2972 quo
3461 2896 3648 2955 modo

1981 2997 2230 3062 possent
2256 2992 2640 3048 reconciliare
2672 3009 2830 3047 eum.
2868 2991 3041 3047 Filius
3072 3006 3213 3046 vero
3250 2988 3647 3063 respondens,

1982 3079 2221 3152 fatetur,
2256 3081 2419 3136 nulla
2441 3081 2669 3137 ratione
2699 3081 2752 3137 ei
2782 3078 3230 3137 communicare
3283 3094 3481 3152 posse,
3533 3073 3651 3133 nisi

1981 3169 2149 3241 prius
2195 3175 2551 3243 purgaretur
2598 3169 3235 3226 excommunicationis
3290 3184 3471 3236 noxa,
3527 3180 3654 3239 qua

1982 3258 2089 3313 diu
2113 3260 2427 3315 tenebatur
2477 3260 2633 3315 sedis
2681 3258 3025 3332 apostolicae
3080 3273 3352 3314 censura.
3408 3252 3651 3312 Nunciis

1982 3364 2126 3404 vero
2155 3349 2427 3418 reversis,
2455 3350 2563 3405 iter
2589 3366 2768 3405 suum
2796 3348 2985 3404 multa
3031 3347 3353 3425 comitante
3411 3348 3655 3400 caterva

1984 3436 2584 3508 direxit'l‘uringiam,
2619 3438 2697 3494 ad
2730 3438 2933 3493 locum
2977 3436 3082 3510 qui
3123 3437 3339 3493 dicitur
3392 3432 3652 3505 Erphes-

1985 3525 2123 3595 furt,
2154 3526 2259 3581 ubi
2299 3527 2577 3583 decenter
2632 3544 2668 3583 a
2727 3526 3035 3582 Ruthardo
3084 3525 3442 3597 Mogontinaa
3498 3521 3655 3578 sedis

1986 3614 2440 3688 archiepiscopo
2464 3616 2805 3689 suscipitur,
2836 3621 2895 3672 et
2946 3615 3173 3671 ibidem
3202 3615 3364 3671 diem
3420 3611 3656 3685 palma-

1983 3719 2142 3772 rum,
2198 3710 2253 3760 et
2312 3710 2588 3761 sanctum
2640 3706 2870 3777 pascha
2920 3704 2983 3760 in
3016 3703 3460 3769 Quidelenburc
3489 3701 3654 3758 caele-

1986 3790 2198 3847 bravit.
2238 3796 2315 3848 Eo
2349 3794 2651 3866 siquidem
2706 3799 2971 3865 tempore
3023 3792 3266 3848 advenit
3310 3790 3657 3864 patriarcha

1986 3879 2061 3934 de
2091 3880 2379 3952 Aquileia,
2412 3898 2515 3937 eos
2544 3882 2593 3936 si
2622 3882 2750 3937 ﬁeri
2798 3884 3003 3953 posset
3056 3878 3477 3952 complacandi
3522 3894 3655 3948 gra-

1988 3967 2087 4037 tia,
2116 3968 2342 4035 dicens,
2372 3985 2497 4023 non
2527 3969 2749 4025 audere
2781 3968 2894 4023 sibi
2925 3967 3398 4034 communicare,
3447 3964 3567 4020 nisi
3591 3981 3653 4021 se

1985 4057 2162 4113 vellet
2191 4061 2309 4113 Deo
2335 4074 2506 4113 reum
2538 4072 2986 4127 recognoscere,
3014 4061 3071 4113 et
3094 4057 3260 4112 omni
3302 4070 3492 4126 regno
3548 4055 3657 4110 liu-

1987 4145 2237 4215 miliare,
2274 4145 2525 4218 insuper
2550 4149 2606 4201 et
2628 4148 2913 4202 Romanae
2942 4144 3069 4200 sedi
3094 4145 3157 4200 in
3187 4143 3472 4201 omnibus
3516 4142 3656 4199 obe-

1988 4234 2133 4290 dire.
2162 4233 2432 4289 Timebat
2460 4233 2641 4304 enim,
2666 4250 2741 4290 ne
2772 4238 2829 4290 et
2852 4234 3058 4305 ipsum
3095 4233 3224 4305 ejus
3281 4232 3491 4290 astutis
3540 4247 3659 4289 ser-

1988 4322 2272 4379 monibus
2296 4322 2614 4395 deciperet,
2649 4323 2820 4379 sicuti
2851 4326 3079 4378 ceteros
3109 4327 3288 4379 antea
3334 4336 3493 4394 saepe
3550 4321 3656 4378 de-

1988 4413 2149 4469 lucit.
2184 4412 2346 4469 Idem
2379 4412 2722 4485 patriarcha
2747 4417 3021 4470 sanctum
3069 4414 3297 4487 pascha
3351 4411 3656 4481 Mogontiae

201 4520 331 4577 que
355 4503 530 4559 duxit
580 4506 645 4558 ut
680 4500 946 4558 natalem
1013 4502 1249 4558 Domini
1323 4500 1662 4573 Radispone
1720 4499 1873 4556 cele-
1914 4485 1957 4539 D
1996 4502 2339 4573 celebravit,
2371 4507 2428 4558 et
2454 4507 2589 4574 post
2615 4504 2862 4575 pascha,
2895 4485 3251 4558 muneribus
3284 4501 3363 4558 ab
3407 4516 3478 4554 eo
3534 4516 3658 4555 sus-

203 4594 478 4650 brarent.
537 4595 673 4649 Post
696 4592 957 4649 natalem
999 4607 1142 4648 vero
1198 4591 1436 4648 Domini
1464 4591 1717 4647 nuncios
1771 4593 1879 4646 Ro-

1988 4592 2191 4665 ceptis,
2228 4592 2307 4648 ad
2338 4591 2584 4664 propria
2613 4592 2920 4648 remeavit.
2955 4595 3090 4648 Post
3119 4591 3346 4663 pascha
3393 4603 3532 4643 vero
3584 4586 3656 4641 ﬁ-

203 4697 383 4740 mam
421 4681 655 4751 direxit,
713 4696 972 4755 querens
1031 4681 1347 4737 consilium
1410 4681 1489 4737 ab
1548 4679 1877 4753 apostolico
1982 4680 2097 4738 lius
2129 4681 2367 4737 Goslare
2398 4680 2577 4748 venit,
2602 4684 2659 4736 et
2684 4680 2765 4736 ibi
2797 4680 3075 4749 generale
3109 4674 3478 4750 colloquium
3517 4690 3657 4730 cum

204 4776 459 4846 propter
483 4772 915 4843 juramentum,
947 4770 1113 4843 quod
1141 4770 1299 4843 patri
1321 4770 1647 4841 juraverat,
1697 4785 1877 4825 num-

204 4877 405 4935 quam
467 4876 528 4917 se
580 4875 837 4931 regnum
884 4859 1011 4915 sine
1053 4860 1183 4931 ejus
1241 4860 1477 4916 licentia
1495 4863 1553 4915 et
1581 4874 1881 4916 consensu

205 4950 591 5007 invasurum.
652 4949 1028 5022 Apostolicus
1078 4953 1281 5006 autem
1338 4954 1402 5005 ut
1450 4949 1675 5005 audivit
1729 4948 1880 5005 inter

205 5046 454 5114 patrem
483 5044 541 5096 et
566 5039 759 5096 ﬁlium
791 5038 1131 5107 discidium,
1193 5055 1442 5111 sperans
1486 5040 1613 5094 haec
1672 5055 1708 5095 a
1760 5041 1879 5094 Deo

207 5130 504 5197 evenisse,
533 5128 847 5186 mandavit
876 5128 929 5184 ei
958 5128 1353 5201 apostolicam
1393 5127 1879 5184 benedictionem

206 5234 328 5294 per
357 5219 777 5277 Gebehardum
837 5218 1351 5276 Constantiensem
1376 5218 1752 5291 episcopum,
1804 5217 1880 5274 de

210 5307 323 5364 tali
373 5306 698 5364 commisso
745 5306 858 5361 sibi
902 5305 1254 5377 promittens
1311 5305 1758 5362 absolutionem
1819 5305 1882 5361 in

207 5396 447 5469 judicio
476 5396 695 5465 futuro,
717 5395 767 5451 si
795 5394 969 5450 vellet
992 5395 1189 5465 justus
1210 5412 1334 5466 rex,
1365 5395 1729 5465 gubernator
1749 5411 1881 5452 esse

291 5504 438 5719 $96)
474 5506 545 5561 In
573 5505 845 5630 mayine
873 5504 1081 5573 aliqua
1109 5503 1253 5559 olim
1282 5502 1650 5574 legebantur.

317 5578 448 5719 397;
479 5578 575 5632 Ita
606 5592 671 5632 co
717 5590 811 5658 eat.
1146 5646 1156 5656 .

314 5650 423 5705 398
487 5648 611 5705 V0.2:
639 5647 811 5704 hodie
840 5645 1005 5703 haud
1037 5645 1276 5715 legitur.

317 5578 448 5633 397i
479 5578 515 5632 Ι
514 5581 575 5632 ta
606 5578 811 5632 codex.

317 5582 422 5633 397
479 5578 575 5632 Ita
606 5578 811 5632 codex.

314 5578 448 5721 398;
487 5648 611 5705 V0.2:
639 5647 811 5704 hodie
840 5645 1005 5703 haud
1037 5645 1276 5715 legitur.

1988 4771 2256 4829 Saxoniae
2283 4770 2655 4844 principibus
2686 4768 2919 4839 habuit,
2948 4766 3204 4841 qualiter
3230 4764 3331 4821 Dei
3354 4761 3453 4833 adj
3464 4762 3656 4819 utorio

1985 4865 2043 4918 et
2071 4877 2279 4917 eorum
2302 4859 2577 4917 omnium
2599 4858 2847 4914 consilio
2875 4874 2989 4913 sua
3011 4856 3259 4911 deberet
3279 4850 3579 4921 ordinare,
3601 4855 3659 4908 et

1987 4950 2319 5007 aecclesiam
2349 4948 2546 5005 modis
2576 4947 2861 5003 omnibus
2896 4944 3179 5001 violatam
3220 4954 3481 5014 purgare
3507 4944 3565 4996 et
3619 4956 3657 4996 a

1987 5039 2275 5096 scissione
2295 5039 2374 5094 ad
2400 5036 2687 5092 unionem
2708 5034 3133 5103 redintegrare.
3157 5030 3336 5085 Affuit
3360 5029 3542 5086 etiam
3564 5045 3662 5085 su-

1986 5127 2292 5201 pradictus
2324 5123 2794 5183 Constantiensis
2824 5122 3174 5194 episcopus,
3216 5117 3424 5174 domni
3482 5135 3659 5192 papae

1988 5220 2341 5287 cooperator
2365 5212 2773 5277 ﬁdelissimus,
2799 5210 2905 5283 qui
2936 5223 3140 5278 regem
3170 5212 3227 5264 et
3251 5222 3465 5263 omnes
3515 5223 3661 5264 suos

1989 5304 2067 5361 ab
2080 5299 2717 5359 excommunicationis
2730 5297 2969 5355 vinculo
2986 5297 3263 5365 solverat,
3283 5300 3339 5353 et
3350 5296 3661 5370 quendam

1989 5393 2309 5467 praesulem
2339 5386 2582 5447 nomine
2632 5388 2999 5445 Widelonem
3024 5387 3196 5460 (400),
3242 5385 3348 5459 qui
3386 5386 3659 5443 omnium

2065 5502 2205 5573 (399)
2241 5500 2485 5573 Scilicet
2508 5496 2855 5573 imperator.

2060 5567 2207 5644 (400)
2234 5567 2618 5629 Μωάθῐιεθωῖ
2646 5568 2877 5625 Annal.
2901 5567 3090 5624 Sawo.
