4002 6186
374 533 650 590 cissimus
681 529 887 581 auctor
916 519 1210 587 existeret,
1241 518 1297 569 et
1321 507 1651 584 apostolica
1672 497 2027 559 auctoritate

376 618 754 694 deposuerat,
784 616 840 668 et
869 610 1051 666 alium
1080 606 1141 661 in
1170 604 1371 659 locum
1400 599 1553 669 ejus,
1580 607 1764 668 quem
1819 602 1921 643 rex
1972 587 2030 639 et

372 678 563 769 clc‘rus
617 705 889 778 ejusdem
939 698 1053 755 loci
1108 694 1300 765 elegit,
1347 687 1744 778 constituerat,
1792 678 2031 778 Interim

372 818 514 857 vero
545 797 854 853 visum'est
884 789 1076 845 eidem
1107 779 1457 840 Gebehardo
1488 770 1827 848 apostolicae
1869 764 2029 821 sedis

370 853 586 960 legato,
620 890 676 942 et
704 877 1047 939 Ruothardo
1076 869 1341 948 pontiﬁci
1371 863 1729 933 Mogontino,
1762 853 2030 960 11181)Ξο-

374 979 557 1036 mada
589 980 724 1031 ante
755 946 1138 1043 pentecosten
1167 959 1389 1017 habere
1434 951 1753 1011 concilium
1810 947 1871 1001 in
1918 946 2030 999 Tu-

374 1067 587 1137 ringia,
625 1064 686 1118 in
715 1062 847 1116 loco
880 1056 982 1129 qui
1015 1052 1229 1109 dicitur
1283 1045 1668 1107 Northusum,
1724 1041 1781 1093 et
1836 1032 2035 1091 eeccle-

378 1132 532 1215 siam
562 1155 858 1226 quantum
889 1143 1222 1218 potuissent
1251 1136 1329 1193 ad
1386 1132 1702 1207 pristinum
1752 1136 2033 1182 revocare

376 1251 619 1315 statum,
647 1246 703 1297 et
733 1238 1044 1311 antiquam
1075 1235 1315 1304 patrum
1344 1222 1615 1294 regulam
1642 1219 1719 1274 ibi
1744 1215 1990 1272 recitare
2016 1229 2028 1278 ;

378 1336 597 1394 scilicet
624 1333 931 1387 invasores
963 1322 1296 1395 episcopos,
1332 1331 1438 1370 nec
1489 1327 1611 1367 non
1665 1312 1874 1364 et‘eos
1930 1300 2035 1375 qui

380 1433 520 1483 tunc
542 1417 829 1492 temporis
854 1413 1222 1470 intraverant
1251 1403 1618 1478 symoniace,
1641 1398 1811 1454 vivos
1858 1393 2038 1464 depo-

377 1532 539 1581 nere,
568 1517 625 1568 et
656 1487 922 1581 sepultos
954 1500 1235 1565 effodere,
1264 1501 1320 1551 et
1345 1494 1423 1550 ab
1454 1493 1536 1548 eis
1558 1487 1864 1545 ordinatos
1911 1497 2037 1537 ma-

378 1623 492 1663 nus
517 1580 976 1674 imposicionem
1008 1607 1043 1646 a
1073 1585 1377 1644 catholicis
1410 1581 1692 1652 recipere,
1724 1580 1780 1630 et
1828 1587 2039 1628 uxora—

380 1701 471 1752 tos
497 1661 740 1749 clericos
764 1684 996 1741 nullum
1016 1676 1289 1736 divinum
1311 1672 1575 1729 oﬂicium
1594 1666 1912 1723 celebrare.
1938 1661 2037 1714 Hls

380 1787 462 1841 ita
489 1781 694 1838 divina
724 1774 1049 1849 inspirante
1083 1766 1273 1837 gratia
1300 1763 1405 1818 rite
1438 1755 1766 1830 dispositis,

384 1870 637 1944 sumptis
663 1841 999 1924 Saxonibus
1029 1862 1085 1913 et
1114 1850 1458 1911 Ruothardo
1487 1841 1906 1917 archiprtesule
1933 1843 2043 1896 Mo-

386 1927 653 2033 gontino,
688 1954 790 2027 qui
820 1952 923 2006 diu
958 1965 993 2004 a
1019 1949 1186 2020 patre
1214 1957 1322 1997 suo
1367 1941 1491 1994 erat
1544 1932 1851 2006 expulsus,
1906 1927 2045 1999 post

799 2040 989 2097 sancti
1020 2012 1322 2091 .Johannis
1376 2025 1673 2099 Baptistae,
1728 2019 1807 2075 ad
1858 2012 2045 2072 Rheni

386 2136 650 2195 ﬂuminis
676 2133 870 2207 ripam
902 2141 1091 2199 usque
1122 2118 1497 2196 perveniunt.
1548 2117 1586 2168 E
1638 2113 1846 2166 contra
1904 2118 2045 2159 vero

386 2232 575 2303 pater,
604 2223 705 2296 qui
728 2192 877 2277 tunc
907 2212 1214 2283 Mogontiae
1243 2224 1380 2263 cum
1414 2204 1536 2259 suis
1566 2198 1805 2267 mansit,
1839 2192 2048 2250 transi-

1429 2295 1437 2302 .
1716 2288 1747 2303 ,,
1832 2302 1839 2303 γ
1890 2282 2016 2303 ,ΜΛ

389 2282 517 2374 tum
544 2310 803 2383 negavit,
838 2312 893 2363 et
921 2322 988 2361 os
1014 2317 1244 2369 omnes,
1281 2295 1542 2352 maxime
1574 2288 1853 2346 comitem
1888 2282 2047 2339 Pala-

391 2408 607 2473 tinum,
632 2400 733 2474 qui
768 2397 889 2453 tilio
932 2386 1344 2450 transmeandi
1397 2379 1752 2457 promiserat
1795 2387 2049 2446 appara-

391 2501 540 2559 tum,
588 2487 861 2547 mercede
917 2479 1198 2552 corrupit,
1255 2475 1629 2541 classemque
1678 2464 1927 2522 navium
1970 2460 2049 2515 ad

393 2551 635 2659 portum
666 2574 963 2635 transtulit
988 2551 1414 2639 Mogontinum,
1449 2571 1755 2628 manuque
1794 2551 2048 2650 militum

393 2640 450 2731 et
477 2668 718 2738 civium,
754 2681 826 2721 ne
860 2660 1148 2721 transiret,
1180 2650 1500 2728 prohibuit.
1534 2650 1604 2702 At
1630 2644 1808 2712 ﬁlius,
1838 2640 2049 2696 videns

395 2780 456 2817 se
500 2757 685 2833 patris
729 2749 1012 2826 .potencia
1066 2745 1437 2818 praeventum
1487 2742 1543 2792 et
1600 2750 1661 2788 se
1710 2745 1833 2787 non
1872 2741 2049 2799 posse

393 2820 782 2909 transmeare,
814 2836 1188 2907 Mogontinus
1219 2829 1464 2886 antistes
1490 2820 1832 2891 Turingiam
1862 2829 2053 2871 rever-

395 2939 535 2993 titur
568 2954 581 3003 ;
614 2935 741 3005 ipse
763 2906 929 2984 vero,
956 2920 1301 2979 Werzeburc
1356 2914 1557 2981 adivit,
1601 2914 1655 2966 et
1700 2906 2051 2981 episcopum

400 2991 704 3089 eroltlim,
755 3032 937 3090 quem
1008 3015 1177 3085 pater
1248 3022 1392 3062 suus
1448 3001 1673 3057 ibidem
1730 2991 2049 3058 constituit,

398 3083 701 3185 deposuit,
724 3083 1191 3175 etRuopertum,
1225 3093 1495 3166 ejusdem
1525 3083 1870 3144 monasterii
1912 3096 2055 3185 prae-
2093 3108 2133 3162 ρ

397 3168 693 3276 positum,
740 3194 874 3251 fecit
921 3168 1291 3264 episcopum.
1327 3186 1594 3251 Cumque
1641 3190 1747 3249 per
1775 3172 1902 3228 dies
1957 3168 2058 3224 ali-

397 3262 564 3367 quod
616 3287 763 3346 inibi
816 3262 1169 3349 moraretur,
1227 3274 1306 3330 ad
1363 3269 1768 3327 Radisbonam
1842 3262 2056 3316 iterum

398 3350 726 3439 rlcvertitur.
781 3374 865 3431 Ad
938 3367 1174 3437 vincula
1232 3379 1372 3419 vero
1423 3356 1614 3414 sancti
1688 3350 1837 3409 Petri
1888 3352 2058 3421 pater

402 3474 530 3543 ejus
561 3468 806 3524 collecto
836 3459 1096 3517 exercitu
1120 3452 1451 3523 insequitur
1482 3461 1620 3501 eum
1656 3462 1669 3509 ;
1696 3457 1805 3514 per
1854 3441 2057 3493 Bawa-

399 3540 555 3615 riam
608 3557 716 3610 iter
769 3565 949 3605 suum
997 3542 1228 3608 direxit,
1258 3544 1313 3594 et
1342 3554 1409 3592 os
1458 3548 1689 3597 omnes,
1744 3543 1898 3600 quos
1954 3540 2056 3597 po-

402 3649 569 3711 terat,
598 3640 702 3714 qui
750 3636 871 3692 tilio
925 3629 1315 3692 adherebant,
1346 3621 1637 3680 vastando
1687 3622 1744 3671 et
1770 3616 1907 3685 igne
1938 3629 2058 3667 cre-

404 3704 638 3788 mando
663 3722 980 3788 consumit,
1014 3723 1070 3774 et
1101 3717 1185 3771 sic
1214 3714 1293 3769 ad
1323 3711 1729 3767 Radisbonam
1775 3704 1857 3759 ire
1914 3716 2056 3757 con-

402 3820 610 3889 tendit,
635 3816 739 3873 ubi
760 3813 949 3869 ﬁlium
976 3824 1104 3866 esse
1127 3801 1425 3873 cognovit.
1462 3801 1530 3853 Ut
1559 3801 1759 3853 autem
1780 3792 1937 3847 ﬁlius
1959 3806 2059 3845 au-

404 3911 551 3969 divit
600 3911 829 3981 patrem
878 3918 952 3957 ex
1008 3892 1313 3970 inproviso
1362 3889 1495 3944 urbi
1548 3881 2055 3959 appropinquare,

402 4003 503 4058 vix
558 3975 836 4059 abcessit,
900 3993 955 4046 et
1008 3984 1262 4043 ﬂuvium
1309 3978 1414 4052 qui
1456 3975 1669 4031 dicitur
1699 3976 1894 4041 Regen
1920 3984 2059 4023 cum

406 4092 528 4147 suis
558 4081 980 4145 transvadavit.
1016 4083 1165 4131 (lum
1192 4086 1335 4128 vero
1360 4073 1610 4138 uterque
1654 4076 1864 4118 eorum
1921 4075 2061 4132 pau-

405 4178 574 4235 latim
614 4190 755 4229 suos
785 4168 1195 4238 congregaret,
1225 4164 1281 4216 et
1318 4158 1441 4213 dux
1496 4152 1745 4210 Boemiae
1789 4149 1944 4222 patri
1999 4148 2060 4203 in

407 4265 697 4323 auxilium
726 4258 1053 4323 adveniret,
1082 4249 1285 4308 nuncii
1309 4249 1461 4303 inter
1488 4261 1591 4299 eos
1623 4240 1977 4308 diriguntur,
2011 4237 2062 4292 si

408 4370 530 4427 quo
559 4349 744 4407 modo
791 4346 1042 4418 possent
1087 4340 1166 4395 ad
1224 4350 1435 4409 pacem
1483 4329 1706 4387 reduci.
1764 4328 1859 4383 Set
1922 4341 2062 4382 cum

407 4416 574 4499 nulla
595 4455 730 4512 spes
779 4416 1187 4505 recuperande
1209 4425 1377 4500 pacis
1403 4420 1497 4477 vel
1525 4416 1840 4476 concordie
1888 4416 2055 4481 foret,
2099 4454 2142 4508 Β

408 4538 465 4589 et
493 4507 642 4603 pars.
662 4543 784 4583 suae
814 4517 1209 4579 multitudinis
1240 4526 1511 4589 pugnare
1543 4524 1663 4565 non
1697 4507 1960 4573 auderet,
2005 4508 2063 4561 et

408 4622 528 4678 ﬁlio
553 4617 719 4676 nullo
745 4612 928 4671 modo
958 4612 1159 4684 posset
1182 4604 1472 4667 resistere,
1503 4603 1675 4655 nocte
1734 4613 1873 4653 cum
1920 4610 2066 4668 pau-

408 4712 491 4768 cis
520 4703 883 4765 tidelissimis
940 4698 1211 4765 elabitur,
1261 4698 1316 4749 et
1372 4706 1478 4765 per
1528 4686 1828 4744 Boemiam
1879 4688 2062 4741 Saxo-

406 4800 692 4871 niamque
718 4809 856 4850 cum
883 4802 1109 4859 magna
1138 4781 1481 4840 difﬁcultate
1534 4776 1797 4833 saltuum
1849 4777 1907 4829 et
1957 4772 2065 4827 ﬂu-

407 4861 641 4946 minum
688 4890 1102 4942 transcurrens
1166 4870 1476 4930 revertitur
1551 4863 1932 4935 Moguntiam,
2015 4861 2065 4915 si

408 4979 554 5034 forte
578 4967 1015 5033 transvadandi
1058 4968 1319 5038 portum,
1377 4963 1441 5014 ut
1493 4960 1688 5023 antea,
1746 4950 2062 5025 prohibere

404 5067 648 5123 valeret.
683 5060 887 5119 Statim
918 5057 1074 5112 ﬁlius
1100 5068 1239 5109 cum
1270 5047 1396 5104 suis
1423 5047 1654 5118 patrem
1707 5040 2060 5112 insequitur,

407 5160 465 5210 et
487 5152 667 5225 Spirae
696 5149 855 5206 venit
882 5146 956 5202 ad
988 5145 1281 5206 Rhenum,
1322 5135 1768 5209 praefectumque
1832 5127 2062 5201 Spiren-

409 5260 536 5298 sem
562 5238 836 5295 mercede
867 5231 1171 5295 conduxit,
1204 5232 1260 5284 et
1284 5226 1345 5282 in
1373 5222 1574 5292 vigilia
1595 5219 1867 5276 omnium
1894 5232 2062 5273 sanc-

406 5335 604 5386 torum
624 5324 869 5381 navium
900 5323 1255 5394 apparatum
1298 5313 1410 5369 sibi
1448 5304 1946 5372 accommodavit,
2005 5309 2062 5359 et

477 5435 628 5505 (101)
664 5432 1175 5491 Hirsauecensem,
1204 5416 1708 5505 Hirsaugienser'n:

654 5505 751 5558 Ita
776 5518 852 5577 in,
888 5504 918 5577 2
954 5514 975 5562 ,·
996 5512 1111 5577 υρςι*
1140 5486 1353 5577 prima;
1382 5502 1594 5577 magas
1616 5486 1811 5577 delete
1842 5487 1946 5577 es}:

654 5551 1217 5648 iiiis-inistraRhen‘i,
1264 5565 1412 5618 inter
1471 5559 1689 5627 Bingen
1736 5559 1792 5608 et
1844 5551 2058 5606 Bache-

406 5636 572 5716 raeh,
612 5636 717 5701 ubi
757 5636 1308 5698 Suneckerschloss.

1298 206 1551 264 ANNAL.
1593 190 2039 257 IIILDESHEIM.
2082 184 2457 250 QUEDLIND.
2498 179 2877 238 WEISSEMB.

1411 326 1736 386 ANNALES
1776 308 2447 375 HILDESHEIMENSES.
2488 310 2553 362 A.
2600 308 2755 360 1105.

3681 164 3797 219 592

2688 408 2764 448 ne
2815 388 2950 462 quis
3005 382 3293 442 obsistere
3345 382 3550 453 posset
3594 376 3801 433 donec

2137 490 2379 561 portum
2458 483 2872 546 transmearet,
2938 472 3213 532 obtinuit.
3280 471 3345 525 In
3413 467 3509 523 die
3588 469 3802 523 autem

2138 553 2413 632 omnium
2438 577 2784 629 sanctorum
2814 566 3098 624 abbatem
3120 560 3622 617 Hirsowecensem
3642 553 3803 623 (401)

2140 663 2483 720 sublimavit
2533 662 2595 717 in
2646 659 2999 733 episcopum
3057 649 3416 723 Spirensem.
3473 646 3543 700 Ut
3589 643 3805 697 autem

2141 756 2516 825 compertum
2541 755 2629 806 est
2660 745 2814 822 patri
2854 743 3048 800 ﬁlium
3106 738 3271 811 Spire
3315 734 3393 791 ad
3440 736 3672 789 Renum
3698 744 3804 784 ve-

2140 816 2327 911 nisse,
2362 839 2645 896 continuo
2663 816 2682 822 ’
2700 837 2839 892 illuc
2867 834 2942 889 de
2966 827 3267 901 Moguntia
3292 836 3647 899 properans,
3681 816 3806 873 sibi

2142 930 2457 987 transitum
2513 925 2844 1001 praepedire
2881 923 3012 994 jam
3084 931 3359 991 sperans,
3413 911 3579 967 illum
3655 923 3806 964 cum

2142 1021 2265 1077 suis
2291 998 2717 1075 transvadas'se
2742 1012 2999 1070 nimium
3028 1006 3394 1080 stupefactus
3438 998 3685 1066 audivit,
3746 1001 3808 1053 et

2141 1126 2287 1166 mox
2314 1108 2528 1165 eadem
2554 1105 2650 1162 die
2680 1102 2867 1160 nimio
2922 1096 3233 1174 perculsus
3290 1093 3499 1150 timore
3538 1086 3805 1155 rediens,

2137 1201 2382 1271 jejunus
2408 1201 2465 1252 et
2491 1194 2669 1251 nimis
2699 1192 2982 1261 fatigatus
3002 1183 3361 1257 Mogontiam
3410 1178 3590 1236 venit.
3644 1175 3806 1232 Alte-

2143 1265 2214 1345 ra
2242 1302 2384 1343 vero
2415 1285 2510 1341 die
2542 1284 2827 1340 abbatem
2866 1282 2941 1335 de
2999 1279 3206 1332 sancto
3253 1271 3505 1338 Albano,
3553 1265 3807 1323 nomine

2144 1373 2594 1439 Theodericum,
2657 1370 2821 1444 Spire
2877 1364 3077 1437 dirigit
3127 1362 3207 1419 ad
3270 1376 3432 1431 eum,
3488 1357 3808 1444 obtestans

2145 1481 2284 1520 eum
2309 1479 2417 1538 per
2441 1466 2650 1528 Deum,
2696 1443 2762 1514 ut
2807 1455 3220 1514 recordaretur
3270 1465 3333 1505 se
3388 1451 3620 1522 patrem
3672 1443 3808 1513 ejus

2146 1529 2403 1624 esse,-et
2451 1566 2526 1605 ne
2557 1554 2681 1606 tam
2713 1544 3089 1621 pertinaciter
3117 1556 3257 1597 eum
3301 1555 3339 1594 a
3394 1549 3580 1606 regno
3628 1529 3811 1587 vellet

2098 1682 2099 1685 η
2146 1619 2449 1714 repellere.
2480 1638 2577 1693 Ille
2609 1619 2815 1693 audire
2836 1632 3062 1690 distulit
3086 1633 3173 1686 set
3199 1628 3313 1683 hoc
3344 1624 3440 1682 ille
3469 1619 3810 1683 mandavit,

1797 1709 1919 1818 ἐξ,
2082 1754 2122 1807 Β
2149 1709 2317 1788 ut-ab
2340 1729 2488 1786 urbe
2514 1727 2689 1784 vellet
2709 1726 2858 1782 citus
2887 1720 3138 1792 digredi,
3166 1734 3241 1774 ne
3272 1715 3670 1788 occuparetur
3727 1709 3810 1765 ab

2148 1820 2425 1877 inimicis.
2472 1823 2544 1874 At
2598 1816 2692 1872 ille
2739 1811 3100 1888 quantocius
3153 1807 3363 1864 urbem
3390 1818 3692 1874 egressus,
3728 1798 3809 1855 ad

2149 1909 2463 1966 castellum
2533 1887 2880 1962 Hamersten
2957 1898 3133 1966 venit,
3203 1895 3406 1967 ibique
3452 1887 3810 1963 aliquandiu

2151 2004 2579 2055 commoratur.
2616 1994 2791 2050 Filius
2830 2006 2968 2047 vero
3007 1984 3368 2057 Mogontiam
3413 1979 3598 2051 venit,
3651 1977 3811 2047 lega-

2150 2092 2242 2144 tos
2318 2084 2662 2156 Turingiam
2716 2085 2852 2154 post
2898 2079 3254 2153 episcopum
3308 2070 3502 2139 mittit,
3562 2073 3620 2125 et
3669 2082 3811 2123 eum

2152 2177 2425 2249 gloriosae
2480 2178 2701 2231 sanctae
2746 2168 3048 2237 tecclesiae,
3098 2183 3135 2222 a
3170 2178 3295 2238 qua
3345 2160 3630 2234 depulsus
3685 2158 3815 2213 fue-

2151 2244 2244 2323 rat
2273 2282 2308 2321 a
2337 2269 2525 2338 patre,
2559 2260 2828 2318 restituit.
2865 2261 2997 2314 Post
3044 2256 3168 2311 haec
3198 2257 3368 2325 pater
3396 2248 3596 2304 videns
3654 2244 3816 2301 mul-

2152 2334 2467 2411 titudinem
2496 2350 2838 2425 principum
2864 2363 2937 2402 ex
2979 2343 3148 2402 omni
3202 2355 3389 2411 regno
3442 2334 3813 2406 Mogontiam

2154 2443 2476 2509 conﬂuere,
2498 2423 2566 2497 et
2592 2436 2906 2512 apostolici
2934 2432 3188 2490 nuncios
3209 2431 3418 2487 debere
3468 2427 3615 2499 (402)
3668 2423 3816 2480 inte-

2153 2548 2334 2600 resse,
2363 2536 2419 2587 et
2442 2546 2552 2604 pro
2578 2511 2738 2585 certo
2770 2526 2989 2593 sciens,
3012 2522 3159 2595 quia
3185 2519 3342 2576 ﬁlius
3369 2513 3648 2588 generale
3692 2511 3814 2568 col-

2153 2622 2429 2694 loquium
2457 2619 2539 2675 ibi
2561 2617 2736 2674 vellet
2760 2614 3002 2680 habere,
3026 2610 3296 2680 cogitans
3321 2607 3369 2662 si
3409 2607 3559 2661 forte
3614 2604 3820 2676 posset

2156 2711 2358 2785 aliqua
2382 2709 2621 2767 racione
2675 2721 2884 2762 eorum
2936 2701 3303 2759 voluntatem
3359 2696 3817 2765 interrumpere,

2158 2781 2447 2875 praemisit
2503 2796 2838 2854 Palatinum
2867 2791 3225 2864 Sigefridum
3250 2792 3307 2844 et
3346 2790 3634 2843 comitem
3692 2781 3821 2836 Wil-

2158 2890 2505 2954 lehelmum,
2537 2886 2643 2959 qui
2671 2884 2870 2940 adhuc
2897 2879 3177 2937 conducti
3201 2875 3475 2933 mercede
3502 2888 3715 2929 secum
3735 2886 3821 2925 re-

2158 2981 2525 3046 manserant,
2559 2975 2608 3031 si
2637 2974 2785 3030 forte
2815 2971 3149 3045 potuissent
3163 2965 3507 3023 condictum
3527 2960 3820 3035 placitum

2164 3069 2268 3125 ﬁlii
2291 3067 2580 3141 impedire
2615 3083 2629 3133 ;
2661 3064 2982 3136 ipsumque
3018 3064 3151 3132 post
3208 3072 3312 3112 eos
3365 3051 3642 3127 praedixit
3692 3064 3822 3105 esse

2167 3158 2324 3213 clam
2348 3160 2685 3212 venturum.
2747 3154 3015 3222 Cumque
3074 3146 3153 3202 ad
3179 3144 3410 3208 silvam,
3466 3156 3599 3214 qua:
3646 3153 3822 3193 voca-

2166 3253 2258 3304 tur
2309 3249 2429 3304 San
2479 3246 2642 3316 (-103),
2695 3240 3100 3303 advenissent,
3151 3241 3208 3291 et
3252 3232 3442 3288 ﬁlium
3500 3245 3639 3285 cum
3684 3243 3819 3282 ma.-

2166 3352 2286 3408 gno
2312 3333 2571 3391 exercitu
2600 3330 2717 3387 alia
2740 3333 2907 3402 parte
2935 3324 3312 3399 reperissent,
3346 3322 3520 3393 eique
3573 3317 3824 3373 minime

2165 3425 2433 3481 resistere
2464 3421 2818 3494 potuissent,
2850 3416 3053 3474 media
3078 3418 3251 3471 nocte
3281 3412 3487 3481 fugam
3538 3408 3819 3464 inierunt.

2170 3519 2297 3586 Ipse
2328 3517 2526 3569 autem
2559 3526 2663 3565 eos
2690 3510 3012 3577 insecutus,
3054 3504 3131 3560 ad
3161 3499 3600 3559 Conﬂuentiam
3646 3496 3819 3553 venit.

2168 3602 2252 3657 lbi
2277 3604 2508 3674 patrem
2534 3614 2606 3654 ex
2635 3597 2751 3653 alia
2772 3600 2938 3669 parte
2976 3590 3245 3648 ﬂuminis
3270 3588 3516 3645 invenit.
3553 3590 3823 3657 Cumque

2169 3690 2350 3747 ambo
2379 3688 2533 3745 inibi
2561 3685 3001 3753 convenissent,
3028 3685 3197 3754 pater
3219 3677 3475 3735 nuncios
3533 3675 3700 3732 misit
3744 3672 3821 3729 ad

2169 3779 2379 3848 ﬁlium,
2426 3792 2648 3847 rogans
2697 3790 2770 3831 ea
2822 3789 2956 3847 quae
3009 3770 3174 3845 pacis
3232 3771 3391 3825 sunt.
3450 3766 3629 3822 Filius
3688 3779 3824 3821 vero

2170 3877 2333 3927 trans
2363 3868 2587 3924 ﬂumen
2616 3866 2693 3921 ad
2724 3868 2957 3937 patrem
2984 3860 3247 3925 veniens,
3297 3873 3360 3913 se
3411 3855 3672 3930 pedibus
3723 3852 3826 3909 ﬁlii

2170 3959 2262 4016 sui
2287 3957 2570 4024 advolvit,
2594 3960 2651 4011 et
2678 3954 2824 4027 quia
2852 3952 3009 4007 ﬁlius
3040 3955 3099 4006 et
3127 3947 3374 4017 sanguis
3404 3947 3535 4017 ejus
3565 3951 3723 4001 esset
3742 3960 3827 3999 re

2170 4048 2406 4106 cordari
2431 4046 2624 4113 vellet,
2689 4041 3034 4115 premonuit
3058 4040 3229 4113 (104).
3285 4042 3357 4093 At
3411 4041 3622 4094 contra
3670 4034 3826 4091 ﬁlius

2170 4137 2355 4212 patris
2377 4136 2629 4207 genibus
2654 4132 2993 4200 advolutus,
3049 4127 3322 4199 rogabat,
3379 4131 3445 4182 ut
3495 4124 3826 4199 apostolico

2172 4233 2230 4284 et
2257 4226 2423 4283 omni
2442 4240 2629 4294 regno
2658 4221 2835 4279 vellet
2855 4218 3098 4277 obedire
3123 4236 3137 4287 ;
3166 4215 3332 4290 quod
3360 4215 3405 4271 si
3424 4214 3615 4270 nollat
3630 4213 3830 4270 coeles-

2171 4322 2292 4374 tem
2314 4319 2500 4372 Deum
2525 4317 2758 4386 patrem
2802 4310 3047 4375 habere,
3101 4312 3158 4363 et
3212 4305 3325 4361 sibi
3380 4309 3616 4360 terreno
3672 4302 3830 4374 patri

2171 4404 2409 4479 penitus
2467 4402 2549 4457 ibi
2599 4401 2659 4456 in
2712 4397 3170 4473 praisentiarum
3212 4392 3390 4448 vellet
3450 4390 3826 4457 renunciare,

2172 4478 2461 4568 promisit,
2493 4496 2581 4547 set
2610 4489 2856 4546 minime
2888 4483 3224 4560 complevit.
3260 4486 3530 4554 Cumque
3578 4478 3724 4535 talia
3774 4483 3832 4534 et

2172 4585 2264 4639 his
2296 4581 2511 4638 similia
2539 4580 2613 4635 de
2644 4584 2804 4635 statu
2831 4574 3116 4633 aecclesiae
3146 4577 3204 4629 et
3230 4572 3305 4627 de
3364 4570 3553 4626 salute
3608 4568 3829 4624 animae

2173 4673 2302 4744 ejus
2331 4668 2827 4725 sermocinaretur
2866 4682 2973 4738 per
3004 4669 3193 4721 totum
3244 4661 3425 4726 diem,
3486 4657 3829 4731 vespertino

2173 4767 2438 4832 tempore
2493 4762 2742 4829 uterque
2773 4770 2981 4811 eorum
3013 4752 3092 4809 ad
3130 4749 3472 4823 hospicium
3502 4746 3829 4803 redierunt.

2170 4854 2340 4906 Pater
2404 4847 2651 4921 quidem
2738 4842 3228 4901 incumbentibus
3294 4838 3485 4897 noctis
3567 4836 3833 4893 tenebris

2171 4937 2503 5011 temptabat
2569 4935 2898 5005 aufugere;
2966 4939 3054 4988 set
3130 4930 3384 4987 vallatus
3430 4927 3702 4999 undique
3753 4925 3832 4981 ab

2170 5029 2443 5097 inimicis,
2500 5041 2890 5100 nequaquam
2946 5026 3197 5097 poterat.
3250 5023 3417 5078 Mane
3471 5032 3615 5074 vero
3663 5020 3831 5089 patre

2171 5120 2485 5190 assumpto
2529 5117 2607 5172 ad
2629 5114 2937 5170 castellum
2970 5110 3280 5181 Pinguiam
3311 5110 3623 5173 venerunt,
3668 5111 3728 5162 et
3750 5105 3835 5161 ibi

2171 5207 2271 5263 illa
2295 5210 2467 5262 nocte
2497 5205 3020 5277 pernoctaverunt,
3054 5204 3112 5255 et
3139 5197 3323 5253 altera
3352 5195 3449 5251 die
3479 5192 3657 5267 quasi
3684 5191 3835 5251 invi-

2169 5304 2299 5355 tum
2330 5297 2391 5351 in
2424 5291 2841 5349 Bekelenheim
2869 5290 3017 5363 (405)
3047 5286 3294 5344 deduxit
3322 5283 3658 5353 castellum,
3685 5286 3747 5339 et
3770 5283 3833 5338 in

2243 5402 2388 5545 (-304;
2416 5398 2630 5456 Vellet:
2668 5416 2681 5454 :
2719 5415 2731 5453 :
2769 5415 2822 5452 ::
2857 5394 3092 5452 monuit
3120 5398 3168 5449 1.
3205 5406 3342 5449 voce
3363 5405 3556 5446 erasa.

2243 5480 2362 5544 (-105
2415 5469 2969 5539 Gau-Bockelheim,
3002 5470 3107 5523 aut
3154 5460 3544 5520 Bichelsheim

2242 5457 2387 5544 (1Οὸ)
2415 5469 2969 5539 Gau-Bockelheim,
3002 5470 3107 5523 aut
3154 5460 3544 5520 Bichelsheim
3585 5457 3665 5514 ad
3723 5459 3833 5512 Na-

2166 5548 2310 5603 ham
2336 5547 2363 5602 ?
