4004 6178
227 162 328 215 593

931 156 1019 211 ET
1056 158 1410 218 LAMBEBTI
1449 162 2036 223 ASCHAFNABURG.
2078 171 2255 228 PARS
2295 174 2571 228 ALTERA
2609 172 2938 227 GENUINA.

3552 180 3659 232 59-i-

1280 288 1608 344 ANNALES
1634 290 2303 353 HILDESHEIMENSES.
2336 299 2403 350 A.
2444 300 2596 351 1106.

219 370 417 444 vigilia
444 368 658 427 natalis
689 367 921 425 Domini
947 369 1216 443 Spirensi
1249 374 1536 449 episcopo
1566 376 1881 447 diligenter
1919 380 1969 433 A
1996 380 2284 440 bernator
2307 384 2589 440 extitisset
2620 388 2675 439 et
2708 384 3112 442 aecclesiarum
3164 388 3263 443 Dei
3293 389 3657 451 defensator,

220 460 683 519 custodiendum
714 458 1032 515 commisit.
1077 465 1208 518 Non
1237 464 1575 533 balneatus,
1609 469 1666 521 et
1685 465 1885 522 inton-

217 568 339 621 sus,
367 555 424 608 et
453 549 533 607 ab
561 548 726 606 omni
752 548 851 604 Dei
884 550 1133 608 servitio
1169 553 1464 626 privatus,
1504 554 1586 611 ibi
1616 571 1721 628 per
1749 572 1885 611 om-

217 657 323 698 nes
354 655 558 696 sacros
588 638 716 695 dies
762 639 1119 711 permansit.
1172 642 1387 715 Sicque
1431 643 1587 699 ﬁlius
1617 644 1886 701 natalem

218 729 451 786 Domini
481 727 886 784 celebraturus
935 730 1304 798 Mogontiam
1334 733 1659 789 revertitur.
1693 734 1885 789 Hein-

216 822 377 875 ricus
408 817 546 889 (406)
575 817 906 885 imperator
931 818 1148 873 Leodii
1169 827 1437 877 moratus
1466 822 1759 878 somnium
1790 837 1883 878 re-

219 909 348 964 latu
375 908 619 978 dignum
678 905 846 961 vidit.
877 906 1154 964 Putabat
1192 924 1253 964 se
1279 911 1457 980 quasi
1498 911 1561 965 in
1592 911 1885 967 viridario

211 996 474 1067 proceris
516 994 831 1052 arboribus
889 998 1124 1052 consito
1171 997 1577 1065 deambutare,
1625 1014 1883 1071 quarum

215 1102 348 1157 quae
394 1085 743 1141 eminentior
795 1085 1141 1153 videbatur,
1197 1087 1280 1143 ad
1328 1093 1550 1144 terram
1598 1103 1883 1145 corruens

214 1191 395 1233 unam
425 1175 704 1231 arborum
732 1177 1033 1244 oppressit
1064 1182 1122 1232 et
1176 1181 1353 1233 terra:
1380 1194 1577 1234 secum
1604 1186 1883 1249 prostra-

218 1267 321 1322 vit.
356 1265 578 1321 Deinde
620 1269 830 1320 ceterae
856 1264 1107 1321 arbores
1151 1267 1451 1335 paulatim
1498 1269 1683 1338 lapsae
1720 1274 1879 1325 sunt.

219 1354 386 1421 Quod
425 1358 631 1423 postea
682 1354 773 1408 rei
828 1354 1031 1409 exitus
1070 1357 1498 1424 comprobavit.
1538 1357 1884 1427 Imperator

216 1444 368 1500 enim
394 1458 511 1497 non
559 1442 733 1512 longe
759 1448 898 1511 post
949 1448 1081 1498 octo
1124 1443 1329 1500 diebus
1368 1450 1671 1515 egrotans,
1726 1462 1882 1503 nono

214 1533 486 1602 moritur,
516 1540 567 1587 et
595 1532 656 1586 in
686 1531 965 1587 (ecclesia
996 1532 1194 1588 sancti
1221 1534 1528 1590 Lamberti
1556 1550 1757 1590 coram
1790 1536 1882 1591 al-

211 1623 337 1678 tari
357 1626 575 1678 sanctae
600 1621 817 1676 Mariae
847 1622 1215 1677 tumulatur.
1270 1624 1488 1691 Quinto
1519 1625 1596 1681 ab
1621 1624 1763 1681 hinc
1790 1625 1885 1681 die

213 1726 399 1768 comes
424 1710 817 1766 Theodericus
842 1710 920 1766 de
943 1710 1580 1784 EmbikeAquisgrani
1598 1715 1879 1770 moritur.

210 1802 353 1857 Dux
378 1801 635 1870 Magnus
664 1800 988 1855 Saxonum
1039 1802 1315 1871 moritur,
1348 1808 1401 1858 et
1431 1803 1690 1859 ducatus
1716 1804 1883 1858 Liut-

206 1903 348 1958 gero
375 1888 448 1944 de
468 1887 955 1959 Supetingeburg
985 1889 1458 1945 commendatur.

280 1979 684 2033 Romanorum
732 1980 827 2031 96°
858 1976 1148 2032 Henricus
1203 1993 1328 2048 rex,
1384 1984 1553 2051 patre
1604 1978 1880 2052 expulso,

214 2064 372 2137 cepit
397 2079 642 2135 regnare
692 2079 859 2121 anno
891 2068 1053 2121 1106.
1101 2064 1222 2121 ind.
1262 2070 1344 2122 t3.
1379 2068 1716 2142 imperator
1746 2082 1884 2123 vero

213 2153 396 2211 nimis
418 2154 569 2229 cepit
592 2153 937 2225 lacrimare,
981 2158 1042 2210 et
1079 2159 1304 2211 mestus
1350 2173 1505 2228 esse,
1538 2162 1596 2214 et
1639 2157 1715 2213 de
1742 2172 1883 2229 pee-

212 2243 360 2300 catis
384 2244 505 2300 suis
533 2244 645 2301 sibi
672 2243 815 2301 talia
840 2243 1119 2300 evenisse
1139 2261 1153 2312 ;
1172 2244 1385 2302 timens
1414 2247 1528 2303 sibi
1552 2246 1747 2303 multo
1778 2262 1884 2318 pe-

204 2335 342 2405 jora
370 2349 408 2390 a
434 2332 805 2407 principibus
831 2332 1234 2402 futura,rogat
1262 2335 1616 2409 episcopum
1648 2334 1884 2407 Spiren-

211 2438 345 2479 sem
368 2438 430 2478 se
451 2422 1087 2496 praesentari,seseque
1117 2423 1360 2480 consilio
1391 2426 1520 2497 ejus
1547 2429 1605 2482 et
1633 2439 1888 2494 magna-

212 2515 341 2569 tum
371 2512 540 2583 regni
586 2518 802 2569 cuncta
832 2511 1140 2569 facturum
1185 2515 1509 2585 promittit:
1557 2512 1786 2585 regalia
1831 2520 1889 2571 et

211 2600 480 2669 castella,
521 2616 638 2674 que
668 2601 903 2674 optima
929 2604 989 2656 et
1016 2599 1418 2659 munitissima
1442 2602 1730 2669 habebat,
1762 2601 1886 2660 ﬁlio

210 2690 465 2755 tradere,
490 2694 554 2745 ut
580 2689 790 2747 saltem
820 2688 939 2745 sibi
988 2689 1214 2761 praedia
1258 2690 1337 2746 ad
1366 2709 1512 2748 usus
1543 2692 1888 2749 necessaria

210 2777 606 2852 impenderet.
663 2779 1005 2852 Episcopus
1056 2794 1198 2834 vero
1244 2780 1304 2835 in
1344 2781 1652 2838 nativitate
1697 2781 1887 2838 sancti

209 2869 503 2926 Johannis
546 2869 924 2941 evangelista:
950 2868 1373 2938 'Mongontiam
1414 2871 1615 2935 venit;
1664 2870 1792 2943 ipse
1833 2876 1890 2927 et

216 2959 726 3028 Wirzeburgensis
775 2958 1103 3031 episcopus
1151 2974 1335 3015 sacrae
1379 2959 1677 3017 unctionis
1726 2961 1888 3016 ordi-

1998 475 2063 525 ut
2092 471 2143 526 ei
2170 472 2324 529 sicut
2350 473 2503 545 patri
2535 489 2643 527 suo
2674 473 2983 529 evenisset.
3024 499 3049 523 »
3075 476 3402 549 Imperator
3429 484 3656 546 autem,

1996 564 2063 615 ut
2095 560 2235 616 vidit
2264 562 2375 617 sibi
2402 562 2761 629 denegatam
2812 578 2943 617 esse
2974 564 3231 631 veniam,
3264 567 3533 635 cogitans
3565 583 3654 621 se-

1998 666 2158 717 cum,
2191 650 2502 722 quomodo
2546 650 2825 705 excitaret
2855 650 3180 707 vindictam
3220 670 3361 723 erga
3388 672 3513 711 rem
3547 672 3660 727 pu-

1996 737 2242 807 blicam,
2303 740 2611 795 Coloniam
2663 739 2823 794 venit
2869 756 3007 794 cum
3057 742 3266 812 paucis
3316 744 3419 813 qui
3450 761 3656 798 secum

1997 832 2441 893 remanserant;
2494 828 2723 884 civibus
2750 828 2864 883 illis
2915 829 3120 885 omnia
3150 847 3283 901 quae
3317 831 3397 885 eis
3426 832 3658 887 accide-

1995 920 2132 973 rant
2183 917 2453 972 ﬂebiliter
2507 917 2825 972 enarravit.
2899 918 3119 973 Deinde
3187 919 3347 973 venit
3422 921 3658 987 Leodio,

1995 1005 2199 1077 ibique
2243 1005 2569 1060 honoriﬁce
2615 1006 2693 1061 ab
2735 1006 3020 1077 episcopo
3067 1010 3122 1061 et
3167 1006 3393 1061 civibus
3434 1013 3521 1063 est
3568 1024 3656 1062 su-

1996 1099 2235 1167 sceptus
2280 1100 2333 1150 et
2383 1095 2744 1150 consolatus.
2800 1096 3159 1151 Convocavit
3211 1096 3290 1151 ad
3332 1113 3396 1152 se
3444 1099 3659 1153 ducem

1997 1183 2337 1240 Heinricum
2364 1189 2420 1239 et
2445 1183 2593 1239 alios
2624 1183 2825 1256 plures
2856 1184 3174 1256 optimates
3200 1203 3211 1248 ;
3254 1202 3463 1240 eorum
3492 1186 3661 1257 pedi-

1994 1273 2112 1329 bus
2143 1289 2204 1328 se
2232 1272 2515 1340 advolvit,
2545 1273 2864 1345 petivitque
2909 1273 2986 1328 ab
3018 1273 3102 1328 eis
3148 1273 3457 1342 auxilium,
3485 1292 3663 1330 even-

1997 1366 2247 1434 tumque
2294 1379 2471 1417 suum
2509 1362 2592 1417 eis
2641 1378 2748 1434 per
2776 1362 2981 1417 omnia
3031 1363 3349 1417 enarravit.
3402 1363 3486 1418 Illi
3518 1381 3659 1418 vero

1998 1455 2064 1507 ut
2117 1451 2437 1507 audierunt
2510 1451 2639 1521 ejus
2714 1450 3175 1523 querimoniam,
3251 1452 3664 1507 misericordia

1996 1540 2145 1596 moti
2168 1556 2348 1613 super
2375 1556 2535 1606 eum,
2581 1539 2756 1594 fidele
2789 1540 2900 1594 sibi
2949 1540 3318 1609 adjutorium
3368 1540 3663 1611 promise-

1996 1632 2157 1695 runt,
2214 1627 2632 1700 optimumque
2677 1627 2997 1691 duxerunt,
3045 1632 3109 1683 ut
3157 1629 3385 1700 pascha
3428 1627 3665 1683 Domini

1925 1732 1966 1786 Β
1994 1733 2135 1775 cum
2167 1718 2251 1772 eis
2280 1716 2504 1773 ibidem
2545 1716 2870 1772 celebraret
2918 1718 3087 1787 (ωδ).
3142 1717 3314 1771 Filius
3365 1722 3564 1771 autem
3598 1719 3665 1769 ut

1995 1809 2111 1863 hoc
2160 1805 2407 1873 audivit,
2452 1805 2760 1861 nunciavit
2797 1805 2965 1875 regni
3014 1805 3384 1877 principibus
3436 1804 3663 1859 ibidem

1995 1894 2315 1953 convenire
2374 1899 2431 1950 et
2481 1893 2768 1967 placitum
2826 1910 2965 1948 cum
3029 1897 3195 1963 patre
3269 1893 3655 1955 habiturum;

1993 1985 2182 2042 movit
2209 1984 2532 2041 exercitum
2573 1999 2889 2051 magnum,
2936 1982 3097 2037 venit
3125 1982 3201 2037 ad
3254 1980 3658 2054 Aquasgrani,

1995 2071 2405 2148 praemisitque
2460 2070 2763 2144 quosdam
2837 2070 2911 2125 de
2970 2069 3230 2125 exercitu
3302 2070 3379 2124 ad
3434 2068 3663 2123 ﬂumen

1994 2162 2101 2236 qui
2130 2164 2375 2217 vocatur
2405 2163 2588 2227 Mosa,
2616 2162 2874 2231 pontum
2902 2157 3016 2213 sibi
3045 2158 3331 2230 optinere.
3369 2160 3488 2213 Hoc
3518 2172 3663 2212 vero

1995 2250 2309 2308 audientes
2338 2248 2442 2321 qui
2473 2247 2628 2320 patri
2658 2246 2949 2303 auxilium
2988 2246 3413 2317 promiserunt,
3448 2244 3698 2301 scilicet'

1994 2340 2155 2396 ﬁlius
2179 2338 2368 2405 ducis,
2400 2353 2473 2393 ex
2526 2337 2712 2392 altera
2740 2341 2906 2407 parte
2932 2335 3193 2390 ﬂuminis
3234 2340 3663 2393 convenerunt.

1998 2425 2319 2495 Instigante
2401 2423 2666 2489 diabolo,
2737 2423 2797 2478 in
2879 2439 3052 2478 cwna
3126 2421 3363 2478 Domini
3440 2436 3668 2495 magna

1996 2515 2189 2573 caedes
2215 2514 2369 2570 facta
2398 2518 2486 2569 est
2528 2514 2680 2568 inter
2706 2528 2847 2581 eos;
2898 2511 3069 2567 multi
3118 2512 3297 2567 etiam
3339 2526 3446 2583 per
3471 2526 3667 2564 emer-

1999 2607 2235 2662 sionem
2280 2602 2545 2659 fluminis
2574 2601 2894 2674 perierunt.
2933 2604 3048 2655 Rex
3092 2617 3248 2665 vero,
3284 2605 3348 2653 ut
3374 2596 3677 2669 comperit

1993 2697 2111 2753 hoc
2168 2694 2413 2759 factum,
2471 2691 2666 2749 timuit
2714 2707 2811 2747 me
2863 2690 3085 2746 inimici
3140 2690 3429 2744 irruerent
3486 2705 3670 2760 super

1994 2801 2154 2843 eum.
2183 2781 2506 2843 Declinavit
2533 2780 2693 2847 inde,
2728 2784 2783 2835 et
2824 2780 2900 2836 ad
2933 2778 3244 2835 castellum
3276 2781 3439 2832 Buna
3470 2778 3660 2847 venit,

1996 2874 2199 2945 ibique
2227 2875 2505 2927 sanctum
2534 2869 2785 2943 pascha,
2834 2872 3011 2941 prout
3056 2867 3266 2939 potuit,
3300 2864 3663 2923 caelebravit.

1998 2961 2219 3019 Deinde
2250 2977 2387 3016 vero
2418 2960 2617 3015 visum
2647 2962 2735 3013 est
2765 2959 2815 3013 ei
2847 2958 3009 3030 apud
3040 2956 3424 3025 \V‘angioncm
3468 2955 3671 3012 civita-

215 3064 362 3106 nem
392 3065 430 3105 a
480 3047 823 3104 Ruothardo
881 3045 1335 3121 archiepiscopo
1394 3052 1776 3122 acceperunt,
1836 3055 1891 3107 et
1930 3088 1970 3144 C
1999 3056 2120 3109 tem
2150 3049 2434 3123 placitum
2466 3048 2688 3104 habere
2732 3050 3156 3121 pentecosten;
3209 3045 3411 3117 ibique
3439 3044 3669 3101 Heinri-

210 3144 355 3214 post
404 3138 730 3195 missarum
774 3135 1139 3209 sollempnia
1177 3144 1411 3210 cuncta,
1460 3156 1597 3213 quae
1642 3155 1678 3195 a
1719 3144 1890 3211 patre

214 3227 513 3295 audierat,
571 3226 693 3284 ﬁlio
743 3231 801 3283 et
859 3225 1091 3282 cunctis
1141 3227 1513 3302 principibus
1566 3229 1886 3285 enarravit.

214 3319 489 3390 Cumque
511 3316 678 3388 regni
699 3316 1003 3389 principes
1024 3315 1139 3371 hoc
1168 3317 1893 3386 audissent,condixerant

216 3406 547 3465 convenire
575 3405 653 3461 ad
696 3405 1063 3476 Ingeleheim
1091 3408 1124 3460 2
1171 3406 1581 3464 Kalendarum
1609 3410 1738 3462 Jan.
1773 3407 1888 3463 Ibi-

214 3513 336 3571 que
367 3496 694 3569 imperator
722 3499 812 3551 est
858 3498 1271 3568 praesentatus.
1319 3499 1590 3566 Regnum
1622 3496 1744 3551 ﬁlio
1777 3501 1892 3552 tra-

216 3585 391 3655 didit,
425 3589 604 3658 atque
652 3582 928 3639 omnium
971 3581 1230 3654 pedibus
1257 3585 1631 3657 provolutus,
1678 3585 1888 3656 praeci-

216 3688 340 3746 pue
371 3670 663 3728 eardinali
689 3670 886 3742 legato
917 3669 1261 3742 apostolicae
1285 3671 1709 3740 sedis,veniam
1736 3673 1884 3741 (407)

218 3766 275 3818 et
324 3760 769 3818 absolutionem
815 3758 1006 3815 banni
1060 3759 1438 3831 precabatur,
1487 3759 1777 3817 conﬁtens
1825 3777 1887 3817 se

216 3850 414 3907 multo
442 3854 712 3921 tempore
742 3848 1313 3905 anathematizatum
1351 3866 1480 3906 esse
1510 3866 1546 3905 a
1588 3865 1748 3923 papa
1776 3850 1888 3905 Hil-

217 3937 548 4006 dibrando,
580 3941 638 3993 et
686 3937 902 4008 injuste
933 3953 1115 4009 super
1162 3953 1300 3993 eum
1339 3938 1713 3994 constituisse
1745 3940 1887 3994 Wie-

214 4028 459 4084 bertum
483 4041 734 4099 papam,
767 4030 825 4081 et
850 4025 974 4081 suis
1011 4026 1384 4098 temporibus
1413 4044 1541 4082 rem
1578 4026 1885 4100 publicam

172 4110 179 4115 ’
218 4115 404 4182 nimis
434 4130 566 4170 esse
591 4113 930 4183 turbatam;
964 4119 1022 4169 et
1072 4120 1304 4181 cuncta,
1338 4130 1475 4187 quae
1519 4114 1631 4171 sibi
1657 4115 1887 4186 objece-

215 4208 378 4275 rant,
409 4202 724 4259 confessus
769 4209 878 4273 est,
910 4207 1158 4276 excepto
1183 4205 1349 4276 quod
1395 4204 1557 4260 idola
1586 4220 1709 4259 non
1738 4205 1885 4261 ado-

219 4297 398 4350 raret.
447 4291 775 4349 Cardinalis
831 4297 1056 4359 autem,
1118 4292 1223 4364 qui
1272 4293 1576 4367 inopinate
1632 4293 1711 4349 ad
1758 4294 1885 4349 haec

220 4382 382 4439 facta
428 4386 802 4442 convenerat,
850 4380 1057 4437 dicens
1104 4396 1167 4437 se
1195 4382 1360 4438 nullo
1398 4383 1582 4438 modo
1610 4388 1733 4439 tam
1759 4399 1884 4439 ma-

223 4486 411 4542 gnam
458 4485 782 4542 personam
834 4469 1162 4542 suscipere,
1219 4474 1462 4542 propter
1493 4487 1674 4543 quem
1719 4473 1883 4526 tanta

222 4557 391 4615 mala
434 4558 496 4612 in
520 4560 644 4613 toto
690 4572 877 4627 regno
908 4561 1048 4613 sunt
1076 4562 1437 4629 perpetrata,
1487 4558 1602 4614 nisi
1628 4559 1887 4632 ipsemet

223 4646 593 4721 apostolicus
626 4648 951 4705 adveniret.
976 4648 1254 4721 Deposito
1300 4665 1440 4705 vero
1486 4653 1677 4725 patre,
1727 4648 1885 4703 ﬁlius

222 4737 589 4807 Mogontiam
631 4753 771 4793 cum
814 4736 986 4807 regni
1040 4735 1411 4809 principibus
1454 4737 1783 4804 revertitur,
1831 4741 1888 4792 et

224 4830 472 4899 propter
500 4824 725 4896 regalia
771 4825 1183 4881 Werinherum
1214 4827 1493 4881 comitem
1539 4828 1887 4881 Hamersten

223 4913 389 4969 misit
415 4918 473 4969 et
499 4913 939 4986 nequissimum
969 4912 1377 4983 Volcmarum,
1409 4914 1514 4985 qui
1559 4913 1667 4969 fuit
1694 4913 1889 4969 consi-

223 5001 431 5058 liarius
472 5002 658 5076 patris
708 5008 766 5058 et
808 5002 1085 5059 omnium
1133 5001 1421 5057 scelerum
1469 5003 1785 5069 conscius;
1832 5007 1889 5058 et

224 5093 289 5149 in
338 5091 541 5163 vigilia
591 5092 926 5165 epiphaniae
984 5108 1056 5148 ea
1095 5090 1304 5157 attulit,
1354 5097 1410 5149 et
1457 5109 1494 5149 a
1544 5093 1887 5149 Ruothardo

227 5181 683 5255 archiepiscopo
738 5187 796 5238 et
866 5182 1032 5239 omni
1091 5180 1248 5237 clero
1306 5186 1363 5237 et
1421 5182 1649 5255 populo
1700 5182 1888 5237 hono-

226 5271 393 5328 riﬁce
444 5270 890 5343 suscipiuntur;
940 5276 996 5327 et
1025 5286 1098 5327 ea
1124 5285 1327 5326 coram
1371 5271 1743 5344 principibus
1763 5270 1887 5326 ﬁlio

228 5360 489 5428 tradidit,
548 5360 629 5417 ita
676 5361 925 5417 dicens:
991 5383 1018 5411 «
1064 5359 1123 5416 Si
1175 5375 1298 5415 non
1348 5361 1541 5431 justus
1567 5360 1735 5429 regni
1784 5375 1888 5429 gu-

302 5485 449 5557 (406)
479 5485 786 5558 Heinricus
808 5484 1361 5558 usqueeminentior
1378 5486 1742 5555 suppleviex
1769 5486 1894 5542 An-

230 5558 461 5628 nalista
488 5557 772 5628 Saxone;
795 5558 859 5613 in
888 5557 1088 5613 codice
1099 5559 1236 5626 jam
1265 5557 1460 5614 deleta
1486 5561 1647 5617 sunt.

308 5627 461 5701 (407)
492 5629 587 5685 Ita
614 5627 800 5686 codex
826 5628 1164 5699 distinguit.

2002 3156 2142 3196 cum
2167 3138 2386 3194 ducem
2433 3137 2616 3193 rebus
2644 3136 2900 3208 publicis
2942 3135 3216 3208 privavit.
3269 3136 3436 3189 Pater
3466 3138 3669 3191 autem

2002 3245 2141 3285 cum
2169 3226 2391 3297 gaudio
2433 3240 2657 3295 magno
2708 3224 2925 3281 Leodio
2973 3224 3201 3295 pascha
3249 3221 3485 3276 Domini
3528 3238 3671 3279 cum

2001 3318 2124 3374 suis
2181 3315 2517 3385 celebravit,
2578 3318 2635 3370 et
2659 3318 2796 3387 post
2846 3318 3119 3369 sanctum
3178 3311 3405 3384 pascha
3451 3310 3669 3368 iterum

2002 3406 2311 3465 Coloniam
2378 3404 2728 3469 revertitur;
2808 3403 3087 3474 civesque
3158 3399 3238 3455 illi
3312 3416 3451 3453 cum
3504 3400 3671 3469 jura-

1999 3501 2203 3553 mento
2272 3495 2481 3550 urbem
2555 3493 2668 3548 sibi
2734 3491 3032 3548 custodire
3103 3489 3526 3563 promiserunt,
3596 3506 3667 3546 ac

1998 3584 2236 3651 deinde,
2284 3584 2433 3639 sicut
2480 3582 2636 3638 docti
2683 3581 2917 3637 fuerant
2974 3580 3051 3635 ab
3090 3596 3182 3646 eo,
3235 3578 3394 3633 intus
3438 3582 3495 3633 et
3523 3578 3667 3633 foris

1999 3692 2060 3730 se
2117 3674 2341 3747 optime
2390 3672 2623 3727 munire
2673 3675 2976 3742 ceperunt.
3034 3671 3151 3723 Rex
3192 3683 3352 3731 vero,
3411 3671 3472 3722 ut
3519 3667 3667 3723 vidit

1998 3762 2325 3820 versutiam
2378 3761 2562 3832 patris
2612 3763 2667 3815 et
2696 3759 3004 3831 antiquam
3050 3772 3322 3811 exercere
3372 3755 3665 3811 malitiam

1999 3853 2287 3908 adversus
2353 3866 2478 3904 rem
2558 3847 2866 3920 publicam
2935 3847 3102 3917 (409),
3169 3860 3462 3913 magnum
3524 3860 3665 3899 con-

1998 3938 2267 4011 gregavit
2314 3937 2640 3991 exercitum
2678 3935 2753 3989 de
2797 3932 2961 3989 omni
2989 3947 3197 4000 regno,
3231 3936 3288 3985 et
3334 3935 3469 4002 post
3509 3930 3663 3986 festi-

1998 4028 2242 4085 vitatem
2290 4030 2638 4081 sanctorum
2690 4023 2836 4077 Petri
2869 4027 2924 4077 et
2966 4020 3126 4076 Pauli
3168 4019 3245 4074 ad
3285 4023 3484 4091 partes
3514 4019 3663 4074 Con-

1996 4116 2253 4173 ﬂuentiae
2279 4114 2475 4169 venit:
2526 4111 2728 4183 ibique
2760 4110 3005 4165 collecto
3036 4107 3315 4174 exercitu,
3354 4105 3661 4163 Coloniam

1996 4206 2178 4267 venit,
2230 4218 2485 4274 eamque
2512 4199 2768 4256 obsedit.
2818 4198 3198 4255 Colonienses
3242 4212 3385 4252 vero
3423 4200 3487 4250 ut
3515 4194 3662 4251 boni

1997 4294 2213 4350 milites
2243 4292 2483 4346 stabant
2523 4287 2887 4362 impeterriti,
2949 4286 3171 4342 fortiter
3209 4284 3263 4340 ei
3300 4284 3659 4353 resistentes,

1997 4390 2053 4441 et
2095 4382 2523 4450 strenuissime,
2571 4380 2825 4453 qualiter
2872 4393 3187 4451 nunquam
3236 4380 3413 4432 antea
3452 4380 3541 4432 est
3575 4374 3662 4429 vi-

1996 4490 2151 4542 sum,
2184 4472 2577 4538 decertantes,
2606 4476 2663 4525 et
2686 4469 2937 4542 quidam
2968 4483 3156 4538 genus
3182 4465 3519 4531 hominum,
3553 4464 3660 4536 qui

1991 4566 2284 4618 vocantur
2341 4560 2613 4628 Gelduni,
2679 4574 2835 4631 quos
2886 4557 3010 4613 dux
3084 4554 3392 4609 Heinricus
3461 4553 3544 4608 eis
3595 4551 3659 4606 in

1994 4652 2283 4708 auxilium
2335 4650 2596 4717 miserat,
2648 4647 2759 4704 viri
2814 4645 3129 4703 bellatores
3182 4647 3239 4697 et
3288 4640 3553 4695 strennui
3602 4643 3659 4695 et

1993 4742 2173 4798 nimis
2225 4741 2383 4797 docti
2431 4740 2509 4796 ad
2553 4738 2778 4813 praelia.
2832 4735 3056 4791 Idcirco
3104 4731 3448 4787 ceciderunt
3486 4728 3659 4784 multi

1993 4830 2309 4899 vulnerati,
2362 4835 2418 4885 et
2445 4830 2603 4900 regis
2633 4826 2961 4884 excercitus
3002 4821 3249 4877 minime
3298 4820 3381 4875 eis
3421 4822 3657 4891 poterat

1994 4920 2338 4995 praevalere.
2372 4923 2640 4991 Cumque
2689 4932 2795 4990 per
2825 4919 2939 4970 tres
2982 4909 3358 4968 ebdomadas
3396 4907 3477 4963 ibi
3516 4907 3656 4961 resi-

1997 5012 2183 5082 deret,
2211 5016 2268 5066 et
2315 5009 2480 5065 nulla
2513 5023 2651 5079 spes
2687 5004 2799 5061 sibi
2827 4998 3174 5075 acquirendi
3213 5001 3386 5064 esset,
3433 4995 3659 5052 amovit

1998 5099 2322 5156 exercitum
2355 5096 2434 5151 ad
2467 5091 2862 5168 Aquasgrani.
2884 5093 3018 5146 Erat
3037 5088 3198 5143 enim
3228 5090 3383 5142 estas
3409 5099 3654 5153 magna,

1998 5188 2056 5240 et
2137 5199 2260 5255 prae
2343 5180 2529 5235 nimio
2612 5178 2796 5234 fetore
2869 5190 2991 5231 non
3062 5174 3294 5245 poterat
3365 5168 3657 5225 exercitus

2000 5268 2261 5343 amplius
2313 5266 2599 5323 sustinere
2646 5264 2939 5321 laborem.
2979 5260 3232 5331 Contigit
3273 5263 3475 5316 autem
3515 5255 3661 5313 inte-

1998 5360 2115 5416 rim
2158 5358 2582 5431 imperatorem
2614 5352 2833 5410 Leodio
2873 5355 3180 5420 egrotasse
3206 5369 3219 5418 ;
3247 5353 3304 5405 et
3332 5347 3657 5421 perductus

2077 5485 2220 5537 (40m
2252 5485 2347 5540 Ita
2378 5496 2591 5538 manus
2613 5479 2828 5550 prior;
2854 5478 3049 5533 altera
3080 5474 3465 5532 celebrarent.

2078 5588 2122 5629 χρ
2178 5574 2226 5629 .2;
2257 5558 2354 5613 Ita
2376 5553 2561 5611 codex
2585 5550 2919 5621 distinguit.
