4002 6186
191 192 283 245 507

903 192 989 247 ET
1025 173 1371 248 Langen
1406 188 1985 248 ASCHAFNABURG.
2026 190 2205 246 rus
2242 191 2521 246 ALTERA
2562 192 2886 248 GENUINA.

3480 199 3584 251 598

1149 317 1405 370 ANNAL.
1436 312 2100 371 HILDESHEIMENSES.
2131 316 2197 367 Α.
2244 317 2613 370 1110-1114.

185 400 381 458 tudine
400 416 542 458 eum
571 417 635 458 se
662 406 1049 475 excepturum
1077 402 1352 476 spondet,
1405 403 1454 459 si
1480 403 1608 477 ipse
1657 418 1719 458 se
1756 404 1825 457 ut
1859 400 1908 455 Α
1938 400 2111 466 cedit,
2141 407 2199 458 et
2224 401 2306 458 sic
2336 405 2588 460 Romam
2619 403 2946 460 honoriﬁce
2974 403 3165 461 redire
3207 406 3579 477 permittitur.

183 506 373 561 regem
403 490 784 559 catholicum,
835 494 903 547 ut
927 491 1207 547 aecclesim
1236 490 1426 548 ﬁlium
1455 496 1513 548 et
1549 491 1828 547 defenso-

182 595 319 647 rem,
350 583 416 635 ut
438 580 692 651 justiciie
720 585 1076 650 amatorem,
1110 584 1335 637 sanctae
1384 584 1666 638 Romanae
1700 578 1829 636 sedi

182 670 497 727 exhiberet.

248 763 404 824 1110,
435 760 562 816 ind.
589 765 643 816 2.
679 764 826 817 Non.
860 760 1045 817 Martii
1075 761 1346 833 synodus
1368 760 1627 832 gloriosa
1648 760 1709 816 in
1726 763 1831 817 La-

180 848 473 905 teranensi
511 848 799 913 aecclesia,
850 849 1206 922 prresidente
1236 851 1465 906 domno
1511 866 1674 923 papa
1720 852 1829 905 Pa-

179 938 372 995 schali.
408 939 765 997 celebratur.
794 940 1064 996 Praedicti
1093 940 1272 1011 legati
1300 940 1586 996 Leodium
1615 940 1693 995 ad
1736 956 1831 995 re-

179 1043 307 1097 gem
331 1028 599 1101 veniunt,
630 1045 990 1102 responsum
1018 1046 1192 1103 papae
1240 1030 1578 1086 referentes.
1612 1029 1698 1085 Ibi
1726 1045 1831 1085 rex

176 1116 394 1187 Anglici
446 1117 602 1188 regis
648 1118 836 1175 ﬁliam
879 1134 1172 1192 sponsam
1217 1118 1496 1190 suscepit,
1550 1134 1737 1191 quam
1766 1118 1828 1174 in

175 1207 397 1279 pascha
430 1207 597 1280 apud
617 1208 952 1279 Trajectum
981 1208 1146 1279 regio
1176 1224 1343 1264 more
1373 1207 1618 1264 dotavit.
1640 1211 1828 1281 Expe-

177 1295 313 1357 ὥϋο
340 1296 401 1353 in
434 1297 661 1354 Italiam
691 1298 770 1354 ab
800 1297 1092 1354 universis
1108 1298 1432 1354 occidentis
1457 1298 1828 1371 principibus

176 1380 417 1451 Trajecti
442 1382 838 1439 collaudatur.
856 1383 1023 1439 Circa
1051 1387 1082 1438 5
1116 1386 1243 1438 Non
1266 1386 1422 1447 Jun.,
1439 1382 1607 1438 stella
1622 1383 1828 1439 adulta

170 1469 291 1540 jam
306 1476 480 1527 nocte
502 1471 802 1544 apparuit,
818 1472 1020 1527 radios
1036 1472 1370 1527 admodum
1384 1471 1595 1543 longos
1616 1488 1825 1527 versus

175 1564 437 1616 austrum
464 1561 539 1617 de
582 1577 644 1618 se
672 1561 1011 1617 effundens.
1046 1562 1313 1634 Eclypsis
1359 1561 1515 1616 lunae
1545 1560 1701 1616 facta
1738 1565 1829 1616 est

172 1651 202 1704 2
257 1651 407 1705 Non.
464 1650 573 1707 Mai
625 1651 798 1722 (413).
864 1650 1021 1707 Slavi
1077 1651 1384 1720 regionem
1434 1649 1825 1719 Albianorum

1938 490 2117 558 Igitur
2156 508 2295 546 cum
2349 492 2756 549 cardinalibus
2801 493 3130 566 ceterisque
3186 495 3456 566 personis
3506 498 3587 554 ad

1937 578 2051 634 tale
2090 581 2405 649 negocium
2452 582 2651 652 dignis
2681 581 2757 638 de
2786 581 3235 639 consecratione
3264 583 3420 653 regis
3472 588 3586 641 tra-

1937 670 2074 723 ctat.
2106 669 2331 725 Statuta
2354 676 2552 726 autem
2580 670 2696 738 die,
2730 670 2949 726 scilicet
2975 670 3114 727 Idus
3142 670 3360 742 Aprilis
3383 672 3443 728 in
3474 689 3585 728 aec-

1936 754 2116 811 clesia
2151 755 2308 813 beati
2346 759 2492 814 Petri
2534 775 2735 829 regem
2780 759 3205 832 imperatorem
3253 766 3583 818 consecrat.

1939 848 2207 917 Cumque
2229 862 2421 918 usque
2450 848 2529 904 ad
2557 848 3129 907 communicandum
3159 849 3357 905 missae
3375 850 3589 906 solem-

1936 934 2134 1007 pnitas
2162 941 2320 991 esset
2342 936 2658 1007 celebrata,
2685 938 3045 1011 apostolicus
3070 938 3212 995 dato
3237 939 3471 995 silentio
3492 955 3583 994 re-

1937 1038 2075 1092 gem
2101 1023 2184 1079 sic
2206 1023 2557 1096 alloquitur:
2583 1027 2712 1081 Hoc
2737 1043 2949 1096 corpus
2976 1029 3213 1083 Domini
3234 1030 3425 1084 nostri
3441 1030 3586 1085 Jesu

1939 1112 2191 1183 Christi,
2204 1121 2413 1170 natum
2424 1130 2507 1184 ,ρας
2522 1116 2723 1171 Maria
2737 1117 2989 1186 virgine,
2999 1132 3239 1185 passum
3257 1134 3369 1187 pro
3390 1120 3587 1175 salute

1933 1204 2169 1272 generis
2201 1202 2473 1271 humani,
2502 1204 2577 1259 sit
2599 1205 2971 1272 conﬁrmatio
3003 1220 3153 1260 verae
3176 1208 3344 1274 pacis
3368 1214 3419 1262 et
3452 1222 3586 1263 con-

1936 1292 2155 1347 cordia:
2186 1293 2345 1348 inter
2372 1308 2464 1349 me
2491 1299 2543 1348 et
2569 1298 2642 1348 te.
2669 1295 2736 1347 Et
2760 1292 3290 1361 communicantes,
3332 1294 3585 1350 invicem

1935 1380 2186 1437 osculati
2217 1386 2373 1436 sunt.
2407 1384 2539 1437 Post
2570 1382 2697 1437 haec
2726 1381 3053 1454 imperator
3082 1381 3481 1453 apostolicum
3499 1400 3589 1438 re-

1936 1468 2046 1539 giis
2070 1469 2422 1524 muneribus
2452 1470 2659 1540 donat,
2676 1486 2714 1525 a
2733 1486 2856 1542 quo
2881 1475 3169 1542 tanquam
3189 1469 3348 1526 ﬁlius
3372 1486 3409 1526 a
3424 1475 3592 1543 patre

1936 1556 2227 1613 salutatus
2255 1557 2586 1613 dimittitur.
2632 1561 3017 1614 Pentecosten
3061 1561 3286 1615 Verone
3311 1559 3588 1615 celebrat.

1934 1652 1965 1701 7
2026 1645 2107 1701 1d.
2158 1646 2407 1715 Augusti
2458 1662 2598 1701 cum
2639 1646 3121 1719 frequentissimo
3165 1647 3593 1719 episcoporum

167 1735 531 1811 irrumpunt,
584 1738 910 1812 multisque
941 1739 1156 1796 occisis
1201 1743 1258 1796 et
1303 1739 1495 1812 captis
1552 1739 1824 1795 redeunt.
1866 1752 1907 1805 Β
1935 1734 2310 1807 aliorumque
2367 1734 2710 1807 principum
2765 1740 3065 1791 conventu
3121 1741 3354 1807 patrem
3412 1753 3591 1792 suum

167 1826 309 1884 Inde
357 1828 488 1884 dux
534 1829 842 1897 Liutgerus
886 1828 1183 1902 permotui
1230 1833 1447 1884 terram
1506 1828 1821 1885 Slavorum

160 1916 457 1975 hostiliter
486 1918 732 1986 invadit,
764 1919 1068 1988 regionem
1099 1918 1551 1991 praedabundus
1582 1934 1821 1991 peram-

158 2005 353 2077 bulat,
384 2022 611 2062 novem
640 2006 818 2062 urbes
844 2006 1192 2063 munitiores
1217 2012 1275 2063 et
1297 2006 1700 2079 opulentiores
1720 2023 1822 2064 ca-

159 2094 270 2165 pit,
292 2094 818 2168 obsidibusqueab
838 2095 981 2167 ipsis
1001 2096 1260 2169 acceptis
1271 2095 1459 2152 victor
1479 2096 1823 2153 redit.Circa

159 2184 641 2256 assumptionem
688 2189 908 2240 sanctae
956 2185 1145 2241 Mariae
1176 2201 1280 2242 rex
1319 2185 1484 2255 regio
1524 2191 1823 2258 apparatu

164 2272 393 2328 Italiam
420 2272 772 2342 ingreditur.
791 2275 1010 2330 Omnes
1032 2274 1295 2332 civitates
1324 2274 1586 2344 munitae,
1615 2276 1831 2332 omnia

172 2361 406 2418 castella
429 2361 555 2431 regi
586 2362 950 2418 subduntur.
1042 2360 1046 2365 ’

238 2455 393 2518 1111,
426 2450 551 2506 ind.
579 2454 632 2507 3.
678 2453 801 2507 Rex
826 2450 1092 2508 natalem
1122 2452 1360 2508 Domini
1388 2452 1553 2526 apud
1584 2452 1817 2510 Floren-

176 2538 309 2594 tiam
325 2533 606 2595 celebrat.
640 2540 771 2605 Quo
789 2544 1054 2612 peracto,
1076 2544 1115 2595 2
1136 2540 1275 2596 Idus
1306 2540 1609 2597 Februarii
1636 2544 1822 2598 Rome

175 2625 244 2681 ab
268 2626 602 2699 apostoli-:0
626 2626 953 2683 honoriﬁce
984 2628 1293 2701 excipitur.
1319 2628 1478 2685 Datis
1506 2634 1708 2685 autem
1738 2633 1831 2686 ut-

174 2713 393 2787 rimque
407 2714 749 2783 obsidibus,
766 2715 828 2771 in
844 2715 1112 2772 eecclesia
1130 2715 1295 2772 beati
1322 2717 1470 2773 Petri
1488 2717 1819 2783 consident,

178 2819 339 2876 super
367 2804 643 2875 negociis
683 2804 1121 2861 ecclesiasticis
1151 2806 1478 2861 tractaturi.
1511 2809 1665 2863 Dum
1693 2807 1823 2863 haec

176 2896 441 2963 aguntur,
460 2892 724 2948 factione
738 2892 1128 2965 quorundam
1150 2893 1441 2948 tumultus
1458 2893 1521 2950 in
1542 2894 1823 2952 ecclesia

176 2979 443 3048 gradibus
480 2980 696 3037 oritur.
743 2981 1141 3037 Vulnerantur
1168 2980 1395 3054 plures,
1424 2983 1677 3056 quidam
1703 2988 1822 3039 tru-

176 3067 1399 3185 ῨῬΪἿἮΪῈῩῨΪΫῘἪῙῗεέἔῗηῗῖῗθξὶῗῖἶω
1412 3071 1818 3185 itif???“
1860 3107 1900 3161 c
1929 3067 3083 3185 33713233555314,—Signiferum};

176 3159 533 3232 apostolicus
567 3176 708 3217 cum
744 3159 1160 3216 cardinalibus
1181 3160 1359 3231 regite
1408 3162 1693 3218 custodiae
1715 3162 1822 3219 de-

175 3252 412 3318 putatur.
475 3248 742 3305 Romani
803 3252 967 3305 trans
1022 3252 1271 3321 pontem
1325 3249 1480 3305 ultra
1545 3249 1821 3322 Tyberim

174 3335 488 3408 diffugiunt.
534 3338 760 3394 Eadem
788 3341 963 3394 nocte
1000 3341 1125 3394 tota
1174 3337 1380 3395 civitas
1410 3340 1821 3396 Lateranensis

174 3428 410 3484 tumultu
466 3426 699 3484 bellico
754 3427 1107 3483 concutitur.
1163 3429 1303 3484 Orto
1357 3444 1557 3500 mane,
1610 3430 1820 3486 erectis

175 3514 356 3586 signis,
386 3515 817 3575 Lateranensis
858 3515 1222 3573 unanimiter
1247 3531 1451 3586 regem
1477 3533 1550 3573 ex
1591 3518 1819 3592 impro-

174 3604 283 3661 viso
320 3607 650 3663 invadunt.
694 3604 1052 3661 Cubicularii
1098 3620 1244 3660 vero
1290 3606 1449 3675 regis
1476 3622 1651 3664 arma
1711 3624 1823 3664 :or-

172 3691 386 3767 ripiunt,
428 3692 811 3751 multitudini
863 3693 1107 3749 viriliter
1148 3692 1446 3750 resistunt.
1508 3698 1629 3752 Rex
1674 3713 1818 3753 vero

175 3786 221 3836 et
239 3784 385 3840 acies
408 3800 519 3841 sua
544 3784 680 3855 jam
705 3783 1133 3855 adaucta,quae
1157 3783 1325 3856 prius
1340 3799 1498 3853 rara,
1515 3786 1819 3843 venientes

180 3871 432 3929 audacter
469 3871 729 3942 invadit,
783 3876 1167 3928 occursantes
1210 3872 1431 3929 multos
1478 3874 1816 3943 obtruncat,

180 3963 380 4017 ceteros
410 3962 611 4031 fulgat
637 3979 653 4029 ;
684 3960 983 4033 plenaque
1008 3961 1256 4017 victoria
1283 3962 1531 4034 potitus,
1554 3964 1818 4020 adducto

183 4062 359 4106 secum
389 4048 731 4123 apostolico
757 4065 899 4105 eum
926 4048 1355 4117 cardinalibus,
1371 4066 1580 4106 versus
1604 4051 1818 4108 Albam

183 4136 450 4196 civitatem
484 4137 677 4196 tendit
709 4157 724 4207 ;
777 4143 977 4195 castra
1002 4138 1064 4194 in
1107 4138 1339 4211 campis
1370 4139 1502 4195 urbi
1534 4140 1819 4212 adjacen-

183 4224 316 4281 tibus
343 4228 487 4297 ﬁgit,
502 4228 617 4285 ubi
644 4243 752 4301 per
772 4232 957 4284 totam
974 4227 1505 4300 quadragesimam
1528 4234 1815 4287 moratur.

184 4312 262 4368 llis
287 4315 363 4374 ita
408 4318 619 4387 gestis,
650 4316 807 4386 regis
836 4316 1153 4389 optimates
1189 4316 1442 4389 quidam
1486 4319 1819 4375 communi-

183 4408 292 4460 cato
320 4407 590 4474 consilio,
623 4422 874 4480 papam,
900 4407 1006 4479 qui
1035 4406 1235 4465 adhuc
1259 4407 1321 4463 in
1351 4408 1627 4466 custodia
1654 4410 1818 4479 regia

180 4457 560 4567 ἀειίηᾶιξῐιῗιοζ
574 4457 1340 4564 ἀἕέιέιῖῖιέηέἷιὲιῖἵῶ-ᾈηι,
1362 4501 1429 4553 ut
1456 4457 1637 4570 super
1658 4457 1818 4569 r33};
1855 4457 1899 4511 θ

179 4583 401 4650 negocio
438 4586 647 4642 mitius
690 4589 849 4655 agat,
896 4584 977 4656 inj
986 4585 1149 4652 urite,
1201 4600 1248 4641 St
1285 4600 1475 4658 quam
1523 4586 1812 4644 adversus

180 4681 355 4739 regem
382 4674 611 4732 habeat
636 4673 1041 4741 obliviscatur,
1070 4674 1242 4731 fedus
1266 4691 1407 4732 cum
1434 4691 1574 4747 rege
1601 4676 1764 4734 ineat
1795 4696 1808 4745 ;

179 4759 313 4829 regis
338 4763 447 4820 sibi
475 4763 827 4821 ﬁdelitatem
854 4766 913 4820 et
939 4763 1369 4822 oboedientiam
1415 4770 1764 4838 proponunt
1793 4785 1807 4835 ;

182 4850 505 4910 omnimodo
534 4852 874 4921 sollicitant,
906 4856 969 4908 ut
993 4868 1130 4926 quae
1158 4853 1325 4926 pacis
1370 4857 1429 4910 et
1473 4855 1809 4912 concordiae

183 4941 318 5008 sunt,
346 4956 483 4997 cum
525 4941 895 5015 primoribus
936 4942 1106 5013 regni
1146 4942 1466 5015 disponere
1508 4943 1806 5014 dignetur.

183 5020 285 5080 Rex
308 5027 432 5100 ipse
460 5030 722 5102 pedibus
748 5030 879 5101 ejus
907 5030 1207 5088 humiliter
1230 5030 1540 5104 profusus,
1569 5033 1809 5091 veniam

184 5115 432 5186 postulat,
474 5118 906 5176 oboedientiam
953 5118 1230 5192 spondet,
1260 5119 1599 5178 dummodo
1643 5121 1699 5177 ei
1747 5121 1811 5179 in

185 5200 324 5270 regia
344 5211 631 5278 potestate
662 5209 797 5279 jure
827 5211 1274 5265 antecessorum
1303 5225 1555 5266 suorum
1603 5210 1808 5267 catho-

186 5283 407 5351 licorum
428 5311 642 5367 regum
668 5297 754 5354 uti
799 5296 1108 5354 concedat.
1162 5297 1375 5371 Sicque
1404 5299 1607 5372 sepius
1640 5299 1811 5358 dom-

186 5388 312 5435 num
337 5396 581 5457 papam,
613 5390 675 5443 ut
701 5386 887 5444 animi
914 5387 1174 5457 rigorem
1198 5387 1631 5461 aliquantisper
1667 5392 1812 5446 tem-

189 5475 412 5540 peraret,
456 5475 848 5549 attemptavit.
900 5476 1167 5533 Tandem
1230 5492 1395 5550 papa
1441 5476 1697 5533 vincitur
1755 5481 1813 5534 et

246 5644 380 5722 (413)
407 5651 516 5710 lui
541 5653 780 5729 reliqua
807 5656 1059 5715 abscisa.
1110 5654 1245 5715 lati
1271 5654 1600 5714 Annalista
1626 5653 1807 5714 Saxo.

1930 1823 2097 1894 regio
2127 1839 2294 1880 more
2330 1823 2495 1895 Spire
2526 1823 2753 1896 sepelit.

2002 1932 2065 1986 In
2097 1930 2511 2004 assumptione
2542 1936 2763 1987 sanctae
2794 1930 2985 1987 Mariae
3015 1930 3180 2003 apud
3226 1932 3586 2001 Mogontiam

1929 2020 2303 2089 Adelbertus,
2336 2020 2607 2075 omnium
2639 2019 3129 2075 cancellariorum
3154 2020 3259 2093 qui
3288 2025 3425 2077 ante
3445 2037 3586 2077 eum

1929 2110 2163 2166 fuerant
2191 2110 2251 2165 in
2280 2108 2421 2165 aula
2448 2109 2603 2179 regis
2624 2108 3067 2178 celeberrimus,
3090 2115 3381 2181 praesente
3401 2109 3585 2183 impe-

1929 2203 2123 2255 ratore
2152 2202 2209 2255 et
2239 2198 2664 2265 consentiente,
2688 2197 2958 2253 unanimi
2991 2198 3272 2254 {ecclesiae
3301 2198 3585 2256 electione

1928 2287 2347 2359 Mongontinus
2371 2288 2857 2360 archiepiscopus
2876 2286 3270 2343 constituitur.
3286 2287 3585 2344 Palatinus

1929 2393 2132 2433 comes
2162 2376 2412 2434 Sifridus
2442 2375 2690 2443 solutus,
2720 2375 2934 2431 honori
2963 2391 3072 2431 suo
3098 2376 3439 2433 restituitur.

2005 2487 2161 2540 Ilt2.
2192 2483 2521 2555 Imperator
2553 2481 2813 2538 natalem
2867 2481 3101 2537 Domini
3130 2482 3410 2539 Goslariae
3442 2484 3587 2541 cele-

1929 2572 2084 2630 brat.
2137 2569 2439 2627 Dissensio
2489 2570 2745 2640 Liutgeri
2787 2574 2844 2625 et
2890 2569 3256 2626 marchionis
3312 2572 3587 2628 Roudolﬁ

1930 2678 2071 2718 cum
2099 2660 2482 2733 imperatore.
2527 2659 2691 2714 Unde
2723 2657 3085 2732 principium
3134 2658 3425 2715 sententia
3451 2660 3589 2716 utri-

1930 2767 2049 2825 que
2099 2750 2530 2823 dampnantur.
2586 2750 2846 2803 Ducatus
2890 2746 3086 2803 Ottoni
3128 2747 3203 2803 de
3254 2746 3589 2805 Ballenstad

1930 2839 2339 2906 committitur,
2371 2837 2643 2895 marchia
2687 2836 2969 2911 Elperico.
3005 2840 3333 2913 Imperator
3365 2836 3588 2899 Saltwi-

1930 2930 2062 2988 dele
2089 2928 2345 2996 obsidet,
2385 2927 2497 3002 ipsi
2529 2943 2651 2983 non
2681 2926 2879 2998 longe,
2924 2944 3063 2984 cum
3090 2927 3448 3001 imperatore
3478 2943 3588 3007 pu-

1933 3019 2190 3093 gnaturi,
2224 3034 2363 3073 cum
2393 3016 2655 3073 exercitu
2686 3017 3077 3075 manent.Sed
3108 3017 3319 3074 bellica
3344 3017 3588 3077 tandem

3113 3108 3301 3180 gratia
3330 3107 3584 3182 impera-

1930 3200 2073 3256 toris
2132 3200 2400 3254 utuntur.
2459 3195 2812 3252 Adelbertus
2875 3197 3310 3266 Mogonciensis
3366 3198 3586 3263 electus

1928 3284 2107 3355 regia:
2136 3284 2424 3341 custodiae
2450 3283 2848 3359 mancipatur.

2004 3405 2159 3457 1113.
2190 3399 2589 3474 Reynhardus
2620 3399 2940 3473 episcopus
2970 3398 3500 3470 Halberstadensis,
3533 3403 3595 3463 et

1928 3488 2280 3561 Wicbertus,
2300 3488 2664 3546 inﬁdelitatis
2687 3488 2852 3564 apud
2876 3489 3301 3563 imperatorem
3322 3489 3589 3553 secundo

1927 3581 2307 3637 denotantur.
2364 3582 2690 3652 Imperator
2719 3578 2965 3637 absente
3007 3579 3295 3654 episcopo
3344 3578 3586 3639 Halver—

1928 3669 2061 3727 stad
2089 3669 2252 3725 venit
2286 3686 2299 3736 ;
2342 3668 2735 3726 Horncburch
2767 3668 3019 3726 obsidet.
3068 3670 3395 3743 Episcopus
3442 3685 3586 3728 vero

1928 3763 1986 3816 et
2014 3757 2315 3816 Palatinus
2355 3774 2559 3814 comes
2604 3758 2870 3826 Sifridus,
2904 3759 3229 3817 Wicbertus
3275 3764 3332 3816 et
3379 3776 3584 3816 comes

1928 3848 2326 3917 Lothowicus,
2381 3864 2522 3904 cum
2574 3847 2934 3922 imperatore
2990 3848 3313 3919 pugnaturi
3377 3849 3584 3905 castris

1925 3937 2076 3992 haut
2098 3936 2277 4007 longe
2305 3935 2439 3992 ﬁxis
2470 3940 2736 4004 manent;
2770 3940 2855 3990 set
2884 3934 3185 3991 deditione
3208 3934 3372 3989 urbis
3402 3935 3582 4005 facta,

1926 4026 2161 4100 ipsique
2218 4025 2505 4098 episcopo
2557 4024 2653 4080 die
2705 4028 2947 4093 statuta,
2998 4027 3064 4081 ut
3116 4038 3199 4092 se,
3257 4022 3306 4078 si
3356 4027 3582 4096 posset,

1927 4116 2002 4171 de
2049 4113 2298 4186 objectis
2343 4117 2673 4179 excusaret,
2726 4112 2974 4169 bellicus
3020 4111 3117 4168 ille
3172 4112 3462 4169 tumultus
3492 4129 3585 4170 so-

1926 4206 2087 4262 lutus
2134 4207 2240 4261 est.
2276 4206 2606 4276 Imperator
2646 4218 2791 4260 vero
2830 4217 3042 4259 versus
3073 4203 3341 4261 Rhenum
3394 4203 3578 4265 vadit.

1926 4298 2081 4351 Dum
2123 4295 2252 4349 haec
2292 4295 2574 4364 aguntur,
2599 4290 2924 4349 Wicbertus
2980 4292 3059 4348 ab
3085 4292 3293 4350 amicis
3320 4293 3579 4368 impera-

1927 4384 2071 4441 toris
2100 4384 2350 4457 capitur.
2401 4381 2648 4439 Sifridus
2690 4381 2990 4440 Palatinus
3038 4399 3239 4445 comes
3269 4384 3576 4443 occiditur.

1925 4474 2067 4537 Quae
2094 4490 2189 4531 res
2217 4471 2563 4547 imperatori
2590 4487 2714 4530 non
2745 4472 3049 4535 modicam
3074 4472 3347 4535 laeticiam
3368 4478 3577 4533 contu-

1923 4563 2007 4620 lit.
2026 4567 2351 4639 Imperator
2375 4561 2703 4619 Wormacie
2733 4563 2961 4635 pascha
2990 4562 3267 4621 celebrat.
3282 4565 3364 4619 Eo
3384 4561 3576 4618 addu-

1920 4653 2070 4710 citur
2116 4653 2435 4729 episcopus
2482 4651 2894 4722 Mogontinus;
2935 4651 3188 4708 Triveles
3234 4650 3579 4722 imperatori

1918 4742 2215 4812 redditur;
2247 4741 2449 4799 denuo
2469 4740 2756 4799 custodiae
2786 4741 3181 4813 mancipatur.
3200 4741 3336 4795 Post
3350 4738 3579 4810 pascha

1920 4829 2248 4904 imperator
2274 4829 2607 4887 Goslariam
2639 4828 3014 4899 regreditur;
3038 4825 3434 4898 Reynhardus
3456 4827 3577 4899 epis

1917 4935 2136 4993 scopus
2163 4920 2503 4979 interventu
2531 4918 2874 4991 principum
2905 4916 3160 4987 gratiam
3196 4914 3576 4989 imperatoris

1918 5008 2146 5067 obtinet
2174 5029 2188 5078 ;
2220 5007 2612 5067 Horneburch
2639 5009 3076 5067 concrematur.

1991 5128 2150 5180 1114.
2177 5126 2508 5196 Imperator
2533 5120 2796 5177 natalem
2826 5118 3064 5176 Domini
3107 5118 3454 5191 Bavenberg
3477 5137 3572 5189 ce—

1916 5212 2128 5269 lebrat.
2162 5212 2357 5268 Altera
2386 5212 2482 5267 die
2504 5213 2643 5283 post
2664 5208 3056 5282 epiphaniam
3095 5207 3353 5266 collectis
3390 5212 3571 5269 totius

1917 5300 2087 5370 regni
2113 5298 2507 5372 principibus,
2539 5297 2780 5370 nuptias
2809 5297 2945 5353 ﬁliae
2973 5298 3129 5369 regis
3159 5300 3384 5370 Anglici
3433 5318 3571 5360 cum

1917 5388 2144 5460 ingenti
2173 5387 2363 5458 gloria
2391 5392 2792 5457 consummat,
2820 5387 3030 5461 quales
3060 5393 3197 5447 ante
3222 5406 3362 5448 eum
3390 5407 3571 5449 nemo

1918 5493 2121 5535 rerum
2140 5476 2323 5547 longo
2338 5491 2412 5532 ex
2437 5479 2703 5549 tempore
2733 5475 3049 5551 disposuit.
3065 5477 3151 5535 Ibi
3170 5478 3569 5551 Lothowicus,
