4002 6186
359 202 460 254 599

1266 189 1524 245 ANNAL.
1566 183 2007 242 HILDESHEIM.
2050 182 2446 254 QUEDLINB.,
2486 183 2868 241 WEISSEMB.

3663 176 3778 232 600

1351 315 1603 369 ANNAL.
1648 308 2304 367 HILDESHEIMENSES.
2346 314 2411 365 Α.
2458 312 2778 364 1115-1121.

347 411 450 485 qui
478 425 539 464 se
591 405 842 479 putabat
886 403 1037 458 bene
1080 402 1141 458 in
1185 401 1374 472 gratia
1412 399 1789 474 imperatoris
1847 414 1998 467 esse,
2038 400 2084 452 Α
2116 403 2302 455 motu.
2338 398 2578 471 Repleto
2604 401 2804 453 autem
2832 396 2965 468 ipso
3006 395 3215 467 hyatn,
3247 393 3381 450 licet
3410 396 3546 466 post
3581 390 3781 448 multa

344 500 517 569 jussu
547 496 677 564 ejus
710 491 1239 564 comprehenditur
1275 495 1331 545 et
1368 490 1653 545 custodite
1702 487 2010 558 mancipa-

349 592 460 641 tur.
495 586 633 649 Quae
660 596 753 636 res
784 579 1006 635 multos
1041 580 1381 652 principum
1413 583 1624 634 contra
1645 592 1845 645 regem
1876 590 2013 629 exa-o

348 672 486 729 cuit.
520 670 647 726 Udo
682 668 1205 725 Hildesheimensis
1237 668 1561 740 episcopus
1591 664 1755 720 obiit.

422 762 580 815 1115.
637 760 964 828 Imperator
1012 755 1276 811 natalem
1330 753 1562 810 Domini
1602 751 1886 808 Goslariae
1920 766 2010 806 ce-

349 847 544 904 lebrat
611 844 754 901 Duci
813 844 1107 915 Liutgero,
1176 843 1461 916 episcopo
1510 837 2011 902 Halverstadensi,

348 934 619 992 Palatino
645 932 846 989 comiti
877 931 1213 1000 Fritherico,
1247 929 1583 987 marchioni
1610 926 1925 994 Roudolfo,
1951 927 2017 981 ut

356 1024 535 1081 curiae
567 1023 707 1080 huic
733 1021 1022 1089 intersint,
1058 1021 1251 1077 edicit.
1287 1024 1413 1076 Non
1441 1018 1690 1075 veniunt
1717 1034 1730 1072 :
1778 1016 1841 1072 in
1870 1030 2018 1088 pras-

358 1112 510 1169 sidio
555 1110 792 1168 interim
844 1109 1108 1166 Walbike
1157 1111 1627 1166 commorantur.
1691 1107 2018 1178 Imperator

363 1200 741 1258 Bruneswich
766 1203 1043 1270 occupat,
1072 1197 1422 1255 Halverstad
1453 1196 1747 1253 devastat.
1782 1193 2020 1264 Orlage-

364 1290 635 1347 munden
661 1288 738 1343 ab
770 1286 978 1344 amicis
1008 1287 1137 1358 ejus
1161 1285 1474 1343 obsidione
1502 1284 1778 1340 vallatur.
1804 1284 2022 1338 Contra

361 1395 516 1452 quos
564 1378 687 1433 dux
720 1376 1029 1446 Liutgerus
1059 1381 1116 1431 ct
1169 1374 1468 1448 principes
1496 1371 1782 1447 praedicti,
1810 1370 2022 1442 adjun-

364 1467 471 1523 ctis
531 1464 644 1521 sibi
702 1464 1016 1521 Fritherico
1073 1462 1287 1519 comite
1344 1460 1673 1526 Westfaliae,
1730 1457 2022 1530 Heynrico

365 1554 546 1611 fratre
593 1570 724 1625 suo,
780 1552 1092 1608 Heinricho
1140 1551 1215 1606 de
1271 1549 1628 1617 Lindburch,
1662 1547 2022 1604 Herimanno

366 1644 441 1700 de
474 1642 785 1712 Cavelage,
818 1642 1089 1698 tendunt.
1140 1644 1466 1712 Imperator
1502 1654 1643 1693 vero
1686 1636 1770 1693 eis
1798 1636 1862 1692 in
1889 1635 2024 1691 loco

368 1732 473 1807 qui
526 1731 760 1787 dicitur.
822 1729 1181 1803 Welpcsholt
1213 1730 1355 1801 (414)
1402 1727 1677 1795 occurrit,
1740 1726 1943 1798 ibique
1992 1728 2023 1781 3

2120 488 2404 543 horarum
2435 488 2660 561 spacia,
2699 485 2870 541 solito
2914 484 3140 540 ﬂuebat
3167 483 3363 556 lapsu.
3396 481 3599 537 Abbas
3641 482 3782 536 Cor-

2119 576 2376 632 beiensis
2407 574 2845 631 Erkembaldus
2894 572 3220 647 pluresque
3249 572 3323 627 de
3355 569 3616 627 Saxonia
3655 568 3782 623 Ihe-

2120 664 2492 736 rosolymam
2521 663 2769 719 vadunt.
2828 661 3034 717 Paucis
3066 665 3202 716 ante
3251 658 3514 715 natalem
3541 655 3781 713 Domini

2121 753 2333 808 diebus
2355 752 2575 808 cmlum
2605 756 2741 824 post
2765 749 2904 805 solis
2921 736 3204 805 occasum
3234 748 3409 817 igneo
3434 744 3634 801 colore
3662 744 3783 800 late

2122 841 2507 915 resplenduit,
2539 856 2648 896 nec
2687 840 2864 909 longe
2890 844 3026 912 post
3052 838 3227 911 quasi
3256 836 3461 893 radius
3490 834 3633 891 solis
3664 834 3784 891 late

2124 932 2384 1001 emicuit,
2416 931 2559 987 luna
2606 946 2849 1003 quoque
2904 927 3233 1002 prodigiale
3276 925 3645 983 intuentibus
3702 924 3786 979 si-

2126 1036 2315 1090 gnum
2341 1019 2542 1076 edidit.

2201 1113 2355 1165 HIS.
2386 1112 2654 1165 Domnus
2681 1123 2844 1181 papa
2866 1106 3167 1164 Paschalis
3198 1105 3439 1161 feliciter
3468 1104 3546 1161 ad
3581 1104 3786 1160 Domi-

2127 1215 2274 1255 num
2304 1197 2602 1268 migravit.
2639 1198 2959 1253 Successor
2976 1196 3027 1252 ei
3044 1195 3280 1265 eligitur
3307 1192 3789 1265 Joannes,ipsius

2128 1293 2303 1346 antea
2360 1286 2770 1356 cancellarius,
2830 1285 2934 1359 qui
2992 1290 3047 1341 et
3107 1284 3373 1344 Gelasius
3425 1283 3620 1338 dictus
3672 1286 3789 1339 est.

2129 1379 2458 1452 Imperator
2482 1392 2624 1432 vero
2654 1375 2841 1431 alium
2881 1379 3179 1445 surrogat,
3208 1376 3605 1429 Bacarensem
3636 1372 3790 1441 (417)

2130 1466 2347 1525 scilicet
2386 1465 2761 1540 episcopum,
2789 1481 2972 1538 quem
3020 1464 3368 1533 Gregorium
3401 1464 3790 1518 vocaverlmt.

2132 1559 2260 1623 Quo
2301 1555 2481 1624 facto,
2536 1554 2838 1610 Iohannes
2906 1552 3126 1609 electus
3183 1550 3549 1624 apostolicus
3610 1552 3795 1606 Bene-

2131 1649 2377 1701 ventum
2426 1642 2689 1699 secedit:
2748 1642 3171 1715 imperatorem
3225 1656 3361 1696 cum
3411 1638 3598 1712 ydolo
3656 1653 3789 1706 suo,

2132 1768 2202 1777 —
2248 1733 2363 1790 hoc
2419 1732 2580 1788 enim
2615 1731 2878 1797 nomine,
2930 1746 3114 1804 quem
3167 1730 3295 1802 ipse
3348 1727 3653 1784 substituit
3692 1743 3794 1783 vo-

370 1822 509 1879 ldus
549 1819 850 1877 Februarii
876 1800 1090 1875 acriter
1120 1800 1259 1874 cum
1312 1834 1383 1873 eo
1431 1815 1920 1887 congrediuntur,
1974 1818 2031 1871 et
2066 1800 2108 1855 Β
2137 1828 2305 1882 catus
2360 1826 2467 1889 est,
2513 1854 2581 1862 _
2610 1800 3105 1893 omnesque'huic
3147 1800 3305 1891 parti
3356 1817 3795 1873 consentientes

369 1910 612 1967 victoria
642 1909 821 1981 plena
850 1909 997 1979 (415)
1026 1908 1351 1980 potiuntur.
1390 1911 1450 1961 In
1478 1905 1781 1962 nativitate
1812 1908 2030 1961 sanctae

370 1998 563 2057 Mariae
588 1997 1005 2067 Theodericus,
1036 2001 1257 2051 sanctae
1282 1999 1564 2051 Romanae
1595 1993 1875 2050 ecclesiae
1905 2009 2031 2050 car-

372 2086 589 2144 dinalis
620 2088 953 2159 presbyter,
987 2102 1128 2140 cum
1160 2085 1456 2157 frequenti
1484 2083 1755 2141 Saxoniae
1813 2082 2031 2156 princi-

375 2192 526 2249 pum
557 2178 858 2232 conventu
905 2173 1235 2229 Goslariam
1296 2173 1474 2244 venit,
1533 2176 1590 2228 et
1616 2171 1900 2244 quaedam
1958 2171 2033 2227 de

375 2263 805 2322 aecclesiasticis
824 2261 1088 2334 negociis
1115 2261 1278 2318 utilia
1294 2261 1801 2317 disseruit.Paucis
1821 2260 2035 2317 diebus

375 2353 695 2425 interjectis
724 2352 884 2408 idem
928 2356 1065 2408 ante
1109 2350 1327 2408 festum
1366 2350 1641 2406 omnium
1686 2355 2035 2406 sanctorum

377 2441 669 2500 Frideslar
699 2439 1083 2509 conveniunt,
1136 2456 1269 2512 quae
1318 2439 1398 2495 ad
1439 2440 1735 2495 honorem
1762 2438 1933 2508 regni
1980 2441 2039 2494 et

374 2531 687 2589 utilitatem
735 2533 894 2600 sunt,
943 2530 1268 2585 tractaturi.
1325 2528 1446 2584 Sub
1499 2528 1709 2584 eodem
1772 2532 2037 2600 tcmpore

374 2623 702 2695 imperator
732 2619 1094 2691 Mogontiam
1139 2618 1317 2684 venit,
1350 2635 1489 2674 cum
1538 2618 1736 2674 subito
1764 2617 2037 2689 ejusdem

378 2711 545 2768 urbis
603 2709 876 2777 familia;
936 2712 1060 2765 tam
1116 2707 1369 2774 nobiles,
1431 2712 1552 2763 tam
1597 2706 2036 2778 ministeriales,

380 2801 582 2875 ipsum
613 2800 858 2867 adeunt,
903 2802 1096 2869 orant,
1133 2796 1211 2852 ad
1267 2812 1446 2852 omne
1504 2796 1808 2852 servitium
1861 2812 2039 2852 suum

378 2887 762 2945 fidelissimos
779 2902 841 2942 se
863 2885 1087 2942 amodo
1103 2884 1476 2958 promittunt,
1495 2885 1643 2940 dum
1663 2884 2037 2958 episcopum,

379 2991 564 3049 quem
616 2976 746 3046 jam
802 2974 1057 3031 triennio
1114 2977 1357 3047 captum
1407 2972 1616 3041 tenuit,
1666 2972 1750 3029 eis
1806 2973 2038 3030 reddat.

2138 1911 2693 1971 excommunicavit.
2736 1908 3055 1979 Mogontini
3085 1906 3514 1981 archiepiscopi
3556 1906 3791 1974 milites,

2140 2016 2461 2073 comesque
2508 2003 2916 2056 Heremannus
2967 1996 3320 2070 praesidium
3372 1995 3543 2052 ducis
3606 1994 3797 2050 Fride-

2138 2091 2242 2149 rici
2281 2091 2340 2147 in
2373 2088 2745 2163 Oppenheim
2771 2087 3033 2154 diruunt,
3067 2090 3470 2151 concremant,
3500 2083 3797 2157 multique

2141 2180 2264 2252 igni
2308 2176 2603 2250 assumpti
2661 2181 2820 2232 sunt.
2878 2175 3276 2232 Baldcwimus
3329 2190 3431 2230 rex
3488 2171 3800 2229 Iherosoli-

2142 2269 2404 2327 mitanus
2470 2270 2605 2340 post
2676 2264 2895 2320 multos
2950 2280 3061 2337 pro
3131 2263 3456 2319 Christiana
3503 2260 3799 2330 religione

2142 2357 2379 2415 labores
2438 2353 2707 2420 moritur,
2754 2357 2811 2408 et
2856 2352 3027 2423 juxta
3070 2351 3312 2408 fratrem
3372 2367 3548 2406 suum
3607 2348 3800 2405 Gode—

2144 2445 2366 2503 fridum
2447 2441 2744 2516 sepelitur.
2832 2439 3328 2496 Iherosolimitani
3400 2438 3589 2495 alium
3669 2435 3800 2493 Bai-

2145 2534 2472 2599 dewinum,
2523 2535 2802 2604 nepotem
2851 2546 3049 2597 suum,
3083 2529 3140 2584 in
3197 2528 3396 2585 locum
3428 2529 3560 2600 ejus
3590 2526 3804 2583 substi-

2145 2626 2341 2680 tuunt.

2222 2715 2378 2767 1119.
2433 2712 2701 2766 Domnus
2751 2707 3115 2781 apostolicus
3173 2706 3436 2765 Gelasius
3494 2703 3807 2777 synodum

2147 2801 2207 2857 in
2240 2799 2484 2857 Francia
2505 2799 2929 2868 celebraturus,
2959 2798 3123 2870 apud
3151 2796 3500 2853 Cluniacum
3527 2794 3808 2856 moritur.

2147 2890 2350 2963 ibique
2396 2888 2693 2962 sepelitur.
2728 2886 2833 2945 Cui
2863 2886 3347 2959 archiepiscopus
3398 2885 3663 2950 Viennae,
3723 2883 3813 2937 vir

2150 2978 2485 3057 religiosus,
2530 2977 2811 3045 succedit,
2852 2976 3104 3033 Kalistus
3160 2975 3424 3032 nomine.
3479 2978 3814 3047 Imperator

381 3063 649 3120 Tandem
679 3061 958 3135 precibus
1005 3077 1215 3119 eorum
1243 3061 1456 3133 victus,
1488 3066 1616 3119 tum
1659 3061 1839 3118 etiam
1866 3060 2045 3135 quasi
2151 3074 2209 3125 et
2254 3068 2553 3141 principes
2603 3066 2770 3137 regni
2807 3066 2868 3122 in
2925 3065 3234 3122 festivitate
3288 3064 3480 3121 sancti
3518 3062 3810 3119 Johannis

380 3152 437 3209 vi
468 3167 578 3225 pro
619 3151 904 3226 temporis
935 3150 1185 3210 articulo
1230 3154 1498 3220 coactus,
1552 3150 1906 3225 episcopum
1954 3151 2041 3208 eis
2080 3156 2121 3212 C
2150 3158 2423 3231 Baptistae
2473 3156 2857 3226 conveniunt,
2888 3160 2947 3211 et
3000 3155 3060 3210 in
3100 3154 3490 3211 concordiam
3534 3152 3805 3218 redeunt,

381 3240 661 3300 reddidit.

457 3336 616 3389 1116.
648 3330 1045 3390 Theodericus
1097 3330 1419 3387 cardinalis
1474 3330 1747 3401 moritur,
1783 3330 2043 3388 Colonias

385 3421 687 3495 sepelitur,
743 3420 1082 3479 astantibus
1130 3419 1431 3492 episcopis
1478 3423 1542 3475 14
1598 3436 1737 3476 cum
1768 3419 2042 3491 Liutgero

382 3510 535 3566 duce
586 3508 911 3581 multisque
977 3507 1108 3564 aliis
1166 3506 1559 3580 principibus.
1621 3512 1685 3563 In
1738 3508 2042 3565 nativitate

384 3596 575 3653 sancti
607 3596 891 3664 Stephani
929 3594 1303 3664 Mogontinus
1348 3594 1568 3651 electus
1598 3594 1676 3651 ab
1707 3597 1916 3653 Ottone
1946 3613 2043 3653 ve-

384 3683 638 3740 nerabili
667 3682 1145 3754 Bavenbergensi
1175 3684 1458 3756 episcopo
1488 3683 1817 3741 ordinatur.
1833 3688 2045 3758 Magna

385 3771 537 3829 aeris
567 3770 924 3845 inequalitas
952 3770 1111 3828 facta
1139 3776 1245 3827 est.
1281 3770 1446 3829 Circa
1498 3773 1761 3830 natalem
1809 3775 2045 3831 Domini

382 3860 530 3918 luna
561 3859 717 3917 clare
744 3859 1025 3931 fulgente,
1054 3860 1172 3916 alia
1200 3863 1332 3917 orta
1359 3865 1447 3917 est
1471 3861 1549 3918 ab
1574 3861 1899 3921 occidente.
1916 3865 2046 3929 Qua

385 3949 490 4006 diu
519 3966 660 4006 cum
701 3948 958 4006 naturali
984 3948 1131 4005 luna
1175 3964 1516 4019 congressa,
1550 3950 1733 4007 modo
1763 3953 2042 4020 assultus,

385 4038 571 4095 modo
597 4038 805 4108 fugam
826 4039 1095 4113 utrisque
1125 4038 1568 4109 simulantibus,
1615 4039 2047 4099 obscurissima

385 4129 632 4185 tandem
663 4128 845 4184 nubta
871 4133 1036 4185 tectae
1077 4134 1217 4186 sunt
1244 4147 1256 4184 :
1289 4146 1413 4203 qua
1442 4131 1772 4199 recedente,
1805 4136 2048 4188 natura-

387 4213 460 4270 lis
487 4215 634 4271 luna
662 4215 792 4271 sola
816 4216 1102 4286 fulgebat.
1139 4218 1355 4275 Similis
1384 4235 1628 4293 quoque
1659 4220 1969 4277 conﬂictus
1985 4221 2045 4276 in

392 4301 579 4359 stellis
609 4302 774 4359 visus
801 4309 909 4361 est.

466 4396 623 4447 1117.
674 4392 740 4447 In
769 4397 983 4449 octava
1033 4395 1226 4451 sancti
1252 4397 1497 4453 Joannis
1529 4400 1902 4469 evangelist
1930 4399 2046 4456 late

2147 3248 2230 3304 ita
2260 3251 2485 3316 tamen,
2531 3250 2597 3301 ut
2624 3245 2822 3302 omnis
2867 3260 3055 3301 causa
3079 3260 3216 3317 quae
3267 3244 3560 3300 hactenus
3603 3241 3811 3297 eccle-

2150 3338 2301 3395 siam
2328 3336 2771 3393 disturbaverat
2798 3338 2854 3390 et
2877 3334 3030 3390 inter
3044 3333 3468 3391 eos-formitem
3488 3330 3808 3388 discordia

2148 3428 2610 3494 ministraverat,
2661 3424 2720 3480 in
2786 3424 3171 3496 praesentiam
3226 3422 3437 3480 domni
3494 3418 3808 3494 apostolici

2152 3515 2350 3574 Kalisti
2393 3514 2745 3571 differretur.
2777 3513 2933 3571 Multi
2986 3512 3329 3568 mortalium
3377 3528 3415 3569 a
3441 3510 3601 3584 lupis
3629 3509 3809 3565 devo-

2148 3612 2374 3662 rantur.
2411 3602 2661 3661 Calistus
2716 3618 2877 3675 papa
2924 3601 3226 3674 synodum
3285 3600 3480 3657 Remis
3534 3600 3694 3655 circa
3725 3597 3810 3653 fe-

2152 3698 2309 3750 stum
2360 3690 2548 3748 sancti
2604 3693 2774 3747 Lucas
2830 3690 3107 3755 celebrat,
3166 3690 3261 3745 cui
3304 3688 3653 3745 Adelbertus
3687 3688 3806 3742 Mo-

2152 3783 2431 3853 gontinus
2478 3779 2987 3853 archiepiscopus-
3009 3778 3331 3852 pluresque
3377 3777 3642 3851 episcopi
3671 3777 3809 3831 Ger-

2151 3870 2367 3928 maniae
2414 3868 2826 3926 interfuerunt.
2897 3869 3226 3940 Imperator
3283 3882 3406 3923 non
3447 3866 3627 3935 longe
3667 3879 3809 3920 cum

2152 3959 2276 4016 suis
2324 3958 2610 4027 consistit,
2669 3956 2985 4013 auditurus
3033 3973 3212 4030 super
3262 3954 3659 4029 synodalibus
3711 3953 3810 4008 de-

2152 4049 2326 4106 cretis
2359 4066 2373 4117 ;
2402 4047 2507 4105 sed
2536 4046 2719 4102 nichil
2747 4047 2913 4119 quod
2949 4046 3030 4103 ad
3061 4045 3604 4102 reconciliationem
3633 4041 3811 4116 perti-

2153 4143 2338 4209 neret,
2380 4142 2581 4194 actum
2612 4141 2701 4193 est
2732 4154 2746 4204 ;
2779 4137 2968 4192 immo
2993 4138 3320 4209 imperator
3347 4133 3816 4191 anathematiza-

2154 4232 2249 4284 tus
2274 4231 2380 4284 est.

2227 4322 2383 4373 1120.
2422 4319 2547 4372 Dux
2603 4315 2930 4385 Liutgerus,
2983 4314 3314 4371 Fridericns
3370 4312 3673 4369 Palatinus
3719 4325 3792 4366 co

2159 4423 2304 4473 mes,
2354 4404 2705 4469 Boudolfus,
2744 4408 2801 4460 et
2846 4404 3047 4478 plures
3092 4404 3189 4459 alii
3235 4400 3580 4477 imperatori
3610 4416 3820 4455 recon-

388 4495 498 4554 Per
525 4479 734 4537 orbem
766 4480 1009 4538 terribili
1039 4488 1096 4539 θῖ
1123 4483 1394 4542 mandi“)
1413 4487 1703 4544 hactenus
1726 4493 2046 4547 ῑθπθωοῐιι
2087 4503 2129 4558 υ
2159 4495 2436 4553 ciliantur
2457 4493 2761 4551 Goslariaz.
2793 4496 3004 4550 Fames
3035 4492 3260 4548 valida:
3291 4491 3534 4547 modius
3564 4488 3818 4559 siliginis

388 4573 547 4627 terra
592 4569 969 4639 concutitur;
1027 4572 1292 4629 maxime
1322 4590 1462 4631 vero
1516 4577 1577 4632 in
1607 4577 1793 4634 Ytalia
1841 4579 2051 4635 minax

387 4657 506 4715 hoc
535 4656 871 4731 periculum
916 4675 1023 4733 per
1061 4660 1281 4718 multos
1305 4662 1433 4719 dies
1476 4665 1754 4721 continue
1803 4666 2050 4737 desevit,

390 4745 545 4804 adeo
574 4750 640 4802 ut
665 4747 964 4804 montium
995 4748 1301 4807 collisione
1327 4755 1383 4808 et
1399 4752 1790 4810 subversione
1809 4755 2051 4811 Edissae

392 4835 536 4907 (416)
585 4834 850 4892 ﬂuminis
896 4842 1130 4895 meatus
1186 4855 1295 4913 per
1330 4840 1559 4914 aliquot
1607 4842 1733 4899 dies
1782 4844 2053 4901 obstrue-

389 4927 572 4981 retur.
623 4926 856 4983 Verona
886 4926 1091 4984 civitas
1139 4928 1317 4986 Italiae
1357 4931 1751 4994 nobilissima.
1806 4934 2052 4990 editiciis

392 5012 726 5083 concussis,
756 5014 960 5072 multis
990 5032 1237 5091 quoque
1265 5020 1620 5078 mortalibus
1652 5022 1903 5092 obrutis,
1928 5040 2055 5080 cor-

391 5100 529 5157 ruit.
583 5101 860 5161 Similiter
904 5104 966 5162 in
1023 5108 1239 5164 Parma
1288 5113 1345 5165 et
1399 5109 1461 5165 in
1516 5112 1755 5168 Venetia
1801 5112 2052 5186 aliisque

392 5186 668 5258 urbibus,
699 5192 959 5265 oppidis,
1010 5198 1067 5251 et
1118 5196 1393 5266 castellis,
1451 5215 1573 5256 non
1625 5217 1825 5276 pauca
1863 5201 2055 5258 homi-

390 5289 544 5332 num
576 5276 743 5335 milia
768 5278 1135 5343 interierunt.
1188 5288 1425 5345 Unstrot
1450 5287 1692 5360 ﬂuvius,
1749 5291 1904 5348 alvei
1962 5291 2055 5347 sui

390 5362 697 5437 profundo
764 5369 980 5443 scisso,
1038 5390 1112 5431 ex
1188 5380 1311 5435 toto
1390 5378 1672 5439 absortus
1738 5384 1827 5438 est
1886 5386 2053 5438 terrae

484 5545 612 5630 si)
641 5548 828 5630 εςορθ
853 5551 1155 5630 sanatam.

485 5618 613 5684 H5)
646 5616 775 5675 Plei
788 5620 1026 5693 reliqua
1052 5625 1285 5685 abscisa
1311 5635 1474 5688 sunt.

2093 4630 2105 4642 .
2157 4583 2398 4640 duobus
2428 4581 2633 4639 solidis
2656 4580 2834 4638 venit.

2235 4677 2390 4729 1121.
2423 4674 2552 4727 Dux
2586 4670 3133 4741 Liutgerus,comes
3146 4666 3630 4725 Herimannusde
3662 4666 3823 4721 Win-

2159 4761 2443 4831 ceburch,
2466 4775 2790 4816 numerosa
2814 4764 2872 4816 et
2900 4759 3033 4815 forti
3065 4773 3253 4815 manu
3273 4756 3693 4815 Monasterium
3727 4771 3825 4810 va-

2157 4850 2307 4907 dunt
2336 4864 2446 4923 pro
2475 4847 2841 4904 restituendo
2866 4846 3225 4904 Theoderico
3252 4848 3558 4919 episcopo.
3603 4844 3667 4898 In
3697 4857 3825 4915 qua

2160 4938 2531 4997 restitutione
2556 4937 2794 4993 incaute
2826 4936 3016 4992 sancti
3036 4934 3195 4991 Pauli
3231 4933 3518 5006 templum
3546 4931 3830 4988 nobiliter

2161 5031 2572 5086 constructum
2602 5024 2881 5081 incendio
2919 5022 3297 5091 conﬂagrant
3324 5038 3466 5078 cum
3503 5020 3674 5077 omni
3704 5020 3829 5075 fere

2161 5114 2325 5174 urbis
2349 5114 2503 5171 loco.
2535 5111 2856 5168 Praedictus
2884 5112 3007 5166 dux
3036 5124 3248 5167 omnes
3276 5110 3397 5166 fere
3429 5108 3594 5164 urbis
3624 5107 3831 5163 defen-

2161 5194 2347 5274 sores,
2378 5204 2504 5257 tam
2522 5198 2755 5256 nobiles
2783 5215 2973 5271 quam
3002 5197 3439 5264 ministeriales,
3471 5200 3685 5268 captos
3718 5194 3830 5250 ab—

2160 5289 2342 5348 ducit.
2377 5289 2475 5345 His
2502 5288 2667 5356 actis,
2699 5286 2987 5344 Dulmene
3009 5286 3219 5343 urbem
3248 5285 3547 5354 munitam
3571 5283 3635 5339 in
3661 5282 3836 5339 dedi-

2162 5378 2386 5437 tionem
2417 5378 2665 5452 acoepit.
2728 5376 2896 5434 Circa
2950 5376 3169 5432 festum
3202 5373 3393 5431 sancti
3436 5372 3739 5431 Michaelis
3766 5372 3832 5429 in

2233 5557 2388 5702 (416)
2420 5556 2631 5623 Etsch;

2258 5631 2361 5685 417
2415 5630 2455 5701 I,
2482 5643 2537 5701 β.
2568 5628 2631 5701 Br

2258 5628 2383 5701 417)
2415 5630 2455 5701 I,
2482 5643 2537 5701 β.
2568 5628 3009 5701 Bracarensom.
