4004 6178
192 189 285 247 σοι
897 185 994 242 ΕΤ
1033 183 1394 242 LAMBERTI
1433 186 2033 243 ASCHAFNABURG.
2079 187 2272 244 PARS
2312 189 2590 244 ALTERA
2632 189 2960 244 GENUINA.

3547 188 3654 240 602

1155 310 1474 366 ANNALES
1517 312 2206 368 BILDESHEIMENSES.
2251 314 2318 368 A.
2369 313 2691 368 1122-1133.

187 437 328 494 sede
359 435 692 508 episcopali
731 434 1082 490 Wercibuch
1127 435 1452 506 imperator
1482 439 1536 490 et
1573 435 1754 490 totius
1782 452 1870 491 re-
1911 435 1969 490 Α
1994 435 2123 490 viso
2154 436 2717 492 circumveniuntur.
2770 437 3213 492 Obtruncantur
3257 435 3336 489 ibi
3382 432 3651 505 plerique

185 525 289 597 gni
337 523 644 598 principes
700 523 1095 592 conveniunt,
1144 529 1200 578 et
1245 523 1306 576 in
1352 523 1735 579 concordiam
1786 541 1874 579 re-

184 615 403 682 deunt,
431 613 665 684 judicio
718 617 776 667 et
825 611 1072 667 consilio
1125 611 1357 667 domini
1399 612 1708 685 apostolici
1737 629 1875 668 cau-

186 719 321 759 sam
357 701 744 774 imperatoris
779 700 1303 756 determinandam
1337 706 1726 757 reservantes.

262 795 424 847 1122.
468 791 531 846 In
568 789 720 845 festo
753 789 966 844 natalis
1002 789 1228 843 Domini
1265 788 1650 844 vehementes
1689 787 1874 843 turbi-

184 898 296 938 nes
323 886 651 936 ventorum
675 879 996 934 innumera
1023 878 1256 934 editicia
1290 883 1351 932 et
1377 879 1622 934 arbores
1658 895 1694 933 a
1723 877 1877 932 radi-

184 971 364 1028 cibus
394 970 786 1036 subruerunt,
821 974 876 1024 et
925 968 1234 1023 inundatio
1288 983 1594 1040 aquarum
1627 985 1698 1023 ex
1749 983 1878 1038 ym-

182 1060 395 1116 brium
425 1057 832 1126 distillatione,
864 1072 1049 1128 supra
1077 1072 1260 1128 quam
1319 1057 1610 1129 cuiquam
1658 1061 1878 1112 morta-

183 1149 342 1205 lium
393 1145 681 1203 credibile
723 1146 817 1215 sit,
857 1145 1094 1212 evenit;
1149 1144 1479 1218 multisque
1523 1145 1878 1202 mortalibus

186 1235 574 1301 summersis,
634 1234 724 1289 his
772 1234 880 1306 qui
937 1238 1268 1296 evaserant.
1332 1234 1599 1290 diuturni
1651 1234 1876 1290 doloris

186 1340 380 1380 causa
403 1322 613 1379 extitit.
639 1322 803 1378 Circa
833 1321 1054 1377 festum
1083 1327 1305 1377 sanctae
1330 1323 1522 1378 Mariae
1549 1323 1713 1396 Spire
1739 1339 1879 1378 con-

185 1417 408 1469 ventus
457 1410 800 1483 principum
844 1410 935 1465 ﬁt.
978 1410 1064 1466 Ibi
1094 1412 1420 1484 episcopus
1451 1413 1758 1483 Ostiensis,
1789 1412 1878 1468 vir

185 1500 529 1570 religiosus,
564 1503 782 1555 sanctae
815 1500 1113 1554 Romanae
1140 1499 1424 1555 aecclesiae
1452 1500 1707 1571 legatus,
1738 1517 1878 1557 con-

188 1591 426 1647 sulente
451 1605 612 1662 papa
631 1587 880 1656 Calisto,
909 1588 1342 1659 imperatorem
1368 1589 1574 1646 banno
1597 1590 1873 1648 absolvit.

188 1683 525 1754 Imperator
555 1693 710 1744 vero,
742 1681 812 1731 ut
874 1677 1321 1734 (ecclesiasticae
1367 1679 1619 1749 justicite
1650 1679 1880 1736 satisfa-

1996 529 2164 580 terrae
2195 525 2488 590 meliores,
2519 525 2625 580 viri
2658 525 2834 581 fortes
2861 529 2915 580 et
2943 522 3194 589 nobiles,
3221 522 3384 578 domi
3415 519 3650 575 militia-

1993 631 2110 687 que
2142 614 2302 671 clari.
2339 617 2456 671 Rex
2489 615 2926 688 expeditionem
2961 619 3161 668 movet
3190 628 3367 684 super
3399 608 3648 666 Frideri-

1993 721 2132 760 cum
2149 704 2363 760 ducem
2389 706 2612 762 Sueviae
2636 705 2727 760 vel
2750 703 2992 759 Alsaciaa
3014 721 3026 768 ;
3053 707 3140 756 set
3155 717 3225 756 eo
3246 700 3304 754 in
3325 699 3649 754 munitiora

1991 799 2156 849 terrae
2182 810 2242 849 se
2272 794 2608 866 recipiente,
2642 810 2744 848 rex
2773 791 2990 847 infecto
3019 789 3270 859 negocio
3313 788 3479 842 redit.
3511 790 3646 842 Tre-

1990 884 2144 940 veris
2161 885 2322 955 apud
2351 890 2625 940 sanctum
2655 883 3013 938 Eucharium
3042 879 3329 950 reperitur
3349 877 3494 945 (418)
3522 891 3649 929 cor-

1989 990 2104 1046 pus
2135 973 2321 1028 sancti
2354 975 2600 1030 Matthiae
2633 972 2887 1046 apostoli
2909 970 3120 1025 subtus
3151 967 3334 1023 altare
3365 962 3651 1020 Johannis

1987 1063 2280 1135 baptistte.
2319 1065 2447 1129 Quo
2477 1063 2656 1132 digne
2683 1061 2896 1125 locato,
2931 1059 3214 1128 deinceps
3246 1056 3324 1110 ab
3351 1052 3514 1108 omni
3544 1067 3650 1123 po-

1988 1151 2132 1225 pulo
2161 1153 2480 1207 Teutonico
2511 1151 2778 1206 maxima
2809 1148 3122 1204 devotione
3150 1144 3378 1200 colitur.

2063 1245 2216 1295 1127.
2263 1243 2378 1295 Rex
2413 1239 2774 1296 Norinberch
2809 1238 3018 1293 urbem
3050 1231 3512 1290 munitissimam
3544 1227 3651 1282 ob-

1987 1329 2218 1386 sidione
2244 1330 2494 1403 premit;
2551 1329 2654 1384 sed
2687 1328 2768 1383 nil
2799 1327 2989 1382 relatu
3019 1325 3271 1393 dignum
3316 1324 3516 1374 actum
3563 1319 3652 1370 est

1985 1419 2089 1485 ibi,
2122 1419 2225 1474 sed
2258 1419 2383 1474 sine
2415 1418 2627 1474 effectu
2659 1435 2795 1472 cum
2824 1417 3095 1487 dampno
3124 1424 3370 1466 suorum
3398 1405 3537 1460 inde
3564 1419 3651 1458 re-

1987 1507 2112 1563 diit.
2171 1507 2494 1580 Heynricus
2524 1502 3103 1561 Patherbrunnensis
3134 1498 3452 1572 episcopus
3482 1491 3647 1558 obiit,

1987 1597 2083 1653 cui
2111 1597 2488 1652 Bernhardus
2521 1595 2802 1650 succedit.

2064 1688 2219 1742 1128.
2263 1687 2428 1742 Circa
2459 1686 2675 1741 festum
2707 1683 2896 1739 sancti
2927 1679 3217 1737 Johannis
3244 1674 3519 1748 Baptistae
3550 1688 3653 1728 rex

190 1773 370 1838 ceret,
438 1766 823 1823 ίηνθεῑίίυΐδε
885 1766 1453 1824 ae001951115ticall‘llm
1517 1769 1878 1837 dignitatum
1919 1793 1962 1845 Β
1992 1775 2434 1847 expeditionem
2461 1779 2667 1854 contra
2699 1771 3085 1829 Counradum
3110 1768 3352 1822 fratrem
3381 1760 3655 1818 Friderici

197 1863 408 1915 sancto
435 1858 606 1911 Petro
630 1853 894 1918 remisit;
929 1853 1007 1910 ita
1037 1855 1388 1922 dumtaxat,
1424 1861 1489 1912 ut
1512 1857 1698 1914 libera
1727 1858 1877 1913 elec-

194 1949 354 2005 tione
389 1944 786 2019 praacedente,
819 1947 876 1998 et
898 1959 1214 2000 canonum
1247 1946 1537 2014 gravitate
1564 1963 1880 2003 conserva-

196 2045 280 2106 ta,
311 2033 634 2108 imperialis
669 2032 975 2100 autoritas,
1007 2034 1188 2106 quod
1224 2034 1316 2089 sui
1345 2035 1496 2104 juris
1527 2041 1633 2102 est,
1653 2037 1710 2093 in
1743 2052 1884 2092 con-

200 2123 508 2184 stituendis
539 2121 840 2196 episcopis
888 2121 1006 2178 sive
1054 2122 1402 2177 abbatibus
1437 2123 1525 2178 vel
1557 2125 1882 2182 abbatissis

199 2227 323 2268 non
348 2210 674 2274 amitteret;
709 2213 764 2264 et
795 2207 843 2263 si
882 2209 940 2264 in
969 2209 1428 2266 constituendis
1461 2211 1552 2266 his
1583 2212 1883 2283 dignitati-

198 2301 316 2358 bus
345 2298 664 2365 discordia,
715 2301 780 2353 ut
825 2314 978 2370 saepe
1024 2299 1118 2364 ﬁt,
1161 2297 1519 2369 oboriretur,
1553 2300 1882 2374 imperialis

199 2393 464 2464 potestas
490 2387 737 2444 consilio
764 2387 1108 2459 sapientum
1147 2387 1490 2444 contrairet.

280 2483 434 2535 1123.
476 2478 767 2533 Adelbero
794 2477 1144 2534 Bremensis
1180 2476 1674 2552 archiepiscOpus
1705 2495 1885 2536 cano-

205 2569 336 2624 nice
350 2568 568 2624 electus
590 2584 698 2641 pro
719 2567 1092 2640 reposcenda
1120 2564 1290 2638 pallii
1313 2566 1599 2634 dignitate
1625 2570 1885 2624 Romam

204 2655 406 2723 vadit;
452 2656 532 2711 ibi
562 2674 597 2713 a
626 2656 855 2712 domno
907 2654 1245 2727 apostolico
1293 2653 1508 2710 Calisto
1551 2655 1884 2712 honoriﬁce

207 2745 547 2817 suscipitur,
580 2745 642 2800 in
674 2744 1204 2816 archiepiscopum
1247 2740 1325 2796 ab
1375 2758 1444 2797 eo
1476 2749 1881 2813 consecratur,

205 2833 533 2906 habitaque
579 2833 817 2905 synodo
854 2831 1148 2888 canonico
1197 2834 1254 2884 et
1303 2830 1620 2899 judiciario
1673 2832 1884 2888 ordine

208 2921 463 2995 pallium
512 2921 788 2991 obtinuit,
822 2917 1187 2990 negligentia
1231 2917 1490 2974 duorum
1543 2926 1885 2977 antecesso-

207 3027 350 3065 rum
381 3025 627 3065 suorum
661 3009 953 3064 amissum
982 3013 1038 3063 et
1063 3006 1124 3061 in
1159 3008 1358 3060 Danos
1390 3007 1770 3063 translatum.

288 3100 442 3155 1124.
486 3099 752 3172 Eclypsis
809 3099 967 3153 lunae
1020 3097 1181 3152 facta
1233 3099 1320 3150 est
1372 3097 1495 3151 Kal.
1558 3096 1879 3154 Februarii.

205 3192 436 3258 Magnae
491 3187 664 3244 molis
715 3185 948 3257 grando
1006 3183 1221 3242 cecidit
1274 3184 1310 3238 9
1359 3184 1483 3239 Kal.
1541 3185 1878 3255 Augustini.

216 3276 490 3350 Eclypsis
520 3277 660 3332 solis
690 3277 846 3332 facta
896 3278 983 3329 est
1007 3279 1037 3329 3
1071 3273 1210 3329 ldus
1241 3273 1509 3341 Augusti.
1556 3277 1767 3344 Magna
1795 3274 1884 3330 fa-

205 3383 342 3424 mes
375 3366 606 3422 accidit.
642 3366 896 3424 Calistus
921 3379 1082 3437 papa
1109 3362 1274 3427 obiit,
1301 3364 1395 3417 cui
1427 3364 1720 3420 Honorius
1750 3380 1886 3419 suc-

213 3456 413 3512 cessit.

293 3545 450 3600 1125.
489 3545 818 3616 Imperator
845 3540 1094 3611 Trajecti
1126 3540 1282 3596 infra
1309 3539 1718 3597 ebdomadam
1745 3558 1892 3614 pen-

211 3638 482 3690 tecosten
531 3633 715 3699 obiit;
769 3646 993 3703 corpus
1044 3630 1174 3700 ejus
1223 3629 1455 3701 Spiram
1505 3629 1784 3687 defertur.
1821 3633 1888 3684 In

213 3723 367 3778 festo
389 3722 578 3778 sancti
606 3719 1236 3776 Bartholomeiomnes
1266 3717 1442 3772 totius
1465 3718 1696 3790 imperii
1730 3720 1891 3791 prin-

215 3811 382 3883 cipes
442 3811 755 3880 Moguntiae
807 3807 1191 3873 conveniunt,
1256 3821 1467 3862 omnes
1526 3808 1890 3864 unanimiter

215 3903 438 3958 ducem
467 3900 804 3971 Liutgerum
834 3898 894 3953 in
922 3913 1121 3966 regem
1151 3897 1456 3966 eligentes.

296 3991 452 4046 1126.
497 3994 693 4045 Novus
724 4005 826 4044 rex
858 3987 1121 4043 natalem
1154 3986 1390 4043 Domini
1421 3986 1584 4058 apud
1619 3987 1890 4058 Argenti—

218 4097 367 4138 nam
396 4079 676 4143 celebrat,
711 4077 928 4132 dehinc
981 4077 1057 4131 ad
1098 4076 1356 4149 patriam
1386 4075 1556 4130 redit.
1595 4076 1890 4145 Rotgerus

221 4166 823 4239 Parthenopolitanus
855 4164 1174 4236 episcopus
1201 4163 1365 4230 obiit,
1382 4161 1478 4218 cui
1502 4163 1890 4219 Northbertus

223 4255 510 4313 succedit.
546 4256 688 4321 Rex,
718 4259 890 4326 rapta
915 4253 1038 4308 acie
1073 4252 1408 4308 admodum
1430 4250 1714 4322 parva,in
1742 4253 1890 4306 Boe-

1991 1864 2162 1919 ducis
2189 1863 2393 1931 movit,
2415 1849 2772 1932 obseditque
2799 1862 3011 1916 urbem
3041 1857 3207 1931 Spire
3233 1873 3246 1920 ;
3277 1849 3654 1922 acceptisque

1991 1952 2324 2019 obsidibus,
2359 1953 2514 2008 circa
2544 1953 2764 2008 festum
2799 1949 2988 2005 sancti
3016 1942 3245 2003 Martini
3275 1938 3562 1996 discessit.

2070 2041 2222 2098 1129.
2265 2045 2397 2096 Post
2428 2044 2810 2113 pentecosten
2855 2054 2958 2093 rex
2989 2035 3205 2090 urbem
3247 2028 3412 2100 Spire
3442 2026 3658 2082 iterum

1992 2128 2304 2185 obsidione
2325 2130 2526 2194 vallat,
2561 2129 2704 2201 quia
2736 2126 2939 2192 ﬁdem,
2964 2139 3152 2197 quam
3184 2115 3476 2190 superiori
3498 2129 3658 2171 anno

1994 2215 2302 2283 dederant,
2339 2217 2723 2287 infregerunt.

2070 2305 2224 2362 1130.
2267 2309 2392 2361 Rex
2422 2306 2686 2362 natalem
2723 2303 2955 2359 Domini
2995 2317 3134 2357 cum
3165 2295 3354 2352 multa
3384 2295 3660 2368 frequen-

1994 2392 2075 2449 tia
2103 2393 2446 2466 principum
2481 2393 2637 2448 circa
2668 2393 2879 2447 urbem
2915 2389 3078 2462 Spire
3126 2386 3187 2441 in
3221 2383 3482 2439 tentoriis
3508 2380 3658 2436 cele-

1993 2479 2148 2536 brat.
2181 2481 2447 2536 Tandem
2483 2480 2793 2551 Spirenses
2817 2478 3087 2532 videntes
3119 2473 3519 2529 constantiam
3569 2485 3660 2524 re-

1997 2566 2106 2636 gis,
2136 2567 2295 2622 fame
2321 2567 2532 2635 coacti,
2562 2583 2690 2622 sese
2722 2583 2858 2622 cum
2891 2565 3025 2637 ipsa
3054 2562 3200 2617 urbe
3245 2560 3368 2628 regi
3399 2555 3659 2614 tradide-

1993 2660 2134 2711 runt
2158 2655 2220 2710 in
2251 2656 2396 2711 festo
2429 2660 2776 2710 sanctorum
2801 2654 3210 2710 innocentum.
3245 2648 3538 2703 Honorius
3558 2660 3662 2717 pa-

1995 2759 2075 2816 pa
2104 2743 2270 2810 obiit,
2300 2743 2396 2799 cui
2428 2743 2809 2799 Innocentius
2856 2739 3158 2797 successit.
3215 2735 3557 2792 Burkardus
3586 2732 3660 2787 de

1997 2835 2188 2888 Lucca
2209 2833 2356 2903 (419)
2383 2831 2709 2899 occiditur;
2744 2831 2902 2887 unde
2932 2848 3034 2886 rex
3057 2826 3440 2884 contristatus
3460 2829 3517 2880 et
3547 2823 3660 2877 ira-

1995 2927 2109 2988 tus,
2146 2922 2562 2991 Winceburch,
2596 2927 2860 2977 castrum
2902 2917 3244 2976 Herimanni
3279 2915 3532 2980 comitis,
3567 2911 3662 2968 cui

1995 3012 2178 3082 hujus
2235 3011 2396 3066 cedis
2447 3011 2765 3067 consilium
2814 3016 2871 3066 et
2922 3011 3160 3081 jussum
3214 3006 3659 3080 imponebatur,

1997 3099 2311 3156 obsidione
2343 3100 2695 3157 circumdat.

2075 3189 2227 3245 1131.
2273 3190 2396 3245 Rex
2425 3189 2688 3245 natalem
2723 3189 2952 3246 Domini
2986 3188 3351 3245 Gaudersem
3382 3184 3660 3241 celebrat.

1999 3278 2398 3333 Herimannus
2426 3277 2676 3333 consilio
2708 3278 3048 3351 principum
3082 3292 3221 3332 cum
3253 3273 3534 3347 praedicto
3563 3287 3664 3326 ca-

1999 3372 2121 3423 stro
2168 3367 2326 3438 regis
2379 3384 2440 3423 se
2489 3367 2764 3440 potestati
2795 3367 2991 3423 tradit.
3024 3368 3213 3432 Quem
3245 3381 3347 3419 rex
3379 3360 3664 3418 custodiae

1998 3456 2249 3528 deputat
2277 3474 2289 3524 ;
2341 3460 2604 3511 castrum
2630 3473 2772 3512 vero
2803 3456 2979 3512 everti
3013 3455 3140 3511 solo
3173 3460 3342 3510 tenus
3387 3453 3660 3525 imperat.

2078 3545 2230 3599 1132.
2274 3545 2808 3601 Vehementissima
2845 3546 2936 3600 vis
2985 3550 3298 3600 ventorum
3347 3542 3665 3597 innumera

2001 3633 2237 3689 ediﬁcia
2267 3633 2576 3689 subvertit.
2613 3634 2856 3707 Eclipsis
2900 3634 3057 3689 lunae
3115 3634 3268 3688 facta
3320 3637 3408 3687 est
3451 3637 3480 3686 5
3514 3634 3662 3686 Non.

2001 3722 2197 3779 Marcii
2230 3723 2397 3790 (420).
2431 3723 2767 3780 Translatio
2791 3724 2979 3779 sancti
3007 3721 3344 3778 Godehardi
3371 3720 3525 3776 facta
3554 3724 3660 3776 est.

2005 3811 2170 3868 Circa
2199 3812 2680 3884 assumptionem
2713 3817 2934 3866 sanctae
2973 3813 3162 3867 Marim
3193 3809 3481 3880 profectio
3508 3809 3664 3876 regis

2001 3899 2064 3955 in
2112 3899 2334 3954 Italiam
2386 3915 2495 3971 pro
2543 3899 2988 3954 consecratione
3039 3914 3151 3952 sua
3208 3897 3286 3952 ab
3337 3895 3664 3967 apostolico

2003 3987 2168 4059 apud
2199 3987 2455 4042 Romam
2507 3987 2568 4040 in
2600 4003 2886 4042 cesarem.
2933 3988 2995 4040 In
3029 4001 3150 4056 quo
3182 3985 3384 4039 itinere
3417 3999 3554 4037 cum
3585 3981 3665 4036 ad

2002 4075 2213 4130 urbem
2245 4081 2656 4142 Augustanam
2686 4075 2964 4138 venisset,
2993 4089 3125 4127 eam
3159 4071 3402 4143 pacitice
3435 4071 3665 4140 ingres-

2005 4179 2107 4216 sus
2156 4167 2260 4216 est.
2321 4163 2417 4217 Set
2454 4161 2838 4232 quorundam
2877 4159 3098 4214 civium
3152 4159 3404 4214 factione
3455 4157 3664 4213 seditio

2004 4255 2210 4307 contra
2237 4250 2389 4320 regis
2419 4249 2694 4304 homines
2723 4255 2928 4305 exorta
2957 4253 3081 4315 est;
3133 4253 3190 4304 et
3230 4249 3343 4304 hac
3373 4248 3447 4303 de
3479 4262 3666 4303 causa

221 4346 413 4403 miam
457 4359 567 4417 pro
619 4341 983 4398 restituendo
1028 4343 1258 4408 Ottone,
1291 4340 1392 4412 qui
1446 4339 1663 4409 injuste
1692 4339 1890 4411 priva-

221 4441 355 4492 tum
405 4450 467 4489 se
517 4434 741 4490 honore
793 4429 1089 4502 praedictae
1148 4429 1449 4501 provincze
1501 4427 1888 4499 querebatur,

224 4522 435 4591 tendit,
459 4521 690 4576 incaute
716 4518 982 4591 quidem.
1009 4518 1147 4573 Tria
1166 4517 1328 4572 enim
1350 4515 1558 4582 millia,
1582 4532 1704 4570 non
1731 4515 1889 4587 plus,

226 4626 438 4667 secum
469 4607 826 4680 assumpsit;
877 4606 1142 4661 hostium
1172 4620 1314 4660 vero
1345 4608 1414 4659 20
1444 4603 1609 4658 milia
1638 4609 1741 4658 aut
1770 4619 1896 4657 am-
2081 4603 2234 4658 1133.
2269 4601 2394 4656 Rex
2424 4599 2685 4656 natalem
2719 4600 2952 4655 Domini
2977 4600 3037 4655 in
3057 4596 3474 4668 Longobardia
3498 4593 3662 4666 apud

224 4701 386 4777 plius
417 4704 602 4756 erant.
642 4696 888 4753 Ducenti
913 4712 1050 4750 vero
1082 4694 1480 4767 expeditiores
1506 4708 1710 4761 regem
1740 4708 1893 4766 pree-
2004 4690 2229 4760 villam,
2263 4689 2610 4745 Medicinam
2643 4689 2788 4758 (421)
2826 4689 3070 4756 dictam,
3103 4687 3378 4742 celebrat.
3409 4685 3518 4738 Per
3551 4686 3661 4777 Ita-

227 4769 544 4857 cedebant,
577 4787 654 4842 ad
693 4784 1104 4857 praecidendas
1155 4783 1471 4851 indagines
1526 4779 1711 4852 silvae,
1757 4797 1894 4852 quae
2003 4778 2149 4834 liam
2197 4777 2481 4850 pleraque
2524 4777 2658 4832 loca
2708 4776 2939 4831 munita
2984 4774 3094 4829 sibi
3126 4771 3456 4827 resistentia
3485 4769 3657 4841 cepit.

229 4879 540 4934 Boemiam
572 4892 607 4932 a
641 4873 899 4932 Saxonia
925 4872 1365 4938 disterminant,
1398 4869 1689 4942 dispositi.
1723 4871 1896 4926 Cum-
2007 4867 2276 4922 Tandem
2330 4871 2362 4920 2
2417 4865 2540 4920 Kal.
2578 4865 2705 4921 Maii
2736 4867 2986 4918 Romam
3019 4877 3155 4916 cum
3189 4874 3427 4913 summo
3458 4858 3660 4912 favore

227 4983 350 5041 que
379 4965 440 5022 hi
470 4981 574 5037 per
602 4963 760 5020 invia
812 4966 868 5017 et
911 4961 1169 5033 abrupta
1221 4959 1386 5014 silvai
1417 4957 1591 5031 quasi
1621 4961 1896 5029 repentes
2004 4955 2364 5025 ingreditur;
2395 4953 2594 5024 ibique
2626 4957 2658 5005 2
2691 4955 2834 5005 Non.
2867 4949 3197 5041 Junii,_quo
3229 4951 3367 5000 tunc
3389 4945 3523 5041 dies
3549 4947 3659 4999 Do-

229 5033 594 5120 l-aborarent,
626 5058 751 5108 tum
782 5050 1011 5106 nivium
1041 5047 1480 5118 magnitudine,
1511 5050 1638 5102 tum
1668 5045 1899 5114 indagi-
2006 5045 2228 5100 minica
2259 5041 2462 5104 extitit,
2501 5039 2802 5094 Lateranis
2844 5037 2904 5091 in
2945 5035 3191 5090 basilica
3225 5034 3410 5088 sancti
3440 5033 3658 5088 Johan-

229 5161 385 5202 num
412 5142 696 5200 incisione
735 5139 978 5210 fatigati,
1011 5139 1280 5195 hostium
1309 5135 1540 5192 insidiis
1570 5151 1641 5191 ex
1672 5135 1898 5207 impro—
2007 5133 2101 5187 nis
2160 5131 2427 5202 Baptistae
2481 5142 2517 5182 a
2560 5127 2786 5180 domno
2836 5122 3161 5196 apostolico
3213 5122 3551 5177 Innocentio
3599 5121 3661 5176 in

2003 4341 2313 4412 repentino
2345 4339 2501 4408 igne,
2537 4343 2598 4393 ut
2643 4338 2702 4394 in
2752 4339 2852 4394 tali
2881 4338 3140 4394 tumultu
3170 4339 3295 4394 fieri
3327 4338 3493 4404 solet,
3530 4336 3666 4392 civi-

2005 4429 2096 4479 tas
2145 4425 2263 4480 fere
2322 4429 2439 4478 tota
2491 4423 2902 4493 conflagravit,
2955 4427 3012 4479 et
3057 4422 3228 4478 multi
3278 4428 3400 4479 tam
3451 4420 3665 4491 gladiis

1935 4488 1977 4540 ί)
2004 4529 2190 4585 quam
2221 4509 2481 4566 ﬂammis
2521 4511 2840 4582 perierunt.

2077 5360 2224 5430 (420)
2267 5359 2355 5412 Ma
2389 5373 2448 5409 :::
2483 5371 2532 5430 ς.

306 5373 455 5444 (418)
503 5373 630 5427 V01:
675 5385 751 5426 ex
775 5370 938 5427 Ann.
969 5371 1214 5425 Saxone
1250 5381 1289 5424 a
1338 5365 1591 5422 Chesnio
1627 5367 1892 5430 inserta;

2081 5426 2226 5501 (421)
2266 5426 2510 5484 Monsa?

237 5444 405 5506 locus
423 5447 558 5515 jam
585 5457 853 5499 arrasus.

309 5515 463 5587 (419)
503 5517 783 5570 Loccum.
