4002 6186
327 183 430 236 003

674 180 934 233 ANNAL.
976 177 1164 232 HILD.
1205 176 1459 241 QUEDL.
1501 173 1740 230 WEISS.
1783 170 1875 226 ET
1915 169 2123 224 [ΑΜΒ.
2165 168 2462 225 ASCHAF.
2511 170 2707 228 PARS
2744 170 3031 227 ALTERA
3071 170 3404 226 GENUINA.

3641 174 3754 227 60§

1268 300 1594 354 ANNALES
1636 293 2317 352 HILDESHEIMENSES.
2361 296 2427 346 A.
2476 295 2796 351 1134-1137.

325 429 743 503 imperatorem
767 426 1167 480 consecratur.
1190 423 1568 479 Bernhardus
1591 420 1986 478 Patherbrun-
2023 419 2072 472 A
2100 417 2340 484 scilicet,
2378 418 2437 473 l6
2470 419 2599 474 Kal.
2651 420 2882 492 Aprilis,
2916 420 3196 493 frequens
3246 419 3587 492 principum
3631 420 3755 476 fere

323 517 528 574 nensis
557 515 896 587 episcopus,
923 512 1026 586 qui
1052 516 1193 568 tunc
1223 529 1363 568 cum
1383 527 1522 582 rege
1555 511 1782 578 aderat,
1801 525 1984 564 usum

324 601 628 660 rationalis
655 601 717 656 in
747 599 1270 656 celebrationibuS'
1287 600 1631 669 missarum,
1654 596 1984 654 constitutis

325 689 716 763 temporibus,
734 689 1282 745 etdedicationibus
1309 688 1734 752 wcclesiarum,
1761 702 1865 741 seu
1895 701 1985 742 or-

325 778 732 834 dinationibus
748 778 1308 834 aacclesiasticorum
1327 779 1648 847 graduum,
1663 776 1722 832 in
1741 775 1984 848 proprio

325 872 559 925 tantum
608 868 957 942 episcopatu
1006 868 1120 923 sibi
1177 868 1422 940 suisque
1476 865 1918 922 successoribus
1949 881 1986 920 a

326 959 612 1032 prmdicto
631 975 792 1031 papa
820 957 1160 1013 Innocentio
1190 957 1538 1030 promeruit.
1563 960 1697 1012 Post
1721 957 1848 1011 haec
1878 955 1984 1010 im-

327 1052 567 1121 perator
594 1064 732 1103 cum
783 1047 906 1102 suis
951 1050 1098 1118 (422)
1147 1047 1206 1102 in
1253 1047 1444 1102 reditu
1493 1063 1630 1102 cum
1675 1045 1754 1101 ad
1781 1045 1982 1100 locum

327 1137 634 1210 quendam
682 1136 964 1206 venisset,
1004 1136 1108 1208 qui
1150 1141 1394 1209 propter
1442 1137 1586 1191 situs
1642 1134 1984 1204 angustiam

329 1227 464 1282 Clus
492 1227 656 1299 (423),
687 1226 861 1299 quasi
911 1226 1238 1298 praeclusus
1268 1230 1515 1282 vocatur
1549 1258 1618 1266 —
1656 1225 1881 1297 quippe
1911 1240 1984 1278 ex

328 1331 451 1371 una
491 1319 658 1386 parte
704 1314 1109 1370 excelsissimo
1165 1322 1367 1370 monte
1417 1314 1749 1385 adjacente,
1783 1329 1852 1368 ex
1906 1312 1986 1368 al-

330 1407 454 1460 tera
483 1409 648 1476 parte
677 1403 1152 1476 profundissimo
1186 1403 1429 1458 flumine
1471 1409 1760 1468 currente,
1795 1403 1893 1457 via
1922 1403 1984 1457 in

330 1493 550 1561 medio,
600 1498 859 1565 quatuor
889 1509 994 1548 seu
1041 1493 1308 1565 quinque
1357 1492 1759 1548 itinerantium
1808 1491 1985 1546 simul

331 1581 554 1652 spacio,
583 1586 819 1654 patente
846 1615 912 1622 —-
939 1588 1152 1638 etcum
1181 1583 1404 1638 ibidem
1428 1583 1704 1638 transitus
1729 1579 1984 1654 impera-

329 1670 441 1725 tori
465 1670 543 1726 ab
572 1671 782 1727 incolis
809 1677 1144 1741 negaretur,
1177 1673 1302 1744 ipse
1335 1672 1487 1728 miro
1532 1677 1747 1727 eventu
1773 1677 1829 1726 et
1857 1686 1985 1743 per-

2094 508 2272 564 totius
2296 509 2463 577 regni
2481 515 2808 566 conventus
2829 511 2894 566 ﬁt
2919 511 3081 584 apud
3101 511 3470 580 Bavenberg,
3490 511 3756 583 impera-

2091 602 2216 655 tore
2247 604 2558 670 praesente.
2595 599 2678 654 Ibi
2710 600 2810 655 Dei
2841 600 3032 670 gratia
3072 600 3394 673 aspirante,
3423 600 3758 656 Fridericus

2092 687 2214 743 dux
2232 688 2565 743 Suevorum
2581 689 3006 745 comitantibus
3029 688 3401 762 principibus
3423 689 3483 744 in
3506 704 3758 744 concor-

2092 776 2256 832 diam
2289 793 2426 832 cum
2472 777 2829 850 imperatore
2882 780 3160 834 sociatur.
3204 780 3266 832 In
3298 778 3447 833 festo
3472 784 3754 851 penteco-

2093 871 2219 923 sten
2246 867 2408 940 apud
2439 869 2949 939 Magadeburgum
2971 870 3233 941 primum
3253 869 3555 941 principes
3580 868 3760 937 regni

2093 973 2298 1012 coram
2329 957 2687 1029 imperatore
2718 959 3130 1014 firmissimam
3162 974 3375 1029 pacem
3398 958 3564 1013 do'm
3587 957 3762 1013 foris-

2091 1063 2209 1119 que
2249 1046 2326 1102 ad
2388 1047 2450 1102 10
2499 1063 2692 1104 annos
2719 1049 3090 1119 juraverunt.
3125 1053 3188 1102 In
3231 1047 3383 1103 festo
3437 1047 3626 1103 sancti
3657 1046 3760 1102 Mi-

2092 1138 2337 1206 chaelis,
2369 1138 2427 1193 in
2457 1138 2590 1194 loco
2615 1140 2718 1212 qui
2749 1140 2961 1195 dicitur
2986 1139 3382 1204 Melenhusen,
3415 1138 3760 1206 Conradus,

2091 1227 2269 1284 frater
2299 1228 2572 1284 Friderici
2599 1229 2790 1298 ducis,
2816 1229 3161 1302 imperatori
3190 1228 3628 1284 reconciliatur.

2171 1318 2322 1374 I136.
2363 1319 2612 1392 Irruptio
2681 1320 2994 1376 Slavorum
3057 1320 3118 1374 in
3189 1326 3386 1393 partes
3451 1318 3754 1373 Saxonire.

2091 1407 2305 1462 Contra
2351 1423 2506 1480 quos
2554 1408 2902 1464 Adelbertus
2951 1408 3219 1464 marchio
3273 1408 3597 1463 exercitum
3627 1422 3760 1461 mo-

2091 1512 2257 1560 vens,
2283 1502 2498 1552 terram
2530 1514 2740 1554 eorum
2770 1514 2894 1554 non
2925 1499 3109 1554 semel
3139 1498 3424 1554 hostiliter
3452 1496 3670 1552 invasit
3701 1499 3759 1550 et

2091 1586 2494 1659 depopulatus
2525 1592 2630 1643 est.
2665 1589 2830 1643 Circa
2869 1589 3342 1660 assumptionem
3391 1591 3616 1642 sancta:
3643 1588 3761 1642 Ma-

2092 1674 2193 1729 ria
2225 1675 2522 1747 expeditio
2552 1675 2930 1748 imperatoris
2960 1676 3020 1731 in
3051 1676 3322 1732 Ytaliam.

331 1760 539 1831 spieuo
571 1761 670 1816 Dei
699 1762 918 1818 auxilio
948 1762 1208 1818 eundem
1253 1762 1454 1817 locum
1482 1762 1744 1818 celeriter
1771 1762 1982 1816 irrum-
2025 1778 2064 1830 Β
2169 1763 2323 1819 1137.
2365 1765 2692 1836 Imperator
2745 1765 3004 1820 natalem
3063 1765 3315 1832 Domini,
3374 1763 3641 1819 similiter
3701 1768 3758 1818 et

329 1849 552 1921 pendo,
601 1850 818 1919 fugatis
866 1852 1136 1907 hostibus
1165 1868 1304 1907 cum
1359 1853 1482 1906 suis
1529 1851 1887 1923 pertransiit,
1923 1855 1982 1905 et

333 1938 544 1994 urbem
598 1939 657 1994 in
709 1940 1024 2013 supercilio
1077 1941 1264 2014 ipsius
1323 1941 1706 1996 excelsissimi
1763 1940 1982 1995 montis

330 2029 588 2100 positam
611 2031 918 2102 repentino
950 2031 1179 2086 assultu
1201 2031 1374 2103 cepit,
1398 2036 1453 2087 et
1481 2031 1813 2102 principem
1836 2030 1987 2098 ejus-

331 2115 469 2172 dem
501 2117 664 2172 urbis
708 2120 1013 2190 captivum
1045 2135 1247 2174 secum
1287 2119 1554 2174 abduxit.
1587 2122 1714 2174 Duo
1761 2117 1983 2183 circuli,

333 2205 526 2274 major
554 2210 610 2260 et
643 2206 854 2274 minor,
887 2207 1043 2261 circa
1097 2207 1284 2262 solem
1336 2211 1744 2279 apparuerunt
1794 2213 1822 2261 3
1853 2205 1982 2262 Kal.

331 2293 465 2348 Julii
486 2293 641 2349 circa
665 2295 878 2350 horam
905 2295 1148 2351 terciam
1174 2314 1186 2362 ;
1213 2296 1410 2350 minor
1431 2295 1686 2350 circulus
1710 2295 1984 2350 ambiens

332 2383 656 2456 principale
708 2385 997 2457 templum
1055 2385 1626 2440 Patherbrunnensis
1692 2384 1871 2450 sedis,
1932 2388 1989 2439 et

333 2473 528 2542 major
547 2473 927 2530 oircumdans
948 2473 1504 2541 civitatem,ibidem
1525 2473 1984 2530 consistentibus

333 2561 666 2619 videbatur.
705 2563 846 2635 Ipsa
892 2564 1008 2635 die,
1037 2565 1185 2620 hora
1213 2565 1265 2627 9.
1297 2564 1494 2636 ipsum
1529 2565 1818 2636 templum
1847 2571 1986 2619 cum’

333 2651 498 2706 omni
529 2651 646 2707 fere
673 2652 925 2719 civitate,
943 2653 1095 2725 proh
1122 2653 1294 2709 dolor
1319 2654 1330 2708 ι
1365 2653 1641 2708 incendio
1659 2652 1988 2722 conﬂagra-

334 2740 434 2796 vit.
469 2741 732 2814 Eclypsis
763 2742 902 2797 solis
931 2743 1086 2798 facta
1111 2746 1201 2797 est
1249 2745 1281 2797 4
1330 2745 1478 2797 Non.
1531 2742 1782 2810 Augusti
1829 2742 1988 2797 circa

333 2830 547 2886 horam
591 2837 841 2897 sextam,
875 2832 933 2886 in
966 2837 1197 2888 tantum
1225 2837 1288 2888 ut
1317 2833 1496 2888 stellae
1527 2833 1586 2887 in
1617 2832 1767 2886 cmlo
1798 2847 1984 2904 appa-

333 2924 546 2974 rerent.
580 2922 790 2988 Magna
816 2921 1187 2992 inaequalitas
1205 2922 1356 2977 aeris
1377 2927 1434 2977 et
1453 2921 1790 2994 pluviarum
1815 2922 1986 2976 inun-

335 3008 497 3063 datio
523 3024 628 3079 per
651 3013 840 3064 totum
873 3014 1110 3082 tempus
1141 3011 1352 3066 messis
1387 3010 1708 3066 subsecuta
1737 3015 1842 3066 est.
1867 3014 1986 3066 Rex

339 3099 636 3151 Danorum
705 3097 976 3170 pluribus
1040 3100 1288 3155 advenis
1362 3099 1701 3156 Teutonicis
1766 3106 1984 3156 terram
2024 3129 2065 3182 ο

334 3200 509 3241 suam
536 3185 932 3244 incolentibus
963 3189 1365 3245 truncationes
1387 3189 1799 3245 membrorum
1827 3190 1981 3244 facit.

335 3276 456 3330 Hac
484 3275 558 3331 de
589 3292 770 3334 causa
800 3278 1124 3352 imperator
1149 3295 1328 3351 super
1364 3293 1503 3335 eum
1548 3279 1987 3352 expeditionem

334 3381 575 3422 movere
615 3366 884 3424 intendit.

408 3455 563 3511 1134.
605 3459 931 3527 Imperator
959 3457 1185 3528 pascha
1238 3456 1583 3512 Halverstad
1621 3456 1869 3528 peragit.
1903 3457 1987 3511 Ibi

333 3558 437 3597 rex
469 3545 771 3597 Danorum
818 3543 1081 3612 veniens,
1113 3559 1241 3598 sese
1265 3543 1326 3598 in
1359 3548 1709 3615 potestatem
1738 3543 1988 3615 impera-

334 3629 475 3686 toris
504 3630 696 3698 tradit,
724 3630 1083 3701 obsidesque
1126 3631 1248 3697 dat,
1276 3633 1686 3702 juramentum
1732 3632 1888 3699 facit,
1923 3650 1986 3688 se

335 3732 827 3790 successoresque
858 3734 998 3774 suos
1034 3719 1270 3773 nonnisi
1295 3719 1590 3791 permissu
1612 3720 1984 3792 imperatoris

333 3823 870 3880 successorumque
899 3824 1146 3864 suorum
1196 3825 1449 3879 regnum
1489 3810 1886 3882 adepturum;
1933 3818 1990 3869 et

331 3896 583 3970 pulchro
613 3898 975 3970 spectaculo,
1005 3898 1183 3953 nullis
1213 3903 1371 3954 retro
1415 3900 1786 3971 temporibus
1817 3903 1986 3958 audi-

330 3991 410 4054 to,
442 3987 573 4058 ipso
604 3991 810 4044 sancto
839 3987 934 4044 die
965 3989 1203 4060 paschae
1229 3987 1390 4043 idem
1423 4005 1523 4044 rex
1557 3992 1880 4057 Danorum,
1900 4008 1987 4046 re-

332 4076 430 4145 gio
459 4092 626 4131 more
655 4081 997 4139 coronatus,
1029 4092 1235 4132 coram
1263 4067 1652 4133 coronato-de
1686 4095 1850 4134 more
1880 4079 1987 4135 im-

331 4171 605 4238 peratore
634 4165 902 4233 gladium
920 4167 1109 4238 ipsius
1135 4171 1348 4238 portat.
1376 4170 1440 4222 Et
1461 4166 1542 4222 sic
1569 4167 1628 4222 in
1656 4169 1849 4238 gratia
1877 4170 1987 4224 im-

333 4253 630 4325 peratoris
678 4254 1038 4325 repatriavit.
1089 4255 1434 4311 Nortbertus
1481 4257 1984 4326 Magedeburgena

334 4341 417 4398 sis
446 4341 930 4414 archiepiscopus
973 4343 1136 4410 obiit,
1171 4345 1266 4398 cui
1313 4346 1622 4401 Conradus
1674 4347 1978 4403 successit.

2094 1854 2340 1925 pascha,
2374 1853 2433 1908 in
2485 1854 2648 1910 Italia
2691 1855 2970 1924 celebrat,
3002 1860 3383 1927 pentecosten
3414 1869 3556 1908 vero
3589 1851 3758 1924 apud

2095 1943 2311 1996 Barum
2356 1957 2494 1995 cum
2545 1942 2805 2008 generali
2863 1941 3198 1996 Italicorum
3243 1941 3605 2012 principum.
3671 1938 3753 1993 Ibi

2095 2030 2292 2084 Bruno
2325 2029 2690 2085 Caloniensis
2724 2030 3210 2102 archiepiscopus
3240 2029 3417 2095 obiit;
3456 2028 3550 2083 cui
3579 2028 3752 2096 Hugo

2095 2118 2359 2173 decanus
2387 2118 2572 2174 sancti
2596 2119 2746 2174 Petri
2768 2120 3076 2188 successit,
3094 2118 3198 2190 qui
3223 2122 3279 2172 et
3301 2117 3429 2189 ipse
3448 2121 3584 2189 post
3605 2132 3754 2188 pau-

2097 2221 2198 2262 cos
2245 2205 2372 2260 dies
2422 2207 2648 2261 ibidem
2700 2206 2863 2262 obiit.
2921 2207 3004 2262 Ibi
3058 2206 3242 2262 ambo
3279 2205 3496 2261 conditi
3520 2205 3750 2275 jacent.

2096 2296 2374 2368 Princeps
2406 2296 2633 2368 Apuliae
2677 2296 2850 2352 Rozir
2891 2297 3156 2365 nomine,
3189 2295 3267 2352 ob
3299 2297 3468 2366 cujus
3494 2293 3752 2349 insolen-

2097 2385 2239 2440 tiam
2265 2385 2525 2440 maxime
2554 2385 2876 2458 imperator
2905 2386 3135 2441 Italiam
3183 2385 3523 2454 intraverat,
3551 2382 3756 2438 statuit

2097 2480 2359 2530 castrum
2391 2475 2530 2530 satis
2559 2475 2860 2531 munitum
2889 2476 2948 2530 in
2982 2475 3114 2548 ipso
3142 2475 3324 2530 latere
3362 2474 3613 2528 civitatis
3644 2474 3749 2527 Ba-

2096 2581 2216 2632 I‘tB;
2276 2565 2336 2619 in
2386 2564 2553 2636 quod
2604 2568 2870 2619 castrum
2916 2564 3358 2620 multitudinem
3396 2563 3752 2635 praedonum

2096 2654 2505 2719 collocaverat,
2538 2653 2641 2726 qui
2670 2658 2824 2709 terra
2863 2655 3158 2726 marique,
3188 2652 3478 2726 quicquid
3509 2651 3754 2722 attinge-

2094 2760 2159 2800 re
2187 2748 2481 2816 poterant,
2512 2743 2794 2800 inauditis
2824 2743 3077 2799 miseriis
3107 2747 3163 2799 et
3193 2741 3640 2799 calamitatibus
3673 2757 3754 2795 re-

2095 2833 2301 2904 giones
2331 2831 2774 2905 opprimebant.
2811 2832 2993 2888 Simili
3023 2833 3206 2888 modo
3253 2847 3360 2905 per
3403 2836 3590 2887 totam
3637 2829 3752 2885 fere

2096 2923 2324 2979 Italiam
2355 2923 2590 2978 fecerat.
2621 2925 2958 2978 Pentecoste
2983 2921 3280 2977 celebrato
3310 2921 3637 2994 imperator
3661 2936 3751 2976 ea»

2097 3018 2284 3068 strum
2315 3004 2454 3067 cum
2478 3011 2734 3066 exercitu
2763 3011 3121 3075 circumdat;
3154 3011 3320 3083 quod
3349 3011 3537 3066 nimio
3566 3009 3749 3066 sudo-

2094 3118 2157 3156 re
2187 3115 2561 3173 expugnans,
2596 3100 2718 3170 igni
2743 3099 2920 3156 tradit
2949 3099 3194 3173 soloque
3225 3103 3497 3172 coequat.
3530 3099 3748 3154 Praedo-

2095 3206 2202 3245 nes
2227 3189 2664 3262 comprehensi,
2690 3189 2964 3261 suspensi
2996 3194 3135 3244 sunt
3165 3189 3320 3244 circa
3352 3183 3556 3244 turrim
3579 3203 3744 3243 exus-

2095 3285 2240 3347 tam,
2267 3293 2520 3334 numero
2548 3279 2857 3352 quingenti
2902 3279 2996 3333 vel
3043 3294 3113 3334 eo
3157 3279 3436 3350 amplius.
3479 3280 3608 3344 Quo
3637 3285 3746 3333 ter-

2095 3385 2226 3424 rore
2288 3369 2484 3424 omnis
2549 3369 2775 3435 civitas,
2837 3369 3036 3423 omnis
3114 3368 3385 3434 munitio,
3450 3369 3627 3438 regiae.
3690 3384 3751 3423 se

2095 3459 2368 3530 potestati
2386 3458 2580 3514 tradit.
2610 3458 2751 3512 Exin
2780 3459 3103 3531 imperator
3123 3458 3182 3513 in
3206 3457 3542 3514 Calabriam
3564 3463 3752 3513 trans-

2094 3548 2216 3603 ivit.
2251 3547 2335 3602 lbi
2377 3547 2553 3616 legati
2599 3549 2937 3602 Graecorum
2980 3547 3056 3602 ad
3097 3563 3235 3602 eum
3287 3547 3606 3617 magniﬁce
3657 3565 3750 3602 ve-

2094 3637 2286 3703 niunt,
2318 3651 2469 3708 quos
2517 3636 2644 3707 ipse
2676 3636 3152 3706 magnificentius
3185 3637 3444 3708 suscepit
3483 3653 3551 3692 ac
3584 3637 3754 3692 dimi-

2098 3726 2190 3780 sit.
2225 3724 2576 3780 Adelbertus
2630 3725 3003 3793 Mogontinus
3051 3725 3537 3798 archiepiscopus
3566 3727 3748 3795 obiit;

2096 3818 2236 3887 post
2263 3814 2434 3884 cujus
2460 3813 2689 3868 obitum
2717 3813 2919 3870 civitas
2949 3829 3071 3870 una
3101 3830 3239 3868 cum
3271 3814 3585 3887 principali
3611 3820 3754 3870 tem-

2096 3904 2196 3976 pIo
2228 3903 2364 3973 igne
2390 3906 2772 3958 concremata
2793 3907 2898 3959 est.
2931 3904 3209 3975 Marchyo
3238 3903 3615 3972 Adelbertus,
3636 3905 3754 3960 col-

2094 3991 2246 4046 lecta
2275 3989 2473 4046 valida
2521 4007 2728 4059 manu,-
2759 3991 3024 4062 hyemali
3055 3996 3321 4064 tempore
3369 3997 3588 4047 terram
3636 3991 3754 4046 Sla-

2097 4095 2308 4134 vorum
2357 4078 2811 4151 praedabundus
2848 4079 3247 4152 perambulat.
3290 4081 3636 4152 Imperator,
3669 4090 3755 4135 re-

2098 4171 2212 4226 bus
2264 4170 2322 4224 in
2364 4169 2527 4224 Italia
2575 4169 2942 4240 compositis,
2974 4170 3034 4224 in
3087 4170 3220 4242 ipso
3272 4171 3463 4225 reditu
3516 4174 3550 4224 2
3597 4173 3747 4225 Non.

2094 4257 2436 4314 Decembris
2468 4257 2649 4324 obiit;
2702 4272 3043 4330 corpusque
3094 4259 3224 4329 ejus
3261 4259 3525 4314 delatum
3560 4259 3618 4314 in
3651 4275 3755 4331 pa-

2093 4349 2267 4402 triam
2299 4346 2579 4418 sepelitur
2616 4347 2780 4414 regio
2817 4361 2984 4402 more
3036 4347 3096 4402 in
3127 4349 3449 4404 hereditate
3476 4355 3750 4420 paterna,

409 4431 562 4487 1135.
597 4431 905 4487 Dominica
948 4437 1084 4488 ante
1126 4433 1390 4490 mediam
1427 4435 1977 4507 quadragesimam,
2021 4435 2063 4488 D
2093 4437 2155 4492 in
2184 4437 2316 4492 loco
2345 4435 2448 4507 qui
2476 4435 2688 4490 dicitur
2720 4437 3035 4492 Lutheron.

403 4609 549 4680 (422)
596 4623 609 4662 :
637 4625 649 4664 :
678 4625 692 4664 :
720 4626 732 4666 :
767 4609 862 4664 uis
883 4610 1106 4680 codex;
1134 4625 1273 4666 cum
1299 4610 1421 4666 suis
1447 4623 1522 4668 ea:
1541 4613 1767 4669 Annal.
1792 4615 1982 4670 Samo-

331 4695 407 4738 ne
431 4682 686 4737 restitui.

2091 4699 2239 4740 nam

2160 4612 2312 4736 (421311
2347 4611 2598 4668 Clausen
2641 4611 2721 4667 ad
2765 4611 3015 4668 ﬂuvium
3072 4614 3324 4686 Eysack,
3367 4614 3522 4670 infra
3570 4615 3757 4670 Brixi-

2160 4700 2239 4736 im
2321 4683 2677 4736 rrolensem.

2317 4683 2677 4756 yrolensem.
