  <div class='ocr_page' id='page_1' title='image "/cluster/home/n/w/nwhite01/storage/ocr_20150623/141/hvd.32044054760012/308.png"; bbox 0 0 4004 6178; ppageno 0'>
   <div class='ocr_carea' id='block_1_1' title="bbox 222 220 3666 270">
    <p class='ocr_par' dir='ltr' id='par_1_1' title="bbox 222 220 3666 270">
     <span class='ocr_line' id='line_1_1' title="bbox 222 220 3666 270; baseline 0.001 -10"><span class='ocrx_word' id='word_1_1' title='bbox 222 220 3666 270; x_wconf 61' lang='lat' dir='ltr'>W</span> 
     </span>
    </p>
   </div>
   <div class='ocr_carea' id='block_1_2' title="bbox 1522 376 2367 432">
    <p class='ocr_par' dir='ltr' id='par_1_2' title="bbox 1522 376 2367 432">
     <span class='ocr_line' id='line_1_2' title="bbox 1522 376 2367 432; baseline -0.002 0"><span class='ocrx_word' id='word_1_2' title='bbox 1522 379 1723 432; x_wconf 79' lang='lat' dir='ltr'><strong>ANNO</strong></span> <span class='ocrx_word' id='word_1_3' title='bbox 1777 376 2057 431; x_wconf 68' lang='lat' dir='ltr'><strong>DOMINI</strong></span> <span class='ocrx_word' id='word_1_4' title='bbox 2113 378 2367 430; x_wconf 81' lang='lat' dir='ltr'><strong>MXXIX</strong></span> 
     </span>
    </p>
   </div>
   <div class='ocr_carea' id='block_1_3' title="bbox 1674 564 2220 714">
    <p class='ocr_par' dir='ltr' id='par_1_3' title="bbox 1674 564 2220 714">
     <span class='ocr_line' id='line_1_3' title="bbox 1674 564 2220 714; baseline 0.002 -7"><span class='ocrx_word' id='word_1_5' title='bbox 1674 564 2220 714; x_wconf 86' lang='lat' dir='ltr'><strong>DUDO</strong></span> 
     </span>
    </p>
   </div>
   <div class='ocr_carea' id='block_1_4' title="bbox 902 880 2987 989">
    <p class='ocr_par' dir='ltr' id='par_1_4' title="bbox 902 880 2987 989">
     <span class='ocr_line' id='line_1_4' title="bbox 902 880 2987 989; baseline 0.001 -16"><span class='ocrx_word' id='word_1_6' title='bbox 902 883 1394 973; x_wconf 88' lang='lat' dir='ltr'><strong>DECANUS</strong></span> <span class='ocrx_word' id='word_1_7' title='bbox 1449 886 1547 972; x_wconf 90' lang='lat' dir='ltr'><strong>S.</strong></span> <span class='ocrx_word' id='word_1_8' title='bbox 1614 880 2023 989; x_wconf 85' lang='lat' dir='ltr'><strong>QUENTI</strong></span> <span class='ocrx_word' id='word_1_9' title='bbox 2082 881 2987 976; x_wconf 83' lang='lat' dir='ltr'><strong>VIROMANDENSIS</strong></span> 
     </span>
    </p>
   </div>
   <div class='ocr_carea' id='block_1_5' title="bbox 1732 1066 2162 1082">
    <p class='ocr_par' dir='ltr' id='par_1_5' title="bbox 1732 1066 2162 1082">
     <span class='ocr_line' id='line_1_5' title="bbox 1732 1066 2162 1082; baseline -0.007 0"><span class='ocrx_word' id='word_1_10' title='bbox 1732 1066 2162 1082; x_wconf 55' lang='grc'><strong>*-</strong></span> 
     </span>
    </p>
   </div>
   <div class='ocr_carea' id='block_1_6' title="bbox 1298 1214 2575 1329">
    <p class='ocr_par' dir='ltr' id='par_1_6' title="bbox 1298 1214 2575 1329">
     <span class='ocr_line' id='line_1_6' title="bbox 1298 1214 2575 1329; baseline 0.004 -7"><span class='ocrx_word' id='word_1_11' title='bbox 1298 1214 1798 1322; x_wconf 87' lang='grc' dir='ltr'><strong>ΝΟΤΙΤΙΑ</strong></span> <span class='ocrx_word' id='word_1_12' title='bbox 1884 1216 2575 1329; x_wconf 82' lang='lat' dir='ltr'><strong>HISTORICA.</strong></span> 
     </span>
    </p>
   </div>
   <div class='ocr_carea' id='block_1_7' title="bbox 201 1443 2195 1521">
    <p class='ocr_par' dir='ltr' id='par_1_7' title="bbox 201 1443 2195 1521">
     <span class='ocr_line' id='line_1_7' title="bbox 201 1443 2195 1521; baseline -0.004 -14"><span class='ocrx_word' id='word_1_13' title='bbox 201 1451 437 1521; x_wconf 77' lang='lat' dir='ltr'><strong>(Psarz,</strong></span> <span class='ocrx_word' id='word_1_14' title='bbox 480 1449 879 1504; x_wconf 79' lang='lat' dir='ltr'><strong>Monumenta</strong></span> <span class='ocrx_word' id='word_1_15' title='bbox 918 1448 1251 1505; x_wconf 70' lang='lat' dir='ltr'><strong>Germaniae</strong></span> <span class='ocrx_word' id='word_1_16' title='bbox 1296 1447 1602 1517; x_wconf 78' lang='lat' dir='ltr'><strong>historica,</strong></span> <span class='ocrx_word' id='word_1_17' title='bbox 1653 1443 1860 1516; x_wconf 90' lang='lat' dir='ltr'><strong>Script.</strong></span> <span class='ocrx_word' id='word_1_18' title='bbox 1912 1447 2058 1521; x_wconf 70' lang='lat' dir='ltr'><strong>tom.</strong></span> <span class='ocrx_word' id='word_1_19' title='bbox 2110 1448 2195 1521; x_wconf 78' lang='lat' dir='ltr'><strong>IV,</strong></span> 
     </span>
    </p>
   </div>
   <div class='ocr_carea' id='block_1_8' title="bbox 2248 1444 3649 1522">
    <p class='ocr_par' dir='ltr' id='par_1_8' title="bbox 2248 1444 3649 1522">
     <span class='ocr_line' id='line_1_8' title="bbox 2248 1444 3649 1522; baseline 0.001 -20"><span class='ocrx_word' id='word_1_20' title='bbox 2248 1462 2385 1519; x_wconf 90' lang='lat' dir='ltr'><strong>pag.</strong></span> <span class='ocrx_word' id='word_1_21' title='bbox 2438 1452 2526 1517; x_wconf 88' lang='lat'><strong>93,</strong></span> <span class='ocrx_word' id='word_1_22' title='bbox 2574 1465 2825 1522; x_wconf 79' lang='lat' dir='ltr'><strong>procem.</strong></span> <span class='ocrx_word' id='word_1_23' title='bbox 2884 1448 2962 1506; x_wconf 88' lang='lat' dir='ltr'><strong>ad</strong></span> <span class='ocrx_word' id='word_1_24' title='bbox 3015 1448 3278 1505; x_wconf 90' lang='lat' dir='ltr'><strong>Dudonis</strong></span> <span class='ocrx_word' id='word_1_25' title='bbox 3328 1444 3649 1504; x_wconf 85' lang='lat' dir='ltr'><strong>Historiam</strong></span> 
     </span>
    </p>
   </div>
   <div class='ocr_carea' id='block_1_9' title="bbox 1335 1515 2543 1591">
    <p class='ocr_par' dir='ltr' id='par_1_9' title="bbox 1335 1515 2543 1591">
     <span class='ocr_line' id='line_1_9' title="bbox 1335 1515 2543 1591; baseline 0.001 -18"><span class='ocrx_word' id='word_1_26' title='bbox 1335 1515 1835 1583; x_wconf 81' lang='lat' dir='ltr'><strong>Normannorum,</strong></span> <span class='ocrx_word' id='word_1_27' title='bbox 1869 1515 2082 1571; x_wconf 87' lang='lat' dir='ltr'><strong>edente</strong></span> <span class='ocrx_word' id='word_1_28' title='bbox 2116 1520 2179 1572; x_wconf 88' lang='lat' dir='ltr'><strong>D.</strong></span> <span class='ocrx_word' id='word_1_29' title='bbox 2212 1515 2273 1574; x_wconf 50' lang='lat' dir='ltr'><strong>G‘.</strong></span> <span class='ocrx_word' id='word_1_30' title='bbox 2308 1515 2543 1591; x_wconf 69' lang='lat' dir='ltr'><strong>WAITZ.)</strong></span> 
     </span>
    </p>
   </div>
   <div class='ocr_carea' id='block_1_10' title="bbox 1912 1776 1959 1829">
    <p class='ocr_par' dir='ltr' id='par_1_10' title="bbox 1912 1776 1959 1829">
     <span class='ocr_line' id='line_1_10' title="bbox 1912 1776 1959 1829; baseline 0 0"><span class='ocrx_word' id='word_1_31' title='bbox 1912 1776 1959 1829; x_wconf 83' lang='lat' dir='ltr'><strong>A</strong></span> 
     </span>
    </p>
   </div>
   <div class='ocr_carea' id='block_1_11' title="bbox 270 1808 3648 1883">
    <p class='ocr_par' dir='ltr' id='par_1_11' title="bbox 270 1808 3648 1883">
     <span class='ocr_line' id='line_1_11' title="bbox 270 1808 3648 1883; baseline 0.001 -14"><span class='ocrx_word' id='word_1_32' title='bbox 270 1812 467 1882; x_wconf 91' lang='lat' dir='ltr'><strong>Dudo,</strong></span> <span class='ocrx_word' id='word_1_33' title='bbox 508 1809 836 1867; x_wconf 89' lang='lat' dir='ltr'><strong>canonicus</strong></span> <span class='ocrx_word' id='word_1_34' title='bbox 882 1813 938 1865; x_wconf 89' lang='lat' dir='ltr'><strong>et</strong></span> <span class='ocrx_word' id='word_1_35' title='bbox 973 1815 1189 1883; x_wconf 88' lang='lat' dir='ltr'><strong>postea</strong></span> <span class='ocrx_word' id='word_1_36' title='bbox 1220 1811 1489 1867; x_wconf 87' lang='lat' dir='ltr'><strong>decanus</strong></span> <span class='ocrx_word' id='word_1_37' title='bbox 1518 1812 1574 1868; x_wconf 92' lang='lat' dir='ltr'><strong>S.</strong></span> <span class='ocrx_word' id='word_1_38' title='bbox 1620 1808 1879 1874; x_wconf 86' lang='lat' dir='ltr'><strong>Quintini</strong></span> <span class='ocrx_word' id='word_1_39' title='bbox 1912 1808 1959 1829; x_wconf 76' lang='lat'>“</span> <span class='ocrx_word' id='word_1_40' title='bbox 1990 1822 2177 1883; x_wconf 88' lang='lat' dir='ltr'><strong>quam</strong></span> <span class='ocrx_word' id='word_1_41' title='bbox 2224 1819 2486 1881; x_wconf 81' lang='lat' dir='ltr'><strong>exornet,</strong></span> <span class='ocrx_word' id='word_1_42' title='bbox 2527 1815 2918 1872; x_wconf 83' lang='lat' dir='ltr'><strong>nihilominus</strong></span> <span class='ocrx_word' id='word_1_43' title='bbox 2968 1816 3158 1872; x_wconf 87' lang='lat' dir='ltr'><strong>multa</strong></span> <span class='ocrx_word' id='word_1_44' title='bbox 3186 1814 3449 1872; x_wconf 81' lang='lat' dir='ltr'><strong>continet</strong></span> <span class='ocrx_word' id='word_1_45' title='bbox 3471 1817 3648 1873; x_wconf 89' lang='lat' dir='ltr'><strong>mini-</strong></span> 
     </span>
    </p>
   </div>
   <div class='ocr_carea' id='block_1_12' title="bbox 194 1898 1882 1970">
    <p class='ocr_par' dir='ltr' id='par_1_12' title="bbox 194 1898 1882 1970">
     <span class='ocr_line' id='line_1_12' title="bbox 194 1898 1882 1970; baseline -0.002 -14"><span class='ocrx_word' id='word_1_46' title='bbox 194 1898 703 1963; x_wconf 81' lang='lat' dir='ltr'><strong>Viromandensis,</strong></span> <span class='ocrx_word' id='word_1_47' title='bbox 728 1898 1044 1970; x_wconf 90' lang='lat' dir='ltr'><strong>quomodo</strong></span> <span class='ocrx_word' id='word_1_48' title='bbox 1071 1900 1161 1955; x_wconf 88' lang='lat' dir='ltr'><strong>ad</strong></span> <span class='ocrx_word' id='word_1_49' title='bbox 1187 1903 1673 1955; x_wconf 87' lang='lat' dir='ltr'><strong>Normannorum</strong></span> <span class='ocrx_word' id='word_1_50' title='bbox 1700 1898 1882 1953; x_wconf 89' lang='lat' dir='ltr'><strong>histo-</strong></span> 
     </span>
    </p>
   </div>
   <div class='ocr_carea' id='block_1_13' title="bbox 191 1988 1879 2062">
    <p class='ocr_par' dir='ltr' id='par_1_13' title="bbox 191 1988 1879 2062">
     <span class='ocr_line' id='line_1_13' title="bbox 191 1988 1879 2062; baseline -0.004 -13"><span class='ocrx_word' id='word_1_51' title='bbox 191 1994 349 2049; x_wconf 89' lang='lat' dir='ltr'><strong>riam</strong></span> <span class='ocrx_word' id='word_1_52' title='bbox 380 1988 879 2047; x_wconf 73' lang='lat' dir='ltr'><strong>conscribendam</strong></span> <span class='ocrx_word' id='word_1_53' title='bbox 910 1990 979 2045; x_wconf 92' lang='lat' dir='ltr'><strong>sit</strong></span> <span class='ocrx_word' id='word_1_54' title='bbox 1005 1990 1342 2059; x_wconf 90' lang='lat' dir='ltr'><strong>adductus,</strong></span> <span class='ocrx_word' id='word_1_55' title='bbox 1374 1989 1504 2061; x_wconf 92' lang='lat' dir='ltr'><strong>ipse</strong></span> <span class='ocrx_word' id='word_1_56' title='bbox 1530 1989 1879 2062; x_wconf 49' lang='lat' dir='ltr'><strong>praefatione</strong></span> 
     </span>
    </p>
   </div>
   <div class='ocr_carea' id='block_1_14' title="bbox 195 2077 1879 2153">
    <p class='ocr_par' dir='ltr' id='par_1_14' title="bbox 195 2077 1879 2153">
     <span class='ocr_line' id='line_1_14' title="bbox 195 2077 1879 2153; baseline -0.002 -16"><span class='ocrx_word' id='word_1_57' title='bbox 195 2082 281 2138; x_wconf 89' lang='lat' dir='ltr'><strong>ad</strong></span> <span class='ocrx_word' id='word_1_58' title='bbox 310 2080 739 2137; x_wconf 75' lang='lat' dir='ltr'><strong>Adalberonem</strong></span> <span class='ocrx_word' id='word_1_59' title='bbox 760 2077 1124 2153; x_wconf 87' lang='lat' dir='ltr'><strong>episcopum</strong></span> <span class='ocrx_word' id='word_1_60' title='bbox 1163 2079 1624 2135; x_wconf 83' lang='lat' dir='ltr'><strong>Laudunensem</strong></span> <span class='ocrx_word' id='word_1_61' title='bbox 1655 2079 1879 2134; x_wconf 87' lang='lat' dir='ltr'><strong>directa</strong></span> 
     </span>
    </p>
   </div>
   <div class='ocr_carea' id='block_1_15' title="bbox 480 2186 528 2225">
    <p class='ocr_par' dir='ltr' id='par_1_15' title="bbox 480 2186 528 2225">
     <span class='ocr_line' id='line_1_15' title="bbox 480 2186 528 2225; baseline 0 0"><span class='ocrx_word' id='word_1_62' title='bbox 480 2186 528 2225; x_wconf 79' lang='grc' dir='ltr'><strong>Γ.</strong></span> 
     </span>
    </p>
   </div>
   <div class='ocr_carea' id='block_1_16' title="bbox 195 2171 1877 2328">
    <p class='ocr_par' dir='ltr' id='par_1_16' title="bbox 195 2171 1877 2328">
     <span class='ocr_line' id='line_1_16' title="bbox 480 2186 528 2225; baseline 0 0"><span class='ocrx_word' id='word_1_63' title='bbox 480 2186 528 2225; x_wconf 94' lang='lat' dir='ltr'><strong>r.</strong></span> 
     </span>
     <span class='ocr_line' id='line_1_17' title="bbox 195 2171 1877 2328; baseline -0.001 -15"><span class='ocrx_word' id='word_1_64' title='bbox 195 2171 540 2316; x_wconf 47' lang='lat' dir='ltr'><strong>prfifiistfdrite</strong></span> <span class='ocrx_word' id='word_1_65' title='bbox 570 2258 746 2328; x_wconf 78' lang='lat' dir='ltr'><strong>igitur</strong></span> <span class='ocrx_word' id='word_1_66' title='bbox 776 2258 1106 2315; x_wconf 83' lang='lat' dir='ltr'><strong>scribendae</strong></span> <span class='ocrx_word' id='word_1_67' title='bbox 1144 2274 1371 2313; x_wconf 88' lang='lat' dir='ltr'><strong>munus</strong></span> <span class='ocrx_word' id='word_1_68' title='bbox 1398 2257 1693 2313; x_wconf 87' lang='lat' dir='ltr'><strong>Richardo</strong></span> <span class='ocrx_word' id='word_1_69' title='bbox 1720 2262 1739 2313; x_wconf 89' lang='grc' dir='ltr'>ῐ</span> <span class='ocrx_word' id='word_1_70' title='bbox 1770 2257 1877 2312; x_wconf 84' lang='lat' dir='ltr'><strong>du-</strong></span> 
     </span>
    </p>
   </div>
   <div class='ocr_carea' id='block_1_17' title="bbox 200 2349 1874 2422">
    <p class='ocr_par' dir='ltr' id='par_1_17' title="bbox 200 2349 1874 2422">
     <span class='ocr_line' id='line_1_18' title="bbox 200 2349 1874 2422; baseline -0.005 -13"><span class='ocrx_word' id='word_1_71' title='bbox 200 2368 268 2409; x_wconf 88' lang='lat' dir='ltr'><strong>ce</strong></span> <span class='ocrx_word' id='word_1_72' title='bbox 310 2351 443 2405; x_wconf 85' lang='lat' dir='ltr'><strong>vivo</strong></span> <span class='ocrx_word' id='word_1_73' title='bbox 474 2353 837 2421; x_wconf 90' lang='lat' dir='ltr'><strong>susceptum,</strong></span> <span class='ocrx_word' id='word_1_74' title='bbox 866 2353 998 2422; x_wconf 90' lang='lat' dir='ltr'><strong>post</strong></span> <span class='ocrx_word' id='word_1_75' title='bbox 1039 2350 1188 2421; x_wconf 87' lang='lat' dir='ltr'><strong>ejus</strong></span> <span class='ocrx_word' id='word_1_76' title='bbox 1220 2350 1496 2417; x_wconf 89' lang='lat' dir='ltr'><strong>mortem,</strong></span> <span class='ocrx_word' id='word_1_77' title='bbox 1525 2364 1662 2420; x_wconf 65' lang='lat' dir='ltr'><strong>quae</strong></span> <span class='ocrx_word' id='word_1_78' title='bbox 1690 2365 1726 2404; x_wconf 90' lang='lat' dir='ltr'><strong>a</strong></span> <span class='ocrx_word' id='word_1_79' title='bbox 1757 2349 1874 2401; x_wconf 90' lang='lat' dir='ltr'><strong>Du-</strong></span> 
     </span>
    </p>
   </div>
   <div class='ocr_carea' id='block_1_18' title="bbox 201 2436 1874 2508">
    <p class='ocr_par' dir='ltr' id='par_1_18' title="bbox 201 2436 1874 2508">
     <span class='ocr_line' id='line_1_19' title="bbox 201 2436 1874 2508; baseline -0.004 -11"><span class='ocrx_word' id='word_1_80' title='bbox 201 2441 364 2497; x_wconf 92' lang='lat' dir='ltr'><strong>done</strong></span> <span class='ocrx_word' id='word_1_81' title='bbox 417 2440 477 2494; x_wconf 93' lang='lat' dir='ltr'><strong>in</strong></span> <span class='ocrx_word' id='word_1_82' title='bbox 510 2455 565 2497; x_wconf 88' lang='lat' dir='ltr'><strong>a.</strong></span> <span class='ocrx_word' id='word_1_83' title='bbox 618 2442 772 2503; x_wconf 75' lang='lat'><strong>1002,</strong></span> <span class='ocrx_word' id='word_1_84' title='bbox 798 2439 876 2494; x_wconf 87' lang='lat' dir='ltr'><strong>ab</strong></span> <span class='ocrx_word' id='word_1_85' title='bbox 905 2437 1029 2494; x_wconf 87' lang='lat' dir='ltr'><strong>aliis</strong></span> <span class='ocrx_word' id='word_1_86' title='bbox 1059 2438 1147 2508; x_wconf 76' lang='grc'>(1)</span> <span class='ocrx_word' id='word_1_87' title='bbox 1197 2436 1261 2491; x_wconf 89' lang='lat' dir='ltr'><strong>in</strong></span> <span class='ocrx_word' id='word_1_88' title='bbox 1292 2452 1345 2492; x_wconf 89' lang='lat' dir='ltr'><strong>a.</strong></span> <span class='ocrx_word' id='word_1_89' title='bbox 1379 2439 1481 2492; x_wconf 86' lang='lat'>996</span> <span class='ocrx_word' id='word_1_90' title='bbox 1524 2437 1874 2499; x_wconf 82' lang='lat' dir='ltr'><strong>collocatur,</strong></span> 
     </span>
    </p>
   </div>
   <div class='ocr_carea' id='block_1_19' title="bbox 201 2524 1874 2599">
    <p class='ocr_par' dir='ltr' id='par_1_19' title="bbox 201 2524 1874 2599">
     <span class='ocr_line' id='line_1_20' title="bbox 201 2524 1874 2599; baseline -0.005 -13"><span class='ocrx_word' id='word_1_91' title='bbox 201 2534 294 2587; x_wconf 91' lang='lat' dir='ltr'><strong>est</strong></span> <span class='ocrx_word' id='word_1_92' title='bbox 338 2533 689 2595; x_wconf 80' lang='lat' dir='ltr'><strong>exsecutus;</strong></span> <span class='ocrx_word' id='word_1_93' title='bbox 738 2527 845 2583; x_wconf 90' lang='lat' dir='ltr'><strong>sed</strong></span> <span class='ocrx_word' id='word_1_94' title='bbox 873 2543 991 2599; x_wconf 92' lang='lat' dir='ltr'><strong>quo</strong></span> <span class='ocrx_word' id='word_1_95' title='bbox 1023 2542 1201 2582; x_wconf 89' lang='lat' dir='ltr'><strong>anno</strong></span> <span class='ocrx_word' id='word_1_96' title='bbox 1247 2540 1399 2596; x_wconf 92' lang='lat' dir='ltr'><strong>opus</strong></span> <span class='ocrx_word' id='word_1_97' title='bbox 1441 2524 1680 2590; x_wconf 87' lang='lat' dir='ltr'><strong>ﬁnierit,</strong></span> <span class='ocrx_word' id='word_1_98' title='bbox 1726 2540 1874 2579; x_wconf 87' lang='lat' dir='ltr'><strong>nus-</strong></span> 
     </span>
    </p>
   </div>
   <div class='ocr_carea' id='block_1_20' title="bbox 201 2612 1876 2691">
    <p class='ocr_par' dir='ltr' id='par_1_20' title="bbox 201 2612 1876 2691">
     <span class='ocr_line' id='line_1_21' title="bbox 201 2612 1876 2691; baseline -0.003 -18"><span class='ocrx_word' id='word_1_99' title='bbox 201 2634 394 2691; x_wconf 86' lang='lat' dir='ltr'><strong>quam</strong></span> <span class='ocrx_word' id='word_1_100' title='bbox 440 2616 740 2673; x_wconf 82' lang='lat' dir='ltr'><strong>indicavit.</strong></span> <span class='ocrx_word' id='word_1_101' title='bbox 775 2615 945 2681; x_wconf 88' lang='lat' dir='ltr'><strong>Quod</strong></span> <span class='ocrx_word' id='word_1_102' title='bbox 973 2620 1183 2671; x_wconf 89' lang='lat' dir='ltr'><strong>tamen</strong></span> <span class='ocrx_word' id='word_1_103' title='bbox 1215 2619 1351 2684; x_wconf 90' lang='lat' dir='ltr'><strong>post</strong></span> <span class='ocrx_word' id='word_1_104' title='bbox 1393 2628 1448 2668; x_wconf 90' lang='lat' dir='ltr'><strong>a.</strong></span> <span class='ocrx_word' id='word_1_105' title='bbox 1482 2614 1616 2668; x_wconf 78' lang='grc'><strong>1015</strong></span> <span class='ocrx_word' id='word_1_106' title='bbox 1650 2612 1876 2671; x_wconf 83' lang='lat' dir='ltr'><strong>factum</strong></span> 
     </span>
    </p>
   </div>
   <div class='ocr_carea' id='block_1_21' title="bbox 1990 1902 3650 1978">
    <p class='ocr_par' dir='ltr' id='par_1_21' title="bbox 1990 1902 3650 1978">
     <span class='ocr_line' id='line_1_22' title="bbox 1990 1902 3650 1978; baseline 0.004 -24"><span class='ocrx_word' id='word_1_107' title='bbox 1990 1916 2086 1955; x_wconf 90' lang='lat' dir='ltr'><strong>me</strong></span> <span class='ocrx_word' id='word_1_108' title='bbox 2115 1904 2469 1974; x_wconf 89' lang='lat' dir='ltr'><strong>spernenda.</strong></span> <span class='ocrx_word' id='word_1_109' title='bbox 2494 1904 2665 1960; x_wconf 90' lang='lat' dir='ltr'><strong>Dudo</strong></span> <span class='ocrx_word' id='word_1_110' title='bbox 2694 1904 2912 1962; x_wconf 86' lang='lat' dir='ltr'><strong>litteras</strong></span> <span class='ocrx_word' id='word_1_111' title='bbox 2957 1904 3066 1960; x_wconf 91' lang='lat' dir='ltr'><strong>fuit</strong></span> <span class='ocrx_word' id='word_1_112' title='bbox 3091 1904 3245 1959; x_wconf 90' lang='lat' dir='ltr'><strong>bene</strong></span> <span class='ocrx_word' id='word_1_113' title='bbox 3282 1902 3516 1976; x_wconf 91' lang='lat' dir='ltr'><strong>doctus,</strong></span> <span class='ocrx_word' id='word_1_114' title='bbox 3545 1906 3650 1978; x_wconf 86' lang='lat' dir='ltr'><strong>qui</strong></span> 
     </span>
    </p>
   </div>
   <div class='ocr_carea' id='block_1_22' title="bbox 1990 1989 3648 2066">
    <p class='ocr_par' dir='ltr' id='par_1_22' title="bbox 1990 1989 3648 2066">
     <span class='ocr_line' id='line_1_23' title="bbox 1990 1989 3648 2066; baseline 0.004 -22"><span class='ocrx_word' id='word_1_115' title='bbox 1990 1989 2168 2047; x_wconf 90' lang='lat' dir='ltr'><strong>etiam</strong></span> <span class='ocrx_word' id='word_1_116' title='bbox 2200 1996 2413 2049; x_wconf 67' lang='lat' dir='ltr'><strong>Graecae</strong></span> <span class='ocrx_word' id='word_1_117' title='bbox 2443 1994 2663 2064; x_wconf 70' lang='lat' dir='ltr'><strong>linguae</strong></span> <span class='ocrx_word' id='word_1_118' title='bbox 2692 1995 3095 2065; x_wconf 81' lang='lat' dir='ltr'><strong>cognitionem</strong></span> <span class='ocrx_word' id='word_1_119' title='bbox 3126 1992 3393 2049; x_wconf 83' lang='lat' dir='ltr'><strong>habebat</strong></span> <span class='ocrx_word' id='word_1_120' title='bbox 3419 1994 3648 2066; x_wconf 82' lang='lat' dir='ltr'><strong>plures-</strong></span> 
     </span>
    </p>
   </div>
   <div class='ocr_carea' id='block_1_23' title="bbox 1988 2081 3646 2155">
    <p class='ocr_par' dir='ltr' id='par_1_23' title="bbox 1988 2081 3646 2155">
     <span class='ocr_line' id='line_1_24' title="bbox 1988 2081 3646 2155; baseline 0.004 -22"><span class='ocrx_word' id='word_1_121' title='bbox 1988 2094 2106 2150; x_wconf 90' lang='lat' dir='ltr'><strong>que</strong></span> <span class='ocrx_word' id='word_1_122' title='bbox 2137 2081 2504 2153; x_wconf 81' lang='lat' dir='ltr'><strong>antiquitatis</strong></span> <span class='ocrx_word' id='word_1_123' title='bbox 2531 2087 2738 2155; x_wconf 88' lang='lat' dir='ltr'><strong>poetas</strong></span> <span class='ocrx_word' id='word_1_124' title='bbox 2763 2083 2988 2154; x_wconf 82' lang='lat' dir='ltr'><strong>legerat</strong></span> <span class='ocrx_word' id='word_1_125' title='bbox 3018 2086 3087 2154; x_wconf 93' lang='lat'><strong>(7)</strong></span> <span class='ocrx_word' id='word_1_126' title='bbox 3112 2101 3126 2149; x_wconf 83' lang='lat'><strong>;</strong></span> <span class='ocrx_word' id='word_1_127' title='bbox 3161 2096 3398 2153; x_wconf 87' lang='lat' dir='ltr'><strong>semper</strong></span> <span class='ocrx_word' id='word_1_128' title='bbox 3426 2087 3646 2152; x_wconf 88' lang='lat' dir='ltr'><strong>tamen,</strong></span> 
     </span>
    </p>
   </div>
   <div class='ocr_carea' id='block_1_24' title="bbox 1988 2169 3647 2245">
    <p class='ocr_par' dir='ltr' id='par_1_24' title="bbox 1988 2169 3647 2245">
     <span class='ocr_line' id='line_1_25' title="bbox 1988 2169 3647 2245; baseline 0.004 -22"><span class='ocrx_word' id='word_1_129' title='bbox 1988 2170 2285 2227; x_wconf 87' lang='lat' dir='ltr'><strong>modestia</strong></span> <span class='ocrx_word' id='word_1_130' title='bbox 2312 2172 2559 2228; x_wconf 84' lang='lat' dir='ltr'><strong>fortasse</strong></span> <span class='ocrx_word' id='word_1_131' title='bbox 2591 2172 2886 2241; x_wconf 73' lang='lat' dir='ltr'><strong>affectata,</strong></span> <span class='ocrx_word' id='word_1_132' title='bbox 2937 2190 2997 2228; x_wconf 89' lang='lat' dir='ltr'><strong>se</strong></span> <span class='ocrx_word' id='word_1_133' title='bbox 3048 2169 3285 2228; x_wconf 87' lang='lat' dir='ltr'><strong>muneri</strong></span> <span class='ocrx_word' id='word_1_134' title='bbox 3328 2170 3647 2245; x_wconf 90' lang='lat' dir='ltr'><strong>imparem,</strong></span> 
     </span>
    </p>
   </div>
   <div class='ocr_carea' id='block_1_25' title="bbox 1989 2257 3649 2334">
    <p class='ocr_par' dir='ltr' id='par_1_25' title="bbox 1989 2257 3649 2334">
     <span class='ocr_line' id='line_1_26' title="bbox 1989 2257 3649 2334; baseline 0.004 -23"><span class='ocrx_word' id='word_1_135' title='bbox 1989 2257 2166 2313; x_wconf 89' lang='lat' dir='ltr'><strong>nimis</strong></span> <span class='ocrx_word' id='word_1_136' title='bbox 2194 2258 2559 2333; x_wconf 90' lang='lat' dir='ltr'><strong>imperitum,</strong></span> <span class='ocrx_word' id='word_1_137' title='bbox 2587 2260 2848 2317; x_wconf 84' lang='lat' dir='ltr'><strong>debilem</strong></span> <span class='ocrx_word' id='word_1_138' title='bbox 2874 2267 3053 2334; x_wconf 86' lang='lat' dir='ltr'><strong>atque</strong></span> <span class='ocrx_word' id='word_1_139' title='bbox 3082 2259 3478 2317; x_wconf 83' lang='lat' dir='ltr'><strong>infacundum</strong></span> <span class='ocrx_word' id='word_1_140' title='bbox 3509 2277 3649 2334; x_wconf 90' lang='lat' dir='ltr'><strong>pro-</strong></span> 
     </span>
    </p>
   </div>
   <div class='ocr_carea' id='block_1_26' title="bbox 1987 2345 3649 2423">
    <p class='ocr_par' dir='ltr' id='par_1_26' title="bbox 1987 2345 3649 2423">
     <span class='ocr_line' id='line_1_27' title="bbox 1987 2345 3649 2423; baseline 0.005 -24"><span class='ocrx_word' id='word_1_141' title='bbox 1987 2345 2179 2401; x_wconf 88' lang='lat' dir='ltr'><strong>fessus</strong></span> <span class='ocrx_word' id='word_1_142' title='bbox 2210 2353 2316 2404; x_wconf 90' lang='lat' dir='ltr'><strong>est.</strong></span> <span class='ocrx_word' id='word_1_143' title='bbox 2350 2352 2459 2404; x_wconf 84' lang='lat' dir='ltr'><strong>Res</strong></span> <span class='ocrx_word' id='word_1_144' title='bbox 2499 2365 2639 2405; x_wconf 90' lang='lat' dir='ltr'><strong>vero</strong></span> <span class='ocrx_word' id='word_1_145' title='bbox 2677 2350 3107 2407; x_wconf 83' lang='lat' dir='ltr'><strong>Normannicas</strong></span> <span class='ocrx_word' id='word_1_146' title='bbox 3137 2347 3436 2406; x_wconf 86' lang='lat' dir='ltr'><strong>uberrime</strong></span> <span class='ocrx_word' id='word_1_147' title='bbox 3463 2366 3649 2423; x_wconf 87' lang='lat' dir='ltr'><strong>expo-</strong></span> 
     </span>
    </p>
   </div>
   <div class='ocr_carea' id='block_1_27' title="bbox 1988 2435 3649 2512">
    <p class='ocr_par' dir='ltr' id='par_1_27' title="bbox 1988 2435 3649 2512">
     <span class='ocr_line' id='line_1_28' title="bbox 1988 2435 3649 2512; baseline 0.006 -24"><span class='ocrx_word' id='word_1_148' title='bbox 1988 2435 2122 2501; x_wconf 91' lang='lat' dir='ltr'><strong>suit,</strong></span> <span class='ocrx_word' id='word_1_149' title='bbox 2145 2452 2452 2510; x_wconf 79' lang='lat' dir='ltr'><strong>nusquam</strong></span> <span class='ocrx_word' id='word_1_150' title='bbox 2481 2437 2655 2494; x_wconf 85' lang='lat' dir='ltr'><strong>valde</strong></span> <span class='ocrx_word' id='word_1_151' title='bbox 2687 2455 2722 2494; x_wconf 88' lang='lat' dir='ltr'><strong>a</strong></span> <span class='ocrx_word' id='word_1_152' title='bbox 2754 2454 2894 2494; x_wconf 90' lang='lat' dir='ltr'><strong>vero</strong></span> <span class='ocrx_word' id='word_1_153' title='bbox 2920 2438 3239 2503; x_wconf 88' lang='lat' dir='ltr'><strong>aberravit,</strong></span> <span class='ocrx_word' id='word_1_154' title='bbox 3271 2438 3378 2494; x_wconf 84' lang='lat' dir='ltr'><strong>sed</strong></span> <span class='ocrx_word' id='word_1_155' title='bbox 3411 2445 3475 2496; x_wconf 89' lang='lat' dir='ltr'><strong>ut</strong></span> <span class='ocrx_word' id='word_1_156' title='bbox 3499 2444 3649 2512; x_wconf 87' lang='lat' dir='ltr'><strong>Lap-</strong></span> 
     </span>
    </p>
   </div>
   <div class='ocr_carea' id='block_1_28' title="bbox 1985 2524 3647 2601">
    <p class='ocr_par' dir='ltr' id='par_1_28' title="bbox 1985 2524 3647 2601">
     <span class='ocr_line' id='line_1_29' title="bbox 1985 2524 3647 2601; baseline 0.004 -24"><span class='ocrx_word' id='word_1_157' title='bbox 1985 2524 2256 2594; x_wconf 82' lang='lat' dir='ltr'><strong>penberg</strong></span> <span class='ocrx_word' id='word_1_158' title='bbox 2304 2542 2497 2597; x_wconf 89' lang='lat' dir='ltr'><strong>nuper</strong></span> <span class='ocrx_word' id='word_1_159' title='bbox 2526 2526 2729 2582; x_wconf 91' lang='lat' dir='ltr'><strong>docuit</strong></span> <span class='ocrx_word' id='word_1_160' title='bbox 2758 2532 2855 2595; x_wconf 87' lang='lat'><strong>(8),</strong></span> <span class='ocrx_word' id='word_1_161' title='bbox 2889 2544 3027 2583; x_wconf 91' lang='lat' dir='ltr'><strong>cum</strong></span> <span class='ocrx_word' id='word_1_162' title='bbox 3058 2526 3187 2583; x_wconf 89' lang='lat' dir='ltr'><strong>aliis</strong></span> <span class='ocrx_word' id='word_1_163' title='bbox 3230 2525 3493 2584; x_wconf 88' lang='lat' dir='ltr'><strong>fontibus</strong></span> <span class='ocrx_word' id='word_1_164' title='bbox 3522 2528 3647 2601; x_wconf 92' lang='lat' dir='ltr'><strong>ple-</strong></span> 
     </span>
    </p>
   </div>
   <div class='ocr_carea' id='block_1_29' title="bbox 1984 2614 3649 2688">
    <p class='ocr_par' dir='ltr' id='par_1_29' title="bbox 1984 2614 3649 2688">
     <span class='ocr_line' id='line_1_30' title="bbox 1984 2614 3649 2688; baseline 0.002 -21"><span class='ocrx_word' id='word_1_165' title='bbox 1984 2628 2243 2686; x_wconf 90' lang='lat' dir='ltr'><strong>rumque</strong></span> <span class='ocrx_word' id='word_1_166' title='bbox 2291 2614 2603 2683; x_wconf 80' lang='lat' dir='ltr'><strong>convenit;</strong></span> <span class='ocrx_word' id='word_1_167' title='bbox 2635 2631 2771 2688; x_wconf 64' lang='lat' dir='ltr'><strong>quas</strong></span> <span class='ocrx_word' id='word_1_168' title='bbox 2811 2616 3046 2672; x_wconf 83' lang='lat' dir='ltr'><strong>fabulas</strong></span> <span class='ocrx_word' id='word_1_169' title='bbox 3083 2614 3373 2686; x_wconf 87' lang='lat' dir='ltr'><strong>redolent,</strong></span> <span class='ocrx_word' id='word_1_170' title='bbox 3404 2622 3533 2673; x_wconf 91' lang='lat' dir='ltr'><strong>tum</strong></span> <span class='ocrx_word' id='word_1_171' title='bbox 3575 2632 3649 2672; x_wconf 90' lang='lat' dir='ltr'><strong>ex</strong></span> 
     </span>
    </p>
   </div>
   <div class='ocr_carea' id='block_1_30' title="bbox 204 2700 3648 2778">
    <p class='ocr_par' dir='ltr' id='par_1_30' title="bbox 204 2700 3648 2778">
     <span class='ocr_line' id='line_1_31' title="bbox 204 2700 3648 2778; baseline -0.001 -16"><span class='ocrx_word' id='word_1_172' title='bbox 204 2707 284 2762; x_wconf 91' lang='lat' dir='ltr'><strong>sit</strong></span> <span class='ocrx_word' id='word_1_173' title='bbox 332 2709 579 2778; x_wconf 86' lang='lat' dir='ltr'><strong>oportet,</strong></span> <span class='ocrx_word' id='word_1_174' title='bbox 630 2721 770 2761; x_wconf 90' lang='lat' dir='ltr'><strong>cum</strong></span> <span class='ocrx_word' id='word_1_175' title='bbox 812 2704 925 2759; x_wconf 91' lang='lat' dir='ltr'><strong>hoc</strong></span> <span class='ocrx_word' id='word_1_176' title='bbox 972 2719 1139 2759; x_wconf 84' lang='lat' dir='ltr'><strong>anno</strong></span> <span class='ocrx_word' id='word_1_177' title='bbox 1192 2700 1361 2756; x_wconf 91' lang='lat' dir='ltr'><strong>Dudo</strong></span> <span class='ocrx_word' id='word_1_178' title='bbox 1399 2701 1675 2758; x_wconf 90' lang='lat' dir='ltr'><strong>nondum</strong></span> <span class='ocrx_word' id='word_1_179' title='bbox 1719 2700 1879 2759; x_wconf 80' lang='lat' dir='ltr'><strong>esset</strong></span> <span class='ocrx_word' id='word_1_180' title='bbox 1986 2700 2198 2773; x_wconf 88' lang='lat' dir='ltr'><strong>priscis</strong></span> <span class='ocrx_word' id='word_1_181' title='bbox 2246 2706 2731 2760; x_wconf 87' lang='lat' dir='ltr'><strong>Normannorum</strong></span> <span class='ocrx_word' id='word_1_182' title='bbox 2776 2705 3139 2761; x_wconf 88' lang='lat' dir='ltr'><strong>carminibus</strong></span> <span class='ocrx_word' id='word_1_183' title='bbox 3179 2704 3473 2776; x_wconf 80' lang='lat' dir='ltr'><strong>hausisse,</strong></span> <span class='ocrx_word' id='word_1_184' title='bbox 3517 2709 3648 2761; x_wconf 87' lang='lat' dir='ltr'><strong>tum</strong></span> 
     </span>
    </p>
   </div>
   <div class='ocr_carea' id='block_1_31' title="bbox 202 2789 1876 2867">
    <p class='ocr_par' dir='ltr' id='par_1_31' title="bbox 202 2789 1876 2867">
     <span class='ocr_line' id='line_1_32' title="bbox 202 2789 1876 2867; baseline -0.003 -16"><span class='ocrx_word' id='word_1_185' title='bbox 202 2796 476 2851; x_wconf 89' lang='lat' dir='ltr'><strong>decanus</strong></span> <span class='ocrx_word' id='word_1_186' title='bbox 508 2796 604 2865; x_wconf 85' lang='lat'><strong>(2).</strong></span> <span class='ocrx_word' id='word_1_187' title='bbox 641 2798 827 2867; x_wconf 90' lang='lat' dir='ltr'><strong>Opus,</strong></span> <span class='ocrx_word' id='word_1_188' title='bbox 852 2793 1011 2865; x_wconf 91' lang='lat' dir='ltr'><strong>quod</strong></span> <span class='ocrx_word' id='word_1_189' title='bbox 1044 2792 1232 2847; x_wconf 89' lang='lat' dir='ltr'><strong>etiam</strong></span> <span class='ocrx_word' id='word_1_190' title='bbox 1253 2789 1547 2846; x_wconf 85' lang='lat' dir='ltr'><strong>Richardo</strong></span> <span class='ocrx_word' id='word_1_191' title='bbox 1572 2791 1733 2859; x_wconf 92' lang='lat' dir='ltr'><strong>duci,</strong></span> <span class='ocrx_word' id='word_1_192' title='bbox 1766 2794 1876 2846; x_wconf 86' lang='lat' dir='ltr'><strong>Ro-</strong></span> 
     </span>
    </p>
   </div>
   <div class='ocr_carea' id='block_1_32' title="bbox 201 2878 1873 2954">
    <p class='ocr_par' dir='ltr' id='par_1_32' title="bbox 201 2878 1873 2954">
     <span class='ocr_line' id='line_1_33' title="bbox 201 2878 1873 2954; baseline -0.004 -13"><span class='ocrx_word' id='word_1_193' title='bbox 201 2884 376 2941; x_wconf 89' lang='lat' dir='ltr'><strong>dulfo</strong></span> <span class='ocrx_word' id='word_1_194' title='bbox 416 2883 633 2951; x_wconf 88' lang='lat' dir='ltr'><strong>comiti,</strong></span> <span class='ocrx_word' id='word_1_195' title='bbox 666 2888 723 2940; x_wconf 91' lang='lat' dir='ltr'><strong>et</strong></span> <span class='ocrx_word' id='word_1_196' title='bbox 752 2882 1003 2940; x_wconf 82' lang='lat' dir='ltr'><strong>Roberto</strong></span> <span class='ocrx_word' id='word_1_197' title='bbox 1047 2878 1502 2954; x_wconf 89' lang='lat' dir='ltr'><strong>archiepisc0po</strong></span> <span class='ocrx_word' id='word_1_198' title='bbox 1550 2881 1873 2938; x_wconf 79' lang='lat' dir='ltr'><strong>Rothoma-</strong></span> 
     </span>
    </p>
   </div>
   <div class='ocr_carea' id='block_1_33' title="bbox 1986 2792 3649 2867">
    <p class='ocr_par' dir='ltr' id='par_1_33' title="bbox 1986 2792 3649 2867">
     <span class='ocr_line' id='line_1_34' title="bbox 1986 2792 3649 2867; baseline 0.001 -21"><span class='ocrx_word' id='word_1_199' title='bbox 1986 2807 2061 2846; x_wconf 86' lang='lat' dir='ltr'><strong>ex</strong></span> <span class='ocrx_word' id='word_1_200' title='bbox 2089 2807 2189 2846; x_wconf 91' lang='lat' dir='ltr'><strong>ore</strong></span> <span class='ocrx_word' id='word_1_201' title='bbox 2243 2792 2477 2847; x_wconf 85' lang='lat' dir='ltr'><strong>comitis</strong></span> <span class='ocrx_word' id='word_1_202' title='bbox 2528 2793 2761 2848; x_wconf 85' lang='lat' dir='ltr'><strong>Rodulﬁ</strong></span> <span class='ocrx_word' id='word_1_203' title='bbox 2803 2794 3175 2867; x_wconf 87' lang='lat' dir='ltr'><strong>aliorumque</strong></span> <span class='ocrx_word' id='word_1_204' title='bbox 3218 2792 3504 2866; x_wconf 88' lang='lat' dir='ltr'><strong>virorum,</strong></span> <span class='ocrx_word' id='word_1_205' title='bbox 3543 2792 3649 2866; x_wconf 91' lang='lat' dir='ltr'><strong>qui</strong></span> 
     </span>
    </p>
   </div>
   <div class='ocr_carea' id='block_1_34' title="bbox 1984 2879 3647 2956">
    <p class='ocr_par' dir='ltr' id='par_1_34' title="bbox 1984 2879 3647 2956">
     <span class='ocr_line' id='line_1_35' title="bbox 1984 2879 3647 2956; baseline 0.004 -24"><span class='ocrx_word' id='word_1_206' title='bbox 1984 2879 2166 2933; x_wconf 82' lang='lat' dir='ltr'><strong>rebus</strong></span> <span class='ocrx_word' id='word_1_207' title='bbox 2194 2880 2600 2947; x_wconf 85' lang='lat' dir='ltr'><strong>interfuerant,</strong></span> <span class='ocrx_word' id='word_1_208' title='bbox 2635 2883 2937 2955; x_wconf 84' lang='lat' dir='ltr'><strong>accepisse</strong></span> <span class='ocrx_word' id='word_1_209' title='bbox 2967 2881 3273 2956; x_wconf 85' lang='lat' dir='ltr'><strong>putandus</strong></span> <span class='ocrx_word' id='word_1_210' title='bbox 3302 2886 3409 2955; x_wconf 91' lang='lat' dir='ltr'><strong>est,</strong></span> <span class='ocrx_word' id='word_1_211' title='bbox 3442 2886 3499 2939; x_wconf 90' lang='lat' dir='ltr'><strong>et</strong></span> <span class='ocrx_word' id='word_1_212' title='bbox 3525 2886 3647 2939; x_wconf 85' lang='lat' dir='ltr'><strong>tam</strong></span> 
     </span>
    </p>
   </div>
   <div class='ocr_carea' id='block_1_35' title="bbox 202 2967 3650 3066">
    <p class='ocr_par' dir='ltr' id='par_1_35' title="bbox 202 2967 3650 3066">
     <span class='ocr_line' id='line_1_36' title="bbox 202 2967 3650 3066; baseline -0.001 -37"><span class='ocrx_word' id='word_1_213' title='bbox 202 2974 379 3045; x_wconf 85' lang='lat' dir='ltr'><strong>gensi</strong></span> <span class='ocrx_word' id='word_1_214' title='bbox 408 2972 705 3046; x_wconf 87' lang='lat' dir='ltr'><strong>inscripsit</strong></span> <span class='ocrx_word' id='word_1_215' title='bbox 734 2974 833 3043; x_wconf 87' lang='lat'><strong>(3),</strong></span> <span class='ocrx_word' id='word_1_216' title='bbox 864 2971 1054 3027; x_wconf 89' lang='lat' dir='ltr'><strong>tribus</strong></span> <span class='ocrx_word' id='word_1_217' title='bbox 1081 2968 1250 3025; x_wconf 87' lang='lat' dir='ltr'><strong>libris</strong></span> <span class='ocrx_word' id='word_1_218' title='bbox 1283 2968 1355 3066; x_wconf 73' lang='grc'>(4)</span> <span class='ocrx_word' id='word_1_219' title='bbox 1380 2968 1644 3066; x_wconf 76' lang='lat' dir='ltr'><strong>digessit,</strong></span> <span class='ocrx_word' id='word_1_220' title='bbox 1676 2968 1874 3066; x_wconf 82' lang='lat' dir='ltr'><strong>primo</strong></span> <span class='ocrx_word' id='word_1_221' title='bbox 1914 3013 1956 3066; x_wconf 75' lang='grc' dir='ltr'>Β</span> <span class='ocrx_word' id='word_1_222' title='bbox 1984 2967 2077 3022; x_wconf 89' lang='lat' dir='ltr'><strong>his</strong></span> <span class='ocrx_word' id='word_1_223' title='bbox 2096 2983 2287 3066; x_wconf 81' lang='lat' dir='ltr'><strong>quam</strong></span> <span class='ocrx_word' id='word_1_224' title='bbox 2313 2967 2443 3024; x_wconf 88' lang='lat' dir='ltr'><strong>aliis</strong></span> <span class='ocrx_word' id='word_1_225' title='bbox 2482 2968 2630 3066; x_wconf 79' lang='lat' dir='ltr'><strong>locis</strong></span> <span class='ocrx_word' id='word_1_226' title='bbox 2662 2986 2859 3027; x_wconf 89' lang='lat' dir='ltr'><strong>mores</strong></span> <span class='ocrx_word' id='word_1_227' title='bbox 2900 2971 3297 3044; x_wconf 89' lang='lat' dir='ltr'><strong>habitumque</strong></span> <span class='ocrx_word' id='word_1_228' title='bbox 3326 2970 3534 3045; x_wconf 91' lang='lat' dir='ltr'><strong>populi</strong></span> <span class='ocrx_word' id='word_1_229' title='bbox 3564 2969 3650 3027; x_wconf 91' lang='lat' dir='ltr'><strong>lu-</strong></span> 
     </span>
    </p>
   </div>
   <div class='ocr_carea' id='block_1_36' title="bbox 201 3057 1873 3131">
    <p class='ocr_par' dir='ltr' id='par_1_36' title="bbox 201 3057 1873 3131">
     <span class='ocr_line' id='line_1_37' title="bbox 201 3057 1873 3131; baseline -0.004 -11"><span class='ocrx_word' id='word_1_230' title='bbox 201 3062 458 3131; x_wconf 79' lang='lat' dir='ltr'><strong>Astingi,</strong></span> <span class='ocrx_word' id='word_1_231' title='bbox 508 3062 772 3119; x_wconf 90' lang='lat' dir='ltr'><strong>secundo</strong></span> <span class='ocrx_word' id='word_1_232' title='bbox 830 3059 1088 3116; x_wconf 81' lang='lat' dir='ltr'><strong>Rollonis</strong></span> <span class='ocrx_word' id='word_1_233' title='bbox 1136 3074 1231 3113; x_wconf 89' lang='lat' dir='ltr'><strong>res</strong></span> <span class='ocrx_word' id='word_1_234' title='bbox 1288 3057 1541 3113; x_wconf 84' lang='lat' dir='ltr'><strong>breviter</strong></span> <span class='ocrx_word' id='word_1_235' title='bbox 1588 3058 1873 3131; x_wconf 80' lang='lat' dir='ltr'><strong>perstrin-</strong></span> 
     </span>
    </p>
   </div>
   <div class='ocr_carea' id='block_1_37' title="bbox 200 3146 1873 3225">
    <p class='ocr_par' dir='ltr' id='par_1_37' title="bbox 200 3146 1873 3225">
     <span class='ocr_line' id='line_1_38' title="bbox 200 3146 1873 3225; baseline -0.005 -16"><span class='ocrx_word' id='word_1_236' title='bbox 200 3168 378 3225; x_wconf 83' lang='lat' dir='ltr'><strong>gens,</strong></span> <span class='ocrx_word' id='word_1_237' title='bbox 430 3153 596 3208; x_wconf 89' lang='lat' dir='ltr'><strong>tertio</strong></span> <span class='ocrx_word' id='word_1_238' title='bbox 640 3150 926 3206; x_wconf 75' lang='lat' dir='ltr'><strong>\Villelmi</strong></span> <span class='ocrx_word' id='word_1_239' title='bbox 975 3154 1032 3205; x_wconf 90' lang='lat' dir='ltr'><strong>et</strong></span> <span class='ocrx_word' id='word_1_240' title='bbox 1060 3146 1339 3203; x_wconf 86' lang='lat' dir='ltr'><strong>Richardi</strong></span> <span class='ocrx_word' id='word_1_241' title='bbox 1386 3147 1636 3204; x_wconf 88' lang='lat' dir='ltr'><strong>historia</strong></span> <span class='ocrx_word' id='word_1_242' title='bbox 1681 3148 1873 3203; x_wconf 90' lang='lat' dir='ltr'><strong>fusius</strong></span> 
     </span>
    </p>
   </div>
   <div class='ocr_carea' id='block_1_38' title="bbox 200 3236 1874 3315">
    <p class='ocr_par' dir='ltr' id='par_1_38' title="bbox 200 3236 1874 3315">
     <span class='ocr_line' id='line_1_39' title="bbox 200 3236 1874 3315; baseline -0.002 -16"><span class='ocrx_word' id='word_1_243' title='bbox 200 3242 497 3315; x_wconf 85' lang='lat' dir='ltr'><strong>exposita.</strong></span> <span class='ocrx_word' id='word_1_244' title='bbox 530 3245 638 3298; x_wconf 84' lang='lat' dir='ltr'><strong>Res</strong></span> <span class='ocrx_word' id='word_1_245' title='bbox 666 3256 821 3313; x_wconf 90' lang='lat' dir='ltr'><strong>quas</strong></span> <span class='ocrx_word' id='word_1_246' title='bbox 851 3238 1117 3294; x_wconf 86' lang='lat' dir='ltr'><strong>narravit</strong></span> <span class='ocrx_word' id='word_1_247' title='bbox 1144 3236 1403 3294; x_wconf 82' lang='lat' dir='ltr'><strong>maxime</strong></span> <span class='ocrx_word' id='word_1_248' title='bbox 1434 3254 1470 3293; x_wconf 90' lang='lat' dir='ltr'><strong>a</strong></span> <span class='ocrx_word' id='word_1_249' title='bbox 1500 3238 1752 3294; x_wconf 84' lang='lat' dir='ltr'><strong>Rodulfo</strong></span> <span class='ocrx_word' id='word_1_250' title='bbox 1779 3256 1874 3295; x_wconf 91' lang='lat' dir='ltr'><strong>co-</strong></span> 
     </span>
    </p>
   </div>
   <div class='ocr_carea' id='block_1_39' title="bbox 200 3325 1870 3403">
    <p class='ocr_par' dir='ltr' id='par_1_39' title="bbox 200 3325 1870 3403">
     <span class='ocr_line' id='line_1_40' title="bbox 200 3325 1870 3403; baseline -0.002 -16"><span class='ocrx_word' id='word_1_251' title='bbox 200 3331 348 3387; x_wconf 88' lang='lat' dir='ltr'><strong>mite</strong></span> <span class='ocrx_word' id='word_1_252' title='bbox 382 3348 443 3386; x_wconf 91' lang='lat' dir='ltr'><strong>se</strong></span> <span class='ocrx_word' id='word_1_253' title='bbox 470 3330 771 3403; x_wconf 87' lang='lat' dir='ltr'><strong>accepisse</strong></span> <span class='ocrx_word' id='word_1_254' title='bbox 799 3332 1046 3385; x_wconf 88' lang='lat' dir='ltr'><strong>testatur</strong></span> <span class='ocrx_word' id='word_1_255' title='bbox 1076 3328 1154 3399; x_wconf 78' lang='lat'><strong>(5)</strong></span> <span class='ocrx_word' id='word_1_256' title='bbox 1180 3343 1193 3394; x_wconf 93' lang='lat'><strong>;</strong></span> <span class='ocrx_word' id='word_1_257' title='bbox 1225 3325 1417 3381; x_wconf 84' lang='lat' dir='ltr'><strong>fontes</strong></span> <span class='ocrx_word' id='word_1_258' title='bbox 1450 3327 1704 3399; x_wconf 90' lang='lat' dir='ltr'><strong>scriptos</strong></span> <span class='ocrx_word' id='word_1_259' title='bbox 1736 3328 1870 3384; x_wconf 92' lang='lat' dir='ltr'><strong>nul-</strong></span> 
     </span>
    </p>
   </div>
   <div class='ocr_carea' id='block_1_40' title="bbox 200 3415 1870 3488">
    <p class='ocr_par' dir='ltr' id='par_1_40' title="bbox 200 3415 1870 3488">
     <span class='ocr_line' id='line_1_41' title="bbox 200 3415 1870 3488; baseline -0.002 -11"><span class='ocrx_word' id='word_1_260' title='bbox 200 3423 295 3478; x_wconf 85' lang='lat' dir='ltr'><strong>los</strong></span> <span class='ocrx_word' id='word_1_261' title='bbox 322 3420 563 3476; x_wconf 85' lang='lat' dir='ltr'><strong>indicat.</strong></span> <span class='ocrx_word' id='word_1_262' title='bbox 600 3420 737 3475; x_wconf 87' lang='lat' dir='ltr'><strong>Ideo</strong></span> <span class='ocrx_word' id='word_1_263' title='bbox 784 3418 910 3473; x_wconf 85' lang='lat' dir='ltr'><strong>ﬁeri</strong></span> <span class='ocrx_word' id='word_1_264' title='bbox 940 3433 1063 3471; x_wconf 91' lang='lat' dir='ltr'><strong>non</strong></span> <span class='ocrx_word' id='word_1_265' title='bbox 1094 3415 1289 3488; x_wconf 90' lang='lat' dir='ltr'><strong>potuit</strong></span> <span class='ocrx_word' id='word_1_266' title='bbox 1317 3415 1463 3488; x_wconf 91' lang='lat' dir='ltr'><strong>quin</strong></span> <span class='ocrx_word' id='word_1_267' title='bbox 1514 3417 1734 3473; x_wconf 90' lang='lat' dir='ltr'><strong>multos</strong></span> <span class='ocrx_word' id='word_1_268' title='bbox 1778 3434 1870 3475; x_wconf 89' lang='lat' dir='ltr'><strong>er-</strong></span> 
     </span>
    </p>
   </div>
   <div class='ocr_carea' id='block_1_41' title="bbox 198 3508 1871 3578">
    <p class='ocr_par' dir='ltr' id='par_1_41' title="bbox 198 3508 1871 3578">
     <span class='ocr_line' id='line_1_42' title="bbox 198 3508 1871 3578; baseline -0.001 -12"><span class='ocrx_word' id='word_1_269' title='bbox 198 3525 373 3566; x_wconf 85' lang='lat' dir='ltr'><strong>rores</strong></span> <span class='ocrx_word' id='word_1_270' title='bbox 423 3508 803 3574; x_wconf 88' lang='lat' dir='ltr'><strong>commiserit,</strong></span> <span class='ocrx_word' id='word_1_271' title='bbox 857 3510 1149 3578; x_wconf 90' lang='lat' dir='ltr'><strong>tempora,</strong></span> <span class='ocrx_word' id='word_1_272' title='bbox 1200 3520 1488 3577; x_wconf 88' lang='lat' dir='ltr'><strong>personas</strong></span> <span class='ocrx_word' id='word_1_273' title='bbox 1533 3512 1871 3564; x_wconf 89' lang='lat' dir='ltr'><strong>commuta-</strong></span> 
     </span>
    </p>
   </div>
   <div class='ocr_carea' id='block_1_42' title="bbox 200 3590 1873 3666">
    <p class='ocr_par' dir='ltr' id='par_1_42' title="bbox 200 3590 1873 3666">
     <span class='ocr_line' id='line_1_43' title="bbox 200 3590 1873 3666; baseline 0 -18"><span class='ocrx_word' id='word_1_274' title='bbox 200 3595 376 3664; x_wconf 80' lang='lat' dir='ltr'><strong>verit,</strong></span> <span class='ocrx_word' id='word_1_275' title='bbox 402 3594 654 3666; x_wconf 83' lang='lat' dir='ltr'><strong>aliisque</strong></span> <span class='ocrx_word' id='word_1_276' title='bbox 686 3590 923 3648; x_wconf 88' lang='lat' dir='ltr'><strong>mendis</strong></span> <span class='ocrx_word' id='word_1_277' title='bbox 954 3590 1361 3646; x_wconf 89' lang='lat' dir='ltr'><strong>narrationem</strong></span> <span class='ocrx_word' id='word_1_278' title='bbox 1407 3606 1583 3646; x_wconf 88' lang='lat' dir='ltr'><strong>suam</strong></span> <span class='ocrx_word' id='word_1_279' title='bbox 1608 3592 1873 3648; x_wconf 89' lang='lat' dir='ltr'><strong>macula-</strong></span> 
     </span>
    </p>
   </div>
   <div class='ocr_carea' id='block_1_43' title="bbox 200 3678 1866 3755">
    <p class='ocr_par' dir='ltr' id='par_1_43' title="bbox 200 3678 1866 3755">
     <span class='ocr_line' id='line_1_44' title="bbox 200 3678 1866 3755; baseline 0 -17"><span class='ocrx_word' id='word_1_280' title='bbox 200 3685 370 3739; x_wconf 80' lang='lat' dir='ltr'><strong>verit.</strong></span> <span class='ocrx_word' id='word_1_281' title='bbox 404 3686 549 3740; x_wconf 88' lang='lat' dir='ltr'><strong>Cum</strong></span> <span class='ocrx_word' id='word_1_282' title='bbox 578 3686 861 3755; x_wconf 78' lang='lat' dir='ltr'><strong>praeterea</strong></span> <span class='ocrx_word' id='word_1_283' title='bbox 906 3680 1204 3736; x_wconf 87' lang='lat' dir='ltr'><strong>orationes</strong></span> <span class='ocrx_word' id='word_1_284' title='bbox 1266 3678 1488 3735; x_wconf 89' lang='lat' dir='ltr'><strong>multas</strong></span> <span class='ocrx_word' id='word_1_285' title='bbox 1531 3679 1866 3754; x_wconf 86' lang='lat' dir='ltr'><strong>inseruerit,</strong></span> 
     </span>
    </p>
   </div>
   <div class='ocr_carea' id='block_1_44' title="bbox 200 3770 1871 3847">
    <p class='ocr_par' dir='ltr' id='par_1_44' title="bbox 200 3770 1871 3847">
     <span class='ocr_line' id='line_1_45' title="bbox 200 3770 1871 3847; baseline -0.002 -18"><span class='ocrx_word' id='word_1_286' title='bbox 200 3773 631 3847; x_wconf 87' lang='lat' dir='ltr'><strong>descriptiones</strong></span> <span class='ocrx_word' id='word_1_287' title='bbox 660 3787 860 3828; x_wconf 89' lang='lat' dir='ltr'><strong>rerum</strong></span> <span class='ocrx_word' id='word_1_288' title='bbox 890 3772 948 3826; x_wconf 89' lang='lat' dir='ltr'><strong>et</strong></span> <span class='ocrx_word' id='word_1_289' title='bbox 976 3785 1373 3842; x_wconf 88' lang='lat' dir='ltr'><strong>personarum</strong></span> <span class='ocrx_word' id='word_1_290' title='bbox 1424 3785 1582 3841; x_wconf 67' lang='lat' dir='ltr'><strong>saepe</strong></span> <span class='ocrx_word' id='word_1_291' title='bbox 1612 3770 1871 3828; x_wconf 81' lang='lat' dir='ltr'><strong>invenis-</strong></span> 
     </span>
    </p>
   </div>
   <div class='ocr_carea' id='block_1_45' title="bbox 203 3857 1867 3935">
    <p class='ocr_par' dir='ltr' id='par_1_45' title="bbox 203 3857 1867 3935">
     <span class='ocr_line' id='line_1_46' title="bbox 203 3857 1867 3935; baseline -0.002 -15"><span class='ocrx_word' id='word_1_292' title='bbox 203 3880 266 3920; x_wconf 85' lang='lat' dir='ltr'><strong>se</strong></span> <span class='ocrx_word' id='word_1_293' title='bbox 314 3868 373 3919; x_wconf 90' lang='lat' dir='ltr'><strong>et</strong></span> <span class='ocrx_word' id='word_1_294' title='bbox 421 3862 648 3935; x_wconf 90' lang='lat' dir='ltr'><strong>poetico</strong></span> <span class='ocrx_word' id='word_1_295' title='bbox 698 3875 866 3916; x_wconf 90' lang='lat' dir='ltr'><strong>more</strong></span> <span class='ocrx_word' id='word_1_296' title='bbox 912 3874 1235 3916; x_wconf 87' lang='lat' dir='ltr'><strong>exornasse</strong></span> <span class='ocrx_word' id='word_1_297' title='bbox 1286 3857 1573 3926; x_wconf 87' lang='lat' dir='ltr'><strong>videatur,</strong></span> <span class='ocrx_word' id='word_1_298' title='bbox 1606 3860 1867 3927; x_wconf 83' lang='lat' dir='ltr'><strong>fuerunt,</strong></span> 
     </span>
    </p>
   </div>
   <div class='ocr_carea' id='block_1_46' title="bbox 202 3949 1869 4024">
    <p class='ocr_par' dir='ltr' id='par_1_46' title="bbox 202 3949 1869 4024">
     <span class='ocr_line' id='line_1_47' title="bbox 202 3949 1869 4024; baseline -0.001 -17"><span class='ocrx_word' id='word_1_299' title='bbox 202 3953 305 4024; x_wconf 89' lang='lat' dir='ltr'><strong>qui</strong></span> <span class='ocrx_word' id='word_1_300' title='bbox 357 3952 556 4024; x_wconf 88' lang='lat' dir='ltr'><strong>potius</strong></span> <span class='ocrx_word' id='word_1_301' title='bbox 621 3950 967 4006; x_wconf 89' lang='lat' dir='ltr'><strong>fabularum</strong></span> <span class='ocrx_word' id='word_1_302' title='bbox 1011 3964 1197 4020; x_wconf 89' lang='lat' dir='ltr'><strong>quam</strong></span> <span class='ocrx_word' id='word_1_303' title='bbox 1265 3962 1466 4003; x_wconf 89' lang='lat' dir='ltr'><strong>rerum</strong></span> <span class='ocrx_word' id='word_1_304' title='bbox 1516 3949 1869 4022; x_wconf 80' lang='lat' dir='ltr'><strong>scriptorem</strong></span> 
     </span>
    </p>
   </div>
   <div class='ocr_carea' id='block_1_47' title="bbox 203 4037 1869 4111">
    <p class='ocr_par' dir='ltr' id='par_1_47' title="bbox 203 4037 1869 4111">
     <span class='ocr_line' id='line_1_48' title="bbox 203 4037 1869 4111; baseline -0.001 -15"><span class='ocrx_word' id='word_1_305' title='bbox 203 4041 520 4097; x_wconf 90' lang='lat' dir='ltr'><strong>Dudonem</strong></span> <span class='ocrx_word' id='word_1_306' title='bbox 556 4040 891 4111; x_wconf 89' lang='lat' dir='ltr'><strong>judicarent</strong></span> <span class='ocrx_word' id='word_1_307' title='bbox 941 4039 1189 4110; x_wconf 81' lang='lat' dir='ltr'><strong>ejusque</strong></span> <span class='ocrx_word' id='word_1_308' title='bbox 1235 4037 1458 4093; x_wconf 87' lang='lat' dir='ltr'><strong>librum</strong></span> <span class='ocrx_word' id='word_1_309' title='bbox 1486 4038 1709 4094; x_wconf 89' lang='lat' dir='ltr'><strong>nullius</strong></span> <span class='ocrx_word' id='word_1_310' title='bbox 1738 4056 1869 4095; x_wconf 81' lang='lat' dir='ltr'><strong>esse</strong></span> 
     </span>
    </p>
   </div>
   <div class='ocr_carea' id='block_1_48' title="bbox 200 4125 1869 4200">
    <p class='ocr_par' dir='ltr' id='par_1_48' title="bbox 200 4125 1869 4200">
     <span class='ocr_line' id='line_1_49' title="bbox 200 4125 1869 4200; baseline 0.001 -16"><span class='ocrx_word' id='word_1_311' title='bbox 200 4127 569 4184; x_wconf 88' lang='lat' dir='ltr'><strong>auctoritatis</strong></span> <span class='ocrx_word' id='word_1_312' title='bbox 610 4131 889 4200; x_wconf 86' lang='lat' dir='ltr'><strong>putarent</strong></span> <span class='ocrx_word' id='word_1_313' title='bbox 916 4126 1013 4197; x_wconf 84' lang='lat'><strong>(6).</strong></span> <span class='ocrx_word' id='word_1_314' title='bbox 1048 4125 1220 4192; x_wconf 86' lang='lat' dir='ltr'><strong>Quod</strong></span> <span class='ocrx_word' id='word_1_315' title='bbox 1262 4130 1463 4181; x_wconf 88' lang='lat' dir='ltr'><strong>tamen</strong></span> <span class='ocrx_word' id='word_1_316' title='bbox 1492 4125 1869 4184; x_wconf 90' lang='lat' dir='ltr'><strong>levissimum</strong></span> 
     </span>
    </p>
   </div>
   <div class='ocr_carea' id='block_1_49' title="bbox 202 4214 1868 4288">
    <p class='ocr_par' dir='ltr' id='par_1_49' title="bbox 202 4214 1868 4288">
     <span class='ocr_line' id='line_1_50' title="bbox 202 4214 1868 4288; baseline 0.001 -15"><span class='ocrx_word' id='word_1_317' title='bbox 202 4218 313 4273; x_wconf 88' lang='lat' dir='ltr'><strong>fuit</strong></span> <span class='ocrx_word' id='word_1_318' title='bbox 348 4216 664 4288; x_wconf 89' lang='lat' dir='ltr'><strong>judicium.</strong></span> <span class='ocrx_word' id='word_1_319' title='bbox 708 4219 855 4271; x_wconf 85' lang='lat' dir='ltr'><strong>Nam</strong></span> <span class='ocrx_word' id='word_1_320' title='bbox 886 4215 1160 4287; x_wconf 88' lang='lat' dir='ltr'><strong>quamvis</strong></span> <span class='ocrx_word' id='word_1_321' title='bbox 1198 4230 1323 4270; x_wconf 91' lang='lat' dir='ltr'><strong>non</strong></span> <span class='ocrx_word' id='word_1_322' title='bbox 1354 4214 1479 4270; x_wconf 93' lang='lat' dir='ltr'><strong>sine</strong></span> <span class='ocrx_word' id='word_1_323' title='bbox 1523 4231 1712 4273; x_wconf 89' lang='lat' dir='ltr'><strong>causa</strong></span> <span class='ocrx_word' id='word_1_324' title='bbox 1738 4218 1868 4274; x_wconf 65' lang='lat' dir='ltr'><strong>hinc</strong></span> 
     </span>
    </p>
   </div>
   <div class='ocr_carea' id='block_1_50' title="bbox 199 4303 1867 4379">
    <p class='ocr_par' dir='ltr' id='par_1_50' title="bbox 199 4303 1867 4379">
     <span class='ocr_line' id='line_1_51' title="bbox 199 4303 1867 4379; baseline 0.002 -17"><span class='ocrx_word' id='word_1_325' title='bbox 199 4306 317 4379; x_wconf 87' lang='lat' dir='ltr'><strong>ipsi</strong></span> <span class='ocrx_word' id='word_1_326' title='bbox 367 4305 744 4377; x_wconf 90' lang='lat' dir='ltr'><strong>objiciantur,</strong></span> <span class='ocrx_word' id='word_1_327' title='bbox 802 4304 1082 4378; x_wconf 85' lang='lat' dir='ltr'><strong>quamvis</strong></span> <span class='ocrx_word' id='word_1_328' title='bbox 1132 4303 1340 4377; x_wconf 90' lang='lat' dir='ltr'><strong>populi</strong></span> <span class='ocrx_word' id='word_1_329' title='bbox 1391 4320 1597 4360; x_wconf 89' lang='lat' dir='ltr'><strong>amore</strong></span> <span class='ocrx_word' id='word_1_330' title='bbox 1649 4307 1867 4364; x_wconf 84' lang='lat' dir='ltr'><strong>ductus</strong></span> 
     </span>
    </p>
   </div>
   <div class='ocr_carea' id='block_1_51' title="bbox 200 4392 1863 4466">
    <p class='ocr_par' dir='ltr' id='par_1_51' title="bbox 200 4392 1863 4466">
     <span class='ocr_line' id='line_1_52' title="bbox 200 4392 1863 4466; baseline 0.002 -17"><span class='ocrx_word' id='word_1_331' title='bbox 200 4410 299 4450; x_wconf 87' lang='lat' dir='ltr'><strong>res</strong></span> <span class='ocrx_word' id='word_1_332' title='bbox 331 4394 409 4449; x_wconf 90' lang='lat' dir='ltr'><strong>ab</strong></span> <span class='ocrx_word' id='word_1_333' title='bbox 434 4409 506 4449; x_wconf 91' lang='lat' dir='ltr'><strong>eo</strong></span> <span class='ocrx_word' id='word_1_334' title='bbox 532 4398 727 4464; x_wconf 88' lang='lat' dir='ltr'><strong>gestas</strong></span> <span class='ocrx_word' id='word_1_335' title='bbox 756 4409 915 4466; x_wconf 61' lang='lat' dir='ltr'><strong>saepe</strong></span> <span class='ocrx_word' id='word_1_336' title='bbox 941 4393 1119 4448; x_wconf 91' lang='lat' dir='ltr'><strong>nimis</strong></span> <span class='ocrx_word' id='word_1_337' title='bbox 1156 4392 1527 4465; x_wconf 87' lang='lat' dir='ltr'><strong>ampliﬁcare</strong></span> <span class='ocrx_word' id='word_1_338' title='bbox 1572 4395 1863 4464; x_wconf 89' lang='lat' dir='ltr'><strong>videatur,</strong></span> 
     </span>
    </p>
   </div>
   <div class='ocr_carea' id='block_1_52' title="bbox 202 4482 1863 4557">
    <p class='ocr_par' dir='ltr' id='par_1_52' title="bbox 202 4482 1863 4557">
     <span class='ocr_line' id='line_1_53' title="bbox 202 4482 1863 4557; baseline 0 -16"><span class='ocrx_word' id='word_1_339' title='bbox 202 4490 260 4541; x_wconf 84' lang='lat' dir='ltr'><strong>et</strong></span> <span class='ocrx_word' id='word_1_340' title='bbox 303 4489 587 4556; x_wconf 58' lang='lat' dir='ltr'><strong>praeterea</strong></span> <span class='ocrx_word' id='word_1_341' title='bbox 615 4498 891 4539; x_wconf 86' lang='lat' dir='ltr'><strong>sermone</strong></span> <span class='ocrx_word' id='word_1_342' title='bbox 934 4487 1134 4538; x_wconf 87' lang='lat' dir='ltr'><strong>utatur</strong></span> <span class='ocrx_word' id='word_1_343' title='bbox 1163 4482 1394 4538; x_wconf 86' lang='lat' dir='ltr'><strong>tumido</strong></span> <span class='ocrx_word' id='word_1_344' title='bbox 1424 4486 1605 4555; x_wconf 87' lang='lat' dir='ltr'><strong>atque</strong></span> <span class='ocrx_word' id='word_1_345' title='bbox 1633 4486 1863 4557; x_wconf 87' lang='lat' dir='ltr'><strong>inﬂato,</strong></span> 
     </span>
    </p>
   </div>
   <div class='ocr_carea' id='block_1_53' title="bbox 204 4571 1863 4638">
    <p class='ocr_par' dir='ltr' id='par_1_53' title="bbox 204 4571 1863 4638">
     <span class='ocr_line' id='line_1_54' title="bbox 204 4571 1863 4638; baseline -0.001 -8"><span class='ocrx_word' id='word_1_346' title='bbox 204 4573 479 4630; x_wconf 80' lang='lat' dir='ltr'><strong>versibus</strong></span> <span class='ocrx_word' id='word_1_347' title='bbox 530 4573 831 4638; x_wconf 89' lang='lat' dir='ltr'><strong>inanibus,</strong></span> <span class='ocrx_word' id='word_1_348' title='bbox 888 4572 1158 4629; x_wconf 89' lang='lat' dir='ltr'><strong>obscuris</strong></span> <span class='ocrx_word' id='word_1_349' title='bbox 1214 4576 1273 4627; x_wconf 87' lang='lat' dir='ltr'><strong>et</strong></span> <span class='ocrx_word' id='word_1_350' title='bbox 1326 4571 1626 4628; x_wconf 87' lang='lat' dir='ltr'><strong>interdum</strong></span> <span class='ocrx_word' id='word_1_351' title='bbox 1683 4574 1863 4630; x_wconf 87' lang='lat' dir='ltr'><strong>nimis</strong></span> 
     </span>
    </p>
   </div>
   <div class='ocr_carea' id='block_1_54' title="bbox 202 4661 1865 4737">
    <p class='ocr_par' dir='ltr' id='par_1_54' title="bbox 202 4661 1865 4737">
     <span class='ocr_line' id='line_1_55' title="bbox 202 4661 1865 4737; baseline 0.001 -19"><span class='ocrx_word' id='word_1_352' title='bbox 202 4662 536 4737; x_wconf 88' lang='lat' dir='ltr'><strong>puerilibus</strong></span> <span class='ocrx_word' id='word_1_353' title='bbox 581 4662 801 4718; x_wconf 90' lang='lat' dir='ltr'><strong>librum</strong></span> <span class='ocrx_word' id='word_1_354' title='bbox 846 4667 1055 4732; x_wconf 87' lang='lat' dir='ltr'><strong>gravet</strong></span> <span class='ocrx_word' id='word_1_355' title='bbox 1101 4666 1282 4735; x_wconf 83' lang='lat' dir='ltr'><strong>atque</strong></span> <span class='ocrx_word' id='word_1_356' title='bbox 1327 4661 1621 4719; x_wconf 81' lang='lat' dir='ltr'><strong>deformat</strong></span> <span class='ocrx_word' id='word_1_357' title='bbox 1664 4664 1865 4736; x_wconf 88' lang='lat' dir='ltr'><strong>potius</strong></span> 
     </span>
    </p>
   </div>
   <div class='ocr_carea' id='block_1_55' title="bbox 278 4909 1559 4985">
    <p class='ocr_par' dir='ltr' id='par_1_55' title="bbox 278 4909 1559 4985">
     <span class='ocr_line' id='line_1_56' title="bbox 278 4909 1559 4985; baseline -0.001 -16"><span class='ocrx_word' id='word_1_358' title='bbox 278 4914 355 4985; x_wconf 90' lang='lat'><strong>(1)</strong></span> <span class='ocrx_word' id='word_1_359' title='bbox 386 4911 887 4985; x_wconf 18' lang='lat' dir='ltr'><strong>CLALappenberg</strong></span> <span class='ocrx_word' id='word_1_360' title='bbox 905 4909 1044 4985; x_wconf 67' lang='lat' dir='ltr'><strong>Hist.</strong></span> <span class='ocrx_word' id='word_1_361' title='bbox 1071 4909 1245 4981; x_wconf 76' lang='lat' dir='ltr'><strong>Angl.</strong></span> <span class='ocrx_word' id='word_1_362' title='bbox 1277 4914 1343 4982; x_wconf 93' lang='lat' dir='ltr'><strong>Il,</strong></span> <span class='ocrx_word' id='word_1_363' title='bbox 1376 4926 1436 4985; x_wconf 91' lang='lat' dir='ltr'><strong>p.</strong></span> <span class='ocrx_word' id='word_1_364' title='bbox 1470 4913 1559 4968; x_wconf 76' lang='grc'><strong>34.</strong></span> 
     </span>
    </p>
   </div>
   <div class='ocr_carea' id='block_1_56' title="bbox 276 4982 1751 5067">
    <p class='ocr_par' dir='ltr' id='par_1_56' title="bbox 276 4982 1751 5067">
     <span class='ocr_line' id='line_1_57' title="bbox 276 4982 1751 5067; baseline 0 0"><span class='ocrx_word' id='word_1_365' title='bbox 276 4982 1178 5067; x_wconf 53' lang='grc' dir='ltr'><strong>ζὲὶὲεδωδρε.ΑΠΠ-¹Υν²44κ</strong></span> <span class='ocrx_word' id='word_1_366' title='bbox 1377 4982 1398 4985; x_wconf 55' lang='grc'>⁷</span> <span class='ocrx_word' id='word_1_367' title='bbox 1457 5055 1496 5067; x_wconf 69' lang='lat'><strong>-</strong></span> <span class='ocrx_word' id='word_1_368' title='bbox 1582 5054 1598 5067; x_wconf 88' lang='lat'><strong>.</strong></span> <span class='ocrx_word' id='word_1_369' title='bbox 1739 5054 1751 5067; x_wconf 93' lang='lat'><strong>.</strong></span> 
     </span>
    </p>
   </div>
   <div class='ocr_carea' id='block_1_57' title="bbox 276 5053 1861 5128">
    <p class='ocr_par' dir='ltr' id='par_1_57' title="bbox 276 5053 1861 5128">
     <span class='ocr_line' id='line_1_58' title="bbox 276 5053 1861 5128; baseline -0.001 -15"><span class='ocrx_word' id='word_1_370' title='bbox 276 5053 357 5128; x_wconf 81' lang='grc'>(3)</span> <span class='ocrx_word' id='word_1_371' title='bbox 385 5056 446 5111; x_wconf 87' lang='lat' dir='ltr'><strong>V.</strong></span> <span class='ocrx_word' id='word_1_372' title='bbox 480 5053 852 5128; x_wconf 79' lang='lat' dir='ltr'><strong>praefationes</strong></span> <span class='ocrx_word' id='word_1_373' title='bbox 896 5056 954 5109; x_wconf 92' lang='lat' dir='ltr'><strong>et</strong></span> <span class='ocrx_word' id='word_1_374' title='bbox 994 5053 1265 5110; x_wconf 90' lang='lat' dir='ltr'><strong>carmina</strong></span> <span class='ocrx_word' id='word_1_375' title='bbox 1311 5070 1410 5128; x_wconf 90' lang='lat' dir='ltr'><strong>ap.</strong></span> <span class='ocrx_word' id='word_1_376' title='bbox 1457 5054 1861 5111; x_wconf 90' lang='lat' dir='ltr'><strong>Duchesnium</strong></span> 
     </span>
    </p>
   </div>
   <div class='ocr_carea' id='block_1_58' title="bbox 202 5122 1025 5251">
    <p class='ocr_par' dir='ltr' id='par_1_58' title="bbox 202 5122 1025 5251">
     <span class='ocr_line' id='line_1_59' title="bbox 202 5122 1025 5251; baseline -0.001 -70"><span class='ocrx_word' id='word_1_377' title='bbox 202 5126 277 5182; x_wconf 79' lang='grc' dir='ltr'><strong>Η.</strong></span> <span class='ocrx_word' id='word_1_378' title='bbox 307 5122 505 5183; x_wconf 70' lang='grc' dir='ltr'>Νονωῖ</span> <span class='ocrx_word' id='word_1_379' title='bbox 536 5127 633 5182; x_wconf 91' lang='lat' dir='ltr'><strong>SS.</strong></span> <span class='ocrx_word' id='word_1_380' title='bbox 665 5140 720 5197; x_wconf 92' lang='lat' dir='ltr'><strong>p.</strong></span> <span class='ocrx_word' id='word_1_381' title='bbox 760 5122 820 5179; x_wconf 82' lang='lat'><strong>51</strong></span> <span class='ocrx_word' id='word_1_382' title='bbox 858 5139 1025 5251; x_wconf 57' lang='lat' dir='ltr'><strong>seqq.</strong></span> 
     </span>
     <span class='ocr_line' id='line_1_60' title="bbox 276 5195 979 5251; baseline 0 0"><span class='ocrx_word' id='word_1_383' title='bbox 276 5200 356 5251; x_wconf 75' lang='grc'>(4)</span> <span class='ocrx_word' id='word_1_384' title='bbox 386 5199 655 5251; x_wconf 85' lang='lat' dir='ltr'><strong>Fortasse</strong></span> <span class='ocrx_word' id='word_1_385' title='bbox 708 5195 918 5251; x_wconf 81' lang='lat' dir='ltr'><strong>Richar</strong></span> <span class='ocrx_word' id='word_1_386' title='bbox 964 5196 979 5251; x_wconf 90' lang='lat' dir='ltr'><strong>i</strong></span> 
     </span>
    </p>
   </div>
   <div class='ocr_carea' id='block_1_59' title="bbox 276 5195 1861 5277">
    <p class='ocr_par' dir='ltr' id='par_1_59' title="bbox 276 5195 1861 5277">
     <span class='ocr_line' id='line_1_61' title="bbox 276 5195 1861 5277; baseline -0.001 -24"><span class='ocrx_word' id='word_1_387' title='bbox 276 5200 356 5277; x_wconf 63' lang='lat'><strong>(4)</strong></span> <span class='ocrx_word' id='word_1_388' title='bbox 386 5195 684 5277; x_wconf 56' lang='lat' dir='ltr'><strong>Fortasse</strong></span> <span class='ocrx_word' id='word_1_389' title='bbox 708 5195 999 5277; x_wconf 72' lang='lat' dir='ltr'><strong>Richardi</strong></span> <span class='ocrx_word' id='word_1_390' title='bbox 1024 5196 1271 5277; x_wconf 74' lang='lat' dir='ltr'><strong>historia</strong></span> <span class='ocrx_word' id='word_1_391' title='bbox 1307 5200 1590 5277; x_wconf 84' lang='lat' dir='ltr'><strong>quartum</strong></span> <span class='ocrx_word' id='word_1_392' title='bbox 1638 5196 1861 5277; x_wconf 81' lang='lat' dir='ltr'><strong>librum</strong></span> 
     </span>
    </p>
   </div>
   <div class='ocr_carea' id='block_1_60' title="bbox 200 5267 1864 5350">
    <p class='ocr_par' dir='ltr' id='par_1_60' title="bbox 200 5267 1864 5350">
     <span class='ocr_line' id='line_1_62' title="bbox 200 5267 1864 5350; baseline -0.001 -23"><span class='ocrx_word' id='word_1_393' title='bbox 200 5267 437 5350; x_wconf 76' lang='lat' dir='ltr'><strong>eﬂicere</strong></span> <span class='ocrx_word' id='word_1_394' title='bbox 480 5268 678 5335; x_wconf 88' lang='lat' dir='ltr'><strong>debet,</strong></span> <span class='ocrx_word' id='word_1_395' title='bbox 720 5267 945 5340; x_wconf 90' lang='lat' dir='ltr'><strong>quippe</strong></span> <span class='ocrx_word' id='word_1_396' title='bbox 991 5268 1086 5325; x_wconf 90' lang='lat' dir='ltr'><strong>cui</strong></span> <span class='ocrx_word' id='word_1_397' title='bbox 1115 5267 1493 5340; x_wconf 68' lang='lat' dir='ltr'><strong>prmfationes</strong></span> <span class='ocrx_word' id='word_1_398' title='bbox 1522 5284 1696 5325; x_wconf 76' lang='lat' dir='ltr'><strong>novae</strong></span> <span class='ocrx_word' id='word_1_399' title='bbox 1745 5268 1864 5325; x_wconf 88' lang='lat' dir='ltr'><strong>sint</strong></span> 
     </span>
    </p>
   </div>
   <div class='ocr_carea' id='block_1_61' title="bbox 201 5356 1861 5483">
    <p class='ocr_par' dir='ltr' id='par_1_61' title="bbox 201 5356 1861 5483">
     <span class='ocr_line' id='line_1_63' title="bbox 201 5356 557 5417; baseline 0 -21"><span class='ocrx_word' id='word_1_400' title='bbox 201 5356 557 5417; x_wconf 63' lang='lat' dir='ltr'><strong>praemissae.</strong></span> 
     </span>
     <span class='ocr_line' id='line_1_64' title="bbox 276 5410 1861 5483; baseline -0.001 -16"><span class='ocrx_word' id='word_1_401' title='bbox 276 5415 353 5483; x_wconf 74' lang='grc' dir='ltr'>(ὅ)</span> <span class='ocrx_word' id='word_1_402' title='bbox 379 5412 440 5468; x_wconf 88' lang='lat' dir='ltr'><strong>P.</strong></span> <span class='ocrx_word' id='word_1_403' title='bbox 475 5413 562 5466; x_wconf 76' lang='lat'><strong>59.</strong></span> <span class='ocrx_word' id='word_1_404' title='bbox 606 5411 815 5466; x_wconf 79' lang='lat' dir='ltr'><strong>Versus</strong></span> <span class='ocrx_word' id='word_1_405' title='bbox 860 5410 943 5468; x_wconf 85' lang='lat' dir='ltr'><strong>ad</strong></span> <span class='ocrx_word' id='word_1_406' title='bbox 989 5411 1256 5468; x_wconf 76' lang='lat' dir='ltr'><strong>comitem</strong></span> <span class='ocrx_word' id='word_1_407' title='bbox 1299 5410 1627 5480; x_wconf 78' lang='lat' dir='ltr'><strong>Rodul/‘um</strong></span> <span class='ocrx_word' id='word_1_408' title='bbox 1679 5411 1861 5480; x_wconf 66' lang='lat' dir='ltr'><strong>hujus</strong></span> 
     </span>
    </p>
   </div>
   <div class='ocr_carea' id='block_1_62' title="bbox 202 5483 794 5554">
    <p class='ocr_par' dir='ltr' id='par_1_62' title="bbox 202 5483 794 5554">
     <span class='ocr_line' id='line_1_65' title="bbox 202 5483 794 5554; baseline -0.007 -14"><span class='ocrx_word' id='word_1_409' title='bbox 202 5483 396 5554; x_wconf 81' lang='lat' dir='ltr'><strong>operis</strong></span> <span class='ocrx_word' id='word_1_410' title='bbox 427 5483 743 5538; x_wconf 80' lang='lat' dir='ltr'><strong>relatorem</strong></span> <span class='ocrx_word' id='word_1_411' title='bbox 773 5497 794 5537; x_wconf 75' lang='grc' dir='ltr'>,ο</span> 
     </span>
    </p>
   </div>
   <div class='ocr_carea' id='block_1_63' title="bbox 203 5550 1856 5626">
    <p class='ocr_par' dir='ltr' id='par_1_63' title="bbox 203 5550 1856 5626">
     <span class='ocr_line' id='line_1_66' title="bbox 203 5550 1856 5626; baseline -0.003 -14"><span class='ocrx_word' id='word_1_412' title='bbox 203 5550 570 5626; x_wconf 16' lang='grc' dir='ltr'><strong>(ῖιιῙιιε,γᾳιιεε</strong></span> <span class='ocrx_word' id='word_1_413' title='bbox 603 5556 881 5626; x_wconf 89' lang='lat' dir='ltr'><strong>constant</strong></span> <span class='ocrx_word' id='word_1_414' title='bbox 914 5552 1069 5626; x_wconf 84' lang='lat' dir='ltr'><strong>libro</strong></span> <span class='ocrx_word' id='word_1_415' title='bbox 1099 5553 1217 5626; x_wconf 83' lang='lat' dir='ltr'><strong>hoc</strong></span> <span class='ocrx_word' id='word_1_416' title='bbox 1259 5552 1620 5626; x_wconf 84' lang='lat' dir='ltr'><strong>conscripta,</strong></span> <span class='ocrx_word' id='word_1_417' title='bbox 1648 5550 1856 5608; x_wconf 89' lang='lat' dir='ltr'><strong>relatu.</strong></span> 
     </span>
    </p>
   </div>
   <div class='ocr_carea' id='block_1_64' title="bbox 199 5623 1855 5697">
    <p class='ocr_par' dir='ltr' id='par_1_64' title="bbox 199 5623 1855 5697">
     <span class='ocr_line' id='line_1_67' title="bbox 199 5623 1855 5697; baseline -0.001 -16"><span class='ocrx_word' id='word_1_418' title='bbox 199 5623 432 5697; x_wconf 83' lang='lat' dir='ltr'><strong>Digessi</strong></span> <span class='ocrx_word' id='word_1_419' title='bbox 457 5623 769 5695; x_wconf 73' lang='lat' dir='ltr'><strong>attonitus,</strong></span> <span class='ocrx_word' id='word_1_420' title='bbox 795 5625 1106 5695; x_wconf 89' lang='lat' dir='ltr'><strong>tremulus,</strong></span> <span class='ocrx_word' id='word_1_421' title='bbox 1127 5624 1336 5696; x_wconf 88' lang='lat' dir='ltr'><strong>hebes,</strong></span> <span class='ocrx_word' id='word_1_422' title='bbox 1358 5623 1593 5692; x_wconf 67' lang='lat' dir='ltr'><strong>anxius,</strong></span> <span class='ocrx_word' id='word_1_423' title='bbox 1611 5637 1855 5697; x_wconf 90' lang='lat' dir='ltr'><strong>anceps.</strong></span> 
     </span>
    </p>
   </div>
   <div class='ocr_carea' id='block_1_65' title="bbox 1985 3057 3643 3135">
    <p class='ocr_par' dir='ltr' id='par_1_65' title="bbox 1985 3057 3643 3135">
     <span class='ocr_line' id='line_1_68' title="bbox 1985 3057 3643 3135; baseline 0.003 -23"><span class='ocrx_word' id='word_1_424' title='bbox 1985 3062 2184 3113; x_wconf 90' lang='lat' dir='ltr'><strong>center</strong></span> <span class='ocrx_word' id='word_1_425' title='bbox 2208 3057 2521 3131; x_wconf 91' lang='lat' dir='ltr'><strong>descripsit</strong></span> <span class='ocrx_word' id='word_1_426' title='bbox 2548 3064 2605 3114; x_wconf 92' lang='lat' dir='ltr'><strong>et</strong></span> <span class='ocrx_word' id='word_1_427' title='bbox 2647 3061 2819 3132; x_wconf 90' lang='lat' dir='ltr'><strong>quasi</strong></span> <span class='ocrx_word' id='word_1_428' title='bbox 2847 3060 3146 3117; x_wconf 89' lang='lat' dir='ltr'><strong>coloribus</strong></span> <span class='ocrx_word' id='word_1_429' title='bbox 3176 3060 3402 3131; x_wconf 88' lang='lat' dir='ltr'><strong>vegetis</strong></span> <span class='ocrx_word' id='word_1_430' title='bbox 3435 3061 3643 3135; x_wconf 80' lang='lat' dir='ltr'><strong>pinxit.</strong></span> 
     </span>
    </p>
   </div>
   <div class='ocr_carea' id='block_1_66' title="bbox 1988 3146 3647 3224">
    <p class='ocr_par' dir='ltr' id='par_1_66' title="bbox 1988 3146 3647 3224">
     <span class='ocr_line' id='line_1_69' title="bbox 1988 3146 3647 3224; baseline 0.004 -24"><span class='ocrx_word' id='word_1_431' title='bbox 1988 3146 2124 3200; x_wconf 91' lang='lat' dir='ltr'><strong>Ideo</strong></span> <span class='ocrx_word' id='word_1_432' title='bbox 2153 3146 2346 3218; x_wconf 91' lang='lat' dir='ltr'><strong>ipsius</strong></span> <span class='ocrx_word' id='word_1_433' title='bbox 2396 3146 2615 3203; x_wconf 89' lang='lat' dir='ltr'><strong>librum</strong></span> <span class='ocrx_word' id='word_1_434' title='bbox 2646 3164 2770 3204; x_wconf 91' lang='lat' dir='ltr'><strong>non</strong></span> <span class='ocrx_word' id='word_1_435' title='bbox 2798 3149 3007 3205; x_wconf 89' lang='lat' dir='ltr'><strong>dubito</strong></span> <span class='ocrx_word' id='word_1_436' title='bbox 3048 3150 3195 3221; x_wconf 89' lang='lat' dir='ltr'><strong>quin</strong></span> <span class='ocrx_word' id='word_1_437' title='bbox 3237 3148 3390 3206; x_wconf 89' lang='lat' dir='ltr'><strong>inter</strong></span> <span class='ocrx_word' id='word_1_438' title='bbox 3429 3152 3647 3224; x_wconf 89' lang='lat' dir='ltr'><strong>pretio-</strong></span> 
     </span>
    </p>
   </div>
   <div class='ocr_carea' id='block_1_67' title="bbox 1985 3234 3646 3311">
    <p class='ocr_par' dir='ltr' id='par_1_67' title="bbox 1985 3234 3646 3311">
     <span class='ocr_line' id='line_1_70' title="bbox 1985 3234 3646 3311; baseline 0.004 -22"><span class='ocrx_word' id='word_1_439' title='bbox 1985 3234 2144 3290; x_wconf 88' lang='lat' dir='ltr'><strong>siora</strong></span> <span class='ocrx_word' id='word_1_440' title='bbox 2199 3236 2380 3306; x_wconf 92' lang='lat' dir='ltr'><strong>hujus</strong></span> <span class='ocrx_word' id='word_1_441' title='bbox 2427 3235 2539 3293; x_wconf 69' lang='lat' dir='ltr'><strong>aevi</strong></span> <span class='ocrx_word' id='word_1_442' title='bbox 2593 3242 2987 3295; x_wconf 87' lang='lat' dir='ltr'><strong>monumenta</strong></span> <span class='ocrx_word' id='word_1_443' title='bbox 3038 3243 3310 3311; x_wconf 90' lang='lat' dir='ltr'><strong>reputem</strong></span> <span class='ocrx_word' id='word_1_444' title='bbox 3354 3257 3367 3306; x_wconf 92' lang='lat'><strong>;</strong></span> <span class='ocrx_word' id='word_1_445' title='bbox 3418 3243 3475 3295; x_wconf 92' lang='lat' dir='ltr'><strong>et</strong></span> <span class='ocrx_word' id='word_1_446' title='bbox 3527 3239 3646 3295; x_wconf 89' lang='lat' dir='ltr'><strong>fere</strong></span> 
     </span>
    </p>
   </div>
   <div class='ocr_carea' id='block_1_68' title="bbox 1984 3324 3645 3398">
    <p class='ocr_par' dir='ltr' id='par_1_68' title="bbox 1984 3324 3645 3398">
     <span class='ocr_line' id='line_1_71' title="bbox 1984 3324 3645 3398; baseline 0.004 -21"><span class='ocrx_word' id='word_1_447' title='bbox 1984 3324 2237 3392; x_wconf 84' lang='lat' dir='ltr'><strong>dignum</strong></span> <span class='ocrx_word' id='word_1_448' title='bbox 2267 3326 2530 3397; x_wconf 89' lang='lat' dir='ltr'><strong>putarim</strong></span> <span class='ocrx_word' id='word_1_449' title='bbox 2559 3327 2663 3398; x_wconf 91' lang='lat' dir='ltr'><strong>qui</strong></span> <span class='ocrx_word' id='word_1_450' title='bbox 2708 3327 2938 3398; x_wconf 91' lang='lat' dir='ltr'><strong>integer</strong></span> <span class='ocrx_word' id='word_1_451' title='bbox 2980 3328 3040 3383; x_wconf 92' lang='lat' dir='ltr'><strong>in</strong></span> <span class='ocrx_word' id='word_1_452' title='bbox 3069 3329 3463 3385; x_wconf 81' lang='lat' dir='ltr'><strong>Monumentis</strong></span> <span class='ocrx_word' id='word_1_453' title='bbox 3506 3329 3645 3384; x_wconf 90' lang='lat' dir='ltr'><strong>ede-</strong></span> 
     </span>
    </p>
   </div>
   <div class='ocr_carea' id='block_1_69' title="bbox 1983 3415 3648 3487">
    <p class='ocr_par' dir='ltr' id='par_1_69' title="bbox 1983 3415 3648 3487">
     <span class='ocr_line' id='line_1_72' title="bbox 1983 3415 3648 3487; baseline 0.004 -20"><span class='ocrx_word' id='word_1_454' title='bbox 1983 3416 2163 3468; x_wconf 90' lang='lat' dir='ltr'><strong>retur.</strong></span> <span class='ocrx_word' id='word_1_455' title='bbox 2198 3415 2343 3469; x_wconf 87' lang='lat' dir='ltr'><strong>Cum</strong></span> <span class='ocrx_word' id='word_1_456' title='bbox 2377 3420 2578 3471; x_wconf 87' lang='lat' dir='ltr'><strong>tamen</strong></span> <span class='ocrx_word' id='word_1_457' title='bbox 2610 3416 2820 3487; x_wconf 90' lang='lat' dir='ltr'><strong>paucis</strong></span> <span class='ocrx_word' id='word_1_458' title='bbox 2851 3420 3083 3472; x_wconf 88' lang='lat' dir='ltr'><strong>tantum</strong></span> <span class='ocrx_word' id='word_1_459' title='bbox 3112 3416 3257 3472; x_wconf 91' lang='lat' dir='ltr'><strong>locis</strong></span> <span class='ocrx_word' id='word_1_460' title='bbox 3286 3433 3381 3474; x_wconf 89' lang='lat' dir='ltr'><strong>res</strong></span> <span class='ocrx_word' id='word_1_461' title='bbox 3409 3418 3648 3474; x_wconf 86' lang='lat' dir='ltr'><strong>Germa-</strong></span> 
     </span>
    </p>
   </div>
   <div class='ocr_carea' id='block_1_70' title="bbox 1983 3500 3647 3573">
    <p class='ocr_par' dir='ltr' id='par_1_70' title="bbox 1983 3500 3647 3573">
     <span class='ocr_line' id='line_1_73' title="bbox 1983 3500 3647 3573; baseline 0.005 -17"><span class='ocrx_word' id='word_1_462' title='bbox 1983 3500 2148 3557; x_wconf 89' lang='lat' dir='ltr'><strong>nicas</strong></span> <span class='ocrx_word' id='word_1_463' title='bbox 2176 3502 2446 3573; x_wconf 90' lang='lat' dir='ltr'><strong>tetigerit,</strong></span> <span class='ocrx_word' id='word_1_464' title='bbox 2461 3519 2630 3560; x_wconf 77' lang='lat' dir='ltr'><strong>novas</strong></span> <span class='ocrx_word' id='word_1_465' title='bbox 2660 3505 2936 3560; x_wconf 85' lang='lat' dir='ltr'><strong>editionis</strong></span> <span class='ocrx_word' id='word_1_466' title='bbox 2959 3520 2991 3560; x_wconf 89' lang='lat' dir='ltr'><strong>e</strong></span> <span class='ocrx_word' id='word_1_467' title='bbox 3016 3505 3324 3561; x_wconf 86' lang='lat' dir='ltr'><strong>codicibus</strong></span> <span class='ocrx_word' id='word_1_468' title='bbox 3349 3506 3647 3564; x_wconf 86' lang='lat' dir='ltr'><strong>adornan-</strong></span> 
     </span>
    </p>
   </div>
   <div class='ocr_carea' id='block_1_71' title="bbox 1983 3590 3647 3667">
    <p class='ocr_par' dir='ltr' id='par_1_71' title="bbox 1983 3590 3647 3667">
     <span class='ocr_line' id='line_1_74' title="bbox 1983 3590 3647 3667; baseline 0.005 -22"><span class='ocrx_word' id='word_1_469' title='bbox 1983 3590 2077 3646; x_wconf 61' lang='lat' dir='ltr'><strong>da;</strong></span> <span class='ocrx_word' id='word_1_470' title='bbox 2103 3606 2314 3646; x_wconf 88' lang='lat' dir='ltr'><strong>curam</strong></span> <span class='ocrx_word' id='word_1_471' title='bbox 2346 3594 2837 3650; x_wconf 87' lang='lat' dir='ltr'><strong>Franco-Gallicis</strong></span> <span class='ocrx_word' id='word_1_472' title='bbox 2866 3593 3280 3667; x_wconf 89' lang='lat' dir='ltr'><strong>relinquimus,</strong></span> <span class='ocrx_word' id='word_1_473' title='bbox 3308 3596 3647 3667; x_wconf 87' lang='lat' dir='ltr'><strong>fragmenta</strong></span> 
     </span>
    </p>
   </div>
   <div class='ocr_carea' id='block_1_72' title="bbox 1980 3682 3641 3755">
    <p class='ocr_par' dir='ltr' id='par_1_72' title="bbox 1980 3682 3641 3755">
     <span class='ocr_line' id='line_1_75' title="bbox 1980 3682 3641 3755; baseline 0.004 -20"><span class='ocrx_word' id='word_1_474' title='bbox 1980 3695 2146 3750; x_wconf 88' lang='lat' dir='ltr'><strong>vero,</strong></span> <span class='ocrx_word' id='word_1_475' title='bbox 2177 3695 2313 3753; x_wconf 69' lang='lat' dir='ltr'><strong>quae</strong></span> <span class='ocrx_word' id='word_1_476' title='bbox 2342 3699 2436 3738; x_wconf 89' lang='lat' dir='ltr'><strong>res</strong></span> <span class='ocrx_word' id='word_1_477' title='bbox 2464 3682 2543 3738; x_wconf 90' lang='lat' dir='ltr'><strong>ab</strong></span> <span class='ocrx_word' id='word_1_478' title='bbox 2587 3684 2797 3738; x_wconf 87' lang='lat' dir='ltr'><strong>Ottone</strong></span> <span class='ocrx_word' id='word_1_479' title='bbox 2847 3686 3059 3753; x_wconf 73' lang='lat' dir='ltr'><strong>Magno</strong></span> <span class='ocrx_word' id='word_1_480' title='bbox 3089 3687 3285 3754; x_wconf 87' lang='lat' dir='ltr'><strong>gestas</strong></span> <span class='ocrx_word' id='word_1_481' title='bbox 3328 3684 3641 3755; x_wconf 85' lang='lat' dir='ltr'><strong>illustrant,</strong></span> 
     </span>
    </p>
   </div>
   <div class='ocr_carea' id='block_1_73' title="bbox 1982 3769 3642 3846">
    <p class='ocr_par' dir='ltr' id='par_1_73' title="bbox 1982 3769 3642 3846">
     <span class='ocr_line' id='line_1_76' title="bbox 1982 3769 3642 3846; baseline 0.005 -22"><span class='ocrx_word' id='word_1_482' title='bbox 1982 3771 2099 3825; x_wconf 91' lang='lat' dir='ltr'><strong>hoc</strong></span> <span class='ocrx_word' id='word_1_483' title='bbox 2122 3769 2256 3827; x_wconf 91' lang='lat' dir='ltr'><strong>loco</strong></span> <span class='ocrx_word' id='word_1_484' title='bbox 2284 3773 2640 3829; x_wconf 84' lang='lat' dir='ltr'><strong>exhibemus</strong></span> <span class='ocrx_word' id='word_1_485' title='bbox 2666 3776 2785 3841; x_wconf 90' lang='lat'><strong>(8&#39;).</strong></span> <span class='ocrx_word' id='word_1_486' title='bbox 2834 3773 3022 3829; x_wconf 85' lang='lat' dir='ltr'><strong>Etiam</strong></span> <span class='ocrx_word' id='word_1_487' title='bbox 3061 3774 3211 3841; x_wconf 64' lang='lat' dir='ltr'><strong>haec,</strong></span> <span class='ocrx_word' id='word_1_488' title='bbox 3242 3776 3523 3846; x_wconf 83' lang='lat' dir='ltr'><strong>quamvis</strong></span> <span class='ocrx_word' id='word_1_489' title='bbox 3550 3793 3642 3832; x_wconf 89' lang='lat' dir='ltr'><strong>er-</strong></span> 
     </span>
    </p>
   </div>
   <div class='ocr_carea' id='block_1_74' title="bbox 1980 3859 3641 3935">
    <p class='ocr_par' dir='ltr' id='par_1_74' title="bbox 1980 3859 3641 3935">
     <span class='ocr_line' id='line_1_77' title="bbox 1980 3859 3641 3935; baseline 0.004 -20"><span class='ocrx_word' id='word_1_490' title='bbox 1980 3859 2219 3916; x_wconf 84' lang='lat' dir='ltr'><strong>roribus</strong></span> <span class='ocrx_word' id='word_1_491' title='bbox 2249 3861 2614 3933; x_wconf 88' lang='lat' dir='ltr'><strong>quibusdam</strong></span> <span class='ocrx_word' id='word_1_492' title='bbox 2646 3878 2910 3935; x_wconf 86' lang='lat' dir='ltr'><strong>aspersa,</strong></span> <span class='ocrx_word' id='word_1_493' title='bbox 2940 3862 3113 3934; x_wconf 89' lang='lat' dir='ltr'><strong>plura</strong></span> <span class='ocrx_word' id='word_1_494' title='bbox 3141 3864 3446 3919; x_wconf 89' lang='lat' dir='ltr'><strong>continent</strong></span> <span class='ocrx_word' id='word_1_495' title='bbox 3470 3869 3641 3921; x_wconf 50' lang='lat' dir='ltr'><strong>nota‘</strong></span> 
     </span>
    </p>
   </div>
   <div class='ocr_carea' id='block_1_75' title="bbox 1981 3949 3644 4022">
    <p class='ocr_par' dir='ltr' id='par_1_75' title="bbox 1981 3949 3644 4022">
     <span class='ocr_line' id='line_1_78' title="bbox 1981 3949 3644 4022; baseline 0.003 -18"><span class='ocrx_word' id='word_1_496' title='bbox 1981 3952 2047 4005; x_wconf 86' lang='lat' dir='ltr'><strong>tu</strong></span> <span class='ocrx_word' id='word_1_497' title='bbox 2070 3949 2273 4020; x_wconf 83' lang='lat' dir='ltr'><strong>digna,</strong></span> <span class='ocrx_word' id='word_1_498' title='bbox 2306 3967 2357 4006; x_wconf 90' lang='lat' dir='ltr'><strong>e.</strong></span> <span class='ocrx_word' id='word_1_499' title='bbox 2392 3967 2478 4019; x_wconf 87' lang='lat' dir='ltr'><strong>gr.</strong></span> <span class='ocrx_word' id='word_1_500' title='bbox 2512 3967 2649 4022; x_wconf 61' lang='lat' dir='ltr'><strong>quae</strong></span> <span class='ocrx_word' id='word_1_501' title='bbox 2697 3951 2772 4006; x_wconf 91' lang='lat' dir='ltr'><strong>de</strong></span> <span class='ocrx_word' id='word_1_502' title='bbox 2801 3954 3107 4006; x_wconf 85' lang='lat' dir='ltr'><strong>conventu</strong></span> <span class='ocrx_word' id='word_1_503' title='bbox 3144 3951 3299 4019; x_wconf 87' lang='lat' dir='ltr'><strong>regis</strong></span> <span class='ocrx_word' id='word_1_504' title='bbox 3331 3953 3557 4008; x_wconf 86' lang='lat' dir='ltr'><strong>Ottonis</strong></span> <span class='ocrx_word' id='word_1_505' title='bbox 3585 3955 3644 4009; x_wconf 88' lang='lat' dir='ltr'><strong>et</strong></span> 
     </span>
    </p>
   </div>
   <div class='ocr_carea' id='block_1_76' title="bbox 1981 4037 3641 4106">
    <p class='ocr_par' dir='ltr' id='par_1_76' title="bbox 1981 4037 3641 4106">
     <span class='ocr_line' id='line_1_79' title="bbox 1981 4037 3641 4106; baseline 0.002 -13"><span class='ocrx_word' id='word_1_506' title='bbox 1981 4037 2154 4093; x_wconf 91' lang='lat' dir='ltr'><strong>ducis</strong></span> <span class='ocrx_word' id='word_1_507' title='bbox 2194 4037 2496 4106; x_wconf 89' lang='lat' dir='ltr'><strong>Willelmi,</strong></span> <span class='ocrx_word' id='word_1_508' title='bbox 2541 4038 2615 4093; x_wconf 93' lang='lat' dir='ltr'><strong>de</strong></span> <span class='ocrx_word' id='word_1_509' title='bbox 2664 4039 3012 4093; x_wconf 84' lang='lat' dir='ltr'><strong>Harmanno</strong></span> <span class='ocrx_word' id='word_1_510' title='bbox 3063 4038 3370 4095; x_wconf 83' lang='lat' dir='ltr'><strong>Saxonum</strong></span> <span class='ocrx_word' id='word_1_511' title='bbox 3420 4037 3575 4095; x_wconf 88' lang='lat' dir='ltr'><strong>duce</strong></span> <span class='ocrx_word' id='word_1_512' title='bbox 3603 4053 3641 4096; x_wconf 86' lang='lat' dir='ltr'><strong>a</strong></span> 
     </span>
    </p>
   </div>
   <div class='ocr_carea' id='block_1_77' title="bbox 1982 4125 3635 4199">
    <p class='ocr_par' dir='ltr' id='par_1_77' title="bbox 1982 4125 3635 4199">
     <span class='ocr_line' id='line_1_80' title="bbox 1982 4125 3635 4199; baseline 0.004 -20"><span class='ocrx_word' id='word_1_513' title='bbox 1982 4125 2163 4182; x_wconf 90' lang='lat' dir='ltr'><strong>Danis</strong></span> <span class='ocrx_word' id='word_1_514' title='bbox 2192 4129 2386 4199; x_wconf 88' lang='lat' dir='ltr'><strong>capto,</strong></span> <span class='ocrx_word' id='word_1_515' title='bbox 2437 4126 2513 4180; x_wconf 90' lang='lat' dir='ltr'><strong>de</strong></span> <span class='ocrx_word' id='word_1_516' title='bbox 2557 4125 2870 4181; x_wconf 90' lang='lat' dir='ltr'><strong>obsidione</strong></span> <span class='ocrx_word' id='word_1_517' title='bbox 2902 4125 3067 4180; x_wconf 85' lang='lat' dir='ltr'><strong>urbis</strong></span> <span class='ocrx_word' id='word_1_518' title='bbox 3116 4126 3635 4199; x_wconf 82' lang='lat' dir='ltr'><strong>Rhotomagensis,</strong></span> 
     </span>
    </p>
   </div>
   <div class='ocr_carea' id='block_1_78' title="bbox 1909 4216 2605 4314">
    <p class='ocr_par' dir='ltr' id='par_1_78' title="bbox 1909 4216 2605 4314">
     <span class='ocr_line' id='line_1_81' title="bbox 1909 4216 2605 4314; baseline -0.001 -42"><span class='ocrx_word' id='word_1_519' title='bbox 1909 4257 1950 4314; x_wconf 64' lang='grc' dir='ltr'>Ο</span> <span class='ocrx_word' id='word_1_520' title='bbox 1982 4216 2232 4288; x_wconf 87' lang='lat' dir='ltr'><strong>aliisque</strong></span> <span class='ocrx_word' id='word_1_521' title='bbox 2251 4216 2605 4314; x_wconf 73' lang='lat' dir='ltr'><strong>referuntur.</strong></span> 
     </span>
    </p>
   </div>
   <div class='ocr_carea' id='block_1_79' title="bbox 2051 4303 3635 4381">
    <p class='ocr_par' dir='ltr' id='par_1_79' title="bbox 2051 4303 3635 4381">
     <span class='ocr_line' id='line_1_82' title="bbox 2051 4303 3635 4381; baseline 0.002 -20"><span class='ocrx_word' id='word_1_522' title='bbox 2051 4307 2295 4361; x_wconf 89' lang='lat' dir='ltr'><strong>Textum</strong></span> <span class='ocrx_word' id='word_1_523' title='bbox 2318 4320 2356 4360; x_wconf 89' lang='lat' dir='ltr'><strong>a</strong></span> <span class='ocrx_word' id='word_1_524' title='bbox 2380 4303 2713 4360; x_wconf 90' lang='lat' dir='ltr'><strong>Duchesnio</strong></span> <span class='ocrx_word' id='word_1_525' title='bbox 2734 4303 2911 4377; x_wconf 77' lang='lat' dir='ltr'><strong>(Hist.</strong></span> <span class='ocrx_word' id='word_1_526' title='bbox 2936 4306 3143 4362; x_wconf 87' lang='lat' dir='ltr'><strong>Norm.</strong></span> <span class='ocrx_word' id='word_1_527' title='bbox 3166 4306 3276 4363; x_wconf 91' lang='lat' dir='ltr'><strong>SS.</strong></span> <span class='ocrx_word' id='word_1_528' title='bbox 3302 4308 3555 4378; x_wconf 76' lang='lat' dir='ltr'><strong>antiqui,</strong></span> <span class='ocrx_word' id='word_1_529' title='bbox 3574 4323 3635 4381; x_wconf 82' lang='lat' dir='ltr'><strong>p.</strong></span> 
     </span>
    </p>
   </div>
   <div class='ocr_carea' id='block_1_80' title="bbox 1980 4393 3638 4468">
    <p class='ocr_par' dir='ltr' id='par_1_80' title="bbox 1980 4393 3638 4468">
     <span class='ocr_line' id='line_1_83' title="bbox 1980 4393 3638 4468; baseline 0.001 -17"><span class='ocrx_word' id='word_1_530' title='bbox 1980 4396 2196 4467; x_wconf 82' lang='lat'><strong>51-159)</strong></span> <span class='ocrx_word' id='word_1_531' title='bbox 2226 4410 2300 4450; x_wconf 87' lang='lat' dir='ltr'><strong>ex</strong></span> <span class='ocrx_word' id='word_1_532' title='bbox 2330 4393 2570 4449; x_wconf 90' lang='lat' dir='ltr'><strong>duobus</strong></span> <span class='ocrx_word' id='word_1_533' title='bbox 2618 4395 2949 4463; x_wconf 83' lang='lat' dir='ltr'><strong>codicibus,</strong></span> <span class='ocrx_word' id='word_1_534' title='bbox 2984 4396 3309 4466; x_wconf 87' lang='lat' dir='ltr'><strong>Sirmundi,</strong></span> <span class='ocrx_word' id='word_1_535' title='bbox 3334 4397 3465 4468; x_wconf 86' lang='lat' dir='ltr'><strong>jam</strong></span> <span class='ocrx_word' id='word_1_536' title='bbox 3496 4396 3638 4455; x_wconf 83' lang='lat' dir='ltr'><strong>Mid-</strong></span> 
     </span>
    </p>
   </div>
   <div class='ocr_carea' id='block_1_81' title="bbox 1977 4483 3639 4560">
    <p class='ocr_par' dir='ltr' id='par_1_81' title="bbox 1977 4483 3639 4560">
     <span class='ocr_line' id='line_1_84' title="bbox 1977 4483 3639 4560; baseline 0.002 -20"><span class='ocrx_word' id='word_1_537' title='bbox 1977 4484 2160 4540; x_wconf 87' lang='lat' dir='ltr'><strong>dlehil</strong></span> <span class='ocrx_word' id='word_1_538' title='bbox 2202 4483 2489 4541; x_wconf 88' lang='lat' dir='ltr'><strong>asservati</strong></span> <span class='ocrx_word' id='word_1_539' title='bbox 2536 4484 2628 4555; x_wconf 85' lang='lat'><strong>(9),</strong></span> <span class='ocrx_word' id='word_1_540' title='bbox 2675 4489 2732 4541; x_wconf 89' lang='lat' dir='ltr'><strong>et</strong></span> <span class='ocrx_word' id='word_1_541' title='bbox 2779 4486 2841 4540; x_wconf 83' lang='lat' dir='ltr'><strong>F.</strong></span> <span class='ocrx_word' id='word_1_542' title='bbox 2886 4484 3186 4541; x_wconf 80' lang='lat' dir='ltr'><strong>Ambrosii</strong></span> <span class='ocrx_word' id='word_1_543' title='bbox 3233 4485 3481 4553; x_wconf 88' lang='lat' dir='ltr'><strong>editum,</strong></span> <span class='ocrx_word' id='word_1_544' title='bbox 3523 4501 3639 4560; x_wconf 82' lang='lat' dir='ltr'><strong>ope</strong></span> 
     </span>
    </p>
   </div>
   <div class='ocr_carea' id='block_1_82' title="bbox 1976 4573 3638 4643">
    <p class='ocr_par' dir='ltr' id='par_1_82' title="bbox 1976 4573 3638 4643">
     <span class='ocr_line' id='line_1_85' title="bbox 1976 4573 3638 4643; baseline 0.001 -14"><span class='ocrx_word' id='word_1_545' title='bbox 1976 4573 2200 4630; x_wconf 87' lang='lat' dir='ltr'><strong>codicis</strong></span> <span class='ocrx_word' id='word_1_546' title='bbox 2228 4573 2723 4643; x_wconf 82' lang='lat' dir='ltr'><strong>Rothomagensis</strong></span> <span class='ocrx_word' id='word_1_547' title='bbox 2748 4573 2883 4643; x_wconf 81' lang='lat'><strong>(10),</strong></span> <span class='ocrx_word' id='word_1_548' title='bbox 2921 4573 3065 4629; x_wconf 89' lang='lat' dir='ltr'><strong>olim</strong></span> <span class='ocrx_word' id='word_1_549' title='bbox 3086 4575 3141 4628; x_wconf 91' lang='lat' dir='ltr'><strong>S.</strong></span> <span class='ocrx_word' id='word_1_550' title='bbox 3182 4573 3331 4630; x_wconf 86' lang='lat' dir='ltr'><strong>Petri</strong></span> <span class='ocrx_word' id='word_1_551' title='bbox 3351 4573 3428 4629; x_wconf 92' lang='lat' dir='ltr'><strong>de</strong></span> <span class='ocrx_word' id='word_1_552' title='bbox 3466 4575 3638 4631; x_wconf 80' lang='lat' dir='ltr'><strong>Gem-</strong></span> 
     </span>
    </p>
   </div>
   <div class='ocr_carea' id='block_1_83' title="bbox 1974 4661 3637 4732">
    <p class='ocr_par' dir='ltr' id='par_1_83' title="bbox 1974 4661 3637 4732">
     <span class='ocr_line' id='line_1_86' title="bbox 1974 4661 3637 4732; baseline 0 -12"><span class='ocrx_word' id='word_1_553' title='bbox 1974 4663 2224 4732; x_wconf 90' lang='lat' dir='ltr'><strong>meticis,</strong></span> <span class='ocrx_word' id='word_1_554' title='bbox 2273 4661 2428 4718; x_wconf 89' lang='lat' dir='ltr'><strong>mbr.</strong></span> <span class='ocrx_word' id='word_1_555' title='bbox 2476 4678 2523 4719; x_wconf 89' lang='lat' dir='ltr'><strong>s.</strong></span> <span class='ocrx_word' id='word_1_556' title='bbox 2569 4678 2648 4717; x_wconf 84' lang='lat' dir='ltr'><strong>xu</strong></span> <span class='ocrx_word' id='word_1_557' title='bbox 2691 4662 2831 4729; x_wconf 90' lang='lat' dir='ltr'><strong>inc.,</strong></span> <span class='ocrx_word' id='word_1_558' title='bbox 2864 4662 2991 4731; x_wconf 88' lang='lat' dir='ltr'><strong>fol.,</strong></span> <span class='ocrx_word' id='word_1_559' title='bbox 3023 4666 3297 4719; x_wconf 82' lang='lat' dir='ltr'><strong>accurate</strong></span> <span class='ocrx_word' id='word_1_560' title='bbox 3342 4665 3400 4719; x_wconf 84' lang='lat' dir='ltr'><strong>et</strong></span> <span class='ocrx_word' id='word_1_561' title='bbox 3440 4662 3637 4720; x_wconf 84' lang='lat' dir='ltr'><strong>laxius</strong></span> 
     </span>
    </p>
   </div>
   <div class='ocr_carea' id='block_1_84' title="bbox 2044 4909 3631 5039">
    <p class='ocr_par' dir='ltr' id='par_1_84' title="bbox 2044 4909 3631 5039">
     <span class='ocr_line' id='line_1_87' title="bbox 2068 4909 3631 4985; baseline 0.003 -17"><span class='ocrx_word' id='word_1_562' title='bbox 2068 4912 2124 4985; x_wconf 84' lang='lat'><strong>6)</strong></span> <span class='ocrx_word' id='word_1_563' title='bbox 2151 4910 2394 4969; x_wconf 82' lang='lat' dir='ltr'><strong>Vossius</strong></span> <span class='ocrx_word' id='word_1_564' title='bbox 2436 4914 2516 4968; x_wconf 89' lang='lat' dir='ltr'><strong>De</strong></span> <span class='ocrx_word' id='word_1_565' title='bbox 2560 4909 2703 4967; x_wconf 87' lang='lat' dir='ltr'><strong>Hist.</strong></span> <span class='ocrx_word' id='word_1_566' title='bbox 2736 4912 2859 4968; x_wconf 86' lang='lat' dir='ltr'><strong>Lat.</strong></span> <span class='ocrx_word' id='word_1_567' title='bbox 2938 4954 2951 4967; x_wconf 93' lang='lat'><strong>.</strong></span> <span class='ocrx_word' id='word_1_568' title='bbox 2985 4913 3107 4967; x_wconf 82' lang='lat'><strong>356.</strong></span> <span class='ocrx_word' id='word_1_569' title='bbox 3137 4910 3300 4967; x_wconf 77' lang='lat' dir='ltr'><strong>Rivet</strong></span> <span class='ocrx_word' id='word_1_570' title='bbox 3347 4910 3492 4968; x_wconf 84' lang='lat' dir='ltr'><strong>Hist.</strong></span> <span class='ocrx_word' id='word_1_571' title='bbox 3522 4911 3631 4973; x_wconf 79' lang='lat' dir='ltr'><strong>litt.</strong></span> 
     </span>
     <span class='ocr_line' id='line_1_88' title="bbox 2044 4911 3631 5039; baseline 0 0"><span class='ocrx_word' id='word_1_572' title='bbox 2044 4911 2086 5039; x_wconf 53' lang='lat' dir='ltr'><strong>i.</strong></span> <span class='ocrx_word' id='word_1_573' title='bbox 2118 4999 2178 5039; x_wconf 78' lang='grc' dir='ltr'><strong>ι).</strong></span> <span class='ocrx_word' id='word_1_574' title='bbox 2205 4986 2331 5039; x_wconf 88' lang='lat'><strong>237.</strong></span> <span class='ocrx_word' id='word_1_575' title='bbox 2364 4981 2448 5039; x_wconf 87' lang='lat' dir='ltr'><strong>Cf.</strong></span> <span class='ocrx_word' id='word_1_576' title='bbox 2482 4983 2753 5039; x_wconf 75' lang='lat' dir='ltr'><strong>Bouquet</strong></span> <span class='ocrx_word' id='word_1_577' title='bbox 2780 4924 3009 5039; x_wconf 48' lang='lat' dir='ltr'><strong>VIII?!»</strong></span> <span class='ocrx_word' id='word_1_578' title='bbox 3040 4997 3200 5039; x_wconf 78' lang='lat' dir='ltr'><strong>xxiv.</strong></span> <span class='ocrx_word' id='word_1_579' title='bbox 3227 4979 3333 5039; x_wconf 85' lang='lat' dir='ltr'><strong>aui</strong></span> <span class='ocrx_word' id='word_1_580' title='bbox 3366 4980 3631 5039; x_wconf 65' lang='lat' dir='ltr'><strong>singula-</strong></span> 
     </span>
    </p>
   </div>
   <div class='ocr_carea' id='block_1_85' title="bbox 1971 4980 3633 5110">
    <p class='ocr_par' dir='ltr' id='par_1_85' title="bbox 1971 4980 3633 5110">
     <span class='ocr_line' id='line_1_89' title="bbox 1971 4980 3633 5107; baseline 0.001 -68"><span class='ocrx_word' id='word_1_581' title='bbox 1971 4980 2086 5052; x_wconf 85' lang='lat' dir='ltr'><strong>VII,</strong></span> <span class='ocrx_word' id='word_1_582' title='bbox 2104 4980 2178 5057; x_wconf 65' lang='lat' dir='ltr'><strong>&#39;p.</strong></span> <span class='ocrx_word' id='word_1_583' title='bbox 2205 4986 2331 5040; x_wconf 88' lang='lat'><strong>237.</strong></span> <span class='ocrx_word' id='word_1_584' title='bbox 2364 4981 2448 5039; x_wconf 87' lang='lat' dir='ltr'><strong>Cf.</strong></span> <span class='ocrx_word' id='word_1_585' title='bbox 2482 4983 2753 5055; x_wconf 89' lang='lat' dir='ltr'><strong>Bouquet</strong></span> <span class='ocrx_word' id='word_1_586' title='bbox 2780 4980 2916 5049; x_wconf 76' lang='lat' dir='ltr'><strong>VIIf,</strong></span> <span class='ocrx_word' id='word_1_587' title='bbox 3040 4997 3180 5037; x_wconf 79' lang='lat' dir='ltr'><strong>xxiv</strong></span> <span class='ocrx_word' id='word_1_588' title='bbox 3227 4980 3333 5055; x_wconf 90' lang='lat' dir='ltr'><strong>qui</strong></span> <span class='ocrx_word' id='word_1_589' title='bbox 3366 4980 3633 5054; x_wconf 81' lang='lat' dir='ltr'><strong>singula-</strong></span> 
     </span>
     <span class='ocr_line' id='line_1_90' title="bbox 1971 5024 3633 5110; baseline 0.001 -1"><span class='ocrx_word' id='word_1_590' title='bbox 1971 5052 2020 5109; x_wconf 89' lang='lat' dir='ltr'><strong>ri</strong></span> <span class='ocrx_word' id='word_1_591' title='bbox 2045 5069 2242 5110; x_wconf 91' lang='lat' dir='ltr'><strong>errore</strong></span> <span class='ocrx_word' id='word_1_592' title='bbox 2272 5052 2592 5110; x_wconf 81' lang='lat' dir='ltr'><strong>euitomen.</strong></span> <span class='ocrx_word' id='word_1_593' title='bbox 2615 5066 2803 5110; x_wconf 80' lang='lat' dir='ltr'><strong>uuam</strong></span> <span class='ocrx_word' id='word_1_594' title='bbox 2831 5050 2941 5107; x_wconf 89' lang='lat' dir='ltr'><strong>feci</strong></span> <span class='ocrx_word' id='word_1_595' title='bbox 2996 5024 3340 5108; x_wconf 80' lang='lat' dir='ltr'><strong>Guillelmus</strong></span> <span class='ocrx_word' id='word_1_596' title='bbox 3366 5054 3633 5110; x_wconf 89' lang='lat' dir='ltr'><strong>Gemme-</strong></span> 
     </span>
    </p>
   </div>
   <div class='ocr_carea' id='block_1_86' title="bbox 1970 5069 3451 5204">
    <p class='ocr_par' dir='ltr' id='par_1_86' title="bbox 1970 5069 3451 5204">
     <span class='ocr_line' id='line_1_91' title="bbox 1970 5069 3451 5126; baseline -0.001 -15"><span class='ocrx_word' id='word_1_597' title='bbox 1970 5069 2020 5109; x_wconf 86' lang='lat' dir='ltr'><strong>r1</strong></span> <span class='ocrx_word' id='word_1_598' title='bbox 2045 5069 2242 5110; x_wconf 91' lang='lat' dir='ltr'><strong>errore</strong></span> <span class='ocrx_word' id='word_1_599' title='bbox 2272 5069 2592 5126; x_wconf 80' lang='lat' dir='ltr'><strong>cpnomen,</strong></span> <span class='ocrx_word' id='word_1_600' title='bbox 2702 5069 2803 5107; x_wconf 89' lang='lat' dir='ltr'><strong>am</strong></span> <span class='ocrx_word' id='word_1_601' title='bbox 2831 5069 2967 5107; x_wconf 81' lang='lat' dir='ltr'><strong>Iecu</strong></span> <span class='ocrx_word' id='word_1_602' title='bbox 2996 5069 3340 5108; x_wconf 75' lang='lat' dir='ltr'><strong>uumeimus</strong></span> <span class='ocrx_word' id='word_1_603' title='bbox 3366 5069 3451 5109; x_wconf 73' lang='lat' dir='ltr'><strong>ue:</strong></span> 
     </span>
     <span class='ocr_line' id='line_1_92' title="bbox 1971 5069 3451 5204; baseline -0.001 -23"><span class='ocrx_word' id='word_1_604' title='bbox 1971 5124 2227 5204; x_wconf 68' lang='lat' dir='ltr'><strong>ticensis,</strong></span> <span class='ocrx_word' id='word_1_605' title='bbox 2263 5122 2490 5204; x_wconf 63' lang='lat' dir='ltr'><strong>auctori</strong></span> <span class='ocrx_word' id='word_1_606' title='bbox 2516 5069 2953 5204; x_wconf 40' lang='lat' dir='ltr'><strong>peragrandam</strong></span> <span class='ocrx_word' id='word_1_607' title='bbox 2986 5136 3134 5204; x_wconf 43' lang='lat' dir='ltr'><strong>esse</strong></span> <span class='ocrx_word' id='word_1_608' title='bbox 3141 5118 3451 5204; x_wconf 82' lang='lat' dir='ltr'><strong>judicavit.</strong></span> 
     </span>
    </p>
   </div>
   <div class='ocr_carea' id='block_1_87' title="bbox 2067 5193 3296 5276">
    <p class='ocr_par' dir='ltr' id='par_1_87' title="bbox 2067 5193 3296 5276">
     <span class='ocr_line' id='line_1_93' title="bbox 2067 5193 3296 5276; baseline 0.001 -26"><span class='ocrx_word' id='word_1_609' title='bbox 2067 5201 2123 5276; x_wconf 59' lang='grc' dir='ltr'>ἶ)</span> <span class='ocrx_word' id='word_1_610' title='bbox 2152 5193 2859 5276; x_wconf 47' lang='lat' dir='ltr'><strong>Xirgilium‘et-Ovidiuin</strong></span> <span class='ocrx_word' id='word_1_611' title='bbox 2889 5193 3237 5276; x_wconf 37' lang='lat' dir='ltr'><strong>ipse‘aﬂ&#39;ert.</strong></span> <span class='ocrx_word' id='word_1_612' title='bbox 3286 5265 3296 5275; x_wconf 43' lang='lat'><em>.</em></span> 
     </span>
    </p>
   </div>
   <div class='ocr_carea' id='block_1_88' title="bbox 2042 5201 3417 5408">
    <p class='ocr_par' dir='ltr' id='par_1_88' title="bbox 2042 5201 3417 5408">
     <span class='ocr_line' id='line_1_94' title="bbox 2067 5201 3237 5266; baseline 0.001 -16"><span class='ocrx_word' id='word_1_613' title='bbox 2067 5201 2123 5263; x_wconf 91' lang='lat'><strong>7)</strong></span> <span class='ocrx_word' id='word_1_614' title='bbox 2152 5201 2453 5265; x_wconf 88' lang='lat' dir='ltr'><strong>Virgilium</strong></span> <span class='ocrx_word' id='word_1_615' title='bbox 2489 5201 2547 5249; x_wconf 89' lang='lat' dir='ltr'><strong>et</strong></span> <span class='ocrx_word' id='word_1_616' title='bbox 2580 5201 2859 5251; x_wconf 86' lang='lat' dir='ltr'><strong>Ovidium</strong></span> <span class='ocrx_word' id='word_1_617' title='bbox 2889 5201 3016 5266; x_wconf 84' lang='lat' dir='ltr'><strong>ipse</strong></span> <span class='ocrx_word' id='word_1_618' title='bbox 3047 5201 3237 5251; x_wconf 82' lang='lat' dir='ltr'><strong>aﬂ&#39;ert.</strong></span> 
     </span>
     <span class='ocr_line' id='line_1_95' title="bbox 2042 5201 3417 5408; baseline 0.001 -86"><span class='ocrx_word' id='word_1_619' title='bbox 2042 5201 2124 5408; x_wconf 56' lang='grc' dir='ltr'><strong>ΞΒ)</strong></span> <span class='ocrx_word' id='word_1_620' title='bbox 2155 5266 2298 5322; x_wconf 87' lang='lat' dir='ltr'><strong>Hist.</strong></span> <span class='ocrx_word' id='word_1_621' title='bbox 2331 5264 2503 5345; x_wconf 83' lang='lat' dir='ltr'><strong>Angl.</strong></span> <span class='ocrx_word' id='word_1_622' title='bbox 2538 5266 2606 5334; x_wconf 90' lang='lat' dir='ltr'><strong>II,</strong></span> <span class='ocrx_word' id='word_1_623' title='bbox 2637 5280 2696 5337; x_wconf 90' lang='lat' dir='ltr'><strong>p.</strong></span> <span class='ocrx_word' id='word_1_624' title='bbox 2722 5268 2825 5321; x_wconf 88' lang='lat'><strong>373</strong></span> <span class='ocrx_word' id='word_1_625' title='bbox 2851 5267 2910 5322; x_wconf 89' lang='lat' dir='ltr'><strong>et</strong></span> <span class='ocrx_word' id='word_1_626' title='bbox 2937 5268 3115 5322; x_wconf 84' lang='lat' dir='ltr'><strong>antea</strong></span> <span class='ocrx_word' id='word_1_627' title='bbox 3137 5265 3417 5349; x_wconf 44' lang='lat' dir='ltr'><strong>passim.‘</strong></span> 
     </span>
     <span class='ocr_line' id='line_1_96' title="bbox 2064 5336 3417 5406; baseline 0.002 -13"><span class='ocrx_word' id='word_1_628' title='bbox 2064 5341 2094 5393; x_wconf 90' lang='lat'>8</span> <span class='ocrx_word' id='word_1_629' title='bbox 2121 5341 2137 5405; x_wconf 93' lang='lat'><strong>)</strong></span> <span class='ocrx_word' id='word_1_630' title='bbox 2167 5340 2414 5393; x_wconf 90' lang='lat' dir='ltr'><strong>Textum</strong></span> <span class='ocrx_word' id='word_1_631' title='bbox 2439 5341 2738 5406; x_wconf 82' lang='lat' dir='ltr'><strong>integrum</strong></span> <span class='ocrx_word' id='word_1_632' title='bbox 2764 5336 2982 5394; x_wconf 87' lang='lat' dir='ltr'><strong>damus</strong></span> <span class='ocrx_word' id='word_1_633' title='bbox 3008 5353 3082 5394; x_wconf 91' lang='lat' dir='ltr'><strong>ex</strong></span> <span class='ocrx_word' id='word_1_634' title='bbox 3123 5338 3417 5396; x_wconf 83' lang='lat' dir='ltr'><strong>Duchesm</strong></span> 
     </span>
    </p>
   </div>
   <div class='ocr_carea' id='block_1_89' title="bbox 2064 5336 3633 5464">
    <p class='ocr_par' dir='ltr' id='par_1_89' title="bbox 2064 5336 3633 5464">
     <span class='ocr_line' id='line_1_97' title="bbox 2064 5336 3633 5406; baseline 0.002 -13"><span class='ocrx_word' id='word_1_635' title='bbox 2064 5336 2137 5405; x_wconf 79' lang='lat'><strong>8‘)</strong></span> <span class='ocrx_word' id='word_1_636' title='bbox 2167 5340 2414 5393; x_wconf 90' lang='lat' dir='ltr'><strong>Textum</strong></span> <span class='ocrx_word' id='word_1_637' title='bbox 2439 5336 2738 5406; x_wconf 83' lang='lat' dir='ltr'><strong>integrum</strong></span> <span class='ocrx_word' id='word_1_638' title='bbox 2764 5336 2982 5394; x_wconf 88' lang='lat' dir='ltr'><strong>damus</strong></span> <span class='ocrx_word' id='word_1_639' title='bbox 3008 5353 3082 5394; x_wconf 91' lang='lat' dir='ltr'><strong>ex</strong></span> <span class='ocrx_word' id='word_1_640' title='bbox 3123 5336 3479 5396; x_wconf 82' lang='lat' dir='ltr'><strong>Duchesnio.</strong></span> <span class='ocrx_word' id='word_1_641' title='bbox 3510 5341 3633 5396; x_wconf 84' lang='lat' dir='ltr'><strong>Em-</strong></span> 
     </span>
     <span class='ocr_line' id='line_1_98' title="bbox 2064 5409 2489 5464; baseline -0.007 0"><span class='ocrx_word' id='word_1_642' title='bbox 2064 5426 2077 5463; x_wconf 78' lang='grc' dir='ltr'>ι</span> <span class='ocrx_word' id='word_1_643' title='bbox 2104 5409 2489 5464; x_wconf 67' lang='lat' dir='ltr'><strong>PATROLOGIE.</strong></span> 
     </span>
    </p>
   </div>
   <div class='ocr_carea' id='block_1_90' title="bbox 1970 5424 2530 5552">
    <p class='ocr_par' dir='ltr' id='par_1_90' title="bbox 1970 5424 2530 5552">
     <span class='ocr_line' id='line_1_99' title="bbox 1970 5424 2489 5466; baseline -0.01 -1"><span class='ocrx_word' id='word_1_644' title='bbox 1970 5424 2077 5466; x_wconf 73' lang='lat' dir='ltr'><strong>ron</strong></span> <span class='ocrx_word' id='word_1_645' title='bbox 2104 5424 2489 5464; x_wconf 70' lang='lat' dir='ltr'><strong>nrncLocus.</strong></span> 
     </span>
     <span class='ocr_line' id='line_1_100' title="bbox 2043 5478 2530 5552; baseline -0.006 -17"><span class='ocrx_word' id='word_1_646' title='bbox 2043 5481 2117 5552; x_wconf 87' lang='lat'><strong>(9)</strong></span> <span class='ocrx_word' id='word_1_647' title='bbox 2151 5479 2390 5552; x_wconf 73' lang='lat' dir='ltr'><strong>Archiv.</strong></span> <span class='ocrx_word' id='word_1_648' title='bbox 2422 5478 2530 5546; x_wconf 84' lang='lat' dir='ltr'><strong>VII,</strong></span> 
     </span>
    </p>
   </div>
   <div class='ocr_carea' id='block_1_91' title="bbox 2041 5549 2486 5624">
    <p class='ocr_par' dir='ltr' id='par_1_91' title="bbox 2041 5549 2486 5624">
     <span class='ocr_line' id='line_1_101' title="bbox 2041 5549 2486 5624; baseline 0.002 -17"><span class='ocrx_word' id='word_1_649' title='bbox 2041 5549 2159 5624; x_wconf 80' lang='lat' dir='ltr'><strong>(I0)</strong></span> <span class='ocrx_word' id='word_1_650' title='bbox 2188 5555 2268 5609; x_wconf 87' lang='lat' dir='ltr'><strong>De</strong></span> <span class='ocrx_word' id='word_1_651' title='bbox 2295 5549 2427 5609; x_wconf 81' lang='lat' dir='ltr'><strong>aliis</strong></span> <span class='ocrx_word' id='word_1_652' title='bbox 2453 5565 2486 5608; x_wconf 85' lang='lat' dir='ltr'><strong>c</strong></span> 
     </span>
    </p>
   </div>
   <div class='ocr_carea' id='block_1_92' title="bbox 2592 5479 3499 5626">
    <p class='ocr_par' dir='ltr' id='par_1_92' title="bbox 2592 5479 3499 5626">
     <span class='ocr_line' id='line_1_102' title="bbox 2592 5479 3499 5626; baseline 0 -19"><span class='ocrx_word' id='word_1_653' title='bbox 2788 5565 2847 5607; x_wconf 75' lang='grc' dir='ltr'><strong>ν.</strong></span> <span class='ocrx_word' id='word_1_654' title='bbox 2876 5550 3109 5609; x_wconf 77' lang='lat' dir='ltr'><strong>Archiv.</strong></span> <span class='ocrx_word' id='word_1_655' title='bbox 3140 5553 3255 5625; x_wconf 81' lang='lat' dir='ltr'><strong>VII,</strong></span> <span class='ocrx_word' id='word_1_656' title='bbox 3283 5567 3348 5626; x_wconf 90' lang='lat' dir='ltr'><strong>p.</strong></span> <span class='ocrx_word' id='word_1_657' title='bbox 3373 5552 3499 5610; x_wconf 63' lang='grc' dir='ltr'><strong>διο.</strong></span> 
     </span>
    </p>
   </div>
  </div>
