4004 6178
326 175 431 227 607

1319 163 1628 221 DUDONIS
1663 161 1916 217 DECANI
1953 160 2008 215 S.
2045 159 2357 225 QUINTlNl
2389 164 2770 220 VIBOMAND.

3657 163 3774 217 608

328 293 529 368 scripti
567 293 702 362 (ll),
745 307 780 347 a
822 293 884 346 ν.
917 289 999 348 Cl.
1042 292 1101 345 L.
1154 289 1483 345 Bethmann
1531 286 1748 354 collati,
1791 299 1991 340 emen-
2022 287 2068 338 A
2099 289 2344 340 secutus
2390 291 2482 342 est
2525 287 2661 355 (l3),
2716 287 2898 343 etiam
2957 287 3110 342 Saxo
3167 285 3600 343 Grammaticus
3650 301 3783 341 res—

411 398 610 438 VlmllS

330 384 610 440 davimus

403 469 667 528 Dudonis
697 468 1102 524 narrationem
1131 483 1318 540 quam
1350 464 1694 521 Guillelmus
1726 467 1995 520 Gemme-

330 560 565 616 ticensis
608 558 668 614 in
695 559 996 630 epitomen
1019 555 1248 626 redegit
1275 556 1410 623 (12),
1453 554 1766 611 Ordericus
1795 552 1994 608 Vitalis

405 756 518 828 (11)
545 755 765 828 Eodem
792 753 1090 828 volumine
1118 751 1234 807 alio
1259 766 1402 828 v_ero_
1429 750 1561 828 cod.
1595 748 1987 828 s_.._xm__cont_i.-

335 819 509 884 netur
541 844 553 880 :
605 825 948 882 Guillelmus
994 827 1244 888 Gemm.,
1283 820 1560 877 Einhardi
1597 820 1726 875 Aita
1767 819 1989 887 Karoli,

336 897 671 954 Abreviatio
702 903 1004 966 gestorum
1034 894 1485 966 reguniFranc.
1507 924 1574 932 —
1610 891 1762 957 1137,
1783 893 1994 966 :I‘rans-

337 969 480 1024 latio
512 968 682 1033 clavi,
707 962 844 1032 12th
875 967 1026 1021 Visio
1058 962 1278 1032 Karoli,
1330 969 1385 1018 et
1415 963 1529 1019 alia
1559 978 1744 1018 manu
1776 962 1988 1030 fragm.

341 1039 509 1094 Guil].
543 1043 768 1093 Gemm.
797 1037 870 1092 de
904 1036 1194 1092 Richardo
1227 1040 1291 1090 ll.

411 1111 524 1180 (l2)
572 1109 735 1180 Praef.
769 1126 780 1162 :
823 1131 849 1157 «
891 1106 1247 1180 Principium
1298 1120 1603 1180 namque
1637 1103 1995 1180 narrationis

341 1175 532 1252 usque
560 1180 635 1235 ad
667 1178 1027 1234 Richardum
1061 1175 1101 1232 1Ῑ
1127 1193 1156 1231 e
1191 1176 1452 1231 Dudonis
1484 1175 1652 1248 periti
1685 1175 1789 1230 viri
1816 1175 1998 1230 histo-

341 1251 429 1305 ria
456 1250 684 1305 collegi.
708 1249 808 1305 aui
836 1249 1000 1305 quod
1029 1247 1750 1305 nosterisnronagandum
1782 1247 1998 1302 chariae

341 1267 429 1306 ria
456 1262 684 1318 conegi,
708 1265 808 1320 qui
836 1262 1000 1321 quoa
1029 1262 1750 1328 posterispropaganuum
1782 1262 1998 1302 cnariae

343 1320 788 1400 commendavit
817 1336 853 1375 a
901 1319 1213 1400 Rudolpho
1261 1324 1474 1374 comite
1503 1318 1682 1390 primi
1726 1317 1999 1374 Richardi

343 1391 516 1446 fratre
543 1391 853 1461 diligenter
882 1391 1211 1462 exquisivit.
1245 1414 1272 1438 ››

2102 373 2288 446 pexit,
2321 375 2457 444 (14),
2501 375 2581 432 ita
2624 379 2688 432 ut
2733 375 2992 431 auctoris
3023 373 3183 432 fama
3212 377 3586 432 Normannize
3635 373 3781 430 Gal-

2103 462 2320 535 liaeque
2346 463 2496 520 ﬁnes
2521 464 2648 535 jam
2675 464 2872 520 medio
2907 479 3032 519 aevo
3063 464 3133 520 sit
3161 469 3550 535 transgressa.

3344 556 3406 609 G.
3441 556 3662 608 Wurz.

2182 748 2294 814 (13)
2349 747 2518 820 Praef.
2573 747 2854 820 libriin:
2913 771 2937 795 ‹‹
2965 747 3207 820 Bellicos
3240 747 3558 820 Vsiquidem
3603 751 3786 820 actus

2107 818 2288 874 trium
2332 818 2557 874 ducum
2613 819 2780 874 Dudo
2825 819 3282 874 Vermandensis
3328 817 3607 874 decanus
3653 817 3785 874 elo-

2108 894 2359 962 quenter
2387 891 2700 955 enarravit,
2748 889 3120 962 aﬂluensque
3164 889 3602 962 multiplicibus,
3635 905 3788 962 iver-

2107 961 2202 1034 bis
2251 965 2306 1016 et
2340 962 2542 1034 metris
2589 961 3042 1034 panegyricum
3099 977 3279 1034 super
3319 961 3432 1034 illis
3508 961 3724 1034 edidit.
3757 984 3786 1008 ιι

2110 1033 2298 1105 Etiam
2329 1031 2876 1105 scriptor’Qallic'us
2909 1033 3112 1105 Brenoit
3134 1031 3210 1105 die
3242 1032 3632 1105 Sainte-More
3666 1031 3788 1086 Du-

2109 1103 2333 1176 donem
2360 1103 2495 1160 ante
2525 1103 2732 1158 oculos
2775 1104 3056 1159 habuisse
3087 1104 3356 1171 videtur;
3388 1103 3464 1159 cf.
3498 1106 3788 1176 Lappen—

2109 1174 2259 1246 berg
2290 1179 2355 1240 ll,
2384 1191 2443 1246 p.
2473 1177 2726 1230 374—394.

2182 1244 2292 1317 (1’4)
2326 1244 2448 1302 Lib.
2476 1245 2674 1318 linit:
2710 1245 3028 1310 Quandam
3074 1245 3244 1318 Dudo
3281 1261 3478 1301 rerum
3528 1244 3791 1318 Aquita-

2110 1317 2382 1374 nicarum
2415 1317 2667 1389 scriptor
2715 1318 2910 1389 Danos
2937 1332 2973 1372 a
3006 1317 3230 1389 Danais
3256 1321 3416 1389 ortos
3458 1317 3791 1389 nuncupa-

2109 1394 2321 1462 tosque
2369 1387 2708 1456 recenseat;
2741 1387 2816 1443 cf.
2865 1387 3150 1460 Stephani
3198 1387 3401 1444 adnot.
3446 1404 3506 1461 p.
3541 1388 3634 1457 31,
3668 1387 3790 1442 etc.

352 1619 3784 1650 ψ

1657 1783 2466 1902 DUDONIS

1278 2024 1497 2078 SUPER
1550 2023 2186 2078 CONGREGATIONEM
2235 2022 2289 2076 S.
2329 2021 2568 2086 QUINTI
2597 2019 2852 2075 DECANI

2033 2213 2107 2250 DE

834 2383 1245 2499 illlIlIBUS
1313 2384 1429 2498 ΕΤ
1489 2383 1761 2499 AtlTlS
1824 2382 2100 2498 l'i‘tllltl

2182 2383 2300 2497 Illi
2367 2380 2935 2498 ΝθκὶΙΔΝΝΙΑΒ
2995 2377 3301 2494 Illlllllll

1637 2643 2036 2761 LIBRI
2091 2642 2494 2762 TBES.

351 2856 681 2926 (Ducuesxe.
715 2857 996 2912 Historiae
1042 2858 1527 2912 Normannorum
1578 2855 1908 2924 Scriptores
1957 2855 2215 2926 antiqui,
2251 2869 2341 2910 res
2377 2855 2452 2909 ab
2491 2856 2615 2910 illis

2643 2869 2754 2924 per
2794 2854 3081 2924 Galliam,
3121 2853 3428 2922 Angliam,
3477 2852 3799 2921 Apuliam,

425 2927 668 2995 Capua),
699 2928 1129 2995 principatum,
1154 2927 1424 2982 Siciliam
1453 2934 1505 2982 et
1540 2927 1836 2981 Orientem
1865 2932 2060 2996 gestas
2104 2924 2500 2994 explicantes,
2533 2928 2610 2982 ab
2658 2941 2818 2982 anno
2852 2925 3080 2981 Christi
3108 2927 3208 2980 838
3253 2924 3333 2979 ad
3361 2939 3598 2979 annum
3639 2924 3796 2979 1220.

423 3027 495 3036 —
527 2997 759 3052 Lutetiae
790 2997 1172 3067 Parisiorum,
1204 2998 1360 3068 1619,
1393 2997 1521 3068 fol.)

1267 3265 2019 3356 ADMONITIO

2133 3263 2874 3356 DUCHESNII.

425 3495 618 3557 Dudo,
651 3495 914 3566 primum
957 3494 1222 3562 clericus,
1267 3497 1581 3568 «pretiosi,
1617 3500 1679 3552 ut
1721 3495 1824 3566 ait,
1858 3511 2018 3552 mar-
2063 3471 2102 3523 Β
2130 3500 2218 3551 ret
2262 3495 2572 3552 contestati
2621 3500 2782 3551 sunt.
2830 3491 3136 3566 Acquievit
3164 3492 3259 3548 ille
3302 3493 3619 3566 praeceptis
3666 3508 3805 3564 pre-

354 3583 498 3656 tyris
534 3582 744 3638 Christi
777 3581 1038 3646 Quintini
1082 3583 1428 3649 canonicus,
1455 3609 1483 3633 ››
1535 3590 1591 3640 et
1623 3585 1738 3639 hoc
1777 3583 2021 3639 nomine

353 3671 432 3728 ab
474 3669 713 3725 Alberto
759 3670 1336 3726 Veromandensium
1379 3673 1592 3728 comite
1645 3672 1723 3727 ad
1779 3672 2019 3728 Richar-

352 3759 500 3815 dum
548 3761 1030 3814 Normannorum
1079 3758 1292 3815 ducem
1347 3760 1588 3831 missus,
1623 3766 1686 3816 ut
1730 3761 2022 3816 interven-

353 3850 419 3902 tu
482 3862 591 3901 suo
646 3860 848 3914 regem
919 3845 1176 3902 Francia:
1242 3847 1576 3919 Hugonem,
1641 3848 1753 3921 ipsi
1822 3848 2023 3904 comiti

352 3935 674 4002 infensum,
730 3935 1089 4007 paciﬁcaret.
1143 3939 1350 3994 Postea
1406 3954 1548 3994 vero
1602 3953 1783 4010 super
1837 3942 2023 3994 totam

355 4024 554 4083 Sancti
602 4023 863 4089 Quintini
918 4026 1445 4095 congregationem
1498 4027 1768 4082 decanus
1813 4028 2025 4083 consti-

352 4117 531 4182 tutus,
563 4118 628 4168 ut
673 4112 832 4168 idem
885 4119 1193 4185 praenotat.
1257 4115 1493 4171 Initium
1545 4115 1845 4171 scribendi
1883 4116 2025 4172 facit

355 4201 434 4257 ab
480 4201 767 4269 Hastingo
798 4205 1100 4258 Danorum
1145 4204 1318 4273 duce,
1352 4206 1452 4276 qui
1505 4204 1815 4260 Rollonem
1870 4220 2022 4276 prae-

355 4289 528 4345 cessit
557 4307 569 4357 ;
606 4288 787 4343 ﬁnem
813 4290 873 4344 in
914 4296 1102 4346 morte
1137 4292 1408 4348 Richardi
1439 4297 1476 4360 Ι,
1511 4294 1889 4348 ΝΟΓῐΠᾶΠΠῘω
1915 4294 2024 4349 du-

354 4377 458 4444 cis,
521 4377 691 4448 cujus
763 4394 914 4432 avus
990 4380 1172 4436 Rollo.
1239 4382 1624 4454 Declaratque
1677 4383 1861 4452 (epist.
1941 4383 2023 4438 ad

351 4466 575 4522 Adalb.
597 4466 878 4521 Laud-un.
921 4468 1122 4538 episc.)
1155 4483 1216 4522 se
1247 4483 1400 4539 opus
1427 4469 1742 4540 incaapisse
1775 4485 1896 4526 non
1927 4487 2026 4526 vo-

353 4555 580 4611 luntate
627 4559 978 4626 spontanea,
1028 4557 1132 4611 sed
1165 4562 1228 4612 ut
1271 4558 1409 4613 duci
1458 4558 1538 4613 illi
1584 4559 1856 4614 redderet
1901 4577 2024 4615 suae

353 4643 651 4700 servitutis
710 4643 996 4710 ofﬁcium,
1054 4650 1299 4718 propter
1349 4648 1667 4704 innumera
1731 4647 2024 4705 beneﬁcia

353 4751 489 4806 quae
521 4734 752 4807 absque
802 4750 910 4789 suo
958 4736 1168 4791 merito
1214 4735 1268 4791 ei
1322 4737 1604 4807 dignatus
1659 4742 1785 4793 erat
1810 4737 2024 4810 imper-

354 4824 466 4880 tiri.
503 4825 708 4895 Operis
734 4830 933 4880 autem
966 4825 1225 4880 necdum
1250 4826 1475 4897 primas
1497 4831 1695 4899 partes
1725 4827 2020 4898 attigerat,

355 4931 490 4970 cum
566 4913 973 4985 lacrymahilis
1045 4915 1206 4970 fama
1265 4916 1626 4971 Richardum
1690 4917 2022 4989 principem

355 5003 573 5059 obiisse
628 5003 936 5058 nuntiavit.
989 5005 1054 5058 Et
1086 5011 1223 5059 tunc
1263 5005 1468 5060 omnia
1508 5005 1568 5060 in
1614 5005 1769 5061 illius
1819 5007 2024 5062 dolore

355 5097 715 5164 postponere
737 5092 942 5158 voluit,
974 5098 1037 5147 ut
1061 5093 1186 5164 ipse
1212 5097 1474 5158 testatur,
1500 5098 1743 5166 propter
1770 5094 2024 5152 nimium

356 5179 563 5234 ﬂetum
592 5178 1148 5253 intolerabilemque
1180 5182 1506 5253 planctum.
1559 5183 1670 5238 Sed
1702 5198 1807 5255 per
1834 5181 2025 5237 ﬁlium

359 5267 489 5337 ejus
558 5266 775 5322 ducem
833 5269 1214 5340 Richardum,
1277 5275 1334 5325 et
1397 5272 1769 5343 praecipuum
1837 5270 2024 5326 comi-

358 5360 481 5410 tem
556 5355 935 5429 Rodolphum
1002 5359 1415 5430 Ibreicensem,
1493 5377 1586 5416 res
1657 5360 1870 5416 eadem
1945 5359 2023 5414 illi

359 5449 784 5514 repraasentata
853 5446 980 5504 fuit.
1068 5449 1406 5506 lnstiterunt
1481 5451 1664 5506 ambo
1723 5448 2024 5522 precibus,

362 5532 431 5584 ut
483 5531 650 5604 quad
705 5534 1034 5592 Richardus
1088 5541 1257 5610 pater
1310 5543 1680 5612 praeceperat
1738 5553 2028 5608 exseque-

359 5622 542 5690 retur,
590 5629 647 5680 et
690 5640 767 5682 ne
819 5625 1200 5698 propositum
1261 5626 1677 5704 imperfectum
1738 5625 2034 5701 relinque-

2131 3583 2420 3658 cibusque
2481 3601 2711 3650 eorum,
2767 3587 3084 3638 exsecutus
3141 3587 3249 3654 est,
3321 3587 3378 3637 et
3453 3581 3806 3637 absolutum

2132 3689 2286 3746 opus
2315 3673 2676 3729 Adalheroni
2707 3672 2991 3745 episcopo
3041 3671 3444 3732 Laudunensi,
3480 3669 3807 3726 auctorita-

2133 3767 2184 3817 te
2231 3779 2340 3818 sua
2389 3761 2896 3824 conﬁrmandum,
2947 3759 3261 3816 dedicavit.
3315 3759 3574 3815 Peritum
3608 3759 3809 3814 virum

2130 3852 2393 3923 appellat
2438 3851 2784 3907 Guillelmus
2816 3849 3303 3906 Gemmeticensis
3350 3849 3698 3905 monachus
3747 3848 3811 3903 in

2129 3941 2380 4014 epistola
2433 3958 2544 3997 sua
2587 3940 2666 3996 ad
2716 3939 3095 3996 Guillelmum
3143 3938 3522 4008 [Anglorum
3576 3954 3808 4008 regem.

2131 4033 2198 4086 Et
2223 4030 2558 4099 Ordericus,
2630 4030 2990 4099 monachus,
3052 4028 3357 4094 Uticensis,
3413 4028 3536 4084 sive
3609 4029 3813 4084 Sancti

2131 4121 2377 4190 Ebrulﬁ,
2427 4120 2501 4176 de
2531 4120 2745 4176 eodem
2803 4119 2885 4175 sic
2915 4118 3124 4192 paucis
3169 4118 3369 4173 verbis
3420 4117 3692 4190 loquitur
3751 4118 3814 4172 in

2131 4209 2426 4282 prolongo
2473 4208 2606 4264 libri
2646 4225 2703 4263 in
2749 4207 3018 4263 Historiae
3073 4223 3195 4261 sum
3230 4223 3242 4260 :
3284 4227 3312 4253 ‹‹
3346 4205 3598 4261 Bellicos
3639 4211 3816 4261 actus

2132 4297 2309 4352 trium
2340 4297 2566 4352 ducum
2615 4295 2782 4351 Dudo
2830 4293 3332 4350 Veromandensis
3365 4294 3638 4348 decanus
3697 4293 3818 4349 elo-

2129 4391 2380 4458 quenter
2427 4384 2766 4442 enarravit:
2801 4383 3179 4456 aﬁluensque
3230 4381 3646 4456 mulipticibus
3681 4397 3814 4438 ver-

2133 4474 2224 4529 bis
2262 4479 2319 4530 ct
2358 4473 2560 4529 metris
2614 4472 3047 4545 panegyricum
3095 4487 3275 4543 super
3326 4471 3442 4526 illis
3493 4470 3706 4538 edidit,
3758 4476 3819 4526 et

2137 4565 2428 4620 Richardo
2460 4563 2841 4628 Gunnoridte,
2866 4563 3119 4633 gratiam
3151 4562 3282 4632 ejus
3313 4565 3591 4633 captans,
3616 4567 3818 4617 trans-

2132 4653 2308 4707 misit.
2339 4673 2364 4700 »
2394 4655 2507 4707 Nec
2539 4667 2660 4706 non
2690 4649 2844 4706 libro
2875 4667 2928 4704 vi
2956 4650 3069 4705 sub
3094 4648 3312 4704 ﬁnem:
3348 4673 3376 4699 ‹‹
3405 4649 3483 4703 De
3516 4649 3815 4717 adventu,

2131 4740 2347 4812 inquit,
2399 4743 2901 4804 Normannorum,
2969 4742 3025 4793 et
3087 4737 3310 4792 crudeli
3359 4736 3646 4792 barbarie
3694 4737 3821 4793 i110-

2135 4844 2272 4884 rum
2305 4828 2474 4884 Dudo
2507 4825 3010 4883 Veromandensis
3032 4825 3300 4880 decanus
3327 4824 3597 4880 studiose
3633 4825 3823 4898 scrip-

2063 4921 2104 4973 C
2136 4918 2230 4988 sit,
2260 4923 2316 4973 et
2343 4917 2635 4973 Richardo
2671 4921 2733 4984 ll,
2781 4914 3140 4972 Gunnoridis
3172 4914 3316 4982 ﬁlio,
3345 4913 3486 4968 duci
3515 4917 3817 4970 Norman-

2133 5023 2374 5072 norum,
2408 5005 2747 5061 destinavit.
2782 5028 2809 5054 ››
2845 5009 2907 5059 ln
2939 5004 3122 5074 hujus
3147 5002 3404 5058 editione
3436 5002 3695 5059 duobus
3725 5020 3818 5059 co-

2133 5096 2370 5152 dicibus
2429 5112 2573 5150 usus
2625 5110 2779 5160 sum,
2832 5109 2956 5148 uno
2987 5092 3097 5147 viri
3142 5091 3351 5147 illustr.
3404 5094 3466 5146 D.
3514 5093 3819 5149 Francisci

2136 5183 2454 5252 Ambrosii,
2506 5183 2689 5238 altero
2722 5185 2784 5237 D.
2819 5180 3023 5236 Jacobi
3053 5179 3379 5246 Sirmundi,
3411 5179 3517 5251 qui
3563 5185 3625 5234 et
3656 5180 3819 5237 solus

2138 5272 2408 5328 carmina
2437 5270 2603 5326 varia
2656 5269 2878 5324 rustico
2909 5268 3102 5338 magis
3148 5282 3337 5338 quam
3368 5266 3614 5339 poetico
3664 5268 3818 5341 style

2135 5361 2449 5415 intertexta
2497 5359 2738 5416 exibuit.
2800 5361 2914 5414 Nec
2962 5356 3064 5413 illa
3120 5361 3322 5411 tamen
3406 5359 3819 5434 pmtermissa

2136 5449 2321 5515 volui,
2377 5465 2452 5504 ne
2525 5447 2708 5504 ﬁdem
2765 5445 3026 5503 historiae
3076 5443 3368 5508 minuisse
3438 5444 3818 5526 quibusdam

2143 5536 2292 5596 forte
2319 5537 2569 5595 viderer.
