4004 6178
1157 149 1247 202 DE
1287 147 1530 206 GESTIS
1569 143 2016 252 NORMAN'DE
2057 147 2306 205 DUCUM
2344 151 2528 207 LIBRI
2564 153 2760 210 TRES.

1428 273 3344 312 mm
3349 281 3673 315 τιτι-επακ

3573 163 3676 216 610

549 417 669 504 DE
739 413 1166 504 MORIBUS
1225 417 1356 503 ET
1414 416 1711 505 AGTIS
1769 417 1985 504 Pttlh

2011 417 2293 505 IORUM
2361 417 2984 509 ΝΟΒΜΑΝΝΙλΕ
3041 421 3377 514 DUCUM

1613 633 1933 721 LIBRI
1994 637 2310 723 TRES.

1086 833 1150 893 Ε
1151 855 1196 894 ,τ
1224 846 1410 895 vetem
1443 834 1642 895 codice
1670 855 1776 894 ms.
1813 855 1978 895 nunc
2001 837 2264 916 primum
2292 837 2351 894 in
2382 836 2570 896 lucem
2604 838 2834 896 emisso.

1728 1152 2176 1222 EPISTULA

905 1324 1350 1381 PANEGYRICA
1387 1325 1622 1390 ATQUE
1659 1321 2151 1378 APOLOGETICA
2192 1324 2492 1378 RATIONE
2531 1326 3003 1381 TRANSCURSA.

312 1504 536 1575 lnclyto
566 1507 624 1558 et
653 1502 752 1575 pie
777 1500 1145 1568 venerando,
1169 1517 1351 1574 quem
1385 1517 1574 1570 genus
1595 1503 1788 1568 ornat,
1813 1515 1903 1555 sa—
1943 1499 1995 1552 Α
2027 1499 2139 1554 tica
2167 1499 2424 1571 lampas,
2454 1500 2633 1556 solari
2688 1501 2912 1556 lumine
2965 1502 3305 1558 exardescis
3343 1503 3494 1557 inter
3521 1503 3677 1575 epis-

240 1593 462 1666 pientia
488 1592 758 1657 decorat,
813 1594 1168 1644 Ammenom
1214 1589 1497 1662 episcopo
1555 1593 1774 1644 sanctae
1807 1587 1909 1643 Dei

243 1680 654 1738 Laudunensis
740 1679 1003 1734 ecclesiae
1076 1678 1358 1734 cathedra
1424 1678 1726 1746 residenti,
1794 1677 1905 1732 sibi

239 1770 701 1828 commissarum
731 1768 933 1825 ovium
960 1767 1259 1824 ducamen
1281 1772 1416 1824 ante
1447 1767 1668 1823 divinas
1695 1767 1910 1838 majes-

242 1859 373 1915 tatis
426 1861 841 1930 conspectum,
901 1859 1075 1920 Drno,
1145 1873 1326 1930 super
1377 1856 1906 1926 congregationem

242 1947 439 2005 Sancti
470 1945 735 2013 Quintini
767 1945 1056 2001 decanus.

312 2035 729 2094 Gloriosissimi
774 2035 1038 2090 nominis
1079 2035 1160 2090 tui
1205 2035 1594 2104 divulgamen
1645 2033 1907 2090 culmine

243 2127 600 2200 superlativo
629 2124 936 2180 Libaninis
966 2124 1161 2191 altius,
1204 2125 1334 2182 luce
1365 2127 1582 2182 clarius
1615 2123 1907 2180 sublima-

241 2221 387 2286 tum,
416 2213 649 2286 prolixa
707 2211 1163 2284 interpolatione
1208 2213 1452 2285 prolixae
1489 2211 1905 2281 longitudinis,

239 2309 415 2376 atque
459 2301 796 2376 exspatiata
838 2300 1279 2372 intercapedine
1317 2319 1597 2375 expansa:
1642 2300 1906 2357 latitudi-

237 2394 330 2450 nis
358 2399 538 2459 terrae,
563 2397 630 2448 ut
657 2390 865 2465 palam
895 2389 1116 2446 eminet
1141 2390 1315 2447 latius
1343 2392 1724 2448 diffamatum
1752 2407 1766 2457 ;
1799 2406 1906 2447 ne-

237 2499 359 2550 mo,
393 2482 495 2555 qui
515 2481 705 2536 verba
733 2478 970 2536 Domini
1002 2478 1362 2536 Nichodemo
1384 2480 1634 2536 dicentis
1664 2497 1676 2534 :
1709 2479 1905 2548 Spiri-

240 2580 333 2628 tus
363 2572 464 2626 ubi
502 2572 630 2627 vult
662 2571 882 2639 spirat,
913 2567 1202 2636 intelligit,
1233 2570 1440 2625 nescit.
1467 2569 1614 2635 Quia
1650 2573 1712 2622 ut
1742 2568 1905 2624 colo-

236 2680 301 2718 re
328 2661 650 2719 indicativo
678 2657 968 2716 humanis
996 2657 1218 2714 visibus
1248 2660 1616 2732 paciﬁcatur,
1633 2657 1905 2716 solamen

237 2753 483 2809 etfectus
525 2749 831 2806 sufﬁciens
888 2747 1192 2819 omnibus,
1250 2750 1655 2821 omnibusque
1698 2750 1905 2806 omnia

2018 1603 2203 1660 copos
2226 1588 2446 1644 saeculi.
2473 1589 2614 1654 Quis
2662 1606 2796 1645 vero
2831 1595 2952 1645 tam
2983 1607 3230 1646 saxeum
3261 1596 3467 1663 pectus
3498 1607 3679 1661 gene-

2017 1680 2121 1740 ret,
2155 1680 2452 1749 tantreque
2475 1677 2743 1747 caliginis
2775 1678 3136 1734 obductione
3166 1696 3266 1735 cor
3319 1679 3678 1735 obvolutum

2014 1765 2280 1833 haberet,
2310 1765 2684 1823 mirabilibus
2714 1768 2993 1840 inspectis
3053 1768 3282 1824 actibus
3313 1770 3447 1840 tuis,
3497 1785 3536 1825 a
3564 1785 3680 1824 sua

2016 1854 2304 1928 pravitate
2336 1856 2532 1912 statim
2561 1857 2620 1912 in
2649 1857 2919 1912 caelibem
2941 1873 3062 1912 non
3092 1863 3415 1914 verteretur
3442 1864 3630 1915 Vitam
3649 1859 3678 1913 ?

2018 1944 2248 2016 Quippe
2303 1946 2604 2012 omnibus,
2663 1947 2767 2018 qui
2815 1946 2892 2002 ab
2941 1947 3208 2003 anfracto
3259 1949 3462 2004 itinere
3517 1947 3679 2002 illius

2017 2031 2377 2089 amarissimi
2407 2035 2592 2102 callis,
2645 2051 2767 2108 quo
2816 2035 2984 2091 multi
3042 2036 3322 2092 severiter
3373 2037 3680 2092 ducuntur

2017 2120 2214 2187 morti,
2244 2137 2374 2177 sese
2404 2124 2671 2179 nituntur
2700 2124 2954 2196 privare,
2978 2129 3033 2180 et
3076 2124 3150 2180 ad
3183 2142 3366 2198 quem
3420 2124 3678 2180 fallentis

2017 2209 2230 2263 mundi
2298 2212 2589 2284 sapientia
2641 2211 2879 2267 illorum
2932 2213 3093 2268 viam
3147 2214 3365 2285 dirigit,
3411 2229 3678 2286 quorum

2017 2312 2318 2368 corporeae
2365 2299 2770 2356 delectationis
2826 2301 3047 2371 gaudia
3101 2303 3365 2360 imitatur
3428 2302 3678 2359 affectus

2018 2385 2184 2440 unita
2213 2385 2476 2454 intentio,
2509 2388 2636 2444 ﬁeri
2667 2388 2984 2460 participes
3013 2389 3312 2461 religionis
3339 2396 3454 2446 tute
3489 2408 3501 2446 :
3531 2393 3679 2464 quia

2016 2475 2219 2531 multis
2247 2478 2551 2549 praeteritis
2598 2483 2656 2533 et
2699 2477 2912 2532 futuris
2974 2481 3339 2552 temporibus
3372 2486 3525 2536 certe
3563 2498 3678 2538 nec

2015 2566 2280 2637 primum
2311 2567 2566 2623 similem
2596 2567 2755 2621 visus
2782 2583 2864 2632 es,
2892 2583 3001 2622 nec
3031 2569 3252 2625 habere
3300 2575 3673 2641 sequentem.

2015 2658 2128 2711 Nec
2158 2655 2400 2727 mirum,
2455 2657 2698 2712 antistes
2754 2657 3272 2730 reverendissime,
3316 2659 3363 2712 si
3405 2659 3519 2713 hoc
3569 2660 3677 2716 tibi

2013 2744 2294 2800 divinitus
2327 2762 2680 2802 concessum
2721 2751 2830 2813 est,
2888 2751 2952 2800 ut
3005 2751 3129 2802 toto
3175 2747 3308 2804 orbi
3359 2750 3677 2819 prtemaxi-

234 2843 448 2904 factus,
495 2841 773 2896 omnium
831 2837 1159 2911 praesulum
1202 2839 1608 2894 celsitudinem
1670 2840 1903 2907 generis
1942 2854 1982 2907 Β
2013 2851 2182 2889 mum
2209 2835 2515 2907 exemplar
2541 2834 2682 2891 boni
2703 2836 2942 2890 effectus
2970 2835 3047 2890 sis
3075 2854 3088 2891 :
3119 2837 3405 2909 quoniam
3433 2836 3511 2892 ab
3541 2837 3677 2911 ipsa

236 2932 556 3000 spermate,
605 2932 661 2983 et
688 2926 887 2982 meriti
940 2925 1198 2982 almitate
1229 2927 1621 2983 transcendis.
1682 2927 1906 2984 Idcirco

236 3024 300 3073 tu
333 3033 486 3089 apex
513 3014 897 3090 pontiﬁcalis,
932 3014 1218 3087 inclytum
1251 3017 1556 3089 specimen
1611 3015 1906 3072 rectitudi-

233 3105 348 3171 nis,
376 3103 871 3177 incomparabilis
906 3103 1099 3159 forma
1149 3104 1477 3176 perspicuae
1508 3104 1661 3168 vitae,
1719 3104 1905 3160 decus

236 3194 626 3261 sacerdotale,
655 3192 1077 3249 inenarrabilis
1131 3192 1233 3248 lux
1262 3194 1556 3249 universa:
1610 3192 1902 3263 Ecclesiae,

236 3284 472 3354 insigne
529 3283 770 3339 culmen
825 3281 1172 3350 sanctitatis,
1233 3283 1409 3339 totius
1474 3282 1757 3340 bonitatis
1811 3301 1906 3340 co-

237 3373 447 3429 lumna
487 3372 848 3438 inﬂexibilis,
905 3372 1085 3441 digne
1139 3389 1248 3446 pro
1303 3373 1525 3429 meritis
1577 3374 1904 3431 assertione

239 3462 498 3518 veridica
526 3462 800 3517 sanciris.
834 3465 909 3517 Te
954 3462 1189 3528 etenim,
1223 3479 1404 3534 quem
1440 3463 1612 3518 talem
1645 3468 1901 3520 tantam-

239 3568 358 3623 que
385 3567 709 3624 personam
741 3550 899 3606 facta
929 3551 1166 3619 egregia
1197 3551 1536 3623 concinunt,
1589 3552 1718 3609 talis
1776 3557 1900 3609 tan-

241 3646 435 3713 taeque
467 3640 837 3712 proceritatis
894 3641 1121 3696 honore
1167 3640 1475 3695 Allithroni
1522 3641 1764 3698 dextera
1805 3659 1902 3698 ex-

240 3729 443 3785 tollere
474 3730 792 3802 disposuit,
839 3729 983 3801 quia
1040 3728 1382 3802 indempnis
1408 3731 1663 3802 pectoris
1695 3731 1778 3787 tui
1801 3748 1904 3787 an-

240 3822 330 3873 tra
359 3817 680 3890 cordisque
710 3818 961 3873 insontis
991 3817 1202 3873 intima
1225 3819 1492 3891 possidet
1525 3820 1728 3876 divina
1758 3821 1900 3876 cha-

236 3907 401 3978 ritas,
428 3924 568 3962 cum
601 3923 712 3962 sua
734 3907 938 3963 sobole
967 3907 1343 3964 multimoda.
1379 3908 1680 3981 Quidquid
1706 3909 1901 3964 multi-

239 3997 529 4053 fariarum
584 3996 862 4052 virtutum
920 3997 1191 4067 ejusdem
1245 3997 1551 4053 charitatis
1616 3997 1898 4068 filiorum,

241 4085 716 4158 uniuscujusque
749 4085 957 4142 famuli
991 4086 1088 4142 Dei
1117 4085 1247 4156 jugi
1277 4102 1346 4140 ac
1373 4085 1648 4156 vigilante
1681 4086 1898 4156 studio,

236 4179 418 4248 prout
447 4173 744 4246 aspirator
772 4180 828 4230 et
882 4173 1228 4230 inlustrator
1279 4176 1590 4242 mentium,
1631 4174 1901 4232 videlicet
1941 4204 1981 4261 α

239 4265 486 4319 Flamen
519 4262 813 4332 divinum,
841 4262 1192 4335 adipiscitur
1225 4282 1237 4331 ;
1270 4263 1567 4336 quidquid
1598 4264 1899 4320 sanctissi-

235 4369 342 4409 ma
364 4368 576 4408 eorum
610 4352 885 4408 servitute
913 4352 1200 4424 consequi
1227 4357 1439 4425 potest,
1492 4352 1551 4408 in
1605 4357 1657 4408 te
1688 4353 1899 4408 divini-

240 4447 336 4498 tus
365 4456 617 4510 regnare
650 4441 896 4507 videtur,
930 4447 1111 4514 atque
1134 4457 1376 4497 omnem
1404 4442 1754 4497 earumdem
1785 4442 1900 4497 vir-

240 4535 438 4587 tutum
489 4531 827 4600 congeriem
883 4531 1016 4586 fons
1064 4531 1366 4586 charitatis
1420 4531 1481 4586 in
1530 4531 1786 4604 pectoris
1819 4532 1902 4587 tui

238 4619 381 4675 sede
413 4619 632 4675 locavit
657 4619 925 4677 mirifice.
979 4619 1270 4676 Omnibus
1313 4619 1608 4691 siquidem
1657 4621 1900 4676 rationis

236 4708 587 4780 capacibus,
621 4709 703 4764 mi
733 4712 899 4765 Pater
937 4715 1115 4780 atque
1145 4709 1407 4775 domine,
1454 4712 1681 4764 certum
1734 4725 1901 4765 cons-

237 4802 327 4854 tat
350 4814 484 4856 esse
515 4813 550 4853 a
579 4798 820 4870 puerilis
850 4797 1101 4854 aetatulae
1127 4797 1424 4868 vagitibus
1449 4798 1680 4854 interna
1705 4798 1900 4854 cordis

234 4887 592 4943 contritione
620 4891 674 4943 te
698 4892 885 4943 totum
912 4892 1134 4943 aeterno
1183 4887 1474 4943 sacerdoti
1505 4888 1761 4943 hostiam
1819 4887 1899 4943 vi-

232 4992 378 5032 vam
409 4982 725 5047 mactasse,
757 4982 962 5050 pectus
1016 4981 1185 5032 tuum
1214 4976 1582 5048 plenitudine
1613 4977 1896 5046 virtutum

234 5065 554 5121 Pneumati
597 5082 860 5138 superno
907 5067 1192 5122 thronum
1247 5082 1649 5132 consecrasse,
1712 5065 1894 5122 caelos

233 5159 438 5210 mente
466 5154 789 5223 habitasse,
821 5155 964 5228 quia
1004 5154 1254 5226 jucundi
1287 5154 1370 5210 tui
1427 5154 1610 5210 animi
1651 5171 1895 5212 enorme

231 5244 636 5316 propositum,
666 5249 723 5300 et
750 5260 940 5317 usque
963 5260 1124 5300 nunc
1151 5244 1435 5316 temporis
1464 5249 1645 5316 patet,
1693 5245 1894 5300 hacte-

231 5348 351 5387 nus
382 5333 502 5389 ulla
522 5333 810 5405 proluvie,
839 5349 947 5389 nec
987 5334 1190 5406 aliqua
1217 5333 1495 5389 vitiorum
1555 5333 1893 5390 fortitudine

228 5421 547 5494 inspicitur
575 5423 654 5478 ab
701 5422 958 5495 incoapto
988 5422 1246 5479 deviare.
1280 5425 1492 5478 Tactus
1521 5423 1720 5495 itaque
1752 5439 1892 5478 san-

230 5511 311 5566 cti
340 5511 588 5582 Spiritus
615 5516 873 5579 nectare,
901 5512 1188 5582 singulari
1217 5511 1594 5569 mirabilitate
1634 5516 1691 5567 et
1718 5512 1892 5568 mira-

228 5598 338 5656 bili
373 5600 775 5671 singularitate
800 5600 1017 5658 videris
1039 5601 1268 5658 coalitus
1298 5619 1312 5669 ;
1343 5600 1512 5671 dum,
1547 5601 1702 5658 velut
1731 5618 1892 5673 mys-

2016 2922 2368 2979 cunabulari
2397 2925 2518 2980 vita
2561 2922 2847 2994 gradibus
2876 2923 3159 2980 virtutum
3193 2925 3435 2981 siderea:
3465 2928 3675 2998 patria:

2017 3011 2238 3085 templa
2266 3012 2425 3068 visus
2446 3031 2508 3069 es
2540 3013 2845 3079 scandere,
2901 3019 3078 3086 atque
3105 3015 3491 3087 prazmiorum
3547 3034 3677 3074 ma-

2015 3099 2324 3172 gnitudine
2350 3101 2674 3172 stelligeras
2731 3102 2904 3156 sedes
2943 3103 3270 3174 possidere.
3325 3104 3439 3161 Sed
3492 3106 3674 3163 etiam

2013 3187 2232 3245 talibus
2254 3188 2421 3244 factis
2451 3189 2764 3262 quoddam
2818 3190 3035 3245 mirum
3084 3191 3402 3260 inducitur,
3438 3210 3474 3248 ο
3505 3195 3674 3250 mirae

2013 3277 2430 3333 admirationis
2455 3278 2741 3350 pontifex,
2799 3294 2874 3332 ne
2920 3279 3122 3351 pravis
3179 3279 3526 3352 iniquorum
3584 3300 3676 3339 so-

2012 3368 2347 3441 phistarum
2379 3368 2887 3424 susurrationibus
2908 3385 3114 3440 posses
3161 3369 3482 3428 criminari.
3515 3372 3671 3428 Illius

2010 3458 2143 3513 vitae
2174 3463 2473 3530 praecepta
2502 3457 2898 3531 amplcx-atus,
2931 3474 3066 3530 quae
3099 3475 3334 3532 semper
3373 3461 3451 3516 ad
3481 3462 3672 3518 ardua

2012 3547 2274 3616 molitur,
2343 3548 2524 3603 talem
2556 3548 2671 3604 tuis
2717 3546 2924 3602 studiis
2981 3564 3189 3604 curam
3238 3549 3585 3621 adhibuisti,
3610 3556 3675 3607 ut

2012 3634 2202 3690 sicubi
2232 3640 2522 3693 terrarum
2554 3639 2702 3711 quid
2739 3642 3014 3708 regnaret
3042 3637 3362 3709 religionis,
3393 3644 3451 3696 et
3479 3640 3557 3696 ab
3581 3641 3672 3697 in-

2010 3724 2242 3795 digenis
2305 3726 2629 3798 alicujusve
2701 3727 2961 3783 hominis
3022 3727 3208 3784 relata
3279 3744 3455 3784 aures
3539 3735 3672 3786 tuas

2009 3815 2402 3887 irrumperet,
2487 3833 2804 3890 nunquam
2869 3816 3089 3871 uninus
3166 3817 3327 3871 horae
3408 3819 3672 3891 spatium

2009 3919 2228 3976 passus
2261 3920 2324 3959 es
2351 3905 2704 3976 transgredi,
2734 3920 3053 3976 quousque
3103 3903 3271 3958 citius
3300 3904 3458 3961 dicto
3485 3906 3672 3962 adim—

2009 3992 2499 4066 plerelaborasti.
2556 3998 2639 4049 Tu
2694 3992 2941 4065 quidem
2984 3991 3274 4060 gaudium
3327 3994 3559 4050 Domini
3589 3994 3672 4050 tui

2009 4081 2388 4152 ingressurus
2413 4098 2520 4154 per
2547 4098 2764 4155 pauca,
2797 4081 2856 4136 id
2888 4085 2975 4136 est
2998 4097 3104 4154 per
3131 4081 3399 4155 quinque
3421 4084 3669 4140 talento-

2009 4187 2145 4226 rum
2172 4171 2334 4227 dona
2361 4171 2614 4227 ﬁdeliter
2640 4170 3009 4243 dispensata,
3028 4175 3084 4225 et
3112 4170 3405 4228 cibarium
3433 4173 3666 4246 dispen-

2010 4259 2302 4315 sationem
2327 4260 2651 4332 prudenter
2697 4258 3096 4326 distributam,
3149 4277 3330 4334 super
3367 4263 3558 4319 multa
3581 4263 3669 4319 lo-

2013 4348 2245 4404 caberis
2277 4365 2485 4405 servus
2516 4350 2715 4406 bonus
2747 4352 2803 4403 et
2829 4346 3040 4417 ﬁdelis,
3075 4366 3214 4405 cum
3248 4352 3536 4409 Dominus
3567 4370 3668 4409 ve-

2012 4437 2206 4504 nerit;
2264 4438 2408 4510 quia
2453 4454 2851 4511 supernarum
2906 4439 3189 4494 virtutum
3237 4440 3484 4510 junctus
3526 4457 3668 4496 con-

2013 4527 2216 4592 sortio,
2246 4527 2467 4596 gaudia
2498 4529 2623 4583 sine
2672 4528 2789 4582 ﬁne
2822 4543 3110 4584 mansura
3140 4529 3496 4602 possidebis.
3529 4531 3670 4584 Mna

2010 4617 2236 4689 quippe
2263 4617 2362 4673 tibi
2390 4619 2612 4674 credita
2641 4618 2753 4673 tuis
2785 4619 2971 4674 sacris
3001 4618 3307 4674 mundinis
3333 4618 3412 4673 ad
3435 4619 3670 4673 thesau-

2009 4722 2141 4760 rum
2177 4707 2398 4762 summi
2429 4707 2611 4763 Patris
2626 4707 2880 4763 familias
2899 4708 3105 4764 decem
3126 4723 3300 4763 mnas
3320 4706 3665 4779 reportabit,

2009 4813 2148 4852 cum
2179 4797 2466 4853 Dominus
2493 4798 2728 4852 redierit
2751 4817 2763 4852 :
2793 4797 2936 4869 quia
2967 4797 3239 4852 videlicet
3261 4813 3367 4870 per
3392 4796 3668 4866 Decalogi

2009 4886 2298 4942 mandata
2327 4887 2708 4957 temetipsum
2730 4886 2992 4940 lucratus
3012 4884 3506 4957 Deo,manipulos
3532 4885 3662 4955 jus-

2009 4974 2144 5031 titiua
2176 4975 2236 5032 in
2266 4976 2511 5031 dextera
2563 4975 2777 5042 ferens,
2834 4973 3224 5029 centesimum
3275 4973 3531 5029 fructum
3586 4977 3665 5030 ad

2007 5081 2283 5120 mensam
2340 5063 2652 5119 invisibilis
2697 5067 2875 5136 atque
2923 5062 3277 5118 immortalis
3307 5063 3520 5135 Sponsi
3578 5062 3663 5118 di-

2006 5169 2160 5224 gnus
2189 5152 2440 5208 conviva
2469 5151 2980 5224 reportabis,sicut
3007 5167 3150 5206 mna
3167 5154 3404 5206 centum
3431 5151 3663 5224 ponde-

2003 5247 2168 5298 rattu'
2187 5240 2508 5296 drachmis.
2527 5242 2609 5295 Tu
2637 5239 2847 5295 merito
2869 5238 3177 5311 apostolici
3199 5238 3386 5295 meriti
3406 5239 3662 5309 gradum

2004 5330 2544 5400 sortitus,sorteque
2569 5328 2774 5384 divina
2797 5328 2856 5383 in
2884 5328 3158 5398 ejusdem
3191 5328 3414 5398 gradus
3455 5327 3662 5384 culmi-

2002 5437 2097 5489 ne,
2124 5419 2186 5474 id
2216 5418 2384 5474 estin
2406 5417 2778 5472 duodenario
2803 5434 3055 5472 numero
3084 5418 3442 5474 sublimatus
3472 5436 3485 5486 ;
3517 5416 3661 5489 quia

2003 5510 2050 5566 si
2081 5513 2304 5565 secreta
2334 5507 2608 5579 ejusdem
2640 5508 2874 5563 muneri
2904 5513 3252 5579 pensantur,
3296 5507 3518 5580 ubique
3548 5504 3660 5560 cel-

1982 5599 2246 5670 ,situdini
2271 5602 2387 5655 tum
2419 5596 2758 5671 deputatur.
2784 5596 2895 5664 Qui
2914 5612 3123 5654 revera
3141 5595 3448 5670 impariter
3489 5609 3597 5670 per
3623 5609 3659 5650 ει
