4002 6186
398 159 499 214 ﬁll

1375 158 1683 217 DUDONIS
1721 154 1977 215 DCANI
2017 155 2073 212 Si
2116 153 2424 218 QUINTINI
2468 159 2848 220 VIROMAND.

3711 163 3826 217 692

396 281 834 338 mathematicis
861 284 1128 350 vocatur,
1191 286 1263 338 ei
1290 283 1510 356 pariter
1538 286 1688 356 pari,
1744 287 1801 338 et
1829 280 2051 354 pariter
2090 281 2136 333 Α
2165 283 2407 349 tangere
2431 284 2683 355 videtur,
2715 290 2774 341 et
2802 283 2918 352 cui,
2948 287 3015 340 ut
3042 296 3230 357 supra
3264 283 3493 340 dictum
3520 288 3628 354 est,
3657 288 3823 341 totus

396 368 615 443 impari
637 369 1127 428 confectus.Sicut
1140 373 1521 446 namqueiste
1546 388 1833 428 numerus
1858 370 2054 443 ipsam

398 458 676 515 eamdem
700 458 1201 529 significationem
1237 447 1499 532 illorum,
1529 467 1589 518 et
1615 448 1816 526 aliam,
1866 462 2054 532 quam

393 547 477 603 illi
500 564 623 604 non
651 548 896 619 habent,
929 550 1003 605 de
1027 549 1247 622 quibus
1275 551 1603 621 conﬁc1tur,
1633 550 1898 623 possidet
1930 566 1941 603 :
1974 548 2056 604 ita

396 639 459 691 tu
487 637 759 694 omnium
787 638 1233 712 episcoporum,
1284 640 1390 712 qui
1419 639 1614 695 eidem
1659 654 1914 694 numero
1956 638 2055 693 de-

392 729 703 796 putantur,
730 743 919 800 quam
963 727 1189 784 habent
1218 728 1341 784 vim
1370 727 1695 798 religionis,
1729 731 1783 783 et
1807 726 1985 782 aliam
2018 741 2055 781 a

392 815 514 871 Deo
539 816 796 873 obtines.
838 820 905 872 Et
929 816 1182 889 qualiter
1228 833 1299 873 ex
1329 833 1452 873 una
1505 816 1720 890 impar,
1749 832 1821 871 ex
1873 816 2055 871 altera

392 910 561 977 parte
589 923 697 980 per
724 906 937 962 dicitur
965 925 977 962 :
1012 906 1094 962 sic
1123 906 1250 978 ipse
1280 911 1344 962 tu
1382 905 1533 976 aliis,
1587 906 1692 978 qui
1746 893 2052 961 altitudine

391 994 582 1068 ipsius
608 996 842 1052 numeri
874 996 1294 1065 sublimantur,
1322 995 1655 1068 inaequalis,
1704 998 1761 1050 et
1802 994 2051 1067 aequalis

389 1082 687 1140 inveneris
719 1102 732 1140 :
763 1084 1075 1157 inaequalis
1109 1084 1441 1152 sanctitate,
1473 1084 1723 1156 aequalis
1775 1100 1917 1140 vero
1944 1100 2050 1139 no-

389 1172 571 1229 mine.
600 1174 731 1247 Ipse
760 1178 917 1229 recte
946 1172 1284 1245 superﬂuus
1311 1176 1432 1228 suis
1450 1172 1730 1228 asseritur
1758 1173 2048 1245 partibus,

390 1263 535 1336 quia
563 1263 838 1321 videlicet
864 1263 915 1319 si
942 1264 1005 1319 in
1035 1278 1225 1318 unum
1264 1262 1611 1332 redigantur
1642 1263 1772 1332 ejus
1801 1263 2047 1335 species,

389 1353 644 1425 qualiter
694 1369 999 1410 summam
1047 1351 1309 1425 pristinae
1363 1346 1709 1424 quantitatis
1758 1355 2052 1421 transgre-

389 1442 681 1511 diuntur;
733 1444 816 1499 sic
867 1440 1343 1512 transgressione
1398 1441 1770 1507 meritorum,
1819 1441 1869 1496 si
1932 1445 2047 1497 tuae

389 1528 714 1588 sanctitatis
745 1520 1023 1604 symbola
1054 1528 1431 1600 colliguntur,
1451 1526 1582 1584 aliis
1604 1530 1664 1585 in
1696 1529 1908 1586 eodem
1934 1538 2047 1586 nu-

2160 369 2355 427 honor
2385 373 2655 430 debetur.
2704 373 2922 441 Talem,
2975 378 3033 429 et
3076 373 3497 445 hujuscemodi
3523 374 3823 431 honorem

2160 462 2339 518 corde
2367 463 2628 532 revol’vo,
2663 460 2721 519 et
2749 465 2945 519 mente
2980 461 3268 531 delibero,
3325 463 3534 519 decere
3581 469 3821 520 tantum

2159 553 2483 620 patronum
2518 570 2529 607 :
2564 557 2625 607 ut
2669 568 2806 624 quas
2854 551 2915 606 in
2971 551 3086 607 hoc
3124 550 3329 607 codice
3381 551 3502 607 suis
3560 553 3822 609 tenebris

2161 636 2422 694 obscura
2453 639 2747 707 videntur,
2772 657 2880 712 per
2903 644 2957 696 te
2985 640 3064 696 ad
3087 640 3284 695 lucem
3313 637 3823 711 referantur,quia

2158 740 2283 781 non
2308 728 2614 799 penuriosi
2640 733 2697 785 et
2745 728 3049 798 ingloriosi
3099 744 3322 784 nomen
3378 728 3822 801 compositoris,

2159 831 2262 870 seu
2291 815 2511 885 egregii
2541 817 2889 873 correctoris
2919 816 3052 872 laus
3072 817 3431 890 acquiretur.

2230 904 2590 976 Quanquam
2614 904 2685 962 sit
2714 905 2773 961 in
2806 922 2903 962 me
2940 922 3051 980 pro
3100 906 3342 962 stultitia
3387 904 3820 977 reputandum,

2156 1007 2263 1063 per
2326 992 2578 1049 istarum
2647 994 2976 1050 litterarum
3030 994 3319 1050 ﬁduciam
3370 993 3639 1049 audaciae
3692 993 3824 1049 ani-

2156 1079 2495 1136 mositatem
2581 1082 2892 1155 arripiens,
2965 1083 3299 1154 majestatis
3367 1087 3482 1138 tuae
3535 1097 3826 1155 conspec-

2156 1171 2284 1223 tum
2310 1169 2647 1239 adgredior,
2709 1171 3152 1244 adgressusque
3201 1169 3397 1227 cordis
3438 1174 3496 1225 et
3551 1170 3824 1244 corporis

2156 1258 2382 1313 cervice
2414 1258 2736 1328 submissa,
2792 1277 2913 1316 non
2946 1260 3142 1315 solum
3170 1259 3376 1327 semel,
3400 1275 3510 1315 nec
3539 1259 3661 1328 bis,
3710 1276 3823 1316 nec

2154 1340 2260 1415 ter,
2286 1348 2435 1420 quin
2461 1348 2644 1404 etiam
2671 1349 2935 1405 crebriUs
2964 1366 3175 1423 preces
3199 1350 3390 1421 jungo
3421 1349 3727 1422 precibus,
3761 1355 3825 1405 ut

2155 1437 2351 1491 omnis
2382 1439 2809 1511 scrupulositas
2840 1440 3071 1511 injustas
3096 1439 3504 1510 ambiguitatis
3535 1438 3653 1495 tuis
3676 1456 3821 1496 acu-

2154 1525 2417 1581 tissimus
2467 1527 2853 1600 bipennibus,
2914 1545 2987 1585 ex
3030 1528 3353 1602 purissimo
3400 1528 3592 1585 calibe
3637 1530 3822 1585 totius

360 1626 363 1629 ‘
387 1622 556 1676 inero
584 1620 703 1677 Deo
732 1618 1126 1676 militantibus
1154 1616 1327 1673 altior
1349 1617 1643 1690 reperiris.
1701 1618 1853 1683 Quid
1904 1630 2046 1676 vero
2084 1632 2125 1686 Β
2153 1615 2457 1686 sapientiae
2484 1616 2785 1687 confectis,
2818 1618 3087 1673 funditus
3117 1622 3297 1691 atque
3350 1618 3638 1674 radicitus
3686 1635 3821 1674 em-

386 1708 448 1764 i'n
477 1709 690 1766 eodem
711 1708 956 1765 musicis
985 1706 1214 1764 calculo
1239 1706 1592 1777 designatur
1620 1705 1899 1787 modulis,
1930 1703 2047 1760 nisi

389 1790 726 1856 sublimitas
754 1788 900 1856 tanti
927 1796 1165 1873 patroni
1194 1796 1221 1852 τ
1252 1795 1403 1860 Quid
1434 1795 1599 1851 aliud
1640 1795 1770 1869 ipse
1822 1795 2047 1849 duode-

386 1890 610 1958 narius,
642 1888 757 1945 nisi
787 1893 1144 1945 concentum
1172 1884 1551 1958 symphonia:
1578 1884 1875 1957 diapason
1902 1898 2047 1953 aug-

386 1983 590 2035 mento
642 1976 1004 2050 duplicitatis
1056 1972 1286 2048 perlicit
1341 1973 1419 2029 ad
1465 1973 1791 2037 senarium,
1820 1971 1925 2045 qui
1956 1972 2048 2027 sui

384 2067 656 2141 quadam
679 2064 1185 2123 demonstratione
1215 2062 1466 2132 alicujus
1489 2061 1572 2116 rei
1598 2061 2041 2133 perfectionem,

388 2148 541 2213 Sicut
565 2157 691 2230 ipse
720 2156 1017 2228 perfectus
1044 2157 1149 2220 est,
1208 2149 1500 2207 assuescit
1528 2149 1865 2219 significare
1895 2150 1922 2203 ‘I
1982 2151 2048 2204 Et

385 2240 532 2319 quid
562 2262 669 2319 per
688 2254 1010 2302 ascensum
1040 2241 1269 2297 ordinis
1302 2240 1483 2311 hujus
1504 2238 1762 2309 numeri,
1795 2238 1907 2293 nisi
1933 2238 2046 2294 i‘m-
2074 2280 2077 2287 .

384 2338 596 2391 mensa
625 2324 906 2407 perfectio
932 2330 1186 2404 duplicis
1210 2327 1561 2385 incrementi
1580 2328 1713 2382 inte
1741 2327 2046 2384 cumulata

384 2423 869 2494 augmentatione
891 2418 1253 2492 duplicitatis
1282 2416 1658 2473 declaratur?
1676 2416 2043 2488 Respiciente

386 2510 683 2584 siquidem
712 2507 926 2567 eodem
956 2520 1210 2565 numero
1241 2507 1319 2563 ad
1345 2505 1719 2562 octonarium
1750 2505 2044 2578 sesquial-

382 2602 531 2673 tera,
558 2598 636 2658 ad
665 2598 1056 2656 novenarium
1090 2595 1464 2669 s’esquitertia
1489 2594 1875 2667 proportione
1917 2594 2045 2650 dia-

382 2687 580 2764 pente,
610 2695 668 2746 et
719 2689 1095 2745 diatessaron
1152 2685 1360 2742 retinet
1410 2684 1848 2758 symphonias:
1900 2684 2045 2756 quia

381 2784 523 2836 tunc
552 2777 857 2851 temporis,
882 2786 1005 2849 quo
1031 2775 1219 2847 ipsius
1263 2773 1532 2843 ejusdem
1561 2773 1864 2845 provectio
1888 2778 1941 2829 te
1980 2773 2041 2828 in

381 2866 685 2942 pastorale
704 2866 974 2935 regimen
1019 2862 1276 2929 sustulit,
1307 2866 1442 2917 octo
1480 2861 1876 2918 beatitudines
1906 2862 2040 2919 vitae

384 2954 806 3025 augmentavit,
841 2957 897 3008 et
926 2960 1151 3007 nomen
1181 2949 1534 3043 angelorum
1573 2948 1822 3043 coetibus
1853 2952 2038 3043 socia-
2073 2986 2114 3043 Ο

380 3044 483 3100 "vit.
520 3044 650 3109 Qua
673 3050 817 3098 vero
844 3040 1075 3097 ratione
1120 3037 1337 3094 binarii
1365 3037 1853 3110 multiplicatione
1908 3040 2035 3113 ipse

381 3129 787 3188 duOdenarius
807 3131 869 3187 in
887 3128 1235 3185 vicesimam
1264 3131 1543 3200 quartam
1565 3127 2033 3185 cumulationem

378 3216 746 3278 transcendit
772 3232 784 3275 :
819 3220 904 3275 sic
936 3219 1316 3288 geminorum
1344 3218 2036 3289 praceptorum,scilicet

378 3312 481 3368 Dei
508 3315 566 3368 et
592 3309 850 3384 proximi
906 3316 1098 3375 amor,
1156 3306 1397 3377 gemina
1444 3305 1783 3373 observatio
1831 3308 2034 3377 viginti

376 3406 636 3475 quatuor
686 3398 961 3473 supernis
995 3395 1330 3453 senioribus
1386 3400 1443 3452 te
1490 3397 1853 3467 aggregavit,
1895 3412 2034 3453 cum

375 3489 600 3563 quibus
629 3485 1115 3545 immarcessibili
1139 3500 1362 3542 corona
1399 3483 1708 3540 redimitus
1734 3487 2037 3543 canticum

376 3584 602 3634 novum
633 3576 862 3632 sedenti
886 3575 949 3630 in
966 3575 1181 3630 throno
1202 3573 1492 3630 cantabis.
1518 3576 1672 3628 Inter
1698 3574 2034 3646 quos,sicut

375 3666 567 3722 isdem
595 3681 704 3721 sua
729 3662 1044 3720 medietate
1094 3663 1489 3736 superposita,
1542 3662 1605 3718 id
1648 3668 1736 3720 est
1772 3665 2029 3734 senario,

374 3755 498 3829 qui,
532 3758 598 3810 ut
643 3753 868 3811 dictum
898 3758 1004 3822 est,
1038 3757 1197 3808 caret
1233 3752 1561 3809 defectione
1603 3756 1662 3808 et
1717 3753 2031 3826 superﬂui-

374 3849 512 3916 tate,
540 3844 605 3901 in
634 3848 912 3901 octavum
963 3841 1265 3899 decimum
1298 3856 1620 3898 numerum
1651 3844 1863 3900 crescit
1897 3862 1909 3898 :
1960 3845 2032 3901 si-

372 3930 587 3991 militer
615 3932 940 3989 dulcisonis
980 3930 1387 3988 consonantiis
1440 3930 1620 3987 totius
1665 3933 2032 3990 harmonicee

370 4020 798 4082 modulationis
829 4019 1096 4080 ofﬁcium
1122 4019 1423 4077 mellitiuee
1441 4021 1751 4079 cantilenae
1780 4024 2031 4081 redden-

370 4106 550 4181 tibus,
577 4112 726 4170 nihil
755 4112 1131 4179 defeetitrum,
1163 4110 1309 4167 nihil
1341 4112 1716 4185 superﬂuum
1754 4114 2027 4183 audiens,

372 4201 708 4257 secundum
737 4201 1003 4275 quinque
1029 4199 1364 4257 tetracorda
1419 4200 1628 4257 decem
1660 4204 1715 4258 et
1748 4206 1882 4259 octo
1912 4203 2029 4259 dis-

369 4284 618 4362 paribus
665 4290 884 4347 innexa
954 4286 1178 4346 iidibus
1231 4287 1544 4346 efﬁcaciter
1613 4290 2021 4348 delectaberis.

371 4379 671 4447 Quorsum
701 4379 952 4437 tendunt
980 4380 1093 4437 ista
1123 4380 1150 4435 ?
1178 4379 1328 4436 Illud
1367 4384 1454 4436 est
1481 4380 1543 4436 in
1602 4395 1804 4438 causa.
1851 4384 2025 4439 Pera-

368 4469 551 4540 gratis
565 4469 743 4527 totius
765 4468 962 4527 Gallica
977 4469 1268 4543 partibus,
1294 4468 1738 4542 circumspectis
1757 4471 2025 4544 undique

367 4566 539 4617 Secus
586 4559 859 4616 omnium
918 4558 1388 4617 ChristianOrum
1442 4556 1690 4631 ﬁnibus,
1720 4560 2023 4618 neminem

365 4650 689 4723 comperio,
719 4648 815 4705 cui
843 4647 975 4720 pari
992 4647 1207 4702 decore
1236 4646 1415 4703 totius
1473 4648 1718 4719 honoris
1772 4664 2024 4709 munera

364 4735 604 4797 attribui
628 4735 907 4802 debeant,
943 4735 1097 4790 sicut
1126 4733 1250 4791 tibi.
1285 4734 1596 4804 Quocirca,
1628 4736 2021 4793 memorande

316 4888 319 4889 ν
362 4826 552 4895 Pater,
576 4830 901 4901 postquam
932 4822 1155 4895 inclyta
1180 4822 1343 4879 fama
1368 4839 1440 4879 ex
1467 4824 1580 4879 tuis
1604 4824 1769 4880 miris
1790 4826 2022 4882 actibus

363 4924 645 4990 eXpressa
675 4922 851 4972 aures
879 4924 1049 4969 meas
1076 4911 1307 4984 irrupit,
1341 4912 1557 4969 animis
1616 4913 1765 4969 meis
1806 4913 2023 4970 indesi-

359 5011 570 5061 nenter
596 5002 870 5061 stimulos
902 5001 981 5058 ad
1012 5005 1066 5058 te
1096 4999 1429 5057 divertendi
1456 5001 1845 5059 ministravit:
1879 5004 2024 5077 quia

361 5094 525 5151 velut
551 5092 631 5151 ab
680 5093 814 5168 ipsa
843 5090 1253 5163 divulgatione
1282 5091 1546 5147 nominis
1575 5091 1660 5148 tui
1687 5092 1888 5161 didici,
1935 5109 2025 5150 sa-

361 5180 703 5237 tisfacturus
734 5180 959 5255 ubique
997 5178 1308 5238 desideriis
1334 5179 1504 5247 meis,
1536 5183 1603 5235 ut
1650 5180 2023 5251 refrigerium

358 5264 533 5324 ﬂeres
564 5276 714 5324 meae
770 5269 1159 5327 necessitatis.
1212 5268 1373 5325 Hanc
1418 5284 1562 5324 vero
1608 5270 2021 5327 necessitatem

361 5348 441 5414 ab
465 5356 843 5413 inchoatione
869 5373 1060 5431 usque
1089 5374 1253 5414 nunc
1296 5357 1581 5431 temporis
1613 5359 1825 5432 patior,
1858 5360 2025 5433 quod

359 5446 455 5503 cui
474 5445 688 5505 tantilli
716 5447 912 5519 operis
943 5448 1345 5521 despectivam
1378 5453 1557 5521 atriue
1582 5449 2022 5520 reprobabilem

357 5536 870 5628 compositionem
915 5535 995 5593 ad
1022 5537 1447 5628 corrigendum
1498 5542 2024 5628 repraesentarum’

350 5624 606 5687 minime
622 5623 1001 5700 reperiebam
1028 5636 1047 5681 ξ
1072 5628 1290 5698 printer
1334 5624 1393 5685 te
1420 5627 1593 5700 cuius
1646 5627 1781 5687 laus
1832 5623 2020 5686 caelos

2154 1708 2412 1775 putetur.
2447 1698 2598 1762 Pene
2654 1707 2904 1762 dimidia
2935 1722 3074 1779 pars
3131 1708 3314 1779 hujus
3343 1707 3542 1780 operis
3570 1708 3821 1764 minime

2154 1792 2388 1848 videtur
2423 1794 2721 1867 respicere
2766 1795 2845 1851 ad
2892 1796 3201 1865 negotium
3256 1796 3544 1867 utilitatis,
3602 1798 3719 1853 nisi
3764 1803 3821 1854 te

2155 1896 2416 1937 messore
2466 1884 2749 1940 sarriatur
2794 1885 3035 1941 carduis
3107 1884 3595 1958 superﬂuitatis;
3650 1888 3818 1959 quia,

2154 1969 2301 2025 dum
2334 1986 2578 2042 premor
2602 1973 2869 2046 corporis
2900 1974 3264 2042 inﬁrmitate,
3325 1974 3597 2047 dumque
3627 1992 3822 2031 seacu-

2153 2053 2368 2109 larium
2390 2070 2591 2111 rerum
2620 2057 2919 2129 impedior
2966 2058 3335 2128 necessitate,
3394 2060 3615 2115 mentis
3665 2074 3815 2115 meae

2153 2144 2389 2216 oculus,
2414 2161 2526 2201 sua
2556 2153 2767 2219 sponte
2798 2149 3124 2204 caecitatem
3155 2149 3356 2221 potius
3386 2165 3569 2221 quam
3616 2149 3820 2205 lucem

2153 2228 2593 2300 amplectendo,
2627 2231 2972 2299 suffocatur,
2993 2238 3051 2289 et
3070 2233 3473 2305 corporalium
3496 2233 3819 2290 desideriis

2152 2318 2515 2387 gaudiorum
2544 2320 2810 2391 orbatur,
2838 2331 3016 2395 atque
3046 2322 3106 2377 in
3136 2323 3433 2379 immenso
3462 2323 3691 2393 gurgite
3724 2328 3817 2379 te-

2150 2409 2477 2464 nebrarum
2536 2411 2919 2483 demergitur.
2979 2411 3147 2467 Illum
3204 2412 3500 2485 siquidem
3540 2412 3816 2485 oculum,

2150 2512 2332 2570 quem
2360 2499 2494 2555 dico
2523 2500 2806 2556 subsidiis
2835 2500 2977 2557 recti
3018 2501 3261 2557 luminis
3292 2502 3640 2558 destitutum
3672 2518 3710 2557 a
3736 2506 3814 2567 te,

2148 2588 2255 2660 qui
2306 2589 2557 2646 versaris
2609 2589 2669 2645 in
2723 2600 3030 2647 sacrorum
3061 2592 3373 2665 praeceptis
3410 2591 3815 2664 eloquiorum,

2146 2683 2367 2751 exopto
2392 2679 2693 2737 illustrari.
2726 2682 2964 2736 Certum
3017 2686 3073 2737 te
3099 2681 3347 2738 reddere
3395 2681 3556 2749 volo,
3598 2685 3667 2737 ut
3692 2697 3817 2737 non

2144 2768 2331 2823 rearis
2362 2785 2459 2824 me
2485 2769 2623 2825 huic
2648 2770 2813 2842 operi
2843 2770 3089 2826 haesisse
3118 2770 3473 2839 voluntarie,
3504 2787 3619 2827 nec
3670 2769 3818 2826 illud

2148 2861 2482 2928 spontanee.
2510 2858 2815 2915 voluntate
2857 2860 3127 2931 coepisse.
3160 2863 3308 2915 Ante
3335 2859 3632 2916 biennum
3651 2875 3815 2915 mor-

2145 2946 2217 3001 tis
2244 2947 2373 3018 ejus
2396 2952 2461 3003 ut
2490 2964 2657 3003 more
2682 2948 3117 3021 frequentativo
3171 2948 3254 3005 fui
3310 2950 3476 3022 apud
3519 2950 3815 3006 eximium

2140 3034 2361 3090 ducem
2403 3035 2784 3104 Richardum,
2844 3036 3118 3094 Willelmi
3174 3038 3543 3094 marchionis
3592 3038 3813 3120 ﬁlium,

2142 3124 2350 3180 volens
2376 3124 2427 3179 ei
2456 3125 2705 3181 reddere
2729 3141 2880 3182 meae
2921 3126 3216 3182 servitutis
3242 3125 3533 3196 oﬂicium,
3564 3134 3813 3199 propter

2142 3212 2462 3270 innumera
2490 3213 2781 3270 beneﬁcia
2806 3231 2946 3287 quae
2998 3208 3230 3287 absque
3250 3231 3387 3272 meo
3417 3217 3625 3273 merito
3652 3217 3810 3272 mihi

2140 3302 2423 3372 dignatus
2453 3308 2581 3359 erat
2624 3304 2939 3377 impertiri.
2986 3304 3100 3370 Qui
3157 3305 3428 3377 quadam
3478 3306 3575 3361 die
3602 3306 3815 3376 adgre-

2142 3391 2312 3446 diens
2334 3391 2514 3465 ccepit
2540 3392 2802 3449 brachiis
2847 3393 3101 3467 piissimi
3126 3394 3350 3451 amoris
3378 3411 3478 3451 me
3507 3396 3809 3468 amplecti,

2144 3480 2386 3554 suisque
2463 3482 2825 3539 dulcissimis
2883 3484 3262 3540 sermonibus
3321 3485 3574 3555 trahere,
3628 3490 3812 3559 atque

2141 3569 2421 3641 precibus
2447 3570 2729 3641 jocundis
2756 3571 3042 3640 mulcere,
3095 3572 3242 3645 quin
3294 3573 3474 3630 etiam
3524 3574 3811 3632 detestari

2141 3664 2197 3715 et
2220 3659 2422 3730 jurare
2452 3659 2514 3715 in
2542 3660 2849 3730 charitate,
2898 3667 2984 3731 ut,
3036 3662 3084 3717 si
3110 3678 3235 3734 qua
3265 3679 3507 3736 possem
3543 3664 3803 3735 ratione,

2139 3748 2356 3804 animis
2403 3749 2526 3804 suis
2570 3750 2677 3805 diu
2723 3750 3073 3808 desideratis
3128 3752 3406 3808 moderer
3438 3769 3452 3807 :
3491 3753 3715 3809 scilicet
3739 3761 3809 3812 ut

2140 3853 2339 3892 mores
2370 3840 2659 3910 actusque
2709 3839 2932 3895 telluris
2957 3842 3395 3910 Normannicaa,
3425 3841 3571 3914 quid
3622 3841 3807 3898 etiam

2140 3928 2352 4000 proavi
2378 3928 2472 3984 sui
2502 3928 2762 3985 Rollonis
2793 3946 2929 4003 quae
2955 3931 3155 4003 posuit
3205 3932 3267 3987 in
3295 3947 3483 4001 regno
3504 3933 3649 4003 jura
3674 3932 3807 3988 des-

2139 4017 2448 4073 criberem.
2485 4018 2694 4091 Stupui
2714 4019 2877 4076 velut
2901 4036 3131 4091 amens,
3179 4025 3237 4076 et
3264 4036 3371 4094 per
3393 4020 3522 4076 dies
3575 4021 3806 4094 aliquot

2139 4107 2231 4161 his
2251 4107 2636 4180 petitionibus
2666 4123 2763 4164 me
2784 4109 3001 4179 negavi
3023 4108 3317 4165 abnuens.
3340 4109 3608 4166 Tandem
3636 4127 3799 4178 vero,

2137 4199 2223 4251 tot
2250 4195 2589 4267 precatibus
2618 4200 2819 4252 motus
2848 4197 3148 4270 tantisque
3173 4197 3452 4270 precibus
3494 4198 3799 4270 fatigatus,

2138 4284 2232 4340 vix
2262 4284 2409 4341 ﬂexi
2430 4285 2701 4341 animum
2728 4286 2807 4341 ad
2836 4290 3014 4343 tantm
3046 4287 3292 4343 sarcinae
3322 4287 3563 4359 pondus
3592 4289 3802 4345 hume-

2136 4374 2216 4429 ris
2271 4375 2421 4430 meis
2475 4375 2934 4448 imponendum.
2983 4379 3066 4447 Et,
3100 4392 3457 4450 quanquam
3514 4391 3701 4451 super
3728 4378 3806 4434 vi-

2134 4464 2289 4519 rium
2300 4478 2577 4520 mearum
2591 4464 3047 4537 possibilitatem
3067 4467 3182 4523 hoc
3205 4482 3335 4523 esse
3364 4482 3569 4524 recens
3582 4468 3803 4524 uissem

2132 4553 2300 4626 quod
2328 4553 2722 4621 indicebatur,
2750 4555 2967 4626 jugum
3016 4556 3165 4612 tanti
3212 4556 3411 4613 oneris
3470 4558 3623 4613 collo
3663 4572 3803 4615 meo

2133 4643 2435 4717 imposui;
2490 4643 2646 4700 illius
2698 4644 2968 4702 mandati
3024 4646 3286 4703 imitator
3313 4646 3577 4713 effectus,
3632 4647 3806 4721 quod

2132 4732 2401 4805 praecipit
2429 4747 2543 4790 nos
2571 4736 2747 4800 stare,
2772 4733 3013 4790 viriliter
3041 4749 3217 4805 agere
3247 4740 3304 4792 et
3331 4734 3679 4805 confortari,
3712 4736 3805 4792 in-

2134 4837 2313 4895 super
2341 4821 2546 4879 omnia
2572 4827 2780 4879 nostra
2819 4823 2880 4878 in
2933 4822 3216 4881 charitate
3268 4824 3398 4880 ﬁeri
3420 4826 3481 4891 (I
3505 4824 3645 4880 συν.
3679 4840 3802 4893 xvi,

2138 4912 2244 4983 l3).
2275 4910 2473 4984 Stylus
2498 4915 2717 4968 nostra:
2744 4912 3053 4985 imperitia;
3080 4913 3307 4969 nedum
3332 4914 3563 4986 primas
3594 4920 3803 4987 partes

2132 5001 2329 5074 operis
2360 5002 2651 5074 attigerat,
2685 5003 2803 5058 heu
2832 5003 2987 5075 proh
3015 5003 3189 5060 dolor
3223 5004 3235 5059 !
3268 5019 3409 5059 cum
3438 5004 3807 5078 lacrymabi—

2132 5089 2206 5159 lis
2227 5089 2392 5146 fama
2443 5090 2764 5147 Ricardum
2817 5095 2939 5147 toto
2981 5090 3129 5148 orbe
3182 5092 3517 5165 principem
3578 5093 3805 5149 obiisse

2132 5179 2444 5236 nuntiavit.
2496 5180 2711 5237 Omnia
2766 5180 2894 5237 haec
2923 5181 2985 5237 in
3035 5182 3243 5239 dolore
3272 5182 3455 5254 hujus
3503 5183 3802 5255 principis

2131 5268 2611 5341 postposuissem
2653 5274 2898 5344 prepter
2926 5270 3181 5327 nimium
3230 5271 3436 5328 ﬂetum
3457 5271 3806 5329 intolerabi-

2130 5358 2370 5430 lemque
2398 5358 2838 5432 planctum,qui
2865 5376 2989 5417 non
3015 5360 3211 5417 solum
3231 5376 3334 5417 cor
3349 5374 3804 5427 meum,verum

2132 5449 2311 5504 etiam
2341 5448 2518 5504 totius
2549 5449 2815 5522 corporis
2836 5450 3113 5507 membra
3130 5466 3429 5523 quassans
3451 5452 3800 5525 torquebat,

2131 5538 2248 5594 nisi
2274 5553 2383 5612 per
2407 5538 3026 5612 prmeellentissimum
3054 5540 3246 5597 tilium
3297 5542 3429 5614 ejus
3482 5542 3805 5616 patritium

2133 5627 2455 5689 Ricardum
2481 5629 2680 5690 adhuc
2699 5630 3076 5704 superstitem
3102 5635 3163 5690 et
3182 5630 3565 5705 praecipuum
3604 5630 3804 5692 comi-
