4002 6186
222 151 309 205 aia
1065 159 1069 164 η
1116 142 1206 203 es
1242 138 1486 204 ers’ris
1524 130 1954 204 NoaMANmih
1992 136 2233 206 DUCUM
2272 136 2456 208 metu
2493 138 2689 209 ms.

3506 154 3615 213 ιιι

220 275 323 329 tem
350 270 671 327 Rodulfum
698 278 792 327 res
838 272 1051 328 eadem
1105 275 1648 346 repraesentaretur.
1706 272 1849 328 Insi-
1887 277 1934 329 Α
1964 271 2036 327 tis
2064 274 2188 329 non
2215 273 2516 344 glorietur.
2550 268 2685 332 ‘l‘u'ae
2725 276 3023 348 majest'ztti
3069 277 3295 335 mittere
3320 279 3613 353 disposui,

219 364 363 417 stunt
391 359 576 415 ambo
606 359 903 433 precibus,
937 363 1002 415 ut
1029 360 1195 433 quod
1253 359 1663 416 memorabilis
1721 360 1853 416 Vita:

217 449 325 505 dux
353 448 637 505 Ricardus
660 449 966 521 precando
988 455 1355 523 praeceperat
1379 452 1769 521 exsequerer;
1799 453 1856 506 et

212 554 280 594 ne
306 534 700 610 propositum,
730 538 897 610 quod
926 538 1008 594 illi
1038 538 1513 611 spoponderam,
1562 539 1624 593 in
1676 537 1853 595 bilin-

214 626 437 697 guitatis
470 627 678 683 vitium
708 631 972 698 versum,
1028 628 1329 684 videretur
1384 627 1506 683 'ullo
1554 626 1855 684 mendacii

210 714 650 788 inquinamento
674 715 879 788 pollui,
912 716 1018 771 sed
1056 716 1281 789 pollere
1336 716 1515 772 totius
1569 714 1854 772 medullis

210 803 527 860 intellectus
606 805 851 873 intimis,
933 809 1360 862 contestantur.
1456 805 1856 878 Acquiescens

208 894 506 966 praeceptis
537 894 937 968 precibusque
967 902 1196 963 eorum,
1246 900 1561 952 exsecutus
1608 900 1748 950 sum
1794 892 1857 950 li-

208 986 290 1038 cet
314 982 634 1039 dialecticis
665 983 1050 1057 syllogismis,
1077 994 1188 1041 nec
1210 984 1518 1041 rhetoricis
1539 988 1856 1053 argumen-

1964 366 2028 417 ut
2054 362 2208 419 falsa
2228 364 2702 438 amputarent'ur,
2735 371 2792 422 et
2817 366 2867 422 si
2893 354 3042 440 quid
3100 368 3361 425 veritatis
3410 368 3472 425 in
3513 369 3615 427 me

1961 449 2296 522 haberetur,
2329 456 2432 509 tua
2461 454 2809 511 auctoritate
2839 454 3313 526 conﬁrmaretur,
3343 458 3409 513 ut
3435 457 3615 514 mim-

1962 538 2096 595 bilis
2127 541 2469 598 mercedum
2497 542 2837 609 retributor,
2868 544 2975 617 qui
3005 544 3294 602 exii'nium
3320 547 3616 604 marema-

1962 644 2102 684 nem
2156 626 2473 687 Ricardum
2527 632 2589 687 in
2645 632 2931 705 paradiso
2958 633 3160 704 gloriae
3207 641 3334 690 suae
3379 630 3615 705 labarit,

1964 717 2114 773 sicut
2143 723 2194 774 te
2224 722 2489 776 erexerat
2517 734 2636 776 suae
2665 725 2885 778 sanetae
2932 722 3201 778 Ecclesiae
3249 722 3617 793 columnam,

1962 805 2045 861 ita
2074 811 2225 863 serto
2255 809 2502 879 perenni
2532 813 2808 866 Ornatum
2840 810 3158 867 censtittiat
3172 811 3325 867 inter
3343 812 3619 869 nmmum

1965 899 2309 951 sanctorum
2335 898 2548 953 chorios
2572 901 2909 956 senatorem
2940 894 3197 956 caelestis
3228 900 3398 957 aula.

1481 1098 1871 1165 ALLOCUTIO
1910 1110 2005 1164 AD
2049 1109 2331 1165 LIBRUM.

205 1213 473 1268 Themate
502 1213 773 1285 pertenui
796 1215 1087 1288 quoniam
1107 1215 1380 1285 digestus
1410 1215 1670 1284 haberis,

204 1299 502 1356 Rhetorica
530 1302 760 1358 ratione
792 1319 1002 1359 carens
1033 1303 1391 1359 dulcaminis
1422 1304 1608 1373 omni,

205 1389 385 1460 Liber,
416 1390 649 1447 interno
672 1408 811 1447 cum
835 1397 886 1448 te
918 1398 1262 1465 perscrutor
1286 1393 1474 1450 ocello
1499 1412 1513 1461 ;

203 1482 362 1549 zEgre
392 1478 503 1536 fert
531 1480 769 1535 animus
799 1480 965 1554 quod
992 1481 1169 1552 vulgo
1200 1482 1415 1539 ducere
1443 1481 1619 1552 gestis

205 1568 335 1633 Quae
361 1568 593 1638 digesta
624 1568 777 1640 stylo
806 1569 1221 1642 nequidquam
1250 1572 1555 1626 schemata
1583 1573 1813 1637 nostro,

200 1659 264 1712 Et
287 1657 677 1713 subsanneris
708 1657 938 1714 tumido
967 1659 1258 1732 vafroque
1288 1658 1564 1715 tumultu.

200 1745 255 1802 Si
281 1750 337 1801 te
370 1751 746 1813 conservent,
776 1746 1104 1820 studiisque
1136 1747 1327 1818 sigilla
1356 1747 1589 1820 pudicis

194 1828 541 1890 Pestiferam
566 1834 857 1891 intentant
886 1836 1088 1892 secreti
1120 1836 1289 1893 taedia
1318 1836 1514 1903 nobis,

190 1923 481 1996 Auripluo
507 1925 796 1997 quoniam
824 1927 1062 1982 Danaen
1093 1927 1187 1982 vix
1219 1926 1359 1983 texit
1386 1926 1463 1983 ab
1495 1926 1693 1994 imbri,

192 2015 262 2067 Ut
291 2012 519 2084 promit
547 2015 752 2085 mytho
785 2014 1140 2085 Fulgentius,
1173 2031 1338 2072 aenea
1368 2016 1564 2073 turris.

190 2106 306 2156 Aut
335 2117 556 2174 pergas
586 2103 1049 2160 Northmannica
1069 2121 1229 2160 nunc
1255 2105 1575 2177 gymnasia
1594 2121 1849 2178 praepes,

188 2194 304 2245 Aut
335 2190 557 2245 scholis
589 2191 829 2247 clausus
857 2194 1182 2250 Franciscis
1209 2195 1339 2266 jam
1361 2195 1694 2251 moruleris.

193 2278 527 2334 Ridiculam
556 2295 764 2336 vereor
792 2281 967 2337 nobis
998 2287 1089 2339 sat
1112 2300 1355 2354 surgere
1385 2301 1663 2353 sannam,

201 2366 257 2423 Si
282 2366 602 2439 impatiens
632 2369 852 2426 refutes
884 2370 1113 2427 clavem
1146 2388 1308 2428 nunc
1338 2373 1508 2429 obice
1532 2375 1801 2447 dempto,

201 2456 262 2510 Et
280 2454 343 2510 in
372 2458 413 2477 "
435 2458 709 2529 proprias
740 2465 965 2530 argutae
988 2459 1181 2533 plebis
1210 2461 1273 2517 in
1293 2477 1418 2518 ora.

202 2543 454 2600 Invitum
479 2546 750 2618 quatient
780 2550 1128 2606 Nortmanni
1158 2550 1400 2606 verbere
1424 2555 1640 2608 vatem.

204 2637 263 2688 In
291 2633 505 2704 vulgus
538 2636 741 2692 venies
770 2638 967 2695 audax
999 2654 1160 2694 nunc
1191 2642 1451 2712 praepete
1481 2655 1713 2710 gressu.

202 2725 304 2779 Pro
333 2729 568 2797 quanto
595 2726 741 2781 tanti
773 2733 1063 2800 spernunt
1088 2727 1393 2800 jactabere
1427 2729 1629 2785 ﬂuctu.

206 2811 301 2869 Hic
329 2812 564 2869 foedum
589 2819 763 2887 spuet
792 2817 1053 2887 aggestis
1082 2815 1287 2887 labris,
1312 2816 1627 2890 labiisque,

207 2902 473 2959 Succinet
500 2904 824 2961 infandum
852 2909 1108 2962 retracta
1142 2922 1286 2962 nare
1317 2906 1607 2980 aliusque.

1957 1215 2166 1270 Acrius
2197 1200 2291 1271 his
2319 1215 2505 1271 furias
2531 1232 2742 1272 amens
2770 1217 3051 1273 baccetur
3079 1218 3141 1275 in
3171 1236 3401 1289 omnes,

1959 1306 2026 1358 Et
2050 1303 2384 1376 nolensque
2413 1304 2623 1361 volens
2650 1305 2736 1360 sic
2761 1305 2783 1327 "
2810 1304 2961 1358 ἀντία
2989 1310 3047 1362 et
3067 1311 3204 1359 ὤντα
3233 1294 3482 1377 subibis,

1961 1392 2240 1449 Ludibrio
2265 1394 2511 1449 tandem
2542 1410 2747 1450 sannae
2779 1395 2993 1450 subtus
3022 1396 3041 1416 '
3072 1401 3130 1452 et
3157 1382 3342 1465 omni,

1960 1483 2141 1537 Croco
2162 1483 2183 1503 ⁸
2208 1482 2509 1537 narcissus
2540 1481 2758 1538 frustra
2788 1481 3023 1538 trudere
3054 1484 3325 1553 taberna,

1962 1567 2372 1639 Gingiber,aut
2395 1569 2569 1625 nardi
2594 1569 3285 1645 modicum,costumque
3305 1572 3621 1647 piperque,

1960 1657 2196 1727 Ignavis
2222 1656 2271 1711 si
2294 1656 2563 1730 quidque
2590 1658 2742 1714 feres
2774 1658 2951 1715 certis
2982 1646 3256 1717 amicitur
3283 1679 3298 1730 ;

1963 1744 2259 1801 Obstiterit
2280 1745 2539 1801 monitor
2564 1745 2764 1816 longe,
2796 1761 2906 1801 nec
2936 1762 3080 1803 cura
3110 1732 3337 1804 mederi

1960 1837 2101 1890 Tute
2127 1834 2391 1890 consiliis
2420 1838 2643 1904 motus,
2672 1835 3009 1914 nostrisque
3034 1853 3287 1909 querare

1965 1924 2468 1994 Fraudatum,hoc
2486 1928 2683 1979 tecum
2709 1923 2930 1995 jugiter
2958 1918 3355 1983 memorando
3382 1913 3618 1986 referto.

1962 2016 2090 2080 Qua
2118 2013 2372 2070 frontem
2406 2013 2670 2070 titubans
2702 2013 2903 2070 titulus
2942 2015 3260 2087 praeﬁxerit
3290 2033 3511 2090 acrem,

1964 2103 2233 2175 Suspicio
2263 2103 2459 2175 primo
2485 2103 2698 2159 subeat
2719 2105 3018 2169 Qumrmus
3046 2105 3333 2177 enormis,

1962 2192 2251 2248 Panderet
2270 2196 2336 2247 ut
2364 2191 2545 2247 caelos
2576 2191 2748 2247 itiner
2776 2192 2882 2264 qui
2906 2193 2981 2248 de
3004 2209 3149 2250 nece
3180 2182 3316 2251 fecit
3345 2213 3358 2251 :

1966 2281 2064 2337 llis
2094 2281 2239 2349 dux,
2266 2281 2358 2336 his
2384 2280 2731 2353 meritisque
2758 2282 2880 2336 suis
2911 2283 3240 2353 primordia
3265 2276 3475 2354 signet.

1964 2372 2087 2427 Hoc
2117 2369 2324 2425 forsan
2352 2368 2575 2442 poteris
2598 2373 2979 2425 contemnere
3010 2371 3224 2443 vulgus
3252 2372 3499 2443 inerme,

1966 2458 2157 2514 Plebis
2188 2457 2475 2528 virgantis
2504 2474 2612 2513 seu
2632 2458 2762 2528 jam
2791 2457 3140 2516 discrimina
3166 2447 3328 2517 mille
3356 2478 3372 2517 ε

1968 2552 2045 2605 Ne
2075 2548 2299 2604 meritis
2331 2547 2610 2617 fulgentis
2638 2547 2902 2603 nominis
2929 2548 3100 2605 obice
3128 2549 3307 2627 tantis

1967 2636 2071 2692 Vix
2101 2636 2300 2692 ausint
2325 2634 2569 2692 tumidas
2597 2640 2776 2691 temet
2808 2636 3103 2708 sprevisse
3132 2636 3490 2710 phalanges.

1967 2725 2217 2781 Nitescet
2243 2724 2458 2792 rabies,
2490 2729 2859 2797 parcentque
2887 2724 3075 2798 sputis
3105 2724 3258 2781 duce
3289 2724 3411 2797 tali,

1968 2815 2271 2887 Febreque
2296 2814 2602 2870 subtracta
2630 2814 2796 2871 nudo
2815 2814 3229 2872 incrudescere
3260 2810 3435 2873 dente

1968 2904 2237 2961 Flamine
2264 2904 2539 2976 septiﬂuo
2570 2904 2707 2960 felix
2733 2904 2903 2961 liberi
2928 2904 3082 2963 duce
3112 2922 3286 2963 sacro

205 2993 264 3046 Et
288 2990 578 3063 plausum
608 2994 890 3049 manibus
920 2993 1175 3050 nimium
1192 2994 1359 3051 dabit
1374 2996 1538 3051 hicce
1559 2995 1856 3068 profanis:
1900 3008 1939 3063 ί]
1972 2996 2270 3049 Protectus
2293 2992 2532 3064 jugiter,
2562 2993 2949 3067 munitusque
2974 2995 3314 3073 auxiliatus,

205 3078 370 3135 Elatis
404 3084 633 3136 terram
658 3081 915 3154 pedibus
944 3087 1032 3138 ter
1060 3083 1280 3139 succiet
1308 3083 1405 3139 hic
1429 3084 1542 3155 (Ιό)

205 3168 478 3224 Verrucas
512 3167 669 3223 alius
699 3168 1040 3242 disquirens
1070 3187 1171 3227 ore
1200 3171 1451 3241 notabit,

206 3256 485 3313 Cordibus
517 3257 803 3329 explosis,
833 3260 882 3314 si
912 3260 1078 3315 nulla
1109 3264 1309 3317 tamen
1340 3264 1503 3334 patet
1530 3276 1810 3333 usquam,

206 3346 449 3417 Integra,
480 3347 708 3403 doctus
741 3348 850 3404 erit
877 3353 1030 3405 certe
1059 3355 1408 3421 praevertere
1437 3350 1620 3406 falsis.

205 3439 297 3491 Ast
319 3452 390 3492 ex
412 3426 542 3493 hoc
565 3435 742 3492 fuerit
769 3446 891 3509 quo
920 3437 1326 3512 perditiorque
1355 3439 1669 3511 profanus,

1969 3082 2250 3139 Retondis
2278 3082 2297 3103 "
2327 3082 2550 3138 meritis
2576 3083 2837 3149 Quintini
2864 3085 3143 3156 martyris
3174 3085 3349 3154 almi;

1970 3176 2084 3228 Nec
2113 3175 2167 3227 te
2192 3186 2316 3227 non
2340 3171 2637 3228 monitum
2665 3172 2808 3228 olim
2834 3172 3179 3230 discessisse
3208 3175 3493 3244 graveris,

1972 3258 2144 3327 Quod
2171 3264 2354 3317 restat
2380 3260 2579 3316 dubiis
2605 3260 2857 3333 supplex
2887 3262 3221 3335 comiteque
3244 3264 3266 3287 ‘
3295 3262 3452 3334 fatis,

1971 3352 2176 3422 Meque
2202 3348 2434 3405 utinam
2463 3348 2683 3405 affectu
2711 3352 2915 3421 optato
2939 3349 3189 3407 meliora
3214 3355 3561 3423 sequantur.

1022 3562 1290 3622 VERSUS
1330 3566 1421 3621 AD
1462 3558 1874 3623 RICHARDUM
1910 3565 2129 3621 MAGNI
2169 3566 2505 3621 RICHARDI
2545 3565 2798 3622 FILIUM.

207 3667 245 3722 0
278 3671 332 3745 te
370 3669 868 3740 magnanimum,
898 3671 1088 3743 pium,
1123 3671 1467 3728 modestum
1503 3673 1515 3727 ἓ

207 3756 246 3812 0
284 3761 332 3813 te
370 3758 776 3832 praecipuum,
812 3757 1113 3816 timentem
1144 3758 1331 3816 Deum
1361 3756 1373 3815 l

211 3845 249 3900 0
285 3850 337 3902 te
375 3846 803 3919 magniﬁcum,
835 3848 1117 3921 probum,
1148 3838 1481 3919 benignum
1518 3848 1530 3903 Ξ

213 3936 251 3990 0
286 3940 340 3991 te
377 3934 730 4008 miriﬁcum,
760 3937 1134 4010 bonumque,
1162 3928 1392 4009 justum
1427 3936 1439 3991 l

215 4024 253 4078 0
290 4028 341 4080 te
376 4027 729 4098 paciﬁcum,
763 4027 983 4098 Deique
1013 4016 1245 4099 prolem
1278 4024 1290 4081 l

216 4113 254 4168 0
288 4118 341 4170 te
378 4115 767 4185 muniﬁcum,
798 4131 1058 4186 sacrum,
1082 4114 1424 4171 modestum

217 4201 255 4256 0
291 4206 343 4258 te
380 4203 781 4276 praerutilum,
804 4207 1047 4260 malum;
1078 4203 1341 4259 clemens
1375 4205 1388 4259 l

218 4290 256 4346 0
292 4295 344 4349 te
378 4292 822 4365 longanimem,
856 4291 1104 4349 Ricarde
1129 4292 1427 4366 prudens!

1974 3673 2017 3728 Ο
2059 3674 2112 3726 te
2150 3670 2577 3744 percelebrem,
2606 3670 2850 3728 Ricarde
2883 3670 3102 3728 decens
3136 3668 3149 3727 l

1975 3761 2019 3816 Ο
2058 3759 2113 3816 te
2144 3760 2494 3830 juridicum,
2528 3759 2774 3817 Ricarde
2808 3760 2966 3816 mitis
2996 3750 3011 3815 l

1976 3852 2019 3906 Ο
2060 3854 2115 3905 te
2153 3848 2566 3921 promEritum,
2595 3849 2843 3905 Ricarde
2868 3844 3061 3903 dulcis
3096 3848 3110 3902 l

1979 3940 2189 3994 Gentes
2218 3937 2555 4007 omnigenus
2587 3936 2785 3992 ferunt
2813 3936 3110 3991 decenter.

1980 4030 2119 4093 Quae
2149 4028 2340 4083 cernis
2371 4040 2646 4082 memora
2672 4025 2826 4080 libro
2856 4023 3145 4080 modeste.

1983 4117 2084 4173 His
2112 4116 2370 4188 depasce
2396 4120 2567 4171 tuum
2598 4126 2720 4184 cor,
2753 4117 2932 4186 atque
2957 4116 3185 4187 pectus,

1982 4206 2204 4262 Innecti
2234 4209 2301 4262 ut
2317 4204 2524 4261 valeas
2551 4202 2775 4276 quibus
2797 4219 3087 4260 recenses.

1097 4392 1389 4458 FUTUM:
1427 4392 1753 4458 MATERIEI
1791 4390 2206 4459 TREPIDATIO
2247 4403 2332 4458 ET
2372 4389 2761 4459 DISSUASIO.

220 4496 574 4565 Turbinibus
602 4498 780 4564 variis
807 4506 904 4564 cui
932 4507 1170 4565 casibus
1198 4507 1653 4582 innumerisque

221 4597 314 4651 Ast
333 4595 719 4672 inoportunis
747 4614 949 4655 rerum
978 4597 1210 4654 vicibus
1239 4597 1617 4666 volitantum,

224 4682 505 4757 Lapsibus
537 4690 720 4759 atque
750 4684 1111 4742 volubilibus
1140 4685 1245 4743 fati
1273 4684 1627 4755 exagitantis

224 4774 404 4832 Anxia
432 4791 613 4832 mens
643 4773 875 4843 titubat,
909 4766 1108 4831 nimiis
1142 4775 1500 4845 singultibus
1525 4776 1779 4845 haerens,

228 4862 325 4918 Cor
348 4881 597 4938 quoque
628 4865 1054 4938 praetrepidum
1078 4864 1244 4920 ﬁbris
1272 4865 1581 4921 marcessit
1628 4863 1872 4921 adustis.

226 4941 478 5026 'l‘orpens
511 4960 606 5011 ast
636 4955 875 5011 animus
903 4955 1148 5028 planctu
1177 4955 1439 5028 suspirat
1468 4955 1708 5025 acerbo,

229 5040 568 5118 Linguaque
597 5044 940 5101 raucidulos
969 5061 1178 5100 cursus
1205 5046 1335 5116 jam
1364 5044 1618 5114 gutturis
1648 5044 1819 5112 inter,

228 5130 527 5204 Desipiens
551 5133 775 5202 horret,
804 5132 1084 5201 balbutit,
1109 5132 1382 5202 blateret,
1412 5133 1612 5201 haeret,

233 5217 637 5296 Squalintique
667 5222 782 5279 situ
810 5222 910 5279 vix
930 5221 1114 5279 verba
1135 5222 1413 5279 sonantia
1442 5222 1644 5292 garrit,

230 5308 657 5385 Ingeniumque
685 5328 908 5381 socors,
936 5311 1385 5385 intellectusque
1415 5311 1691 5385 pusillus,

232 5396 480 5456 Difﬁcilis
511 5416 748 5469 sensus,
776 5401 927 5458 heul
959 5400 1321 5475 stultitiaque
1346 5400 1626 5474 repletus.

236 5486 393 5549 Quali
422 5489 615 5562 quibo
643 5490 824 5548 modo
854 5495 1096 5565 compto
1123 5506 1397 5548 sermone
1428 5489 1643 5546 referre

303 5613 412 5685 (t5)
444 5616 586 5684 Iste,
620 5621 684 5674 ut
710 5621 941 5676 constet
969 5632 1197 5675 versus.

1984 4508 2157 4576 Quod
2185 4506 2332 4564 mihi
2362 4496 2594 4564 nutanti
2623 4495 3011 4565 committitur
3046 4505 3429 4565 accumulare

1984 4597 2235 4655 Numine
2264 4595 2467 4653 divino
2493 4600 2748 4667 gestum,
2775 4602 3044 4671 nutuque
3074 4612 3335 4669 superno
3365 4596 3393 4649 ‘2

1986 4687 2096 4754 Qui
2120 4703 2230 4743 nec
2257 4686 2536 4760 privatim
2562 4703 2726 4757 casu,
2757 4703 2869 4744 nec
2897 4682 3136 4760 publice
3166 4688 3333 4754 gesta

1986 4764 2203 4832 Elicere
2226 4776 2510 4832 humanis
2540 4792 2792 4849 possum
2822 4774 3053 4845 digesta
3078 4766 3329 4829 labellis.

1987 4865 2144 4922 Ultra
2170 4881 2345 4938 posse
2378 4869 2558 4920 suum
2589 4861 2828 4936 pondus
2856 4861 3129 4934 quisquis
3157 4874 3337 4930 grave
3370 4856 3570 4928 sumit,

1988 4954 2335 5011 Ludibrium
2361 4970 2578 5027 passus
2609 4966 3049 5024 praemagnum,
3083 4945 3525 5020 ridiculumque

1986 5042 2279 5115 [mpendit
2302 5045 2489 5098 semet
2517 5041 2759 5096 ludicrae
2792 5034 3141 5108 garrulitati.

1987 5134 2152 5205 Saepe
2184 5131 2321 5187 ferae
2352 5130 2626 5187 sectatori
2649 5129 2889 5184 incauto
2920 5120 3045 5183 arte
3074 5125 3358 5194 venandi,
3390 5204 3395 5209 ι

1988 5223 2055 5275 Et
2083 5236 2192 5274 sua
2216 5214 2570 5291 pessumdat
2591 5214 2982 5290 praesumptio
3013 5218 3071 5271 et
3098 5213 3258 5272 invia
3284 5213 3421 5272 luci.

1991 5307 2081 5364 Sic
2112 5306 2245 5377 tyro
2275 5321 2554 5378 parmam
2585 5306 2777 5375 gestat
2802 5302 2940 5359 belli
2964 5302 3427 5361 monimentum.

1991 5397 2141 5452 Usus
2168 5393 2374 5451 lascivi
2402 5383 2558 5449 facili
2586 5392 2902 5449 conamine
2934 5390 3184 5465 sudans,

1991 5489 2231 5543 Extorto
2258 5484 2364 5541 sed
2390 5500 2515 5542 non
2540 5483 2697 5542 norit
2721 5488 2945 5541 certare
2974 5478 3193 5542 duello.
