4004 6178
356 152 460 204 615
1278 129 1588 187 DUDONIS
1634 128 1886 184 DECANI
1931 127 1987 183 S.
2030 126 2337 192 QUINTINI
2379 131 2859 190 VIROMAMAND.
3687 145 3803 196 διδ

357 272 492 328 Ales
520 277 834 338 nunquam
863 263 1059 316 vestra
1086 261 1243 313 totus
1273 253 1577 328 spatulum
1609 252 1721 308 sibi
1755 267 2011 318 cessum,
2051 251 2100 302 A
2205 255 2495 326 Portaque
2522 255 2775 312 difﬁcilis
2805 257 3004 325 ariete,
3039 273 3158 314 non
3190 259 3436 330 fragilis.

360 359 582 418 Praevia
610 353 705 410 cui
734 355 923 406 mater
948 349 1068 404 dux
1101 361 1225 402 non
1256 344 1447 412 fuerit,
1481 342 1792 424 resecabit.
2129 341 2467 413 Orphanus,
2500 345 2657 414 exul,
2692 345 2888 418 inops,
2918 346 3193 419 capiebat
3221 365 3399 421 opem
3432 351 3763 424 viduaeque

360 446 575 518 Ingerit
601 445 661 498 in
690 439 938 514 pelagas
969 452 1159 510 parva
1183 433 1285 506 qui
1311 433 1482 488 lintre
1515 431 1818 486 marinum
2202 431 2478 488 Solamen
2506 435 2751 500 cunctis,
2787 435 3114 507 orphanus,
3145 437 3301 506 exul,
3331 437 3524 511 in0ps.

359 539 684 591 Nautarum
715 531 907 583 semet
935 524 1222 581 doctrinm
1251 522 1497 592 ignarus
1520 523 1576 574 et
1605 519 1766 589 artis,
2127 520 2415 576 Ecclesias
2448 523 2669 591 statuit,
2703 540 2978 596 paganos
3011 525 3249 582 credere
3283 526 3440 590 fecit,

357 624 628 678 Fluctuat
656 623 758 675 aut
785 616 946 684 illuc,
978 620 1082 671 aut
1107 614 1247 683 huc,
1285 616 1389 666 aut
1420 625 1578 682 saepe
1610 612 1872 663 voratur.
2197 610 2454 666 Delubra
2474 613 2817 680 construxit,
2851 614 3126 670 ecclesias
3159 617 3376 672 statuit.

358 712 467 780 Qui
498 709 706 767 solitus
734 705 933 762 faleris
955 719 1186 773 onagro
1217 702 1342 757 sine
1376 715 1532 772 saepe
1566 699 1792 763 sedere,
2126 698 2313 755 Corde
2349 701 2530 755 Deum
2564 701 2884 757 Dominum
2916 702 3118 759 dilexit
3145 705 3390 774 viribus,
3426 712 3607 779 atque

355 800 754 872 Praecipitatur
782 810 966 866 eques
986 794 1116 864 jam
1140 792 1329 847 factus
1359 792 1619 862 praepete
1651 803 1848 842 cursu.
1894 854 1896 856 ν
2200 788 2266 841 Ut
2289 803 2349 842 se
2369 788 2779 860 propinquum
2810 791 2988 846 corde
3016 795 3201 848 Deum
3234 794 3576 850 Dominum.

358 896 485 948 Non
515 904 669 962 opus
699 886 782 940 ire
803 883 999 939 forum
1028 881 1241 936 librato
1271 878 1497 934 foenore
1529 875 1764 943 mercis,
2125 877 2290 930 Forte
2323 875 2477 932 feros
2508 877 2764 951 populos
2792 879 3049 936 violento
3075 888 3262 938 marte
3293 883 3602 952 domabat,

359 984 566 1036 Emere
595 975 698 1049 qui
727 973 894 1046 quod
923 971 1050 1027 vult
1073 970 1259 1025 nescit
1283 972 1474 1034 caute,
1518 970 1577 1022 et
1601 965 1844 1034 licitare,
2197 967 2262 1020 Et
2291 966 2686 1023 conculcabat
2713 967 2862 1024 forte
2894 969 3049 1025 feros
3079 971 3355 1044 populos.

357 1069 557 1126 Totius
587 1064 726 1122 artis
750 1063 946 1134 inops,
978 1058 1243 1124 rationis,
1274 1055 1681 1127 consiliisque.
2123 1053 2377 1121 Legibus
2408 1060 2462 1110 et
2489 1055 2744 1111 ducibus
2772 1057 2957 1112 verbo
2982 1057 3380 1131 iuduperabat
3414 1063 3528 1134 (16)
3557 1062 3807 1129 amico,

361 1160 453 1216 Sic
472 1158 533 1213 in
564 1155 867 1210 diversum
898 1166 1018 1222 prae
1050 1148 1226 1220 lapsu
1256 1145 1546 1201 scinditur
1575 1144 1762 1214 omni,
2193 1143 2420 1198 Gratior
2445 1143 2504 1199 in
2532 1161 2718 1213 regno
2744 1145 2986 1216 regibus
3015 1152 3071 1203 et
3099 1148 3373 1204 ducibus,

359 1247 469 1314 Qui
493 1242 702 1317 repetit
724 1239 891 1313 quod
921 1237 1176 1293 difﬁnire
1200 1236 1407 1308 nequit
1432 1234 1738 1290 moderate
2122 1232 2459 1288 Muneribus
2490 1233 2666 1289 variis
2696 1235 2913 1291 missos
2944 1236 3173 1293 ditabat
3198 1238 3480 1306 honores,

356 1340 676 1393 Doctorum
705 1329 822 1386 nisi
851 1327 1264 1398 doctrinaque,
1299 1325 1502 1380 favore
1527 1325 1787 1394 juvetur.
2190 1324 2294 1376 Ast
2316 1321 2572 1378 humiles
2599 1324 2817 1396 pariter
2841 1326 3192 1382 muneribus
3223 1329 3420 1384 variis.

356 1429 508 1494 Ergo
533 1438 679 1477 mete
705 1435 864 1474 nunc
891 1415 1132 1472 inscitiae
1163 1414 1440 1486 squalore
1470 1428 1792 1485 repungor,
2120 1409 2300 1466 Pallia
2329 1411 2711 1481 distribuens,
2745 1431 2982 1483 aurum,
3010 1415 3212 1488 pelles,
3247 1417 3640 1492 sonipesque,

356 1519 643 1585 ignorans
675 1524 855 1580 super
873 1509 986 1562 hoc
1016 1505 1163 1577 quid
1190 1502 2010 1573 agam,faciamve,sinamve.
2192 1502 2424 1555 Munere
2453 1501 2763 1571 largiﬂuus
2794 1503 2972 1575 pallia
3002 1505 3382 1562 distribuens.

353 1607 712 1674 Quanquam
741 1613 951 1653 sensus
977 1594 1160 1650 hebes
1183 1591 1454 1662 genuinae
1491 1590 1870 1661 garrulitatis,
2055 1602 2094 1655 Β
2126 1589 2450 1645 Indomitas
2482 1594 2670 1647 Dacos
2700 1593 2897 1648 verbis
2923 1593 3237 1651 blandibat
3265 1597 3493 1668 amicis,

353 1689 650 1749 Thematis
675 1684 1009 1758 intepidum
1039 1681 1398 1754 quidquam,
1443 1680 1787 1748 infacetum,
1838 1678 2012 1734 inho-
2195 1679 2577 1751 Austerisque
2606 1697 2886 1752 premens
2916 1682 3360 1756 indomitosque
3385 1689 3596 1742 Dacos.

1728 1768 2008 1839 [nestum,
2122 1767 2356 1823 Ordinis
2388 1774 2566 1841 atque
2596 1770 2818 1840 gradus
2839 1772 3023 1828 nostri
3045 1773 3228 1828 decus
3250 1790 3427 1831 omne
3447 1793 3553 1848 per
3577 1793 3800 1851 omne,

355 1872 608 1941 Digerat,
643 1863 900 1921 auctoris
930 1860 1150 1916 nullius
1182 1858 1392 1914 robore
1423 1858 1630 1915 fretus.
2189 1861 2270 1912 Ac
2301 1858 2749 1915 ﬁrmamentum
2780 1860 3005 1916 ordinis
3036 1867 3214 1935 atque
3242 1864 3487 1933 gradus.

353 1957 680 2029 Aggrediar
703 1957 910 2026 potero
941 1948 1256 2022 quidquid,
1285 1947 1623 2019 faciamque
1645 1951 1902 2019 meapte,
2120 1945 2396 2018 Alloquio
2426 1947 2694 2019 celebris,
2719 1949 3007 2005 virtutum
3034 1951 3331 2022 agalmate
3362 1954 3626 2026 pinguis,

353 2048 567 2103 Fidens
596 2045 656 2099 in
692 2040 942 2097 Domino
968 2037 1267 2093 mundum
1298 2036 1519 2091 ditione
1545 2041 1802 2106 regente,
2188 2038 2528 2092 Mansuetus
2560 2037 2764 2106 verbo,
2798 2038 3060 2111 alloquio
3092 2041 3362 2097 celebris,

355 2132 656 2207 Quidquid
684 2130 813 2186 vult
837 2128 1058 2184 faciens
1088 2125 1258 2194 coelo,
1287 2130 1581 2197 terraque,
1614 2124 1887 2196 marique
2117 2125 2496 2181 Causidicum
2525 2132 2809 2198 superant
2833 2128 2964 2198 ejus
2996 2145 3091 2184 me
3120 2145 3282 2186 nunc
3314 2131 3636 2203 bonitates,

352 2224 582 2282 Rudere
612 2222 962 2277 consuetam
993 2215 1164 2288 plene
1191 2215 1363 2270 edere
1394 2214 1574 2269 verba
1605 2214 1816 2284 coegit,
2187 2219 2377 2287 Atque
2406 2215 2714 2272 facultates
2757 2217 3128 2274 causidicum
3159 2227 3461 2292 superant.

355 2312 696 2383 Sessorique
728 2324 836 2363 suo
867 2305 1106 2361 alterius
1129 2304 1417 2376 profarier
1443 2304 1612 2372 orsis,
2115 2305 2427 2358 Permanet
2450 2303 2738 2360 indicium
2769 2305 2925 2361 illius
2957 2323 3162 2362 verum
3194 2309 3522 2380 probitatis,

351 2405 603 2472 Postque
635 2393 1028 2468 sepulcralem
1059 2395 1339 2447 Lazarum
1380 2391 1666 2447 recreavit
1692 2393 2005 2460 honorem,
2191 2391 2370 2460 Signa
2394 2397 2451 2447 et
2478 2392 2674 2448 adhuc
2701 2394 2960 2461 rutilant,
2996 2397 3303 2467 permanei
3334 2397 3645 2454 indicium.

353 2493 418 2546 Et
447 2487 628 2544 voluit
655 2485 926 2540 functum
951 2485 1085 2554 post
1116 2481 1295 2535 funus
1317 2496 1549 2535 currere
1571 2480 1790 2535 vivum.
2116 2481 2388 2554 Amplius
2421 2481 2684 2554 eloquar.
2723 2499 2799 2540 an
2832 2484 3036 2540 sileam
3061 2502 3193 2558 quae
3222 2493 3392 2554 gesta
3421 2487 3730 2556 videntur,

350 2582 485 2635 Post
514 2574 692 2630 subiit
721 2571 933 2627 vexilla
963 2570 1173 2635 crucis,
1200 2569 1620 2641 mundumque
1650 2569 1917 2626 redemit.
2186 2569 2472 2638 Tempore
2507 2572 2754 2624 venturo
2789 2569 3055 2642 eloquar,
3089 2577 3192 2626 aut
3222 2570 3429 2627 sileam
3459 2575 3484 2628 '2

352 2667 594 2738 Suscipe
625 2667 790 2733 gesta
815 2661 897 2717 tui
924 2658 1154 2733 proavi,
1186 2659 1403 2731 praesul
1430 2659 1764 2729 recolende,
2115 2655 2338 2711 Garriet
2367 2672 2501 2710 ecce
2531 2673 2702 2712 meus
2733 2658 2948 2728 poterit
2974 2674 3351 2731 quaecunque
3382 2659 3623 2729 relatus,

423 2759 486 2811 Et
512 2750 824 2824 locupletis
860 2748 953 2805 avi
987 2747 1222 2820 suscipe
1253 2752 1418 2818 gesta
1449 2748 1550 2803 tui.
2184 2747 2606 2817 Tractatusque
2627 2745 2803 2800 simul
2824 2747 3040 2816 garriet
3060 2763 3196 2803 ecce
3223 2765 3411 2804 meus.

348 2843 498 2909 Quin
528 2841 703 2897 etiam
739 2837 962 2893 meritis
994 2835 1179 2908 patris
1212 2852 1390 2908 super
1416 2837 1636 2892 aethera
1666 2853 1810 2907 non,
2112 2835 2262 2890 Voce
2287 2834 2487 2890 boabo
2514 2835 2793 2902 fremens,
2822 2836 3160 2892 vehementi
3199 2837 3376 2894 corde
3416 2843 3789 2909 retractans,

419 2928 722 3001 Participis
750 2926 976 2982 Christo
1006 2925 1152 2997 quin
1182 2924 1361 2980 etiam
1398 2925 1641 2982 meritis.
2043 2951 2082 3004 ρ
2185 2924 2326 2987 Quae
2356 2922 2550 2978 retulit
2578 2922 2781 2978 vivens
2813 2940 2958 2980 voce
2989 2923 3191 2980 boabo
3222 2925 3498 2982 fremens.

347 3021 505 3077 Illius
531 3023 708 3091 atque
728 3015 902 3072 bonis
929 3014 1198 3070 animum
1223 3014 1477 3087 depasce
1508 3014 1802 3085 benignis,
2113 3013 2155 3068 Ο
2187 3012 2547 3082 venerande,
2580 3012 2695 3084 pie,
2719 3013 3053 3083 recolende,
3086 3016 3343 3072 verende
3369 3021 3648 3088 patrone,

421 3112 643 3164 lnstrue
673 3110 728 3161 te
759 3118 1040 3159 exercens
1069 3101 1223 3157 illius
1253 3107 1431 3175 atque
1460 3103 1657 3158 bonis.
2184 3102 2399 3173 Praequ
2432 3103 2724 3169 Rotbcrte,
2758 3119 2794 3158 ο
2823 3103 3137 3160 recolende
3164 3104 3276 3177 pie.

346 3195 613 3274 Miriﬁcos
643 3192 910 3250 recolens
943 3195 1109 3246 actus
1143 3206 1420 3247 sermone
1441 3196 1713 3262 retracta,
2112 3194 2497 3247 Immemores
2518 3191 2704 3263 patris
2727 3196 2783 3247 et
2805 3209 3103 3248 memores
3121 3198 3383 3250 scrutare
3407 3194 3762 3269 triumphos

415 3285 762 3355 Aﬂ‘atusque
794 3297 934 3336 suos
961 3279 1244 3335 mirificos
1271 3279 1555 3336 recolens.
2181 3285 2358 3335 Actus
2387 3280 2664 3352 pcrquire
2687 3280 3192 3354 immemoresque
3213 3283 3418 3355 patris.

346 3380 407 3432 Et
438 3389 728 3440 memora,
761 3385 1033 3426 memora
1062 3384 1277 3424 causas
1304 3370 1432 3440 ejus
1454 3371 1901 3440 memorandas,
2109 3370 2521 3442 Exhibeasque
2549 3370 2734 3442 patris
2756 3369 2926 3426 dictis
2957 3375 3138 3428 temet
3162 3372 3520 3438 reverendis,

415 3465 598 3534 Digne
628 3477 764 3534 quae
796 3459 975 3529 gessit
1002 3474 1163 3513 nunc
1195 3474 1484 3527 memora,
1517 3476 1808 3517 memora.
2180 3459 2363 3514 Factis
2392 3463 2447 3514 te
2474 3459 2791 3532 speculans
2820 3459 3225 3534 exhibeasque
3257 3462 3429 3534 patri.

342 3554 575 3611 Nisibus
601 3549 832 3606 eximiis
861 3549 990 3618 ejus
1022 3547 1400 3603 reminiscere
1427 3566 1686 3616 morum,
2105 3548 2425 3604 Subveniat
2443 3547 2662 3618 jugiter
2693 3562 2955 3620 praesens
2976 3548 3166 3605 oratio
3189 3549 3372 3622 patris

411 3647 600 3713 Atque
628 3637 942 3694 recordare
972 3635 1202 3691 nisibus
1229 3637 1479 3692 eximiis.
2177 3640 2436 3708 Vetaque
2467 3636 2750 3691 continua
2782 3635 3147 3693 subveniant
3165 3638 3403 3708 jugiter.

341 3729 693 3802 Legitimum
723 3726 903 3796 hujus
928 3740 1082 3796 opus
1113 3724 1380 3793 relegens
1411 3726 1640 3782 imitare
1669 3727 1937 3796 libenter,
2106 3726 2148 3780 Ο
2180 3725 2411 3779 utinam
2439 3723 2660 3791 valeas,
2693 3725 2914 3794 vigeas,
2946 3742 3054 3798 per
3079 3726 3236 3782 secla
3257 3730 3548 3798 potenter,

413 3823 477 3876 Et
505 3818 720 3873 rimare
750 3813 997 3870 studens
1021 3813 1354 3883 legitimum
1388 3815 1568 3886 hujus
1603 3833 1777 3890 opus.
2174 3814 2321 3881 Cum
2352 3812 2584 3868 Christo
2617 3829 2896 3883 regnans,
2928 3830 2963 3869 ο
2994 3814 3224 3871 utinam
3259 3816 3463 3884 vigeas
3495 3816 3508 3870 1

339 3909 459 3966 Scis
485 3906 628 3980 quia
648 3908 844 3960 castra
877 3903 974 3958 Dei
1007 3919 1244 3975 semper
1272 3903 1592 3960 recolendo
1624 3905 1953 3974 adamavit,
2103 3902 2276 3958 Elisio
2305 3917 2555 3957 maneas
2585 3918 2801 3974 campo
2831 3907 3000 3974 patre
3029 3920 3166 3960 cum
3196 3904 3550 3976 reverendo,

405 3995 613 4053 Dilexit
640 4007 933 4049 venerans
960 3991 1074 4047 scis
1105 3991 1249 4064 quia
1275 3997 1475 4049 castra
1505 3993 1622 4050 Dei.
2174 3990 2460 4063 Empireaa
2490 3990 2694 4062 patriae
2719 3991 2898 4048 Elisio
2928 4009 3198 4050 maneas.

333 4086 522 4143 Ariete
549 4099 670 4140 non
698 4081 921 4151 fragilis
955 4081 1159 4153 patriae
1189 4097 1402 4138 murus
1432 4082 1542 4138 fuit
1566 4083 1714 4157 ipse,

956 4243 1223 4298 VERSUS
1261 4245 1354 4298 AD
1396 4246 1700 4303 COMITEM
1740 4245 2120 4302 RODULFUM
2160 4241 2372 4298 HUJUS
2413 4241 2658 4296 OPERIS
2697 4242 3136 4299 RELATOBEM.

331 4365 525 4421 Virtus
555 4369 611 4421 et
638 4378 862 4419 nomen
892 4363 1136 4434 vulgata
1163 4367 1428 4437 potentia
1457 4368 1685 4440 passim
2101 4365 2198 4422 Sol
2216 4363 2376 4419 velut
2389 4363 2550 4418 hunc
2566 4363 3123 4431 mundum,refoves
3137 4364 3219 4420 sic
3233 4365 3477 4422 sirmate
3489 4373 3772 4425 cunctos.

329 4454 726 4523 Flammigero
757 4452 921 4522 regni
954 4453 1299 4509 substractis
1322 4457 1502 4512 crevit
1520 4457 1582 4511 in
1605 4457 1771 4529 orbe,
2095 4453 2257 4511 Nilus
2282 4461 2347 4509 ut
2375 4455 2715 4525 Egyptum,
2745 4469 2980 4510 recreas
3007 4453 3091 4510 sic
3122 4454 3306 4512 corda
3336 4459 3602 4512 tuorum.

330 4546 555 4602 Cedant
577 4543 828 4599 convicti
857 4543 1087 4598 comitis
1112 4544 1408 4616 probitate
1441 4547 1693 4604 Rodulﬁ.
2094 4545 2168 4598 Te
2201 4541 2371 4597 tellus
2397 4540 2640 4596 rutilum
2671 4542 2885 4598 meruit
2915 4543 3383 4598 Northmannica
3411 4543 3646 4600 lumen.

328 4634 443 4690 lllis
475 4633 821 4691 consulibus
848 4635 1154 4688 Romanus
1186 4633 1386 4689 calluit
1407 4635 1590 4705 orbis,
2096 4629 2388 4701 Splendor
2420 4629 2640 4701 ubique
2672 4630 2988 4703 micas,qui
3010 4631 3206 4686 cordis
3231 4630 3519 4705 lampade
3543 4633 3774 4705 fulges.

327 4727 492 4780 Nunc
519 4724 962 4780 Northmannus
988 4739 1141 4795 apex
1173 4725 1401 4778 RICARDI
1429 4724 1667 4780 culmen
1711 4727 1980 4796 honoris,
2092 4718 2471 4790 Archipatres
2499 4717 2679 4789 prisci
2700 4719 2936 4790 pariter.
2969 4735 3370 4792 proceresque
3400 4721 3712 4796 moderni,

323 4814 523 4870 Totius
550 4815 717 4883 regni
745 4811 948 4881 virtus,
974 4812 1156 4866 decus
1187 4815 1367 4884 atque
1392 4818 1676 4885 potestas,
2093 4806 2308 4878 Scipio,
2343 4806 2800 4878 Pompeiusque,
2834 4810 2974 4864 Cato
3003 4809 3139 4880 quis
3173 4809 3363 4879 gloria
3395 4813 3626 4879 Romae,

323 4904 582 4962 Moribus
615 4907 673 4958 et
701 4903 922 4958 meritis
954 4906 1188 4958 mactus
1220 4905 1473 4958 Bonum:
1501 4904 1799 4976 benignis,
2090 4894 2470 4964 Magniﬁcum
2498 4895 2701 4963 decus:
2731 4897 3053 4969 imperium
3089 4897 3540 4972 dominansque
3586 4917 3776 4958 com-

323 4992 683 5049 Ritribuente
715 4992 889 5060 viget,
925 4991 1107 5057 timet,
1142 4996 1320 5064 atque
1352 4995 1663 5067 superstite
1693 4997 1893 5069 pollet,
3542 4989 3771 5059 [Scum.

320 5081 672 5155 Praepollens
703 5081 989 5151 gravitate
1019 5080 1204 5137 animi
1230 5081 1546 5156 cordisque
1576 5086 1878 5156 profundi.

2092 5073 2136 5127 Ο
2169 5070 2330 5126 Felix
2368 5071 2626 5138 animus,
2654 5073 2860 5145 patriae
2889 5074 2994 5145 qui
3021 5074 3281 5131 consulis
3310 5080 3501 5144 actus,

322 5172 432 5226 Ore
459 5170 644 5226 salem
675 5169 876 5224 fundis
908 5169 1209 5242 tranquilli
1235 5171 1509 5243 pectoris,
1533 5172 1694 5229 almo
2088 5159 2388 5215 ΑΠΧῘῙῙΙΠΠ
2416 5161 2606 5232 regni;
2636 5159 3108 5231 ﬁrmamentum:
3141 5164 3328 5220 decus
3355 5170 3539 5238 atque

322 5261 391 5313 Ut
417 5259 552 5313 salis
587 5258 750 5313 unda
781 5259 966 5329 cibos,
1001 5259 1085 5315 sic
1118 5276 1328 5315 sensus
1361 5266 1417 5316 tu
1451 5278 1693 5335 quoque
1743 5267 1973 5325 condis.
2088 5250 2268 5319 cuius
2295 5266 2428 5321 (Ιυδθ
2459 5255 2737 5306 constant
2761 5251 2913 5306 libro
2936 5252 3050 5308 hoc
3080 5253 3418 5325 conscripta
3450 5255 3673 5324 Γθιαιιιι

319 5346 507 5401 Radix
538 5346 764 5402 consilii
786 5348 1026 5404 fecundi
1053 5350 1308 5404 nectaris
1341 5367 1509 5409 urna,
2087 5338 2311 5406 Digessi
2340 5340 2644 5406 attonitus,
2675 5341 2983 5409 tremulus,
3017 5341 3224 5411 hebes,
3259 5343 3497 5411 anxius,
3528 5361 3768 5420 anceps

316 5434 502 5490 Vivax
530 5434 792 5506 ingenio,
824 5435 980 5491 mitis
1012 5437 1285 5492 rutilante
1321 5437 1579 5511 loquela.
2088 5425 2171 5481 Sit
2200 5427 2300 5482 tibi
2331 5445 2604 5484 summus
2635 5430 2828 5485 honor
2847 5431 3070 5487 Christo
3094 5436 3379 5501 regnante
3401 5449 3508 5505 per
3525 5451 3761 5494 avum.

2082 5514 2329 5588 Vitaque
2361 5519 2433 5574 sit
2462 5534 2724 5590 praesens
2757 5537 2895 5576 cum
2926 5521 3143 5578 sanctis
3175 5527 3356 5594 atque
3392 5523 3612 5582 futura.

385 5596 499 5666 (l6)
541 5595 630 5653 Sic
658 5595 824 5669 apud
849 5598 993 5652 Enn.
