4004 6178
211 136 308 194 617

1160 132 1249 186 DE
1275 129 1508 187 GESTIS
1539 125 2005 185 ΝΟΒΜΑΝΝΙΑΞ
2040 130 2293 191 DUCUM
2324 137 2501 194 LIBRI
2531 140 2721 198 TRES.

1252 282 1406 338 ITEM
1434 280 1525 335 AD
1556 276 1967 341 ROBERTUM
2015 279 2639 345 ARCHIEPISCOPUM.

270 485 497 544 Praesul
524 484 861 558 praecipue,
895 487 1071 555 atque
1100 482 1451 550 venerande,

273 577 532 635 Culmen
563 573 969 644 magnificum
1002 571 1407 641 ecclesiarum,

275 671 575 726 Summus
608 670 820 720 noster
848 664 1060 732 honor,
1089 667 1287 719 noster
1316 667 1372 718 et
1399 661 1567 732 altor,

277 761 554 830 Luxque,
589 754 830 823 insigne
861 752 1065 819 decus,
1098 751 1281 821 digna
1303 750 1581 825 salusque

271 845 466 903 Nostri
501 849 717 900 sancte
744 842 989 912 gradus,
1024 840 1247 896 ordinis
1277 845 1518 897 auctor:

276 938 423 1003 Quae
457 935 703 1005 digesta
729 948 887 997 meo,
921 930 1180 1001 suscipe,
1210 946 1409 985 sensu.

280 1030 468 1085 Sacra
495 1030 682 1093 tange
716 1037 904 1077 manu
935 1036 1069 1092 quae
1100 1019 1224 1075 fero
1256 1019 1529 1092 supplex,

278 1116 650 1186 lntemptata
682 1109 819 1165 sciis
844 1110 863 1130 '
894 1106 1301 1179 grammaticae
1330 1107 1470 1164 artis
1495 1125 1508 1162 :

279 1208 366 1261 Ae
389 1204 617 1260 rimare
648 1200 860 1269 legens
887 1213 1145 1269 quaeque
1174 1201 1437 1268 peracta,

280 1296 428 1361 Quae
458 1309 576 1348 nos
603 1288 801 1346 dulcis
830 1303 1021 1356 amor,
1051 1302 1315 1359 curaque
1343 1301 1583 1342 summa

281 1384 473 1441 Patris
499 1379 818 1455 praecipui,
852 1382 909 1432 et
935 1376 1145 1443 dulcis,
1175 1375 1339 1443 almi,

283 1472 480 1545 Magni
510 1468 773 1537 Patricii,
797 1470 853 1523 et
879 1464 1189 1521 reverendi

284 1560 525 1621 Ricardi
550 1555 809 1615 celebris
838 1553 969 1609 orbi
996 1552 1243 1609 labanti.

285 1657 526 1709 Eterna
554 1646 778 1721 patria,
805 1644 939 1715 jure
964 1640 1244 1715 potentis,

287 1743 661 1811 Quanquam
695 1737 790 1789 sat
816 1730 1091 1798 breviter,
1124 1728 1380 1785 scribere
1410 1727 1564 1784 fecit.

288 1829 404 1896 Qui
432 1826 703 1884 bonitate
731 1821 937 1878 cluens
967 1824 1023 1876 et
1050 1819 1286 1893 pietate,

292 1915 688 1992 Simplicitate
721 1910 929 1967 valens
950 1914 1005 1965 et
1029 1907 1344 1982 probitate,

293 2009 551 2078 Fulgens
576 2001 812 2077 judicio
832 1998 1201 2072 justitiaque,

294 2104 501 2169 Begno
534 2091 913 2168 splendidior
942 2088 1142 2144 ﬂoruit
1164 2087 1297 2156 isto,

294 2188 490 2259 Magni
520 2180 808 2243 Clotharii
841 2184 1107 2251 tempore
1134 2176 1288 2246 regis

296 2275 695 2350 Hugonisque
725 2269 917 2335 ducis,
949 2270 1159 2340 postea
1183 2265 1337 2337 regis
1363 2283 1376 2320 :

299 2368 481 2439 Cujus
507 2362 692 2421 corde
725 2374 934 2430 sagax,
964 2359 1283 2427 menteque
1313 2355 1575 2427 prudens

300 2459 609 2529 Expensas
638 2462 934 2511 memora,
962 2443 1257 2515 factaque,
1287 2442 1464 2499 dicta.

216 2534 223 2537 ’
301 2549 473 2603 Recte
493 2557 620 2616 quo
643 2539 819 2595 valea
848 2531 1231 2607 aequiparari.

301 2635 490 2703 Digne
520 2625 819 2687 consimili
846 2624 977 2696 jam
1007 2620 1271 2677 bonitate

300 2727 447 2780 Tam
472 2720 661 2790 digno
689 2712 913 2781 comiti,
946 2715 1191 2783 tamque
1223 2708 1457 2777 celebri,

301 2818 447 2871 Tam
474 2812 780 2883 justoque,
811 2804 999 2871 bono,
1030 2804 1275 2871 tamque
1304 2798 1597 2866 modesto,

302 2908 451 2961 Tam
473 2904 703 2965 sancto,
735 2895 856 2969 pio,
888 2898 1137 2963 tamque
1164 2888 1435 2958 colendo,

303 2994 469 3048 Iuste
498 3003 624 3062 quo
655 2983 888 3052 fruitur,
921 2983 1103 3052 atque
1133 2976 1309 3049 potiri

304 3081 375 3136 In
406 3081 631 3135 ecetum
658 3086 947 3146 superum
979 3067 1184 3139 ireque
1215 3065 1441 3132 dexter,

306 3176 517 3241 Agnus
549 3161 874 3222 candidulo
902 3156 1118 3214 vellere
1145 3154 1411 3228 pulcher,

305 3262 330 3316 τι
340 3261 559 3315 unctus
584 3250 863 3311 coelicolis
890 3262 1045 3323 pace
1074 3243 1341 3318 perenni.

384 3341 753 3403 Pontiﬁcalis
784 3353 941 3412 apex
978 3338 1036 3391 et
1064 3334 1278 3403 honor,

311 3433 587 3497 Culmine
612 3428 919 3506 prmeipuo
948 3422 1231 3490 renitens,

1926 446 1994 496 Α

240 3622 470 3682 Ρτωειι]
498 3617 781 3687 amande,

244 3717 313 3771 Et
336 3708 667 3769 reverende

244 3804 314 3858 Et
343 3796 685 3865 recolende,

245 3894 439 3962 Atque
470 3882 779 3944 tremende
804 3899 818 3949 ;

246 3980 486 4035 Onoma
517 3975 690 4044 cujus

246 4068 372 4123 Hoc
400 4078 649 4138 quoque
678 4062 936 4116 metrum

246 4159 378 4214 Non
403 4153 569 4226 capit
597 4163 879 4222 usquam,

247 4244 369 4303 Nisi
393 4241 712 4313 redempta

246 4333 467 4390 Littera
493 4328 649 4386 desit

246 4420 631 4478 Miriﬁcarum

243 4507 694 4580 Prosapiarum.

248 4600 433 4655 Gesta
462 4600 703 4651 tuorum

252 4684 511 4757 Suscipe
538 4685 799 4755 patrum.

249 4773 470 4842 Patris,
498 4770 733 4843 avique,

253 4865 362 4921 Sat
388 4859 674 4918 bonitatis

255 4954 418 5008 Luce
446 4946 742 5014 micantis,

254 5042 430 5098 Nunc
457 5035 808 5110 proavique,

255 5132 285 5185 J
291 5144 396 5185 am
419 5121 815 5183 memorando

258 5218 410 5284 Quae
439 5215 605 5271 bona
632 5210 887 5285 quisque

261 5304 422 5363 Fecit
449 5303 513 5359 in
541 5300 708 5368 orbe,

259 5394 394 5449 Vita
422 5392 723 5463 superstes

263 5484 425 5539 Dum
451 5476 745 5549 vegetavit

265 5568 495 5628 Fomite
521 5581 713 5632 sacro,

560 5676 801 5729 PATROL.
850 5672 1025 5730 CXLI.

1426 3611 1615 3681 Atque
1648 3608 1875 3665 salubri

1429 3695 1684 3753 Somatis
1714 3700 1897 3753 artus.

1428 3787 1696 3856 Namque
1721 3782 1987 3840 verenda

1429 3872 1826 3929 Eeelesiarum

1428 3960 1804 4019 Miriﬁcarum

1429 4049 1703 4109 Culmina
1732 4048 1961 4118 fulgent
1984 4066 1997 4104 :

1429 4140 1591 4205 Quas
1621 4142 1792 4210 pater
1820 4136 1966 4193 olim

1431 4228 1741 4286 Schemate
1769 4226 2023 4299 pulchro

1428 4315 1782 4374 Ediﬁcavit.

1431 4405 1574 4473 Quis
1606 4404 1765 4461 valet
1788 4403 1918 4475 ejus

1432 4498 1658 4553 Cuncta
1689 4492 1887 4549 videre

1433 4585 1576 4651 Quae
1605 4583 1770 4640 bona
1799 4581 1956 4650 fecit,

1433 4671 1622 4731 Corde
1648 4670 1875 4741 sagaci,

1432 4764 1737 4833 Menteque
1767 4774 1922 4832 pura
1943 4758 1973 4814 ?

1434 4849 1637 4908 Martia
1656 4864 1840 4922 quem
1866 4862 2030 4904 nunc

1435 4938 1687 4996 Francia
1713 4937 1931 5011 plorat,

1437 5031 1505 5084 Et
1533 5026 1719 5099 gemit
1748 5025 1906 5093 Elus,

1438 5117 1632 5189 Ejulat
1650 5120 1831 5188 atque

1437 5209 1615 5265 Morte
1646 5203 1909 5275 lugubri,

1438 5299 1628 5368 Atque
1657 5291 1965 5360 merenda,

1440 5385 1685 5454 Heuque
1707 5378 1989 5437 dolenda.

1441 5473 1677 5527 Munere
1708 5470 1882 5541 cujus

1444 5561 1586 5626 Quae
1618 5558 1935 5632 locuplete,

2104 483 2289 542 Gloria
2325 488 2672 560 pontiﬁcum
2696 490 2922 557 merita,

2100 572 2299 631 Pastor
2326 577 2522 649 opime
2553 577 2744 648 gregis
2775 578 3042 648 Domine,

2092 663 2336 720 Paciﬁca
2362 666 2573 739 pietate
2609 666 2830 734 calens,

2091 752 2300 809 Ofﬁciis
2324 770 2607 825 generose
2630 756 2763 829 piis,

2083 841 2349 898 Εοοιεείεε
2381 844 2623 916 ordinis,
2657 848 2835 916 atque
2866 841 3090 914 gradus

2079 930 2298 1000 Palma,
2326 933 2648 1007 decusque,
2678 933 2969 1005 fidesque,
2998 931 3181 1001 salus,

2077 1020 2551 1096 Christicolasque
2583 1027 2764 1096 caput
2789 1021 3017 1095 populi,

2072 1111 2390 1180 Egregium
2419 1111 2707 1168 auxilium
2740 1110 2967 1183 patriae,

2069 1199 2166 1255 Vir
2194 1200 2554 1268 venerande,
2588 1216 2755 1257 sacer
2784 1198 3030 1268 meritis,

2068 1288 2339 1359 Belligeri
2366 1290 2587 1361 egregii
2618 1290 2848 1363 proavi,

2068 1379 2343 1451 Martyrio
2372 1380 2649 1435 micantis
2679 1380 2796 1449 avi,

2069 1468 2390 1525 Praedulcis
2422 1469 2744 1542 eximiique
2774 1470 2980 1543 patris,

2070 1558 2315 1627 Ingenio
2343 1563 2605 1615 reserata
2628 1575 2782 1615 meo.

2069 1642 2368 1699 Thematis
2397 1642 2605 1698 ordine
2632 1643 2887 1715 prosaici

2075 1731 2407 1803 Stultilogo,
2442 1731 2799 1805 stolidoque,
2834 1731 3067 1801 hebete,

2075 1822 2286 1893 Inscia,
2318 1821 2522 1894 inepta
2552 1822 2828 1894 videque,
2857 1837 3025 1894 cape.

2074 1911 2306 1967 Materie
2336 1910 2630 1967 ﬂuitanda
2662 1927 2794 1980 sua,
2900 1902 2903 1907 ’

2078 1999 2304 2071 Dulcia,
2336 1998 2646 2067 muniﬁca,
2681 2005 2736 2056 et
2767 1999 3028 2073 stupida,

2079 2090 2342 2159 Famine,
2375 2088 2637 2145 veridico
2669 2089 2955 2162 alloquio,

2080 2181 2253 2237 Gesta
2279 2179 2507 2249 legens,
2536 2179 2885 2252 replicando
2916 2178 3042 2245 diu,

2081 2269 2222 2334 Quae
2250 2267 2416 2323 bona
2440 2268 2742 2340 repperies
2773 2282 3067 2325 memora.

2081 2358 2274 2426 Fruge
2306 2354 2612 2411 salutifera
2644 2361 2914 2424 segetum

2082 2447 2261 2501 Pasce
2291 2444 2685 2516 animumque
2715 2449 2908 2512 tuum,
2937 2442 3030 2498 his
3056 2442 3247 2516 epulis

2079 2532 2318 2588 Talibus
2348 2531 2572 2586 instrue
2599 2547 2819 2605 corque
2853 2536 3045 2597 tuum,

2080 2621 2325 2677 Actibus
2357 2620 2681 2693 aequiparis
2713 2621 2911 2676 valeas

2084 2715 2330 2771 Currere
2360 2727 2501 2768 cum
2528 2711 2759 2768 seniore
2786 2713 2933 2779 viro,

2083 2804 2232 2860 Cum
2263 2805 2455 2874 patre,
2486 2816 2625 2857 cum
2656 2801 2920 2873 genitore
2951 2816 3145 2857 sacro.

2084 2889 2301 2960 Gloria,
2332 2888 2475 2962 vita,
2506 2882 2691 2959 Salus,
2724 2889 3014 2963 probitas,

2086 2978 2316 3051 Sospite
2346 2993 2616 3051 corpore,
2649 2978 2795 3051 quin
2829 2979 3034 3035 animo

2084 3069 2290 3137 Longa
2317 3081 2425 3139 per
2453 3066 2844 3122 innumerum
2874 3066 2981 3123 tibi
3012 3066 3102 3123 sit.

2082 3156 2344 3229 Postque
2375 3154 2538 3211 necis
2563 3155 2818 3226 lugubre
2851 3156 3151 3213 excidium
3250 3186 3263 3195 -

2086 3244 2264 3301 Elisia
2292 3243 2479 3317 patris
2510 3244 2715 3315 vigeas

2083 3332 2451 3406 Participans
2480 3339 2767 3385 ΘΗΩΘΗΝ
2796 3338 3228 3385 ΩΥΡΑΝΥΚΑΜ.

2614 3609 2684 3666 Se
2718 3607 3113 3665 exhilaranda

2611 3696 2996 3753 Ltetiﬁcabat.

2608 3790 2656 3841 A
2686 3802 2831 3843 nece
2856 3787 3029 3857 cujus

2610 3874 2769 3929 Ordo
2800 3889 3112 3929 sacrarum

2610 3960 3030 4028 Ecclesiarum,

2609 4050 2753 4113 Qute
2777 4048 3105 4115 refovebat,

2609 4135 2909 4191 Multimod
2919 4150 3094 4192 arum

2611 4224 3038 4295 Congerierum

2611 4316 2848 4371 Munere
2878 4328 3072 4383 sacro,

2610 4401 2840 4459 Fomite
2868 4407 3097 4471 sancto,

2614 4489 3063 4564 Colloquioque.

2610 4579 2809 4636 Tristis
2837 4578 3112 4646 habetur,

2615 4667 2768 4734 Quin
2793 4666 3116 4723 viduarum

2612 4756 2809 4813 Turba
2836 4759 3189 4827 vagantum,

2615 4844 2783 4909 Exul,
2814 4844 3133 4915 inopsque,

2616 4933 3041 5003 Esuriensque,

2617 5022 2729 5089 Qui
2759 5020 2906 5090 sitis,
2939 5023 3118 5091 atque

2617 5113 2770 5166 Luce
2796 5106 3032 5181 privati,

2617 5196 3017 5269 Consilioque,

2529 5285 2539 5293 ³
2618 5287 2906 5356 Vesteque
2930 5280 3080 5338 nudi

2620 5372 2857 5441 Frigore
2887 5368 3097 5443 pressi,

2626 5465 2691 5517 Et
2717 5460 2814 5516 lue
2838 5459 3020 5533 pleni,

2627 5551 2798 5608 Dives
2824 5550 2885 5606 in
2910 5549 3077 5605 omni

3562 144 3664 199 618
