4002 6186
351 153 453 205 619

350 274 417 327 Et
441 265 805 339 locupletum

347 357 542 415 Turba
573 355 872 409 bonorum

347 451 536 518 Atque
561 440 881 503 malorum,

346 527 702 592 Pontiﬁcalis

349 622 595 680 Culmen
621 612 890 680 honoris,

348 714 487 779 Rex,
519 715 937 781 proceresque,

347 803 603 862 Graecus,
637 798 694 850 et
724 790 924 857 Indus,

346 887 558 954 Frisso,
587 882 865 952 Britoque

347 980 563 1042 Dacus,
595 975 651 1027 et
678 967 927 1038 Anglus,

349 1067 575 1128 Scotus,
611 1058 829 1113 Hibern
839 1071 927 1123 us,

349 1151 548 1209 Clerus
576 1145 746 1203 herili

349 1241 513 1296 Sorte
539 1235 790 1297 dicatus,

348 1326 504 1384 Ordo
534 1320 855 1380 verendus,

345 1414 594 1471 Pulcher
628 1413 807 1478 Eous,

347 1501 785 1571 Occiduusque,

345 1595 533 1664 Atque
567 1584 870 1644 Sicamber

344 1678 613 1749 Belliger,
647 1688 804 1736 acer,

1527 249 1706 313 Flevit
1735 263 1959 314 amare,

1525 337 1745 395 Praasul
1773 335 1995 408 opime,

1524 520 1714 588 Atque
1744 528 2036 569 cacumen

1527 608 1649 660 Lux
1680 602 2056 675 generisque,

1525 691 1946 762 Progenierum

1530 782 1690 837 Altus
1721 794 2013 849 amorque

1523 868 1904 936 Pontiﬁcalis,

1523 962 1689 1015 Nunc
1718 956 1948 1012 imitare
1974 973 1985 1010 :

1524 1051 1589 1102 Et
1617 1062 1792 1119 prece
1820 1059 2033 1117 prona,

1524 1136 1711 1193 Corde
1738 1134 2008 1202 subacto,

1524 1228 1830 1296 Menteque
1860 1210 2051 1295 pura,

1526 1312 1755 1369 Viribus
1781 1311 1977 1380 almis,

1527 1400 1781 1458 Sedulus
1808 1414 1916 1455 ora
1939 1416 1951 1454 :

1523 1492 1654 1555 Quo
1682 1488 2038 1561 requiescat,

1522 1581 1672 1634 Pace
1698 1576 1973 1643 fruendo,

1523 1662 1645 1712 Axe
1675 1671 1957 1729 superno,

1337 94 1643 189 υυοοιιυὲ
1668 126 1925 187 οΕαΑΝι
1957 123 2012 179 s.
2040 121 2347 188 QUINTINI
2380 122 2762 181 VIROMAND.

1526 428 1792 492 Culmen,
1821 440 2117 497 apexque,

3669 123 3784 179 820

2700 249 2906 313 Agnus
2938 246 3152 315 eatque

2704 336 2935 401 Dexter,
2963 331 3235 399 ovando,’

2706 421 2937 477 Velleris
2968 421 3110 492 albi,

2701 513 2784 566 Tu
2812 525 3055 583 quoque
3085 513 3302 565 cuncto

2700 601 2988 671 Tempore
3013 597 3198 654 salva.

2705 689 2906 758 Longa
2937 703 3044 759 per
3072 703 3287 755 annos,

2700 775 3170 848 lnnumerosque

2702 864 2828 920 Vita
2856 864 2961 920 tibi
2993 865 3084 920 sit.

2705 952 2931 1025 Sospite
2964 969 3134 1009 sacro

2706 1043 2942 1098 Somate
2974 1058 3213 1114 semper
3235 1059 3249 1098 :

2703 1132 2963 1203 Postque
2994 1130 3271 1202 lugubre,

2703 1218 3202 1291 Mortiferumque.

2705 1307 2917 1365 Flebile
2949 1309 3244 1365 damnum
3265 1328 3278 1378 ;

2701 1400 2850 1454 Pace
2879 1397 3099 1454 fruaris

2704 1487 2853 1544 Sede
2878 1488 3146 1561 perenni.

345 1797 387 1852 Ο
415 1794 636 1850 trinum
662 1785 985 1861 specimen,
1020 1779 1129 1836 tria
1154 1792 1355 1833 summ
1374 1776 1413 1843 ',
1446 1773 1609 1842 virgo
1642 1775 1795 1827 Deus
1820 1786 1996 1830 unus.
2032 1774 2077 1827 A
2108 1771 2249 1835 Quae
2283 1769 2410 1825 tulit
2436 1769 2702 1828 Alstemo
2726 1772 2879 1829 duce
2908 1774 3220 1831 barbaries
3253 1774 3498 1843 furiosa,

420 1879 761 1938 Preecellens
790 1887 1017 1930 numen
1046 1868 1371 1924 aethereum
1399 1861 1697 1919 columen.

346 1973 675 2027 Causarum
705 1965 909 2029 decus,
943 1964 997 2015 et
1027 1956 1228 2021 series,
1262 1950 1585 2009 concordia
1615 1947 1846 2013 mundi,

419 2063 602 2116 Exors
626 2051 898 2129 principii
932 2054 989 2104 et
1019 2047 1144 2103 sine
1177 2045 1296 2099 fine
1327 2055 1599 2097 manens.

351 2126 644 2219 Namque
672 2148 905 2199 ΑΩΓΩΣ.
940 2135 1151 2194 mundi
1177 2133 1345 2197 altor,
1375 2135 1432 2186 et
1462 2133 1626 2184 actor
1654 2126 1917 2182 enormis

429 2237 602 2294 Orbis
632 2230 939 2297 terrestris,
970 2226 1106 2283 idea
1136 2219 1429 2290 stelligeri.

350 2331 492 2384 Vota
507 2339 754 2398 precum
772 2318 1044 2392 aspirans
1056 2311 1267 2370 humili
1297 2303 1470 2383 prece
1487 2321 1675 2379 posco
1710 2321 2004 2368 mearum,

424 2396 552 2481 Quo
582 2414 784 2468 faveas
814 2405 1022 2480 emptis
1050 2400 1283 2459 inscitia
1312 2396 1598 2454 tremulis.

346 2509 523 2561 Actus
553 2506 611 2558 et
633 2515 807 2556 casus
836 2510 1058 2562 rerum,
1090 2486 1435 2553 infortunia,
1476 2484 1721 2541 strictim

417 2592 686 2651 Pandam
714 2589 765 2644 si
793 2590 999 2661 potero
1031 2582 1289 2639 themate
1317 2574 1612 2650 prosaico,

2190 1863 2256 1915 Et
2284 1876 2419 1932 quae
2450 1861 2692 1918 Rollone
2725 1860 2985 1939 denique
3017 1863 3379 1925 Christicola.

2117 1948 2376 2014 Qualiter
2403 1954 2460 2005 et
2485 1949 2720 2005 soboles
2750 1951 2878 2022 ejus
2910 1952 3255 2009 Guillelmus
3286 1953 3346 2012 in
3370 1953 3534 2010 omni

2188 2039 2339 2107 Lege
2370 2043 2642 2095 serenato
2671 2040 2893 2112 profuit
2918 2040 3170 2117 imperio

2117 2126 2271 2192 Quin
2300 2131 2356 2182 et
2388 2126 2619 2182 Ricardi
2648 2128 2857 2184 merito
2890 2146 3072 2204 super
3103 2130 3323 2187 (ethera
3351 2130 3496 2203 noti,

2187 2215 2417 2271 Patricii
2449 2217 2693 2283 summi,
2729 2217 3211 2293 Christicoloeque
3242 2219 3343 2295 pii.

2115 2309 2289 2361 Terra
2320 2304 2481 2361 ferax
2507 2306 2715 2379 populi
2746 2309 3097 2364 Nortmanni
3120 2309 3253 2382 jure
3282 2308 3503 2385 quievit

2187 2395 2371 2450 Annis
2400 2394 2738 2465 fructiferis,
2771 2401 3038 2471 tempore
3066 2398 3318 2470 paciﬁco
3343 2418 3355 2467 ;

2114 2485 2189 2538 Te
2219 2487 2559 2555 praestante,
2593 2488 2766 2557 Deus,
2789 2486 2894 2561 qui
2926 2502 3133 2543 cernes
3162 2487 3367 2544 omnia
3394 2487 3561 2544 salus

2186 2575 2441 2643 Regnas,
2474 2577 2531 2629 et
2560 2573 2727 2642 vivis,
2762 2578 2819 2632 et
2848 2575 2973 2632 sine
2998 2575 3117 2632 ﬁne
3144 2593 3405 2637 manes-

359 2774 3761 2810 ——__—______—————————————_——-————-—_—_

1534 2918 1975 3041 LIBER
2080 2920 2617 3040 PRIMUS

1805 3186 1993 3253 HAS
2001 3186 2334 3256 TINGUS

417 3531 614 3588 Totius
638 3540 903 3599 namque
931 3521 1106 3579 molis
1126 3519 1271 3576 orbe
1299 3514 1619 3586 descripto,
1654 3509 2004 3581 ambituque

346 3626 403 3677 et
450 3616 762 3692 superﬁcie
810 3619 979 3671 terrm
1034 3608 1329 3681 sagaciter
1375 3616 1713 3677 permenso,
1759 3614 2004 3654 omnem

346 3715 565 3767 terram
594 3707 884 3780 perpetuo
915 3699 1133 3759 Oceani
1176 3695 1365 3754 limbo
1394 3692 1660 3763 undique
1693 3705 1867 3745 secus
1898 3685 2005 3742 cir-

2114 3510 2392 3582 copiosus
2438 3511 2648 3581 Daciae,
2701 3516 2880 3585 atque
2928 3517 3163 3570 meatus
3190 3514 3446 3572 multum
3495 3517 3778 3590 profusus

2115 3599 2311 3656 Getice.
2338 3602 2603 3666 Quarum
2650 3602 2828 3658 Dacia
2867 3606 3057 3659 exstat
3107 3604 3497 3672 medioxima,
3524 3606 3585 3663 in
3648 3624 3779 3665 mo-
3870 3646 3875 3649 -

2112 3689 2260 3747 dum
2289 3706 2548 3758 coronae,
2580 3691 2885 3764 instarque
2916 3691 3189 3761 civitatis,
3222 3696 3778 3774 praemaguisﬁlpi-

345 3777 739 3872 cumseptam.
774 3794 1031 3850 {ethereo
1061 3781 1477 3879 quadripartiti
1497 3780 1630 3879 cmli
1658 3777 1900 3879 cardine
1921 3777 2005 3879 in-
2034 3826 2078 3879 Β
2109 3778 2228 3879 bus
2254 3779 2539 3837 emunita.
2556 3782 2716 3846 Quos
2732 3786 3019 3854 portentaa
3041 3782 3346 3841 anfractus
3367 3783 3781 3857 amplitudinis

342 3864 576 3948 tellectu
630 3878 1060 3954 cosmographi
1106 3872 1387 3941 dimensi,
1416 3886 1477 3926 1n
1508 3875 1623 3925 tres
1670 3872 1870 3941 partes
1919 3864 2006 3920 di-

340 3981 627 4047 viserunt,
668 3974 890 4040 Asiam,
930 3972 1250 4037 Europam,
1298 3960 1679 4031 Africamque
1728 3960 2006 4029 reputan-

342 4077 448 4127 tes.
482 4045 747 4135 Quarum
780 4064 1015 4130 Europa
1044 4069 1233 4128 quam
1270 4049 1543 4125 plurimis
1573 4046 1894 4103 ﬂuminum
1925 4045 2007 4101 al-

338 4158 464 4214 veis
491 4152 855 4213 interrivata,
886 4144 1185 4216 variisque
1214 4139 1534 4214 provinciis
1585 4135 1999 4200 denominata,

340 4243 593 4300 termino
664 4233 1078 4308 diremptionis
1152 4232 1438 4287 limitatur
1492 4226 1717 4300 patriis.
1777 4225 2004 4280 Harum

338 4331 622 4405 quaedam
652 4324 1116 4401 spatiossissima
1134 4318 1444 4392 multiplici
1472 4313 2003 4372 innumerabilium

337 4419 652 4478 hominum
678 4413 1011 4489 frequentia
1026 4416 1377 4468 eaaterarum
1397 4406 1833 4480 copiosissima,
1850 4420 2003 4459 nun-

339 4513 594 4584 cupatur
624 4505 957 4563 Germania.
987 4507 1051 4558 In
1075 4516 1200 4574 qua
1229 4502 1372 4555 Ister
1395 4496 1612 4552 ﬂuvius
1638 4494 1712 4551 de
1743 4492 2002 4551 cacumi-

337 4617 413 4658 ne
446 4599 664 4655 montis
691 4597 960 4652 Hatnoen
991 4590 1221 4664 [Atnoe]
1247 4591 1433 4654 ortus,
1456 4586 1518 4642 in
1545 4584 1857 4655 sexaginta
1877 4599 2004 4638 om-

336 4691 515 4747 nibus
536 4688 959 4758 augmentatus
977 4678 1368 4755 profusius,et
1388 4692 1424 4732 a
1443 4674 1688 4731 meridie
1714 4673 1793 4728 ad
1815 4672 2004 4728 orien-

335 4784 456 4836 tem
500 4792 711 4832 means
748 4769 1140 4846 procellosus,
1173 4764 1557 4823 Germaniam
1598 4766 1654 4819 et
1700 4760 2003 4834 Scythiam

334 4884 527 4943 usque
554 4884 649 4936 eo,
680 4880 802 4938 quo
835 4864 1021 4935 ponto
1054 4857 1354 4931 recipitur,
1403 4853 1867 4921 discriminatus,
1897 4867 2001 4907 vo-

334 4941 545 5017 citatur
580 4954 903 5013 Danubius.
936 4955 999 5006 ln
1028 4948 1273 5022 copiosa
1293 4945 1470 5017 igitur
1498 4941 1939 5014 intercapedine
1966 4956 2002 4996 a

329 5047 607 5105 Danubio
639 5045 716 5101 ad
758 5040 1014 5115 Scythici
1063 5052 1256 5110 usque
1284 5034 1451 5108 ponti
1506 5032 1854 5098 confinium,
1887 5031 1999 5086 dif-

332 5138 479 5193 fusae
524 5136 974 5191 commorantur
999 5128 1137 5185 ferae
1181 5130 1385 5197 gentes
1433 5128 1489 5181 et
1539 5123 1836 5192 barbaraa,
1863 5138 1999 5195 quae

333 5243 406 5282 ex
450 5227 642 5281 Canza
689 5219 981 5292 [Scanzia]
1012 5215 1210 5273 insula
1256 5216 1491 5272 Oceano
1530 5212 1669 5268 hinc
1702 5211 1842 5267 inde
1885 5210 1997 5267 cir-

332 5316 667 5383 cumsepta,
697 5309 861 5365 velut
914 5319 1169 5362 examen
1216 5320 1403 5377 apum
1454 5319 1527 5360 ex
1574 5301 1855 5370 canistro,
1890 5317 2000 5358 seu

2111 3866 2371 3926 furentee
2413 3868 2681 3927 incolunt
2723 3869 2951 3943 populi,
2978 3877 3391 3943 prmmonente
3440 3876 3623 3933 Marte
3652 3875 3779 3933 hel-

2109 3957 2301 4028 licosi,
2324 3958 2545 4015 scilicet
2574 3960 2750 4029 Getae,
2768 3959 2872 4033 qui
2904 3963 2960 4015 et
2991 3960 3181 4031 Gothi,
3203 3963 3491 4020 Sarmatm
3519 3968 3582 4021 et
3598 3969 3778 4023 Am-

2110 4047 2295 4112 xobii,
2332 4046 2660 4118 Tragoditze
2686 4051 2743 4103 et
2775 4046 2945 4103 Alani
2972 4065 2985 4116 ;
3017 4048 3606 4125 quamplurimmque
3644 4068 3782 4123 sen-

2111 4139 2199 4193 tos
2231 4136 2580 4193 Meotidibus
2618 4134 2901 4208 paludius
2934 4136 3263 4195 excolendo
3309 4145 3777 4200 commorantur.

2111 4226 2215 4282 Hae
2270 4241 2535 4299 namque
2584 4230 2789 4295 gentes
2819 4214 3109 4298 petulanti
3137 4226 3394 4287 nimium
3422 4228 3571 4287 luxu
3607 4246 3779 4288 exar-

2110 4315 2444 4386 descentes,
2493 4315 2866 4388 feminasque
2934 4316 3415 4388 quamplurimas
3489 4308 3783 4390 singulari

2110 4404 2476 4478 turpitudine
2527 4409 2865 4478 stuprantes
2922 4404 3396 4477 commiscendo,
3448 4407 3610 4465 illinc
3676 4425 3779 4466 so-

2109 4493 2277 4549 boles
2330 4494 2678 4550 innumeras
2732 4493 2995 4549 obscena
3046 4492 3227 4549 illiciti
3273 4495 3561 4552 connubii
3606 4513 3780 4555 com-

2110 4581 2388 4638 mistione
2416 4580 2713 4654 patrando
2761 4584 3065 4651 generant.
3098 4581 3183 4649 Hi,
3216 4587 3541 4656 postquam
3572 4584 3781 4643 adob-

2109 4671 2321 4741 verint,
2354 4687 2555 4727 rerum
2606 4686 2716 4743 pro
2756 4669 3246 4742 possessionibus
3297 4677 3506 4729 contra
3548 4678 3780 4747 patres,

2109 4776 2394 4833 avosque,
2422 4763 2525 4817 aut
2573 4758 2792 4832 saepius
2826 4758 2978 4815 inter
3009 4774 3070 4815 se
3123 4758 3395 4818 ferociter
3446 4762 3780 4834 objurgati,

2110 4848 2328 4905 fuerint
2356 4848 2771 4910 exuberantes,
2828 4851 3007 4920 atque
3038 4851 3255 4904 terram
3284 4865 3475 4922 quam
3504 4850 3785 4909 incolunt

2107 4939 2379 4996 habitare
2406 4954 2532 4994 non
2578 4936 2959 5004 sufﬁcientes,
2993 4936 3239 4993 collecta
3264 4944 3421 4995 sorte
3449 4940 3787 4998 multitudi-

2108 5045 2184 5088 ne
2207 5028 2692 5104 pubescentium,
2720 5026 3036 5082 veterrima
3078 5027 3195 5083 ritu
3220 5027 3285 5084 in
3311 5033 3558 5087 externa
3586 5046 3783 5101 regna.

2107 5120 2503 5176 extruduntur
2521 5118 2855 5186 nationum,
2880 5120 2943 5171 ut
2961 5116 3275 5188 acquirant
3296 5116 3412 5174 sibi
3440 5118 3782 5191 prmliando

2029 5179 2071 5233 Ο
2106 5226 2314 5280 regna,
2372 5207 2593 5281 quibus
2664 5179 2852 5262 vivere
2908 5179 3144 5279 possint
3205 5222 3356 5280 pace
3427 5179 3775 5283 perpetua;

2104 5297 2625 5375 quemadmodum
2672 5295 2936 5351 fecerunt
2990 5297 3161 5365 Getae,
3191 5296 3296 5370 qui
3345 5300 3403 5353 et
3454 5298 3649 5368 Gothi,
3681 5305 3779 5355 to-

332 5402 572 5476 gladius
603 5415 633 5455 e
676 5397 916 5467 vagina,
950 5394 1289 5452 diversitate
1332 5391 1690 5450 multimoda
1719 5390 1999 5447 dicuntur
2103 5394 2228 5446 tam
2259 5403 2410 5462 pene
2436 5389 2737 5459 Europam
2768 5399 2958 5457 usque
2989 5400 3060 5440 eo
3089 5385 3403 5457 quomodo
3429 5391 3774 5459 morantur,

330 5473 674 5568 prosiluisse
698 5484 1130 5544 consuetudine
1152 5483 1486 5539 barbarica.
1507 5486 1601 5538 Est
1621 5497 1884 5553 namque
1906 5479 1987 5534 ibi
2096 5476 2462 5568 depopulati.
2496 5479 2785 5533 Caeterum
2822 5473 2880 5529 in
2928 5473 3259 5546 expletione
3286 5491 3533 5532 suarum
3562 5477 3777 5550 expul-

330 5586 550 5640 tractus
598 5595 785 5653 quam
816 5574 1110 5649 plurimus
1153 5573 1398 5641 Alaniae,
1434 5572 1702 5645 situsque
1731 5570 1987 5626 nimium
2096 5567 2338 5625 sianum
2393 5570 2575 5638 atque
2639 5563 2925 5632 exituum,
2983 5561 3405 5621 sacriﬁcabant
3460 5563 3609 5622 olim
3665 5582 3772 5622 ve-
