4004 6178
264 129 358 183 621

804 109 895 178 DE
938 125 1180 183 GESTIS
1217 125 1658 187 NORMANNIE
1697 124 1940 181 DUCUM
1978 120 2160 178 LIBRI
2197 122 2391 180 mss.
2416 154 2484 165 —
2515 127 2646 186 LIB.
2685 132 2727 185 ι.
2759 130 3169 187 HASTINGUS.

3609 136 3709 191 622

260 252 543 309 nerantes
576 248 736 305 Thur
764 249 956 305 Deum
987 265 1184 306 suum.
1229 250 1334 307 Cui
1369 267 1493 307 non
1549 247 1799 321 aliquod
1836 263 1937 320 pe-
1981 258 2025 311 Α
2058 245 2266 302 tristes.
2301 247 2609 308 Mulctatur
2647 253 2859 325 clerus,
2917 253 3143 311 crudeli
3199 257 3390 312 morte
3440 254 3715 328 punitus.

260 339 508 408 cudum,
541 354 743 411 neque
768 354 1085 411 pecorum,
1116 356 1226 395 nec
1257 340 1448 397 Liberi
1466 339 1674 405 Patris,
1703 352 1827 392 non
1847 340 1947 395 Ce-

258 428 404 486 reris
440 427 697 485 litantes
721 427 979 497 donum,
1021 429 1124 485 sed
1176 430 1541 498 sanguinem
1600 426 1949 484 mactabant

258 517 607 589 hominum,
636 516 1136 574 holocaustorum
1167 519 1443 575 omnium
1476 522 1756 591 putantes
1810 532 1944 589 pre-

259 607 663 664 tiosissimum
691 625 704 675 ;
737 623 810 664 eo
839 606 1028 680 quod,
1063 609 1368 666 sacerdote
1404 608 1685 677 sortilego
1714 606 1946 678 praede-

261 697 543 768 stinante,
566 696 721 767 juga
752 696 944 752 boum
1018 713 1140 753 una
1163 697 1290 753 vice
1315 697 1520 754 diriter
1546 696 1857 753 icebantur
1884 695 1945 751 in

259 786 477 859 capite,
516 786 853 858 collisoque
887 785 1211 859 unicuique
1272 786 1564 857 singulari
1614 787 1731 842 ictu
1788 790 1945 840 sorte

261 876 447 933 electo
474 875 753 946 cerebro,
782 875 1162 931 sternebatur
1190 876 1249 931 in
1282 876 1510 941 tellure,
1561 874 1947 948 perquireba-

262 970 479 1037 turque
517 964 836 1021 levorsum
862 962 1019 1021 ﬁbra
1047 964 1265 1035 cordis,
1299 965 1520 1021 scilicet
1544 981 1717 1034 vena,
1773 964 1946 1035 cujus

262 1028 559 1112 exiiausto
586 1054 888 1123 sanguine
916 1070 991 1110 ex
1024 1070 1188 1110 more
1223 1071 1354 1124 suo,
1388 1071 1758 1127 suorumque
1787 1053 1948 1125 cepi-

263 1147 321 1201 ta
348 1143 652 1213 linientes,
719 1142 1029 1199 librabant
1074 1143 1339 1198 celeriter
1390 1144 1634 1199 navium
1687 1143 1948 1199 carbasa

263 1232 454 1289 ventis
481 1231 743 1303 illosque
770 1230 871 1287 tali
898 1231 1138 1301 negotio
1162 1235 1439 1303 putantes
1472 1231 1729 1303 placare,
1782 1230 1946 1286 velo-

263 1321 405 1377 citer
430 1318 684 1377 navium
715 1319 1112 1388 insurgebant
1148 1320 1349 1375 remis.
1405 1320 1504 1376 Sin
1564 1336 1700 1375 vero
1728 1318 1948 1390 majori

263 1415 418 1468 sorte
449 1408 688 1481 equites
724 1409 950 1478 egressi
1005 1413 1220 1471 essent,
1283 1409 1580 1464 mavortia
1634 1408 1951 1477 erigebant

264 1497 481 1554 vexilla
506 1496 721 1570 praelii.
764 1497 978 1569 Sicque
1011 1497 1134 1553 suis
1164 1514 1198 1553 e
1241 1497 1464 1553 ﬁnibus
1490 1498 1812 1563 elabentes,
1869 1499 1952 1550 te—

2057 335 2301 393 Casulas
2324 337 2534 395 nefarii
2558 341 2834 411 induunt,
2853 361 3009 416 quas
3043 344 3329 401 altaribus
3360 345 3547 401 sacris
3583 345 3721 402 diri-

2055 426 2245 498 piunt.
2272 428 2523 484 Vestitur
2549 429 2710 499 alba,
2742 432 2938 489 ofﬁcio
2969 434 3169 490 missae
3197 434 3491 491 dedicata.
3546 434 3720 500 Quis-

2056 514 2193 586 quis
2223 515 2283 570 in
2316 515 2449 572 illos
2463 533 2635 574 arma
2667 521 3229 592 sumit,interimitur
3257 523 3723 581 crudeliter.Cee—

2055 607 2182 659 tera
2213 620 2360 671 gens
2393 606 2577 661 armis
2604 607 2819 677 frigida
2843 608 3082 664 ducitur
3110 613 3363 683 captiva.
3408 615 3635 668 Uxores
3686 628 3723 671 α

2054 692 2329 764 pluribus
2389 698 2671 766 stupratze
2743 697 3049 752 ducuntur
3107 698 3376 755 ﬂebiliter
3442 700 3717 758 advenas.

2057 781 2264 837 Omnis
2288 783 2627 855 puellarum
2654 801 2832 840 sexus
2858 785 2937 841 ab
2976 784 3120 857 ipsis
3164 787 3410 858 turpiter
3463 788 3722 858 devirgi-

2056 876 2254 927 natur.
2288 875 2437 929 Cum
2452 874 2780 944 juvenibus
2807 891 2979 930 senes
3006 874 3184 945 longe
3213 875 3449 948 lateque
3480 880 3724 935 trahun-

2062 967 2156 1017 tur
2177 967 2460 1018 extorres.
2498 965 2803 1037 Quidquid
2835 971 2923 1020 est
2953 965 3306 1020 animalium
3335 965 3619 1035 redigunt
3662 967 3723 1022 in

2055 1051 2338 1124 pretium.
2374 1054 2591 1109 Crescit
2620 1054 2819 1109 rabies
2853 1054 3100 1121 furiosa,
3138 1054 3342 1109 multis
3370 1055 3547 1110 malis
3574 1072 3722 1127 aug-

2058 1146 2344 1196 mentate.
2381 1143 2643 1207 Quintini
2678 1145 2836 1199 testis
2862 1143 3086 1199 meritis
3113 1160 3294 1215 super
3323 1145 3546 1200 {ethera
3598 1146 3725 1201 noti

2058 1230 2401 1286 incenditur
2432 1232 2755 1287 delubrum
2783 1232 3129 1288 monasticis
3154 1232 3334 1287 rebus
3366 1233 3723 1304 prtebaltea-

2058 1324 2208 1374 tum.
2245 1322 2597 1392 Caeteraeque
2629 1338 2841 1377 omnes
2870 1321 3133 1376 ecclesiae
3190 1321 3252 1375 in
3306 1321 3533 1376 finibus
3585 1325 3723 1377 Ver-

2058 1408 2485 1465 mendensium
2516 1411 2746 1481 locatas,
2782 1412 3157 1482 agonothetae
3190 1410 3401 1466 Christi
3460 1410 3727 1484 Dionysii

2059 1499 2516 1569 monasterium,
2551 1501 2811 1556 Vulcano
2852 1505 3193 1572 superante,
3225 1504 3315 1554 est
3372 1498 3723 1559 favillatum.

262 1587 493 1645 nebant
507 1586 982 1645 intentionemin
1006 1587 1271 1656 gentium
1294 1586 1661 1643 mortiferam
1691 1601 1948 1641 concus-
1992 1605 2031 1659 Β
2064 1590 2231 1643 Enno
2258 1589 2390 1659 [al.,
2426 1590 2655 1661 Emmo]
2688 1590 3171 1645 Noviomacensis
3220 1589 3544 1663 episcopus
3584 1608 3725 1646 eum

264 1676 525 1735 sionem.
553 1674 846 1732 Exsulant
874 1675 1101 1747 quippe
1133 1692 1170 1731 a
1216 1676 1517 1747 patribus,
1574 1680 1642 1730 ut
1701 1675 1955 1730 arietant

270 1764 521 1822 viriliter
545 1781 688 1820 cum
717 1763 986 1834 regibus.
1021 1764 1404 1820 Dimittuntur
1450 1781 1487 1820 a
1540 1764 1664 1819 suis
1710 1764 1952 1836 inopes,

268 1861 332 1912 ut
361 1858 712 1912 mercentur
735 1870 809 1909 ex
828 1853 1122 1909 extraneis
1153 1853 1685 1925 dapes.Privantur
1699 1867 1955 1908 suorum

266 1944 494 2012 fundis,
526 1948 591 2000 ut
614 1943 890 2000 locentur
917 1942 1116 2014 quiete
1143 1941 1369 1999 alienis.
1424 1942 1733 1998 Pelluntur
1757 1945 1952 1998 extor-

265 2051 383 2105 res,
414 2039 483 2090 ut
511 2033 858 2090 tenerentur
886 2030 1248 2104 praeliantes.
1282 2031 1629 2087 Truduntur
1654 2048 1691 2087 a
1735 2031 1861 2085 suis
1886 2032 1954 2084 ut

269 2123 629 2197 participent
657 2137 800 2178 cum
831 2119 1200 2190 alienigenis.
1238 2121 1639 2201 Segregantur
1696 2136 1809 2175 sua
1838 2134 1951 2174 na-

270 2213 450 2278 tione,
493 2216 561 2269 ut
588 2209 967 2282 gratulentur
995 2212 1337 2264 exterorum
1368 2211 1777 2279 possessione.
1814 2208 1948 2263 Lin-

267 2306 593 2375 quuntura
618 2298 915 2373 patribus,
940 2297 1148 2355 forsan
1201 2313 1322 2352 non
1380 2298 1625 2354 videndi
1670 2316 1707 2355 a
1744 2297 1951 2354 matri-

262 2389 404 2446 bus.
441 2388 694 2459 Erigitur
724 2386 1016 2459 asperitas
1039 2386 1354 2457 juvenum,
1396 2384 1456 2441 in
1489 2386 1948 2443 demolitionem

267 2478 563 2549 gentium.
599 2477 909 2533 Liberatur
966 2474 1161 2548 patria
1193 2473 1313 2529 suis
1371 2475 1582 2531 incolis
1633 2477 1944 2532 defaecata.

266 2570 508 2625 Caetera:
529 2566 854 2625 condolent
879 2564 1228 2639 provinciae,
1256 2563 1518 2636 plurimo
1534 2566 1707 2621 hoste
1737 2564 1949 2637 nequi-

267 2662 359 2716 ter
411 2658 703 2715 toxicatae.
763 2656 859 2714 Sic
907 2654 1358 2727 depopulantur
1385 2658 1604 2711 cuncta
1651 2672 1787 2727 quae
1835 2654 1949 2709 sibi

268 2753 415 2805 sunt
437 2748 760 2804 obstantia.
790 2745 1087 2815 Navigant
1134 2760 1321 2816 prope
1372 2744 1557 2800 maris
1612 2745 1828 2814 littora,
1883 2747 1951 2801 ut

268 2836 580 2894 vindicent
608 2835 721 2892 sibi
750 2839 1048 2891 terrarum
1077 2832 1290 2905 spolia.
1323 2836 1448 2889 Uno
1475 2850 1663 2903 regno
1695 2850 1830 2907 quae
1861 2849 1950 2888 ra-

271 2927 470 2999 piunt,
501 2926 563 2981 in
594 2924 758 2982 aliud
788 2924 1119 3016 deducunt.
1173 2925 1387 3016 Petunt
1432 2929 1741 2996 sequestra
1799 2939 1946 2996 pace
1988 2961 2028 3016 Ο

269 3021 508 3091 portus,
536 3033 720 3072 causa
744 3015 1067 3071 mutuandi
1090 3017 1335 3084 raptum
1364 3013 1556 3068 fenus.

350 3107 537 3177 igitur
558 3107 697 3163 Daci
725 3109 1174 3177 nuncupantur
1204 3119 1239 3157 e
1267 3120 1374 3158 sus
1410 3103 1619 3173 Danai,
1652 3103 1745 3159 vel
1778 3102 1945 3169 Deni,

272 3196 730 3269 glorienturque
764 3211 825 3251 se
847 3211 920 3251 ex
946 3198 1248 3249 Antenore
1268 3192 1615 3264 progenitos
1642 3212 1654 3259 ;
1687 3192 1790 3264 qui
1813 3208 1949 3264 quae

271 3285 467 3355 Trojaa
498 3284 739 3339 fuerunt
782 3280 1185 3355 depopulatis,
1226 3280 1438 3336 mediis
1490 3279 1732 3352 elapsus
1786 3279 1952 3335 Achi-

274 3375 392 3444 vis,
425 3372 686 3445 lllyricos
719 3372 869 3427 fines
898 3376 1109 3444 penetr
1134 3369 1236 3426 ivit
1263 3385 1403 3424 cum
1434 3369 1576 3425 suis.
1599 3370 1664 3425 Hi
1687 3385 1951 3441 namque

277 3462 424 3520 Daci
449 3462 634 3519 relato
656 3462 773 3517 ritu
800 3461 943 3517 olim
971 3476 1008 3517 a
1035 3459 1161 3515 suis
1192 3458 1445 3532 expulsi,
1474 3475 1598 3531 qua
1630 3475 1770 3514 suos
1799 3463 1950 3514 trac-

279 3557 377 3609 tus
410 3550 658 3608 Francia
687 3554 967 3628 protense
990 3549 1283 3622 expargit,
1319 3564 1458 3603 cum
1487 3548 1639 3604 duce
1660 3547 1951 3603 Anstinuo

279 3644 416 3713 [al.,
446 3640 754 3711 Hastingo]
786 3640 1055 3695 ferociter
1082 3638 1341 3710 appulsi.

275 3731 387 3789 Hic
415 3746 587 3786 sacer
611 3733 791 3801 atque
818 3728 982 3785 ferox
1008 3727 1265 3784 nimium
1296 3725 1553 3783 crudelis
1580 3730 1636 3781 et
1688 3730 1876 3782 atrox.

277 3816 827 3888 Pestifer,infestus,
853 3822 1075 3887 torvus,
1110 3821 1265 3887 trux,
1298 3816 1649 3885 ﬂagitiosus.

276 3910 529 3968 Pestifer
555 3909 1048 3980 inconstensque,
1066 3922 1315 3979 procax,
1354 3910 1637 3961 ventosus
1674 3909 1733 3961 et
1760 3904 1950 3960 exlex.

277 4000 561 4067 Lethifer,
594 3998 864 4069 immitis,
894 4000 1259 4071 praecautus,
1294 3994 1516 4067 ubique
1538 3993 1794 4050 rebellis.

276 4090 555 4161 Proditor
583 4089 973 4160 incentorque
1005 4085 1169 4155 mali,
1201 4084 1424 4157 duplex
1455 4083 1783 4138 simulator.

273 4179 513 4253 impius
538 4181 595 4234 et
621 4177 911 4241 tumidus,
940 4174 1164 4248 pellex,
1197 4174 1478 4246 deceptor
1506 4178 1562 4227 et
1587 4172 1808 4228 audax.

277 4266 567 4333 Furcifer,
597 4266 878 4332 incestus,
908 4264 1175 4331 infrenis,
1200 4262 1512 4331 litigiosus.

276 4354 677 4427 Pestiferique
709 4352 853 4409 mali
884 4356 1299 4422 augmentum,
1346 4349 1471 4405 doli
1495 4349 1951 4404 incrementum.

278 4448 419 4502 Non
441 4448 800 4512 atramento,
830 4457 1035 4497 verum
1067 4440 1327 4496 carbone
1351 4438 1678 4493 notandus.

278 4537 355 4592 Et
382 4538 555 4591 tanto
584 4533 801 4589 scelere
827 4535 964 4587 ante
990 4530 1139 4587 alios
1167 4528 1493 4586 immanior
1522 4543 1755 4595 omnes,

288 4626 572 4689 Quantus
588 4620 667 4679 ad
696 4620 1052 4689 astrigerum
1070 4617 1257 4674 tendit
1274 4621 1590 4689 suspectus
1608 4616 1952 4689 Olympum.

363 4714 496 4769 Huc
520 4710 779 4783 illucque
801 4707 1089 4782 profugas
1120 4706 1546 4764 contaminavit
1580 4709 1804 4775 gentes,
1858 4722 1956 4761 ea-

285 4816 556 4874 rumque
586 4798 699 4855 sibi
737 4802 794 4855 et
823 4797 945 4853 suis
993 4796 1319 4853 vindicavit
1373 4795 1701 4852 facultates.
1762 4794 1958 4851 Gallias

286 4888 608 4966 potestatis
638 4886 851 4945 invasit
876 4885 1235 4951 dominium,
1272 4884 1650 4940 Franciscum
1707 4900 1962 4956 usurpa-

286 4982 374 5038 vit
403 4979 521 5035 sibi
548 4994 821 5049 regnum.
861 4974 1190 5032 Temeravit
1241 4972 1663 5040 sacerdotium,
1725 4972 1963 5028 concul-

289 5069 458 5127 cavit
486 5062 1126 5125 senctuarium.Verbis
1142 5060 1431 5134 factisque
1460 5061 1762 5117 lacescivit
1784 5064 1960 5117 Fran-

291 5176 512 5218 corum
541 5173 764 5227 regem,
793 5153 1127 5211 civitatibus
1149 5168 1289 5207 eum
1330 5152 1454 5208 suis
1482 5151 1640 5207 triste
1697 5167 1962 5207 commo-

290 5251 554 5307 rantem.
616 5244 829 5303 Fremit
874 5244 1029 5300 circa
1079 5257 1286 5299 muros
1343 5240 1782 5313 praesidiorum,
1842 5257 1952 5297 ceu

288 5339 482 5412 lupus
514 5336 671 5393 circa
690 5333 895 5391 caulas
942 5332 1167 5390 ovium.
1230 5329 1630 5403 Floccipendit
1679 5333 1961 5400 Francos,

296 5427 426 5485 suis
455 5425 748 5499 praesidiis
780 5428 941 5480 metu
967 5424 1256 5494 receptos.
1285 5420 1666 5492 Persequitur
1695 5424 1964 5488 cunctos,

298 5532 414 5573 ceu
442 5515 537 5571 leo
579 5529 804 5570 cervos.
863 5509 1136 5566 Trucidat
1188 5507 1483 5578 inventos,
1534 5525 1689 5581 quos
1743 5506 1964 5581 reperit

298 5603 620 5677 sepositos.
679 5599 938 5659 Eﬂicitur
997 5604 1245 5668 strages,
1290 5596 1643 5668 jugulantur
1711 5597 1960 5670 cuspide

2062 1676 2186 1730 suis
2211 1677 2588 1745 diaconibus,
2625 1696 2680 1733 IV
2708 1679 2838 1734 Kal.
2868 1679 3019 1748 Maii,
3051 1679 3170 1733 heu
3198 1679 3354 1749 proh
3380 1678 3556 1735 dolor
3588 1680 3600 1735 !
3635 1685 3728 1737 est

2061 1772 2429 1840 peremptus.
2458 1768 2784 1840 Omnisque
2813 1785 2958 1839 gens
2975 1766 3243 1823 desolata
3276 1767 3352 1822 ad
3381 1784 3563 1823 naves
3585 1769 3728 1825 due-

2061 1858 2121 1909 ta
2147 1860 2234 1910 est
2262 1857 2516 1929 captiva.
2549 1857 2970 1914 Confessorum
3002 1856 3211 1913 Christi
3242 1856 3506 1913 Medardi
3529 1862 3586 1914 et
3618 1858 3727 1914 Eli-

2062 1943 2141 2012 gii
2164 1944 2429 2001 basilicaa
2460 1946 2538 2001 ab
2565 1946 2710 2022 ipsis
2739 1946 2981 2003 nefariis
3008 1949 3147 2000 sunt
3174 1950 3454 2017 perustae.
3496 1949 3726 2004 Senctaa

2060 2032 2375 2090 Genovefm
2402 2035 2644 2105 virginis
2682 2053 2865 2091 sacrae
2888 2034 3140 2091 ecclesia
3160 2035 3397 2090 Parisiis
3418 2035 3617 2093 locata
3647 2037 3726 2093 ab

2058 2119 2205 2192 ipsis
2227 2122 2503 2178 nefandis
2536 2127 2624 2178 est
2649 2123 2985 2180 combusta.
3049 2125 3407 2196 metereaque
3463 2124 3727 2180 ecclesiae

2059 2215 2227 2268 extra
2261 2212 2660 2267 munitionem
2719 2214 2949 2280 locatae,
3010 2228 3118 2284 per
3174 2216 3358 2269 totam
3416 2214 3727 2270 Franciam

2057 2298 2314 2366 diffusae,
2349 2300 2789 2358 comburuntur
2823 2318 2977 2375 pene
3032 2301 3344 2359 universae.
3401 2305 3727 2360 Grassante

2057 2391 2222 2446 melo
2253 2390 2559 2447 desolatur
2588 2392 2855 2462 Francia,
2880 2392 3117 2464 penitus
3174 2398 3481 2450 evacuate.
3544 2397 3729 2463 Luget

2058 2478 2248 2534 Liberi
2276 2479 2621 2552 Cererisque
2647 2481 2844 2554 inops,
2885 2480 3107 2553 quibus
3149 2480 3340 2537 fuerat
3382 2482 3525 2538 olim
3564 2483 3729 2537 locu-

2055 2567 2414 2639 pletissima.
2443 2571 2640 2625 Mmret
2680 2570 2804 2625 suis
2832 2586 2893 2624 se
2920 2568 3127 2624 incolis
3171 2570 3432 2641 destitui,
3484 2572 3721 2641 agrico—

2054 2655 2249 2729 lisque
2276 2657 2515 2731 privari.
2547 2658 2742 2728 Ejulat
2772 2674 3012 2714 vomere
3032 2674 3155 2713 non
3188 2663 3454 2730 exarata,
3509 2659 3723 2714 cultro-

2054 2762 2174 2819 que
2205 2747 2448 2803 inculta.
2518 2748 2821 2821 Torpescit
2873 2747 3242 2819 quiescendo
3290 2753 3464 2815 terra,
3513 2748 3721 2803 labore

2056 2835 2248 2891 boum
2313 2852 2436 2891 non
2469 2838 3137 2905 exercita.’lgnorentur
3180 2836 3405 2909 pervia,
3456 2835 3721 2905 vestigiis

2055 2923 2376 2980 hominum
2418 2941 2540 2980 non
2572 2926 2787 2982 attrita.
2825 2925 3119 2982 Silvarum
3160 2925 3593 2999 frutricumque
3641 2930 3725 2981 at-

2059 3031 2177 3087 que
2216 3031 2532 3072 nemorum
2569 3034 2784 3085 genere
2832 3017 3161 3073 densentur
3200 3019 3403 3091 campi
3448 3018 3722 3073 volvente

2057 3107 2348 3176 tempore.
2385 3104 2771 3160 Conclamata
2802 3110 2889 3160 est
2943 3105 3130 3173 salus,
3189 3107 3443 3179 vitaeque
3499 3106 3723 3163 fiducia

2056 3193 2301 3247 recessit
2327 3193 2404 3248 ab
2429 3193 3047 3263 hominibus.Navigio
3077 3194 3239 3265 ipsas
3268 3196 3409 3250 Daci
3437 3196 3723 3267 petebant

2059 3296 2271 3353 aquas,
2304 3281 2565 3352 indeque
2598 3282 2932 3337 exsilientes
2964 3281 3414 3354 populabantur
3434 3282 3721 3339 ﬁnitimas

2057 3374 2264 3425 terras.
2309 3373 2487 3425 Nocte
2508 3369 2875 3426 invadebant
2921 3371 3253 3441 jecentium
3310 3387 3593 3443 corpora,
3637 3370 3721 3426 le-

2057 3457 2177 3512 thei
2208 3458 2441 3530 soporis
2470 3458 2667 3530 quiete
2699 3458 2950 3532 sepulta.
2986 3459 3281 3515 Omnibus
3312 3460 3558 3516 vastatis
3583 3475 3721 3532 quae

2057 3545 2300 3602 fuerunt
2321 3546 2435 3601 sibi
2462 3547 2608 3614 visa,
2636 3551 2693 3603 et
2711 3563 2835 3603 non
2863 3547 3225 3619 reperienms
3254 3548 3441 3621 praelii
3462 3564 3721 3621 usquam

2059 3636 2388 3693 certamina
2417 3636 2478 3692 in
2510 3641 2631 3693 tota
2658 3638 2930 3705 Francia,
2988 3643 3334 3695 remearunt
3390 3638 3722 3711 praedando

2057 3725 2266 3781 omnia
2296 3725 2375 3780 ad
2397 3725 2647 3782 navium
2673 3726 2972 3799 praesidia.

2133 3903 2425 3972 Omnibus
2458 3902 2636 3973 igitur
2656 3902 2954 3957 accersitis
2971 3917 3152 3974 super
3179 3918 3292 3958 suo
3307 3903 3546 3972 negotio
3574 3902 3723 3975 quid

2061 3996 2310 4064 agerent
2338 3991 2722 4060 consulturis,
2754 3991 3025 4045 omnium
3066 3991 3368 4062 Alstignus
3397 4007 3555 4046 unus
3609 4007 3722 4065 pro

2061 4081 2345 4137 omnibus
2366 4078 2559 4151 inquit
2587 4077 2993 4149 nequissimus
3024 4097 3036 4133 :
3069 4101 3095 4127 ‹‹
3127 4080 3353 4151 Οριαῑεθ
3382 4079 3558 4135 nobis
3595 4095 3721 4157 cre-

2058 4170 2344 4227 brescunt
2370 4183 2551 4235 aurea,
2585 4166 2906 4239 facilesque
2933 4167 3107 4223 nobis
3134 4169 3294 4224 viam
3321 4168 3725 4241 spirantventi

2059 4258 2329 4316 secundi.
2363 4259 2421 4314 Si
2463 4257 2640 4313 nobis
2674 4273 2797 4312 non
2846 4256 3136 4330 displicet,
3193 4261 3444 4314 Romam
3489 4273 3721 4327 eamus,

2061 4362 2318 4420 eamque
2343 4345 2516 4401 sicuti
2546 4343 2854 4401 Franciam
2898 4350 3101 4411 nostro
3131 4343 3468 4402 dominatui
3515 4345 3724 4417 subju-

2065 4453 2298 4508 gemus.
2335 4459 2362 4485 ››
2426 4436 2548 4491 Hoc
2604 4433 2922 4489 consilium
2991 4434 3356 4506 complacuit
3417 4433 3723 4502 omnibus,

2061 4526 2330 4599 velisque
2368 4525 2535 4581 lectis
2588 4540 2623 4580 a
2675 4523 3138 4596 praedatoribus,
3186 4526 3466 4595 torquent
3509 4537 3724 4592 proras

2064 4615 2360 4672 Francicis
2387 4632 2423 4672 a
2447 4614 2763 4671 littoribus.
2798 4613 2937 4668 Aliis
2964 4628 3229 4684 namque
3260 4612 3436 4680 longe
3488 4609 3725 4682 lateque

2063 4705 2347 4762 ﬂuctibus
2376 4704 2565 4771 tactis,
2594 4703 2879 4775 terrisque
2907 4701 2991 4756 eis
3042 4702 3307 4771 citraque
3358 4698 3557 4754 littora
3610 4698 3724 4755 sibi

2062 4795 2402 4863 vindicetis,
2458 4798 2710 4850 Romam
2777 4790 3089 4846 dominam
3142 4789 3407 4857 gentium
3463 4787 3726 4845 volentes

2065 4884 2222 4939 clam
2253 4884 2504 4956 adipisci
2535 4885 2735 4937 Lunxe
2757 4878 2968 4935 urbem
2999 4881 3146 4949 [Lux
3172 4876 3428 4946 urbem],
3460 4892 3598 4948 quae
3620 4879 3729 4933 Lu-

2065 4989 2146 5028 na
2170 4973 2403 5039 dicitur,
2432 4969 2674 5038 navigio
2705 4973 2845 5023 sunt
2871 4966 3193 5037 congressi.
3226 4965 3528 5037 Principes
3550 4964 3730 5034 igitur

2067 5061 2320 5118 civitatis
2378 5058 2768 5115 formidoloso
2836 5061 3139 5111 tantorum
3196 5054 3425 5127 impetu
3473 5054 3729 5111 exterriti

2068 5149 2415 5206 munierunt
2440 5146 2652 5201 urbem
2683 5144 3147 5217 quampluribus
3168 5142 3500 5214 armigeris.
3526 5147 3730 5200 Decer-

2068 5254 2220 5296 nens
2242 5237 2566 5307 Adstignus
2591 5234 2939 5305 [Alstignus]
2971 5232 3386 5306 blasphemus,
3420 5233 3499 5289 ab
3538 5232 3729 5288 omni—

2070 5329 2188 5385 bus
2214 5344 2336 5384 non
2363 5342 2542 5400 posse
2574 5324 2874 5381 civitatem
2900 5324 3034 5396 capi
3064 5324 3272 5395 armis,
3304 5322 3587 5379 dolosum
3638 5339 3730 5379 re-

2072 5418 2225 5492 perit
2248 5416 2565 5473 consilium
2594 5412 3041 5470 nefandissimaa
3059 5412 3308 5469 fraudis.
3359 5412 3507 5469 Misit
3530 5412 3733 5485 itaque

2075 5507 2354 5563 nuntium
2386 5505 2464 5560 ad
2490 5503 2766 5559 comitem
2820 5501 3068 5557 civitatis
3121 5506 3178 5558 et
3219 5501 3297 5557 ad
3352 5500 3728 5574 episcopum,

2081 5592 2511 5667 subsequentia
2536 5591 2727 5650 verba
2750 5589 2862 5649 illis
2905 5590 3225 5647 dicturum.
3254 5588 3365 5656 Qui
3388 5587 3735 5664 conspectui
