4004 6178
306 171 409 225 823

1273 147 1582 206 DUDONIS
1621 146 1876 203 DECANI
1918 144 1975 201 S.
2017 143 2325 233 QUINTINI
2363 146 2748 203 ΥῘΗΟΜΑΝΙ).

3622 149 3736 203 624

303 290 541 350 illorum
593 283 893 344 assistens,
945 277 1088 335 talia
1143 290 1348 332 coram
1397 271 1664 347 profudit
1709 270 1953 327 dicens:
1986 280 2036 332 Α
2073 266 2137 340 pi
2156 272 2212 324 et
2237 270 2603 325 monasterio
2634 242 2910 326 decenter
2938 267 3199 325 humari.
3236 268 3589 326 Internuntii
3632 285 3741 327 au-

310 380 631 450 Alstignus,
664 373 786 429 dux
809 374 1125 432 Dacorum,
1150 364 1324 421 vobis
1354 359 1858 452 ﬁdeleservitium
1906 359 1965 452 et

308 446 519 527 omnes
547 463 764 538 pariter
785 458 897 531 sui,
945 461 1102 514 sorte
1160 452 1339 510 Dacia
1397 446 1547 507 cum'
1582 450 1715 523 ipso
1772 446 1961 538 ejecti.

307 562 434 615 Non
463 534 635 611 vobis
666 547 1035 618 incognitum
1068 542 1234 617 quod
1279 544 1435 597 sorte
1481 539 1660 596 Dacia
1711 534 1963 609 expulsi,

304 662 412 721 per
462 641 851 709 ﬂuctivagam
911 634 1163 709 pelagus
1210 647 1434 687 circum
1499 627 1704 684 omnia
1752 623 1966 721 maria,

306 711 545 792 turbine
599 726 970 786 mirabilium
1017 723 1203 779 maris
1285 719 1610 776 elationum
1691 711 1965 779 traducti,

307 822 687 891 Francigenae
733 815 925 886 gentis
978 828 1235 882 regnum
1280 824 1491 864 sumus
1536 803 1788 862 advecti.
1846 801 1969 856 Hoc

306 926 552 984 quoque
577 920 831 977 regnum
869 901 1045 958 nobis
1099 903 1252 954 sorte
1306 896 1555 952 deorum
1611 905 1968 984 concessum

306 982 658 1062 invasimus,
690 992 1068 1062 multumque
1095 986 1312 1061 praeliis
1335 988 1541 1039 contra
1563 986 1767 1052 gentes
1795 982 1970 1035 Fran-

310 1089 554 1157 cigenas
584 1083 801 1142 obnixe
836 1077 1216 1141 certavimus,
1249 1079 1560 1145 totumque
1588 1068 1852 1140 regionis
1887 1067 1970 1123 lo-

312 1194 449 1233 cum
482 1175 636 1230 illius
686 1169 873 1226 nostri
921 1164 1171 1222 senioris
1215 1162 1466 1235 imperio
1508 1157 1964 1233 prostravimus.

311 1269 523 1321 Verum
557 1259 839 1317 omnibus
868 1254 1088 1311 nostris
1113 1251 1438 1308 ditionibus
1470 1247 1826 1319 subjugatis,
1881 1260 1969 1300 re—

309 1353 453 1409 verti
480 1350 743 1406 volentes
772 1346 850 1401 ad
877 1351 1094 1400 terram
1132 1346 1350 1397 nostrae
1400 1337 1745 1404 nativitatis,
1799 1334 1967 1408 prius

308 1438 693 1513 aquilonibus
731 1432 1023 1499 adversis,
1079 1434 1289 1504 postea
1335 1429 1605 1500 Zephyro
1656 1424 1967 1513 Notlioque

307 1510 483 1585 nobis
513 1523 822 1583 contrariis
844 1520 1061 1583 obtriti,
1090 1518 1313 1574 ﬁnibus
1343 1516 1507 1572 inviti
1534 1515 1635 1570 vix
1660 1510 1966 1569 adnatavi-

309 1636 446 1675 mus
478 1615 709 1672 vestris.
734 1616 1006 1669 Vestram
1034 1608 1247 1664 urbem
1276 1622 1387 1662 nec
1435 1605 1589 1661 ferro
1639 1599 1968 1675 depopula-
1997 1632 2037 1684 Β

307 1708 378 1779 ri,
400 1723 510 1763 nec
538 1704 774 1778 praedas
811 1700 1088 1757 venimus
1118 1696 1259 1769 pagi
1287 1694 1465 1751 vestri
1496 1694 1572 1749 ad
1624 1707 1811 1747 naves
1867 1689 1967 1744 de-

310 1797 554 1853 ducere.
588 1797 715 1849 Non
743 1789 918 1846 nobis
949 1804 1020 1843 ea
1045 1786 1131 1840 vis
1163 1790 1244 1840 tot
1266 1782 1544 1857 periculis
1570 1779 1848 1849 fatigatis.
1875 1780 1970 1835 Se-

306 1889 615 1958 questram
640 1879 816 1935 nobis
846 1892 1080 1950 pacem,
1107 1887 1446 1947 precamur,
1468 1870 1627 1934 date,
1675 1884 1812 1958 qua:
1870 1882 1967 1921 ne-

309 1955 574 2029 cessaria
598 1972 739 2024 sunt
760 1966 934 2022 liceat
971 1978 1189 2020 emere.
1220 1964 1425 2018 Noster
1452 1959 1653 2014 senior
1698 1955 1968 2012 inﬁrma-

310 2066 428 2130 tus,
456 2058 778 2129 multisque
806 2052 1116 2111 doloribus
1144 2051 1379 2124 plenus,
1405 2047 1531 2103 vult
1556 2046 1780 2103 avobis
1811 2044 1970 2100 fonte

312 2148 615 2207 salutifero
636 2144 869 2212 redimi,
896 2141 1420 2211 Christianumque
1452 2154 1579 2193 sese
1604 2135 1732 2191 ﬁeri
1765 2154 1778 2190 :
1839 2139 1896 2190 et
1921 2133 1972 2188 si

310 2243 502 2296 morte
530 2237 643 2293 hac
672 2234 734 2290 in
763 2231 1103 2289 inﬁrmitate
1124 2232 1582 2303 praeoccupatus
1610 2223 1804 2293 fuerit,
1834 2239 1972 2278 ves-

311 2336 401 2387 tra
431 2325 842 2385 misericordia
866 2327 1180 2394 vestraque
1205 2320 1419 2394 pietate
1446 2319 1559 2374 hac
1604 2316 1838 2372 civitate
1879 2330 1971 2369 se-

309 2416 631 2493 peliri.Hoc
654 2414 965 2471 audientes
990 2410 1212 2485 praesul
1230 2413 1287 2465 et
1315 2423 1515 2463 comes
1532 2405 1975 2493 responderunt

311 2491 674 2565 tnternuntio
705 2502 968 2575 dicentes
987 2518 1035 2555 :«
1057 2497 1329 2570 Perpetui
1361 2494 1599 2551 foederis
1627 2497 1873 2566 pactum
1889 2491 1974 2546 fa-

310 2595 913 2662 cimus.Qu£ecunque
925 2587 1101 2644 vultis
1114 2589 1547 2652 emere,mutua
1563 2581 1866 2637 voluntate
1878 2595 1977 2635 no-

312 2690 692 2755 strorumque
722 2684 1177 2749 vestrorumque
1208 2672 1654 2730 concedimus.»
1670 2674 1976 2749 Internun-

310 2774 425 2831 tius
456 2775 655 2828 autem
692 2782 950 2841 quisque
989 2763 1396 2820 fraudulenter
1438 2758 1975 2829 illisdixit,etqua3-

309 2876 548 2934 cunque
561 2859 639 2915 ab
651 2858 734 2914 eis
745 2855 990 2913 dolosus
1005 2848 1690 2921 audivit,nefandissimo
1702 2846 1977 2903 omnium

316 2948 536 3006 seniori
562 2962 672 3002 suo
701 2942 1080 3001 renuntiavit.
1098 2944 1244 2996 Data
1263 2939 1442 3007 igitur
1473 2941 1773 3009 sequestra
1804 2950 1975 3007 pace,

316 3036 637 3109 multisque
668 3030 1100 3105 competentiis,
1129 3028 1332 3085 multis
1363 3025 1844 3098 coemptionibus
1887 3029 1976 3080 at-

314 3144 433 3201 que
454 3123 678 3182 mutuis
694 3120 1191 3179 conventionibus
1213 3121 1534 3173 coutuntur
1560 3113 1771 3187 perﬁdi
1795 3127 1979 3201 paga-

314 3200 376 3273 ni
406 3212 670 3271 vicissim
695 3216 752 3268 et
794 3207 1126 3268 Christiani.
1180 3206 1417 3263 Interim
1475 3207 1850 3276 praeparatur
1899 3200 1977 3257 ab

313 3304 598 3378 episcopo
619 3300 929 3367 balneum,
962 3296 1194 3371 perfido
1224 3310 1346 3351 non
1388 3293 1790 3365 profuturum.
1829 3293 1977 3347 San-

313 3395 647 3451 ctiﬁcantur
677 3405 854 3462 aquae
885 3386 1043 3460 putei
1078 3385 1309 3456 gurgite
1367 3383 1694 3437 exhaustae.
1756 3379 1979 3435 Illumi-

311 3487 535 3540 nantur
559 3495 689 3536 cere
705 3478 786 3534 ad
812 3492 1051 3532 sacrum
1072 3472 1424 3547 mysterium
1480 3470 1723 3526 lavacri.
1772 3469 1980 3524 Avehi-

314 3576 410 3627 tur
437 3568 831 3643 praestigiator
851 3563 1173 3632 Alstignus,
1203 3560 1399 3617 dolosi
1430 3559 1657 3614 consilii
1716 3563 1980 3630 repertor

315 3657 671 3716 malevolus.
700 3657 884 3711 Intrat
925 3650 1192 3725 perfidus
1247 3650 1459 3712 fontes,
1494 3664 1713 3719 corpus
1744 3652 1977 3704 tantum

316 3748 645 3805 deluentes.
683 3742 953 3815 Suscepit
977 3739 1241 3796 nefarius
1293 3737 1681 3811 baptismum,
1735 3736 1814 3792 ad
1858 3737 1983 3792 ani-

314 3855 432 3895 mas
462 3852 585 3892 suae
614 3833 935 3890 interitum.
971 3829 1300 3902 Suscipitur
1324 3828 1399 3883 de
1423 3831 1805 3883 sacrosancto
1831 3826 1980 3899 bap-

314 3930 550 3986 tismate
580 3925 660 3982 ab
680 3923 965 3998 episcopo
993 3924 1050 3976 et
1070 3919 1306 3976 comite.
1330 3915 1657 3999 Deducitur
1671 3916 1843 3989 quasi
1890 3916 1979 3971 in-

312 4018 547 4088 ﬁrmus,
602 4028 773 4071 sacro
830 4010 1188 4067 charismate
1228 4006 1482 4078 oleoque
1504 4005 1822 4061 delibutus.
1855 4009 1979 4060 Non

315 4110 599 4175 egrotus,
624 4102 729 4159 sed
751 4115 928 4170 aeger,
961 4098 1203 4168 negotio
1233 4094 1501 4170 perfidiae
1529 4094 1728 4150 miser.
1766 4098 1980 4167 Depor-

316 4197 476 4249 tatus
527 4189 703 4263 quasi
749 4188 1027 4244 infirmus
1076 4187 1153 4243 ad
1239 4184 1412 4240 navis
1492 4183 1976 4249 contubernium,

317 4294 567 4352 corpore
609 4277 921 4333 dealbatus
974 4279 1184 4331 totum.
1248 4277 1546 4331 Convocat
1600 4272 1777 4343 igitur
1822 4271 1976 4328 illico

2071 360 2191 413 tem
2215 358 2467 428 regressi
2494 358 2983 415 renuntiaverunt
3011 373 3148 431 quae
3199 356 3613 415 fraudulenter
3631 358 3744 415 im-

2070 448 2453 518 petraverant
2490 446 2726 502 funesti.
2760 449 2923 502 Tunc
2953 450 3280 502 contumax
3317 446 3562 520 pestifer
3593 462 3744 516 gau-

2072 532 2222 589 dens
2248 550 2431 607 super
2459 534 2761 607 responsis
2799 534 3515 608 eorum'uniuscnjusque
3548 535 3742 591 tribus

2073 622 2325 679 mandat
2347 622 2618 679 accersiri
2647 622 3039 696 praecipuum.
3084 624 3473 693 Congregatis
3531 628 3741 680 autem

2073 710 2379 779 omnibus,
2401 711 2911 785 nequissimorum
2934 711 3191 785 nequior
3215 711 3362 768 dixit
3375 712 3689 784 Alstignus
3726 730 3739 767 :

2076 822 2104 850 ‹‹
2129 800 2261 858 Mihi
2290 800 2474 858 modo
2500 801 2673 858 facite
2721 801 3024 869 feretrum,
3078 806 3137 858 et
3195 803 3588 875 superponite
3641 818 3741 859 me

2073 890 2253 964 quasi
2281 896 2607 961 mortuum,
2638 907 2809 948 arma
2835 907 3075 947 mecum
3124 891 3183 947 in
3234 891 3367 964 ipso
3421 892 3742 955 collocato,

2075 984 2132 1036 et
2164 996 2269 1035 vos
2298 980 2359 1035 in
2391 995 2608 1053 gyrum
2635 980 2793 1035 circa
2821 980 2955 1052 ipsa
2985 979 3255 1036 ﬂebiliter
3279 984 3466 1048 state;
3495 997 3605 1036 vos
3635 996 3745 1053 per

2074 1068 2304 1141 plateas
2333 1068 2577 1141 ululate,
2608 1073 2958 1142 vestrosque
2988 1085 3084 1125 me
3106 1068 3294 1140 cogite
3314 1069 3745 1143 plangere.Tu-

2076 1157 2328 1213 multuet
2378 1174 2493 1213 vox
2540 1164 2739 1213 vestra
2781 1173 2889 1231 per
2935 1163 3150 1214 cuncta
3200 1162 3405 1215 nostra
3460 1158 3741 1215 tentoria.

2077 1248 2404 1319 Concrepet
2430 1261 2546 1302 vox
2576 1246 2681 1319 qui
2707 1250 2975 1319 prmsunt
3012 1245 3267 1302 navibus
3326 1262 3465 1302 cum
3515 1246 3745 1302 caeteris

2077 1334 2442 1391 cohortibus.
2476 1334 2751 1390 Armillas
2777 1339 2835 1391 et
2861 1334 3091 1390 balteos
3121 1335 3255 1390 ferri
3286 1340 3423 1392 ante
3452 1336 3743 1392 feretrum

2076 1422 2268 1479 facite.
2295 1424 2557 1479 Gemmis
2583 1439 2853 1496 auroque
2892 1422 3106 1496 politos
3155 1439 3392 1480 secures
3440 1440 3744 1497 ensesque

2078 1513 2376 1585 exponite.
2414 1536 2441 1564 ››
2472 1512 2557 1569 Fit
2584 1513 2744 1569 dicto
2766 1512 2937 1568 citius
2968 1512 3137 1585 quod
3164 1514 3488 1570 mandarat
3534 1514 3743 1569 funes-

2078 1605 2193 1657 tus.
2226 1601 2475 1658 Auditur
2498 1601 2728 1657 clamor
2759 1600 3122 1671 ululatuum,
3180 1601 3602 1675 tumultusque
3648 1601 3742 1657 lu-

2078 1690 2366 1761 gentium.
2400 1693 2702 1747 Resonant
2755 1695 2992 1746 montes
3046 1706 3157 1763 pro
3212 1691 3465 1747 vocibus
3530 1690 3744 1748 dolose

2076 1778 2457 1835 mmrentium
2482 1778 2819 1835 tinnientes.
2853 1782 3152 1835 Convocat
3172 1779 3395 1853 praesul
3422 1779 3746 1853 campanis

2079 1872 2317 1939 gentem
2345 1868 2629 1924 diffusam
2659 1884 2767 1941 per
2795 1872 2982 1924 totam
3007 1867 3321 1924 civitatem.
3349 1868 3519 1925 Venit
3547 1869 3746 1925 clerus

2077 1957 2425 2015 monasticis
2455 1958 2827 2014 vestimentis
2852 1957 3117 2014 indutus.
3144 1958 3420 2015 Similiter
3434 1959 3744 2032 principes

2078 2046 2235 2102 illius
2267 2045 2433 2102 urbis
2464 2045 2752 2118 martyrio
2795 2046 3145 2102 coronandi.
3195 2044 3397 2101 Aﬂluit
3446 2046 3748 2103 femineus

2082 2151 2261 2190 sexus
2288 2134 2347 2190 in
2379 2134 2651 2203 exsilium
2680 2133 3091 2189 deducendus.
3125 2136 3382 2203 Pergunt
3424 2134 3746 2191 unanimes

2081 2229 2290 2280 contra
2318 2202 2656 2280 monstrum
2676 2223 2888 2279 feretro
2917 2202 3285 2296 impositum.
3320 2224 3598 2295 Bajulant
3619 2240 3751 2281 sco-

2080 2311 2270 2368 lastici
2308 2312 2671 2368 candelabra
2697 2316 2753 2367 et
2781 2328 3008 2376 cruces,
3028 2312 3361 2383 majoribus
3405 2312 3751 2385 praeceden-

2083 2406 2190 2458 tes.
2222 2402 2506 2458 Avehitur
2533 2418 2571 2457 a
2599 2402 2854 2475 paganis
2878 2401 3201 2473 Alstignus,
3233 2402 3407 2457 vivus
3436 2418 3622 2475 super
3668 2402 3754 2458 fe-

2076 2496 2305 2548 retrum
2328 2492 2576 2565 positus.
2606 2497 2796 2564 Atque
2825 2491 2885 2546 in
2925 2492 3083 2547 exitu
3127 2492 3441 2547 civitatatis
3495 2492 3751 2549 obviant

2084 2581 2401 2639 Christiani
2430 2581 2704 2655 paganis.
2735 2580 2828 2636 Ab
2862 2587 3114 2654 utroque
3142 2580 3367 2655 populo
3399 2587 3750 2655 comporta-

2084 2675 2179 2726 tur
2208 2671 2285 2728 ad
2315 2671 2773 2740 monasterium,
2801 2687 2925 2743 quo
2957 2670 3299 2743 sepulcrum
3328 2671 3463 2742 ejus
3495 2676 3628 2728 erat
3642 2689 3751 2746 pa-

2084 2764 2305 2817 ratum.
2340 2762 2643 2834 Praeparat
2673 2775 2736 2815 se
2767 2760 3106 2833 episcopus,
3166 2760 3415 2816 missam
3471 2778 3587 2834 pro
3636 2779 3750 2819 suo

2086 2848 2269 2905 filiolo
2298 2848 2727 2905 celebraturus.
2758 2849 2953 2904 Choro
2979 2853 3092 2904 stat
3120 2853 3178 2903 et
3206 2848 3417 2916 clerus,
3441 2848 3757 2906 ofﬁciosis-

2087 2939 2235 2995 sime
2266 2944 2506 2994 cantare
2529 2944 2755 2993 suetus.
2793 2941 3073 3007 Ignorant
3102 2936 3439 2993 trucidandi
3467 2939 3751 2995 Christia-

2086 3028 2149 3084 ni
2170 3028 2378 3085 dolum
2403 3028 2722 3083 mortiferas
2753 3026 2998 3082 fraudis.
3032 3029 3395 3083 Decantatur
3440 3027 3633 3085 missa
3662 3045 3755 3086 so-

2084 3117 2359 3174 lemniter
2384 3116 2703 3173 celebrata.
2752 3115 3115 3189 Participant
3170 3132 3382 3171 omnes
3431 3118 3755 3175 Christiani

2086 3208 2345 3281 mystico
2376 3207 2669 3262 sacrificio
2688 3208 2830 3261 Jesu
2859 3205 3087 3262 Christi.
3151 3206 3248 3261 His
3288 3206 3619 3266 missarum
3662 3224 3757 3264 so-

2085 3298 2321 3353 lemniis
2377 3296 2655 3352 decenter
2704 3295 2971 3368 expletis,
3028 3294 3444 3369 paulatimque
3495 3298 3754 3369 paganis

2086 3385 2481 3456 congregatis,
2504 3384 2686 3455 jussit
2711 3383 2931 3457 praesul
2977 3400 3195 3457 corpus
3247 3384 3327 3440 ad
3375 3385 3753 3459 sepulturam

2086 3475 2320 3532 deferri.
2374 3474 2596 3543 Pagani
2667 3490 2806 3529 cum
2867 3488 3091 3541 magno
3146 3472 3409 3530 clamore
3465 3474 3755 3547 petebant

2087 3563 2387 3629 feretrum,
2419 3568 2477 3618 et
2512 3562 2793 3618 dicebant
2833 3562 3169 3618 alternatim
3216 3578 3338 3618 non
3392 3580 3537 3620 eum
3586 3581 3754 3639 sepe-

2085 3651 2375 3708 liendum.
2412 3652 2661 3709 Stabant
2690 3652 2869 3731 igitur
2925 3651 3242 3709 Christiani
3287 3668 3471 3726 super
3498 3671 3752 3728 respon-

2088 3743 2167 3797 sis
2198 3758 2406 3797 eorum
2441 3741 2774 3814 stupefacti.
2808 3745 2969 3798 Tunc
2992 3741 3296 3811 Alstignus
3326 3742 3542 3800 feretro
3599 3744 3756 3800 desi-

2086 3830 2215 3901 luit,
2246 3847 2574 3904 ensemque
2600 3830 2926 3899 fulgentem
2956 3831 3177 3901 vagina
3205 3830 3483 3906 deripuit.
3534 3835 3757 3890 Invasit

2088 3920 2360 3977 funestus
2408 3919 2729 3993 praasulem
2774 3920 2997 3976 librum
3046 3936 3235 3977 manu
3282 3926 3608 3979 tenentem.
3662 3926 3756 3980 Ju-

2088 4010 2255 4081 gulat
2278 4009 2617 4083 praesulem,
2660 4014 2958 4082 prostrato
3005 4014 3063 4065 et
3101 4009 3335 4077 comite,
3373 4016 3755 4085 stantemque

2088 4098 2314 4154 clerum
2345 4098 2406 4153 in
2431 4097 2680 4153 ecclesia
2707 4097 3020 4154 inermem.
3047 4099 3481 4155 Obstruxerunt
3526 4101 3757 4173 pagani

2089 4186 2241 4242 ostia
2267 4186 2492 4259 templi,
2516 4202 2590 4242 ne
2620 4192 2824 4258 posset
2853 4185 3011 4241 ullus
3041 4186 3216 4242 elabi.
3272 4189 3435 4243 Tunc
3484 4204 3759 4261 pagano-

2087 4292 2224 4331 rum
2254 4275 2452 4331 rabies
2485 4275 2739 4332 trucidat
2769 4275 3133 4332 Christianos
3158 4276 3436 4333 inermes.
3489 4278 3753 4335 Tradun-

316 4368 594 4427 omnium
622 4364 1047 4437 nequissimos,
1078 4380 1258 4437 super
1298 4378 1410 4418 sua
1439 4361 1818 4418 fraudulenta
1875 4361 1980 4417 do-
2017 4361 2058 4387 ”
2089 4369 2185 4422 tur
2212 4381 2424 4421 omnes
2480 4365 2630 4432 neci,
2684 4381 2838 4437 quos
2892 4366 3056 4421 furor
3106 4366 3323 4439 reperit
3368 4366 3579 4424 hostis.
3641 4369 3757 4423 Sa:-

314 4458 547 4516 lositate
580 4452 979 4512 consulturos.
1010 4453 1217 4509 Pandit
1246 4452 1359 4508 illis
1390 4457 1682 4507 secretum
1705 4467 1976 4507 exsecra-

314 4545 637 4619 bilerquod
683 4546 1039 4615 conceperat
1068 4541 1294 4598 furioso
1347 4540 1566 4596 corde:
1627 4562 1654 4587 ‹‹
1689 4540 1977 4596 lminente

317 4660 346 4689 ι(
375 4639 572 4704 nocte,
604 4649 701 4691 me
722 4636 1028 4689 mortuum
1053 4631 1321 4687 nuntiate
1350 4630 1589 4702 praesuli
1622 4633 1679 4685 et
1694 4629 1979 4695 comiti,et

316 4748 347 4778 «
373 4724 682 4799 deposcite
709 4721 963 4778 nimium
985 4720 1216 4786 ﬂentes,
1244 4722 1307 4774 ut
1328 4717 1549 4775 faciant
1576 4734 1673 4774 me
1707 4719 1975 4792 neophy-

316 4838 346 4866 α
377 4819 508 4872 tum
552 4829 663 4870 sua
700 4811 851 4868 urbe
912 4808 1164 4882 sepeliri.
1236 4811 1421 4864 Enses
1476 4813 1533 4864 et
1589 4808 1876 4876 armillas,
1924 4811 1980 4862 et

316 4925 346 4955 ι(
379 4900 678 4977 quidquid
707 4905 796 4957 est
817 4898 935 4955 mei
963 4897 1135 4970 juris,
1166 4896 1342 4953 dicite
1372 4914 1477 4953 vos
1507 4897 1754 4953 daturos
1780 4896 1915 4952 illis.
1948 4920 1975 4946 ››

316 4992 404 5049 Illi
428 4997 651 5056 autem,
680 4993 744 5047 ut
766 4990 1009 5061 jussum
1039 4987 1249 5052 fuerat,
1278 4990 1415 5042 ante
1445 4986 1725 5042 dominos
1776 4986 1977 5042 civita-

314 5080 391 5137 tis
416 5080 743 5148 venientes,
772 5077 1053 5134 dixerunt
1075 5075 1366 5146 ejulantes
1400 5091 1412 5129 :
1470 5097 1495 5123 ‹‹
1529 5078 1734 5130 Noster
1782 5074 1980 5131 senior

318 5175 687 5241 «vester-que
733 5166 972 5234 filiolus,
1021 5165 1177 5240 proh
1232 5163 1438 5220 dolor!
1498 5168 1586 5219 eSt
1639 5164 1977 5220 defunctus.

317 5279 347 5309 ‹‹
378 5261 699 5314 Precamur
725 5254 927 5310 miseri
948 5259 1015 5311 ut
1041 5254 1101 5310 in
1135 5258 1331 5309 vestro
1361 5252 1723 5308 monasterio
1773 5252 1981 5325 sepeli-

236 5394 245 5397 -
316 5346 427 5404 «ri
455 5360 598 5402 eum
629 5342 877 5414 faciatis,
904 5348 961 5401 et
1006 5358 1261 5399 munera
1306 5358 1442 5416 quas
1495 5341 1667 5399 vobis
1720 5342 1981 5400 moriens

318 5457 348 5488 «ι
377 5433 556 5507 jussit
587 5432 963 5506 permaxima
991 5431 1143 5501 dari,
1170 5431 1488 5505 recipiatis.
1528 5454 1554 5481 ››
1588 5430 1669 5487 Illi
1713 5448 1981 5504 namque

316 5524 421 5582 tali
449 5523 817 5597 sophismata
846 5523 1103 5595 decepti,
1132 5521 1350 5577 dandis
1367 5525 1424 5576 et
1453 5522 1817 5593 accipiendis
1852 5538 1979 5577 mu-

315 5612 565 5672 neribus
592 5614 770 5689 quasi
796 5611 1075 5669 excecati
1106 5609 1567 5683 spoponderunt
1597 5626 1816 5682 corpus
1838 5611 1981 5666 reci-

2087 4454 2253 4511 viunt
2283 4453 2439 4510 infra
2466 4453 2702 4509 delubri
2733 4458 2923 4528 septa,
2955 4459 3017 4509 ut
3041 4454 3166 4528 lupi
3186 4454 3340 4511 infra
3366 4455 3575 4512 ovium
3608 4473 3754 4513 cau-

2085 4542 2194 4599 las.
2228 4542 2415 4600 Corde
2446 4547 2730 4616 premunt
2749 4543 3038 4613 gemitum
3070 4542 3372 4614 mulieres,
3421 4544 3759 4617 lacrymas-

2085 4648 2204 4705 que
2231 4630 2551 4688 effundunt
2570 4630 2802 4687 inanes.
2833 4634 3089 4687 Juvenes
3120 4647 3257 4687 cum
3286 4631 3625 4702 virginibus
3668 4632 3757 4690 lo-

2084 4722 2165 4777 ris
2192 4725 2669 4777 ooncatenantur
2700 4720 2898 4776 simul.
2966 4720 3182 4777 Ultima
3221 4721 3357 4776 vitm
3413 4721 3543 4778 dies
3599 4723 3755 4780 acci-

2085 4810 2172 4866 dit
2200 4810 2503 4877 omnibus,
2535 4809 2837 4883 breveque
2867 4814 2925 4866 et
2943 4810 3400 4884 irrecuperabile
3430 4811 3569 4867 vitae
3603 4818 3755 4869 tem-

2083 4916 2224 4972 pus.
2280 4901 2672 4956 Prosternunt
2708 4915 2816 4973 per
2872 4898 3099 4956 moenia
3143 4898 3309 4956 urbis
3385 4898 3755 4972 praeliantes,

2085 5005 2483 5062 quoscunque
2537 4988 2839 5062 reperiunt
2875 4988 3240 5045 robustiores
3286 4992 3626 5046 atteruntur
3683 4991 3761 5048 ci-

2086 5094 2211 5145 ves,
2233 5078 2502 5145 saeviente
2520 5080 2696 5134 Marte
2718 5078 3005 5134 dolentes.
3040 5080 3193 5134 Gens
3216 5093 3352 5150 quae
3373 5084 3633 5151 praeerat
3651 5095 3758 5135 na-

2086 5168 2264 5224 vibus
2289 5167 2478 5237 adest,
2510 5167 2697 5241 portis
2711 5168 2771 5223 vi
2796 5166 3157 5240 patentibus.
3191 5168 3315 5223 Stat
3338 5183 3633 5241 mucrone
3661 5185 3760 5225 co-

2086 5272 2268 5313 rusco
2291 5256 2448 5313 acies
2488 5240 2644 5323 ferri,
2676 5255 2923 5313 strictim
2949 5262 3161 5330 parata
3202 5240 3651 5327 necifJungunt
3692 5274 3758 5314 se

2088 5345 2517 5418 praeliantibus,
2551 5345 2691 5402 hinc
2720 5345 2859 5402 inde
2888 5349 3179 5402 certantes
3208 5344 3580 5402 altrinsecus.
3614 5348 3760 5404 Cru-

2088 5433 2298 5491 deliter
2330 5435 2634 5508 perimunt
2652 5450 2864 5491 omnes
2896 5451 3052 5508 quos
3080 5433 3383 5508 reperiunt
3416 5436 3603 5491 armis
3652 5435 3762 5491 ob-

2091 5528 2337 5583 stantes.
2364 5525 2629 5581 Tandem
2656 5523 2860 5580 ﬁnitur
2888 5523 3178 5592 duellum,
3210 5524 3364 5580 eheu
3389 5524 3401 5580 !
3436 5530 3758 5598 perempto

2091 5616 2248 5668 coetu
2280 5612 3001 5670 Christianorumﬂaetera
3015 5628 3281 5687 namque
3296 5627 3519 5669 manus
3537 5611 3759 5669 ﬂebilis
