4004 6178
293 197 391 249 625

285 406 438 474 bies,
471 411 806 480 prostratos
836 414 1078 482 propter
1106 410 1272 466 urbis
1303 411 1623 484 principes.
1659 410 1961 466 Gloriaba-

285 500 386 551 tur
411 496 715 565 Alstignus
747 512 886 553 cum
915 498 1055 565 suis,
1087 504 1254 554 ratus
1311 499 1540 572 cepisse
1572 502 1826 555 Romam
1858 515 1958 554 ca-

284 589 401 658 put
430 584 665 641 mundi.
700 586 1034 642 Gratulatur
1059 591 1257 644 tenere
1302 604 1362 644 se
1411 588 1829 645 monarchiam
1872 593 1960 643 to-

285 673 408 729 tius
461 671 719 744 imperii,
752 689 858 746 per
904 675 1114 730 urbem
1158 692 1344 748 quam
1394 676 1647 748 putabat
1677 676 1956 742 Romam,

285 780 431 836 quae
463 768 555 818 est
583 764 850 834 gentium
891 764 1271 821 dominatrix.
1321 767 1487 822 Hanc
1526 782 1648 822 non
1681 782 1813 821 esse
1844 768 1959 820 Ro-

288 864 464 904 mam
495 855 820 922 postquam
850 851 1068 918 didicit,
1100 859 1439 909 commotus
1488 854 1576 909 ira
1608 853 1691 908 sic
1722 853 1916 926 inquit
1943 871 1955 908 :

291 960 322 986 ‹‹
351 937 713 994 Praedamini
740 955 979 996 omnem
1019 941 1416 1014 provinciam,
1448 948 1504 998 et
1530 941 1828 998 incendite
1858 958 1958 996 ur-

288 1025 439 1081 bem
465 1026 664 1082 istam.
695 1029 968 1101 Captivos
1007 1035 1062 1085 et
1101 1031 1292 1102 spolia
1321 1031 1634 1088 conducite
1666 1031 1746 1086 ad
1773 1046 1958 1085 naves

289 1131 486 1186 quam
518 1115 796 1187 plurima.
831 1119 1093 1174 Sentiant
1133 1119 1327 1176 coloni
1359 1120 1526 1176 istius
1561 1125 1727 1175 terrae
1758 1135 1868 1174 nos
1899 1119 1958 1174 in

291 1204 524 1260 ﬁnibus
553 1205 789 1262 illorum
820 1223 1144 1264 versasse.»
1169 1210 1338 1275 Quod
1365 1210 1618 1266 mandat
1631 1213 1795 1276 teter,
1820 1224 1961 1278 gau-

289 1292 397 1349 det
426 1309 640 1366 parare
687 1295 974 1352 minister.
1027 1297 1231 1353 Omnis
1279 1297 1586 1371 provincia
1637 1297 1958 1368 invaditur,

286 1383 590 1455 hosteque
616 1385 982 1456 nequissimo
1015 1391 1351 1458 superatur.
1383 1390 1621 1458 Strages
1643 1386 1960 1460 quamplu-

286 1471 451 1527 rima
485 1470 747 1542 eﬂicitur,
782 1474 999 1545 captivi
1041 1475 1120 1529 ad
1164 1491 1350 1531 naves
1394 1475 1718 1530 ducuntur.
1752 1472 1959 1528 Gladio

286 1565 348 1616 et
403 1560 682 1616 incendio
730 1561 1048 1620 devastant
1097 1564 1306 1621 omnia
1360 1581 1493 1637 quae
1553 1565 1785 1620 fuerant
1847 1562 1959 1618 illis

284 1651 352 1706 in
411 1651 740 1722 praesentia.
796 1653 1055 1710 Onerant
1102 1669 1309 1720 naves,
1358 1654 1451 1709 his
1501 1653 1771 1727 expletis,
1823 1668 1960 1724 cap-

285 1741 430 1796 tivis
491 1745 544 1795 et
600 1739 823 1813 spoliis.
877 1745 1006 1799 Jam
1059 1749 1294 1800 vertunt
1339 1760 1554 1817 proras
1605 1743 1682 1800 ad
1728 1742 1957 1799 Franci-

289 1845 468 1898 genas
513 1831 696 1898 gentis
741 1847 996 1900 regnum
1048 1833 1387 1889 ducendas.
1436 1837 1747 1889 Permeant
1792 1849 1958 1888 mare

291 1919 808 1990 Mediterraneum,
838 1927 1192 1978 revertentes
1246 1924 1325 1980 ad
1373 1924 1632 1980 Francize
1680 1939 1954 1993 regnum.

291 2005 547 2063 Francia
575 2012 657 2063 tot
688 2013 890 2077 gentes
938 2027 1229 2082 superans
1256 2012 1390 2082 jam
1426 2016 1615 2068 morte
1643 2011 1956 2084 superbas,

299 2094 522 2152 Ofﬁciis
551 2095 774 2153 intenta
801 2099 912 2170 piis
935 2099 1194 2172 profuse,
1225 2105 1283 2156 et
1307 2100 1595 2157 honestis.

294 2189 370 2239 At
394 2184 586 2240 crines
612 2185 673 2241 in
702 2204 763 2242 se
792 2189 996 2261 populi
1025 2189 1343 2246 dominata
1370 2190 1624 2246 volentis

297 2276 590 2346 Spargere
619 2279 696 2347 te,
727 2282 784 2332 et
813 2293 964 2334 vano
993 2280 1312 2336 conanime
1344 2280 1776 2349 contaminare,

294 2363 554 2435 Imperio
582 2366 868 2437 acquisita
898 2373 996 2424 tuo
1025 2369 1117 2425 bis
1147 2375 1234 2425 ter
1266 2369 1422 2424 trina
1450 2384 1636 2440 regna

293 2453 503 2521 Fortis,
530 2454 700 2520 dura,
735 2455 917 2526 ferox,
947 2465 1229 2516 constans
1259 2459 1652 2531 robustaque,
1688 2463 1884 2516 cauta.

295 2541 581 2612 Legifera,
613 2544 884 2615 insignis,
911 2549 1086 2616 mitis,
1111 2549 1284 2616 lenis,
1319 2547 1642 2620 luculenta,

296 2633 569 2699 Strenua,
588 2633 732 2700 tida,
763 2637 965 2709 comis,
987 2637 1126 2694 belli
1155 2638 1341 2694 rebus
1374 2637 1669 2705 studiosa,

295 2724 361 2775 In
383 2720 610 2776 cunctis
636 2723 1016 2799 vincensque,
1041 2732 1258 2800 potens
1286 2725 1596 2798 solersque
1616 2725 1958 2798 triumphis,

295 2810 567 2866 Pondere
600 2812 706 2867 sed
733 2815 960 2872 sceleris
994 2818 1138 2872 tanti
1170 2816 1428 2872 nimium
1459 2817 1786 2881 cumulato,

296 2900 580 2974 Regeque
610 2904 948 2974 posthabita
978 2911 1194 2962 cuncta
1224 2905 1587 2978 purgamine
1616 2906 1813 2977 plena,

296 2988 591 3045 Mandatis
634 2991 863 3047 Domini
893 2995 1100 3067 spretis
1132 3010 1317 3067 super
1347 2997 1506 3048 astra
1536 2995 1815 3050 tonantis.

296 3081 465 3133 Nunc
478 3084 774 3153 prostrata
785 3082 964 3152 jaces,
979 3100 1158 3156 super
1175 3098 1350 3139 arma
1366 3081 1580 3137 sedens
1596 3084 1959 3155 verecunda,

295 3167 556 3224 Attonita
586 3174 644 3225 et
672 3172 995 3242 stupefacta
1020 3172 1198 3229 nimis
1230 3172 1439 3241 hebes,
1469 3171 1649 3228 anxia
1688 3172 1884 3229 tristis.

297 3256 679 3324 Conculcata,
711 3257 983 3317 lacessita
1011 3267 1066 3317 et
1092 3265 1314 3334 spreta,
1343 3260 1670 3331 increpata,

298 3345 653 3418 lnt'estisque
684 3347 818 3416 reis,
851 3351 1096 3422 spurcis,
1129 3349 1338 3415 torvis,
1371 3347 1688 3418 sceleratis,

298 3434 614 3501 Pestiferis,
648 3437 908 3502 tumidis,
943 3439 1229 3508 ventosis,
1263 3437 1596 3507 ﬂagitiosis.

295 3527 447 3580 Nam
477 3524 737 3581 recidiva
767 3529 948 3583 armis
979 3529 1094 3584 cito
1125 3544 1326 3596 surge,
1355 3526 1616 3583 velocius
1647 3528 1820 3593 insta,

298 3613 627 3670 Consilium
663 3614 1026 3689 tibimetque,
1055 3618 1172 3674 tuis
1204 3631 1368 3672 nunc
1393 3632 1593 3698 quaere
1625 3617 1882 3673 salubre.

298 3703 591 3758 Horrendi
611 3703 778 3760 nefas
805 3706 1004 3761 multis
1032 3705 1336 3762 erroribus
1367 3705 1479 3759 acti

296 3793 603 3859 Pmniteat,
637 3795 859 3864 pudeat
887 3801 959 3864 te,
988 3798 1222 3866 taedeat,
1253 3797 1493 3851 horreat
1521 3800 1719 3868 atque.

299 3881 499 3937 Scribe
531 3882 633 3938 Dei
658 3884 945 3941 mandata
973 3886 1077 3953 tui,
1107 3883 1416 3941 recitando
1447 3900 1552 3956 per
1581 3901 1782 3953 omne,

296 3970 494 4026 Altera
521 3972 837 4044 progenies
864 3974 964 4030 illa
995 3975 1172 4030 Dacia
1197 3975 1217 3994 '
1246 3972 1578 4039 dimittitur,

302 4060 568 4130 Remigio
601 4061 859 4118 tumidas
884 4063 1084 4118 valido
1113 4062 1364 4135 lapsura
1394 4077 1500 4133 per
1526 4062 1743 4118 undas.

302 4148 548 4204 Bellabit
574 4165 813 4222 pugnas
838 4151 896 4206 in
931 4157 982 4206 te
1010 4167 1116 4223 per
1144 4155 1418 4223 tempora
1449 4149 1691 4217 multas,

302 4232 506 4288 Praelia
535 4234 795 4290 robustis
824 4251 1106 4290 exercens
1137 4235 1356 4291 martia
1380 4235 1532 4289 telis.

301 4319 495 4377 Eﬂ‘era
523 4324 883 4379 Francorum
908 4325 1234 4380 contundet
1265 4321 1450 4378 millia
1476 4321 1728 4391 bellans,

299 4410 546 4466 Faadere
577 4411 932 4484 complacito
958 4413 1200 4469 tandem
1225 4413 1354 4482 jam
1385 4427 1533 4483 pace
1563 4411 1784 4483 quieta,

301 4501 744 4574 Imperiumque
784 4507 977 4572 tuum,
1004 4517 1347 4575 nomenque
1377 4500 1640 4573 aequabit
1683 4501 1959 4575 Olympo,

301 4595 516 4648 Gentes
541 4596 597 4648 et
622 4593 880 4648 tumidas
911 4593 1016 4648 tibi
1046 4592 1344 4649 deservire
1375 4595 1662 4660 negantes

301 4681 640 4740 Contundet
677 4682 897 4753 gladio,
930 4682 1220 4747 mitescet,
1253 4680 1678 4754 suppeditabit.

301 4773 345 4827 O
379 4770 539 4836 felix,
572 4786 607 4824 ο
634 4776 838 4843 terque
864 4774 1076 4843 quater
1101 4774 1157 4825 et
1184 4769 1397 4824 millies
1427 4768 1607 4838 alma,

303 4860 476 4920 Salve
505 4859 862 4932 tripudians,
893 4865 951 4916 et
978 4864 1152 4916 aveto
1178 4859 1240 4914 in
1270 4857 1490 4914 saecula
1518 4874 1801 4928 regnans.

792 195 885 250 DE
923 195 1165 254 GESTIS
1204 197 1656 256 NORMANNUE
1696 199 1940 256 DUCUM
1982 198 2166 255 LIBRI
2207 201 2408 261 TRES.
2452 239 2521 246 —
2561 209 2692 262 LIB.
2737 208 2774 262 Ι.
2815 207 3231 264 HASTINGUS.

285 318 528 374 ducitur
554 318 836 375 navibus.
868 320 1247 394 Conquiescit
1291 321 1536 378 furentis
1582 322 1829 392 Alstigni
1860 339 1954 378 ra-
1993 325 2041 376 A

2000 1674 2038 1726 Β

2002 3023 2040 3076 C

1996 4369 2040 4423 D

3627 211 3729 265 626

2143 329 2373 384 Interea
2398 329 2547 384 dum
2576 329 2752 403 quasi
2781 331 3036 388 solitudo
3088 330 3334 387 Francia
3362 330 3595 388 deserta
3623 331 3731 389 ha-

2068 413 2326 484 beretur,
2347 418 2619 491 dumque
2642 420 2816 475 veluti
2841 420 3175 476 tonitrualis
3205 420 3470 490 mugitus
3498 420 3735 491 rugien-
3765 422 3768 423 ⁷

2068 503 2149 559 tia
2179 521 2423 577 arcana,
2447 507 2654 578 pavidi
2675 510 3184 563 Nortmannorum
3215 508 3508 564 adventus
3536 508 3736 565 formi-

2069 592 2376 663 darentur,
2406 612 2630 668 rexque
2662 599 3032 652 Francorum
3062 596 3222 652 unde
3254 597 3522 652 audaciae
3551 613 3732 670 paga-

2068 696 2289 737 norum
2319 683 2607 738 hostiliter
2633 683 2928 738 resisteret
2948 698 3070 736 non
3101 683 3365 752 haberet,
3386 684 3575 756 reperi
3597 699 3735 740 con-

2070 770 2268 826 silium
2301 772 2474 827 valde
2527 772 2640 828 sibi
2681 773 2926 845 suisque
2969 770 3450 840 saluberrimum,
3484 777 3547 828 ut
3592 789 3733 828 cum

2068 859 2335 927 Alstigno
2356 861 2645 932 nequiore
2668 859 3044 933 nequissimo
3065 859 3470 927 fcederaretur,
3494 876 3733 932 paxque

2071 949 2247 1004 totius
2268 949 2454 1016 regni,
2476 955 2751 1005 serenata
2770 947 3177 1019 ingruentium
3198 947 3734 1019 depopulationum

2071 1041 2438 1108 tempestate,
2472 1037 2624 1093 inter
2650 1043 2972 1109 utrumque
3005 1035 3341 1090 haberetur.
3364 1036 3738 1106 Quapropter

2069 1124 2327 1179 ducibus
2377 1125 2696 1194 accersitis,
2731 1141 2870 1180 cum
2925 1122 3223 1195 episcopis
3271 1121 3733 1195 comitibusque,

2070 1230 2208 1268 cum
2259 1214 2576 1270 satellitum
2629 1214 2861 1278 turmis,
2907 1211 3074 1284 quod
3129 1209 3306 1266 corde
3355 1185 3736 1282 disponendo

2069 1302 2396 1372 adinvenit,
2453 1301 2794 1375 eloquendo
2838 1298 3212 1364 memoravit,
3243 1301 3424 1368 atque
3473 1313 3737 1370 pronun-

2067 1392 2275 1448 tiando
2309 1392 2389 1447 sic
2436 1392 2631 1447 retulit
2662 1409 2672 1445 :
2736 1414 2761 1440 ‹‹
2789 1393 2830 1447 O
2865 1389 3127 1444 seniores
3157 1392 3213 1443 et
3250 1386 3505 1456 domini,
3537 1386 3737 1441 immi-

2068 1481 2262 1535 nentis
2306 1481 2695 1553 querimoniae
2726 1496 2910 1535 causa
2958 1479 3077 1533 huc
3117 1475 3450 1549 provocati,
3487 1475 3737 1531 consilio

2067 1587 2176 1625 vos
2207 1570 2486 1627 rimando
2515 1570 2822 1643 quau'itate
2846 1567 3035 1638 regni.
3061 1590 3089 1616 ››
3144 1569 3306 1620 Tunc
3335 1581 3482 1620 vero
3511 1565 3735 1634 Franci,

2068 1660 2232 1729 regia
2262 1660 2619 1715 allocutione
2648 1659 2921 1731 permoti,
2945 1657 3226 1712 dixerunt
3255 1653 3574 1708 unanimes
3600 1671 3738 1709 con-

2068 1753 2159 1805 tra
2211 1749 2344 1804 illos
2394 1748 2756 1804 debellando
2805 1745 3079 1819 praeliari.
3113 1747 3184 1798 At
3221 1758 3328 1796 rex
3353 1741 3738 1814 dissuadens,

2070 1838 2208 1894 talia
2239 1855 2489 1894 exorsus
2519 1842 2629 1904 est,
2662 1837 2867 1892 dicens
2893 1852 2904 1890 :
2964 1859 2990 1882 ‹‹
3017 1831 3150 1889 Mihi
3180 1845 3304 1884 non
3335 1830 3570 1887 videtur
3601 1848 3740 1887 con-

2070 1928 2267 1983 silium
2297 1932 2507 1984 contra
2548 1925 2679 1981 illos
2726 1923 2944 1981 initiari
2986 1921 3234 1977 bellum.
3277 1917 3334 1972 Si
3368 1925 3578 1976 contra
3606 1921 3739 1976 illos

2069 2017 2215 2074 forte
2268 2015 2604 2072 dimicaturi
2658 2013 2932 2081 exieritis,
2967 2015 3070 2067 aut
3100 2025 3208 2064 vos
3240 2008 3602 2077 moriemini,
3635 2014 3740 2066 aut

2066 2106 2146 2164 illi
2180 2107 2321 2176 fuga
2349 2105 2500 2177 lapsi
2532 2107 2799 2176 repetent
2825 2116 3012 2157 naves
3043 2094 3354 2154 celerrimi.
3380 2100 3448 2153 Ut
3472 2098 3736 2170 requies-

2070 2199 2163 2250 cat
2190 2200 2344 2251 terra
2374 2192 2745 2264 temporibus
2771 2189 3008 2256 nostris,
3038 2187 3344 2258 quaeratur
3364 2201 3486 2257 pax
3513 2186 3738 2242 diutur-

2068 2300 2149 2338 na
2179 2284 2257 2339 ab
2283 2281 2538 2354 impiis.»
2575 2282 2696 2337 Hoc
2717 2293 2983 2350 namque
3010 2272 3331 2332 consilium
3357 2277 3437 2330 ab
3454 2291 3554 2330 ore
3580 2273 3737 2341 regis

2068 2373 2368 2446 prolatum
2395 2370 2678 2425 omnibus
2704 2373 2791 2424 est
2821 2364 3266 2438 complacitum.
3289 2363 3634 2434 Diriguntur
3659 2361 3738 2416 le-

2071 2461 2189 2529 gati
2217 2459 2294 2515 ad
2325 2464 2588 2514 atrocem
2620 2457 2958 2524 Alstignum
3004 2449 3257 2526 pacifici.
3303 2451 3523 2506 Dehinc
3554 2447 3733 2503 vecti-

2069 2549 2186 2619 gali
2218 2563 2544 2621 pensorum
2579 2547 2939 2602 tributorum
2990 2554 3232 2596 summa
3256 2539 3584 2608 mitigatus,
3614 2541 3671 2591 et
3699 2551 3734 2590 a

2071 2635 2449 2706 Francigenis
2482 2635 2677 2690 exacti
2706 2631 2970 2689 muneris
2994 2628 3258 2703 pondere
3288 2623 3734 2696 sensim-placa-

2069 2732 2183 2793 tus,
2205 2741 2416 2798 pacem
2448 2740 2581 2795 quae
2617 2720 3035 2796 postulabatur
3065 2733 3186 2772 non
3217 2715 3457 2771 abdicat
3486 2712 3728 2778 diutius,

2068 2831 2279 2870 verum
2309 2813 2412 2868 dat
2441 2812 2769 2867 ultroneus.
2813 2806 3168 2865 lnconvulsa
3197 2803 3375 2873 igitur
3403 2799 3732 2875 praesqum

2069 2920 2231 2986 pace.
2245 2903 2506 2967 ﬁrmata,
2539 2899 2777 2956 ducitur
2822 2898 2900 2953 ad
2943 2912 3166 2966 regem,
3197 2892 3542 2967 pepigitque
3573 2889 3734 2944 inex—

2073 2977 2320 3049 tricabili
2351 2991 2574 3046 foedere
2600 2987 2964 3061 Olympiadis
2997 3002 3133 3042 cum
3161 3000 3230 3039 eo
3261 2997 3514 3038 munera
3541 2977 3729 3052 pacis.

2073 3083 2183 3149 Qui
2213 3079 2625 3154 imperialibus
2658 3076 3072 3150 competentiis
3103 3077 3434 3144 mutuaque
3454 3069 3732 3126 volunta-

2071 3179 2124 3228 te
2167 3170 2433 3226 vicissim
2491 3167 2782 3235 frederati,
2834 3164 3132 3221 concorde
3182 3160 3544 3218 unanimiter
3594 3161 3735 3213 sunt

2069 3260 2278 3317 effecti.
2336 3256 2685 3328 Quievitque
2755 3253 3001 3310 Francia
3066 3248 3423 3307 multimoda
3469 3245 3732 3303 'antehac

2068 3346 2534 3422 depopulatione
2589 3344 2829 3410 aﬂlicta,
2887 3357 3186 3413 cursuque
3238 3339 3393 3393 illius
3446 3333 3732 3407 temporis

2067 3437 2264 3495 hostili
2306 3440 2472 3508 peste
2502 3433 2758 3506 privata,
2787 3429 3310 3487 intumescentium
3348 3437 3731 3499 paganorum

2066 3526 2397 3583 vastatione
2428 3529 2518 3579 est
2547 3522 2816 3578 liberata.
2874 3524 2950 3576 Ne
3004 3517 3141 3590 quis
3186 3518 3368 3572 lector
3411 3513 3735 3569 abhorreat

2068 3632 2408 3678 monemus,
2442 3613 2515 3668 ad
2569 3612 2962 3668 adversorum
3004 3605 3402 3678 ignominiam
3454 3617 3731 3671 casuum,

2067 3706 2170 3778 qui
2200 3719 2323 3759 non
2342 3702 2419 3758 ad
2440 3701 2763 3765 interitum,
2789 3697 2891 3753 sed
2924 3696 2998 3752 ad
3029 3694 3466 3767 correptionem
3489 3692 3733 3762 propter

2069 3791 2592 3862 exaggerationem
2625 3787 2916 3843 scelerum
2957 3783 3335 3853 Francigenis
3363 3779 3728 3836 acciderunt.

2070 3882 2329 3939 Contrita
2359 3884 2447 3934 est
2480 3891 2743 3948 namque
2793 3889 2940 3944 gens
2987 3872 3174 3926 ultore
3205 3869 3472 3937 Alstigno
3501 3865 3733 3920 Franci-

2070 3986 2244 4042 gena,
2263 3985 2398 4041 quae
2428 3964 2883 4039 spurcaminum
2909 3965 3034 4016 erat
3054 3959 3229 4014 sorde
3257 3956 3511 4012 nimium
3528 3953 3727 4025 plena.

2070 4041 2280 4116 Perﬁdi
2310 4055 2652 4129 perjurique
2677 4051 2888 4108 merito
2919 4054 3058 4104 sunt
3086 4046 3376 4112 damnati,
3440 4041 3730 4098 increduli

2068 4146 2458 4216 intidelesque
2481 4144 2638 4214 juste
2672 4139 2881 4213 puniti.
2915 4136 3221 4192 Prolixum
3269 4132 3447 4189 nobis
3497 4129 3732 4185 univer-

2071 4254 2170 4292 sos
2199 4233 2353 4291 illius
2382 4231 2667 4304 temporis
2695 4229 2931 4284 labores
2960 4225 3301 4282 narratione
3335 4219 3614 4294 persequi
3644 4218 3731 4274 id-

2071 4326 2228 4380 circo
2271 4327 2491 4378 nostra;
2537 4315 3023 4393 praesumptionis
3072 4314 3244 4370 citius
3274 4314 3581 4368 vertamus
3613 4311 3733 4379 sty-

2071 4415 2197 4471 lum
2215 4413 2290 4468 ad
2316 4409 2654 4466 intentionis
2670 4405 3066 4481 propositum.
3098 4401 3362 4459 Elucidet
3379 4399 3581 4469 itaque
3603 4396 3732 4451 bre-

2071 4504 2217 4560 viter
2255 4503 2545 4568 calamus,
2578 4497 2858 4572 quamvis
2881 4496 3061 4563 iners,
3089 4509 3225 4568 quae
3256 4496 3405 4547 nutu
3432 4487 3533 4542 Dei
3565 4489 3733 4556 gesta

2075 4598 2215 4650 sunt
2243 4593 2590 4663 digeratque
2624 4585 3050 4660 compendiose
3079 4583 3332 4658 qualiter
3361 4576 3726 4663 acciderunt.

2074 4659 2511 4755 Exprimatque—
2543 4678 2634 4748 rei
2655 4659 2984 4744 veritatem,
3015 4687 3305 4746 spernens
3345 4659 3729 4755 sophismatis

2073 4749 2354 4827 errorem.
2390 4749 2622 4823 itefutet
2645 4768 2872 4821 erratus
2898 4762 3297 4818 obscenorum
3329 4768 3602 4818 casuum,
3631 4749 3731 4804 de-

2073 4861 2294 4934 primat
2319 4861 2578 4913 venturae
2609 4852 2814 4910 salutis
2842 4849 3169 4921 negotium.

1843 5057 2205 5115 EPILOGUS.

301 5209 522 5264 Ciclica
545 5213 711 5265 torva
738 5213 966 5278 tenens,
997 5212 1056 5264 et
1079 5208 1311 5264 lubrica
1341 5208 1514 5265 devia
1536 5225 1813 5281 pergens,

2077 5207 2352 5273 Herbida,
2379 5200 2706 5277 sylvestris,
2726 5209 3087 5260 memorosa,
3102 5196 3159 5247 et
3176 5189 3427 5255 lubrica,
3449 5191 3520 5277 et
3533 5201 3718 5259 aspra

301 5296 1330 5370 Labiliumanfractusnequicquam
1349 5276 1719 5370 audiensque
1731 5276 1963 5355 viarum
2071 5297 2366 5366 Farreque
2396 5276 2584 5363 equos
2613 5290 2870 5362 depasce
2899 5290 3031 5342 tuos
3046 5282 3175 5353 jam
3197 5284 3323 5334 tam
3352 5276 3727 5370 macilentos,

302 5391 580 5460 Cceptum
597 5387 768 5442 itiner
779 5403 938 5443 nunc
958 5387 1120 5452 siste,
1132 5387 1320 5455 Liber,
1333 5386 1598 5458 deposco
1613 5403 1964 5460 parumper,

301 5476 556 5533 Materiae
587 5475 872 5532 ﬂuitantis
898 5492 1053 5548 opus
1076 5476 1206 5546 jam
1232 5475 1436 5530 desine
1465 5474 1677 5531 fessus.

306 5566 367 5622 Si
392 5565 529 5620 duci
563 5565 760 5621 valeas
789 5565 942 5621 ultra
964 5567 1095 5636 jam
1126 5564 1406 5636 conspice
1437 5564 1647 5621 solers.

305 5657 477 5710 Nunc
496 5654 596 5710 via
624 5653 1010 5724 longanimis,
1033 5654 1338 5721 scabrosa,
1360 5658 1600 5730 petrosa
1627 5668 1735 5732 per
1763 5669 1964 5721 omne,

2071 5383 2227 5440 Velle
2251 5364 2480 5437 bonum
2499 5377 2750 5433 retinent
2769 5373 3080 5448 quoniam,
3095 5370 3198 5426 sed
3221 5384 3397 5442 posse
3418 5364 3724 5439 pusﬂlum.

2073 5471 2300 5546 Saepius
2333 5473 2389 5525 et
2417 5467 2574 5535 tersi,
2601 5466 2824 5536 lotique
2848 5463 3182 5519 habeantur
3211 5461 3231 5481 '
3263 5474 3370 5530 per
3395 5471 3572 5511 omne

2077 5561 2317 5615 illorum
2346 5555 2603 5630 pedibus
2634 5553 2855 5609 ferrum
2882 5549 3061 5605 clavis
3093 5563 3199 5602 sue
3227 5547 3458 5611 subtus,

2079 5651 2288 5708 Firmis
2317 5653 2375 5707 et
2402 5645 2600 5703 faleris
2628 5642 2866 5701 illorum
2900 5639 3083 5696 dorsa
3109 5651 3369 5710 perorna
3393 5652 3406 5703 ;
