4004 6178
314 216 418 273 627

314 340 494 399 Malas
520 342 575 395 et
600 336 780 393 frenis
810 333 1073 390 consutis
1104 331 1444 403 stringeque
1476 330 1750 385 habenis.

320 430 412 486 Sic
441 426 657 501 poteris
683 423 884 479 forsan
913 436 1236 494 peragrare
1260 420 1419 475 viam
1448 418 1839 480 luculentam.

319 518 471 584 Quin
501 528 797 586 erresque,
827 527 991 581 ruas,
1022 510 1366 576 otl'endaris,
1400 523 1753 581 pereasque,

1268 207 1576 265 DUDONIS
1616 206 1881 261 DECANI
1921 206 1977 260 S.
2019 202 2350 270 QUINTINI
2387 204 2774 262 VIROMAKD.

3627 206 3733 267 628

2080 328 2148 383 Ni
2171 328 2497 399 opitulante
2532 332 2668 397 Deo,
2696 331 2799 402 qui
2823 330 2961 401 jure
2988 331 3316 405 triumphat
3345 333 3425 389 ab
3451 334 3591 404 alto,

2080 417 2372 489 Testeque
2405 418 2684 483 Quintino
2714 419 2775 474 ni
2804 418 3203 477 intercedente
3232 421 3433 487 beato,

2078 510 2268 578 Atque
2298 506 2450 579 ipso,
2485 507 2581 561 cui
2610 523 2770 564 nunc
2816 510 3091 565 canimus
3118 525 3254 582 qua;
3285 512 3468 580 gessit
3496 518 3737 570 ovante.

1368 981 1507 1098 Ll
1534 980 1797 1096 ΞΞΕΒ
1908 977 2687 1102 SECUNDUS.

1905 1217 2160 1273 ROLLO

919 1404 1500 1493 Pli/EFATIO
1586 1400 2076 1490 HEROICO
2190 1403 2570 1489 METliO
2665 1405 3142 1491 llECURSA

1606 1608 1721 1665 Cui
1755 1607 2085 1677 subjectum
2124 1606 2453 1666 Elez‘acum.

1809 1764 2218 1778 *—

326 1926 534 1983 Priscis
559 1925 756 1981 insula
786 1929 1003 1991 creata,
1032 1928 1263 1979 vocata.
1303 1965 1314 1978 .
1352 1966 1362 1978 .
1402 1963 1414 1977 .
1447 1925 1626 1986 extat,

399 2015 661 2083 Pinguis,
696 2013 985 2082 agrifelix,
1014 2012 1180 2067 dives
1211 2027 1536 2084 opumque,
1570 2008 1734 2063 laum
1761 2023 1773 2061 :

330 2103 585 2175 Gurgitis
613 2103 891 2158 immensi
916 2102 1102 2157 limbo
1129 2101 1447 2173 praecincta
1480 2096 1744 2171 perenni,

403 2192 601 2249 Mercis
628 2192 934 2260 munifica,
966 2191 1190 2247 faenore
1213 2189 1576 2262 multiplicis.

332 2282 530 2337 Plures
558 2287 696 2337 sunt
720 2285 931 2354 portus
961 2281 1098 2336 hinc
1130 2279 1271 2334 inde
1300 2278 1668 2343 altrinsecus,
1701 2280 1879 2346 atque

402 2370 653 2427 Muneris
677 2374 735 2426 et
755 2370 904 2425 varii
929 2368 1187 2424 navibus
1215 2367 1502 2440 impliciti.

333 2461 474 2523 Quae
501 2459 705 2529 genuit
734 2459 1020 2514 Dedalum
1052 2457 1272 2513 multas
1297 2457 1373 2513 ad
1404 2455 1582 2512 laude
1606 2453 1888 2531 peritum,

408 2552 599 2622 Supra
626 2550 793 2622 quod
822 2549 964 2604 satis
995 2553 1082 2603 est
1111 2548 1339 2603 artibus
1367 2551 1545 2618 atque
1570 2544 1781 2600 scium.

336 2638 446 2704 Qui
476 2639 707 2709 fugiens
736 2638 1049 2711 quondam
1076 2637 1323 2695 Minoeia
1350 2636 1575 2692 moenia
1604 2650 1741 2690 cera

404 2728 573 2785 Nexit
601 2732 738 2785 actu
769 2728 896 2785 alas
925 2729 1176 2784 miriﬁco
1210 2727 1446 2783 sibimet

333 2818 695 2893 Prmpetibus
724 2818 939 2892 pennis
969 2834 1231 2874 vacuum
1260 2833 1400 2874 aera
1428 2832 1605 2889 posse
1634 2814 1819 2871 meari

405 2909 538 2981 Ipse
568 2913 751 2975 ratus,
786 2912 910 2963 tuto
941 2907 1268 2963 consimilis
1294 2906 1540 2962 volucri.
1822 2972 1833 2983 ι

336 2997 604 3052 Adscivit
632 2997 839 3052 levitas
870 2998 1149 3053 comitem
1180 2997 1495 3052 temeraria
1524 2998 1757 3063 natum,

408 3088 838 3158 Incautumque
868 3085 1014 3142 levis
1043 3086 1290 3156 foederis
1313 3090 1492 3157 atque
1523 3083 1740 3155 operis.

334 3174 519 3249 Inque
546 3176 702 3233 latus
733 3176 912 3232 subiit
935 3176 1149 3249 pennis
1180 3177 1379 3231 Icarus
1417 3174 1603 3247 patris
1634 3171 1780 3228 actis

402 3266 689 3322 Patrizare
718 3266 924 3322 volens
954 3266 1137 3336 aliger
1164 3263 1516 3337 intrepidus.

330 3351 588 3411 Dedalus
618 3355 696 3411 ad
726 3355 952 3424 gelidas
977 3359 1147 3427 pater
1172 3353 1426 3426 impiger
1464 3351 1659 3407 evolat
1686 3352 1916 3420 Arctos,

405 3439 825 3512 Telluremque
849 3439 971 3494 suis
997 3438 1185 3508 attigit
1214 3439 1308 3492 hic
1338 3436 1612 3509 pedibus.

335 3528 641 3583 Calcidicis
666 3529 911 3583 tandem
943 3544 1123 3599 super
1150 3526 1373 3582 adstitit
1404 3525 1640 3581 arcibus
1669 3525 1818 3597 ipse.

406 3617 632 3671 Dextris
660 3616 978 3687 frigoribus
1005 3630 1230 3684 gnarus
1262 3615 1483 3669 habere
1517 3614 1787 3669 modum.

334 3704 541 3762 Nobile
568 3704 888 3761 delubrum
918 3703 1145 3759 Phoebo
1176 3704 1516 3774 statuitque,
1548 3702 1789 3772 dicavit,

406 3794 608 3851 Exsuit
636 3795 731 3850 hic
762 3793 889 3850 alas
922 3808 1185 3866 moxque
1218 3791 1572 3848 salutiferas.

334 3884 587 3941 Dedalea
616 3883 853 3940 soboles
883 3882 1083 3938 minus
1108 3882 1338 3951 integer
1369 3897 1504 3937 arce
1535 3881 1737 3953 pericli

402 3974 642 4030 Venturi
671 3974 947 4029 incautus
982 3971 1192 4028 celsior
1221 3976 1401 4043 atque
1428 3986 1662 4026 means.

335 4062 594 4121 Climatis
623 4063 844 4136 impuri
875 4063 1055 4118 subiit
1079 4062 1215 4135 plus
1246 4060 1435 4117 ardua
1457 4061 1638 4131 justo,

404 4148 550 4205 Cera
577 4166 720 4206 mox
744 4151 974 4224 liquida
1001 4166 1202 4223 penna
1230 4150 1423 4206 soluta
1457 4154 1676 4205 manet.

335 4236 681 4305 COgnomen
711 4238 926 4310 pelago
956 4238 1120 4294 dedit
1149 4238 1364 4294 obvius
1396 4239 1595 4294 Icarus
1626 4237 1774 4310 ipse,

406 4326 642 4396 Gurgite
670 4325 939 4381 famosus
968 4327 1219 4382 obrutus
1250 4327 1569 4382 undisono.

334 4408 471 4470 Haec
502 4419 555 4470 te
584 4419 858 4470 monstra
888 4419 1114 4486 petunt,
1143 4419 1200 4471 et
1227 4414 1433 4471 fabula
1464 4415 1708 4485 contigit
1736 4415 1847 4471 ista

404 4502 667 4559 Ludicris
697 4503 901 4559 sannis
927 4502 1311 4575 ridiculisque
1341 4501 1465 4558 tibi.

330 4592 623 4650 Praeducis
653 4593 916 4666 incoepta
942 4591 1205 4648 Rollonis
1238 4591 1492 4660 grandia
1520 4591 1674 4647 facta

402 4680 819 4756 Dacorumque
844 4681 1019 4738 simul
1045 4681 1382 4754 pubetenus
1407 4681 1721 4752 juvenum.

330 4766 543 4828 Inﬁma
570 4773 866 4828 terrarum
894 4770 1127 4844 linquit,
1159 4768 1339 4826 nimis
1368 4769 1560 4825 ardua
1590 4775 1859 4841 captans,

402 4859 621 4916 Dedalo
652 4860 944 4933 quoniam
974 4859 1157 4931 ocior,
1192 4861 1295 4914 aut
1323 4857 1508 4913 Icaro.

328 4950 483 5004 Dum
513 4949 665 5005 ccelo
693 4949 976 5006 stolidum
1005 4952 1183 5004 temet
1210 4947 1565 5021 protendere
1591 4964 1823 5020 pennas

401 5039 656 5108 Contigit
684 5038 1049 5095 immensum
1080 5037 1272 5093 ardua
1304 5037 1599 5093 materies.

327 5125 561 5181 Viribus
589 5125 1031 5183 incrementatis
1062 5125 1109 5181 si
1136 5140 1314 5197 posse
1340 5124 1565 5193 fuisset,

399 5210 607 5268 Cordis
637 5218 833 5270 mente
866 5215 968 5285 tui,
997 5219 1062 5271 ut
1086 5214 1193 5271 tibi
1221 5214 1372 5271 velle
1401 5218 1624 5271 manet.

326 5300 669 5373 Multiplices
696 5302 925 5375 species
956 5304 1003 5359 si
1034 5304 1248 5360 scisses
1276 5303 1695 5372 armonicales,

400 5391 646 5447 Servant
672 5389 989 5448 discrimen
1021 5408 1156 5465 quia
1188 5392 1377 5450 tribus
1406 5393 1467 5448 in
1498 5393 1787 5461 gradibus

323 5476 647 5535 Dulcicano
679 5479 877 5536 sonitu
901 5480 1193 5553 quivisses
1219 5481 1371 5536 inter
1396 5480 1623 5536 colores

395 5568 645 5625 Psallere
675 5570 977 5643 praecipue
1007 5570 1282 5626 cantibus
1313 5570 1654 5626 armonicis.

323 5658 682 5716 Octomedos
711 5658 909 5733 quivis
936 5658 1225 5718 haerentes
1264 5659 1326 5716 in
1357 5658 1722 5717 tetracordis.

2018 1918 2066 1969 A
2165 1918 2325 1982 Quos
2351 1918 2721 1977 diatessaron
2753 1927 2807 1977 et
2834 1922 3111 1994 diapente
3141 1921 3318 1987 favet,

2091 2006 2551 2080 Coministisque
2582 2010 2732 2066 tonis
2762 2028 2917 2083 quos
2944 2011 3190 2066 dissona
3217 2011 3421 2066 limate
3452 2010 3720 2069 formant

2164 2098 2452 2168 Expensis
2485 2100 2626 2155 artis
2657 2100 2998 2172 disparibus
3028 2102 3313 2156 numeris.

2092 2187 2309 2259 Sexqui
2340 2193 2553 2244 octava
2584 2195 2792 2246 tonum
2820 2191 3109 2262 quoniam
3135 2192 3443 2264 proportio
3469 2190 3723 2259 claudit,

2167 2280 2230 2331 Et
2258 2277 2629 2334 diatessaron
2663 2296 2779 2351 pax
2810 2281 3041 2353 epitrita
3071 2280 3230 2350 ligat.

2096 2368 2160 2421 Et
2185 2366 2462 2439 diapente
2492 2369 2752 2425 melodia
2781 2370 2888 2425 rite
2914 2370 3152 2426 emiolia
3182 2370 3389 2437 sancit,

2163 2455 2407 2513 Servata
2434 2457 2564 2528 lege
2595 2459 2736 2514 artis
2766 2459 3169 2515 arithmeticae.

2095 2546 2161 2598 Et
2185 2544 2577 2613 diatessaron,
2611 2547 2910 2619 diapente,
2944 2548 3121 2603 simul
3150 2548 3445 2620 diapason

2168 2635 2405 2690 Sancito
2434 2636 2622 2708 duplo
2654 2636 2969 2709 perﬁciunt
2992 2653 3263 2693 numero.

2097 2723 2366 2795 Triplicis
2397 2729 2455 2779 et
2483 2725 2691 2780 formae
2721 2725 3017 2797 diapason
3045 2730 3102 2780 et
3130 2726 3429 2798 diapente,

2168 2813 2379 2885 Bisque
2410 2813 2708 2886 diapason
2737 2815 3077 2887 quadrupla
3103 2814 3453 2871 consolidat.

2098 2904 2224 2955 lcor
2254 2917 2412 2957 nunc
2452 2902 2651 2957 nimiis
2680 2902 3035 2958 rancoribus
3066 2908 3244 2975 atque
3269 2918 3598 2975 repungor,

2171 2992 2236 3045 Et
2263 2989 2533 3045 stimulor
2558 2991 2853 3063 pavitans,
2887 2992 3359 3064 concutitiorque
3389 2998 3677 3048 tremens.

2100 3080 2218 3134 Ha!
2256 3095 2330 3134 ne
2362 3082 2413 3134 te
2446 3079 2731 3150 subigant
2762 3081 3075 3137 temeraria
3104 3081 3333 3136 ludicra
3367 3081 3548 3151 vulgi,

2171 3168 2258 3223 Ha
2283 3169 2293 3222 l
2326 3183 2400 3223 ne
2432 3168 2797 3241 prtecipitem
2827 3168 3080 3224 fulmina
3109 3169 3473 3225 concutiant.

2020 3261 2062 3314 Β
2098 3259 2310 3311 Erutus
2336 3255 2565 3311 insidiis
2595 3273 2716 3329 quo
2748 3256 2940 3329 possis
2963 3258 3099 3327 jure
3130 3258 3300 3325 tueri,

2172 3349 2314 3402 Ecce
2347 3346 2586 3402 salubre
2614 3347 2717 3402 tibi
2744 3348 2945 3419 accipe
2977 3348 3313 3403 consilium.

2099 3434 2478 3508 Propositum
2509 3436 2706 3491 cordis
2739 3436 2989 3491 Domino
3021 3438 3260 3493 comitte
3290 3437 3545 3503 tonanti,

2173 3524 2421 3579 Ludicra
2446 3524 2773 3596 disperdat,
2808 3523 3045 3594 fulgura
3074 3524 3370 3580 discutiat.

2100 3614 2384 3668 Munitum
2416 3613 2639 3669 sensim
2672 3618 2925 3686 pontum
2952 3619 3004 3668 te
3036 3613 3329 3686 provehat
3358 3612 3519 3667 ultra

2174 3702 2449 3758 Flaminis
2480 3703 2747 3758 almitluo
2774 3703 2908 3759 alite
2938 3702 3217 3775 septiﬂui.
3394 3690 3397 3693 ’

2100 3795 2291 3864 Atque
2324 3792 2450 3848 solo
2482 3797 2661 3847 temet
2693 3793 2863 3847 sistat
2888 3792 3099 3863 pingui
3128 3796 3182 3847 et
3214 3790 3445 3861 cereali,

2174 3880 2388 3935 Evulso
2417 3896 2663 3935 nemore
2693 3880 2916 3935 fruticis
2944 3884 3001 3935 et
3030 3876 3228 3935 silicis.

2102 3968 2537 4041 Rhetoricoque
2568 3974 2737 4024 tuum
2768 3968 3071 4024 foecundet
3098 3974 3335 4024 nectare
3368 3984 3624 4024 sensum

2170 4058 2479 4113 Armorico
2512 4058 2730 4130 pariter
2759 4056 2987 4112 debriet
3013 4062 3072 4112 et
3090 4056 3359 4113 modulo.

2100 4145 2408 4218 Acquisita
2437 4145 2569 4202 aliis
2598 4146 2822 4218 plectro
2850 4162 2986 4201 cum
3018 4146 3239 4202 fidibus
3267 4145 3347 4201 ita

2171 4235 2513 4291 Ymnizante
2542 4235 2730 4290 melos
2762 4234 3017 4307 psallere
3048 4252 3195 4290 voce
3224 4250 3434 4306 queas.

2104 4324 2348 4380 Eatricio
2379 4324 2549 4380 caecis
2580 4324 2778 4391 oculo,
2811 4324 3062 4391 claudis,
3089 4323 3453 4395 baculoque,

2172 4413 2441 4470 Ecclesiae
2471 4413 2692 4483 decori,
2720 4414 3213 4487 pauperibusque
3240 4412 3396 4468 cibo.

2097 4503 2360 4576 Orphani
2392 4506 2448 4558 et
2473 4502 2682 4569 exulis,
2711 4507 2802 4557 ast
2827 4502 3043 4575 inopis,
3077 4502 3394 4574 vidumque
3420 4500 3703 4570 vagantis

2023 4604 2064 4660 ο
2166 4594 2413 4647 Summo
2444 4591 2622 4647 tutori
2649 4592 2872 4647 ordinis
2904 4597 3084 4664 atque
3114 4591 3284 4647 sacri.

2095 4682 2223 4737 Huc
2248 4683 2400 4754 pede
2424 4696 2683 4737 arenoso
2712 4696 3068 4754 quanquam
3097 4679 3449 4737 devenimus
3478 4695 3701 4752 usque,

2168 4775 2349 4828 C(eno
2378 4775 2435 4825 et
2463 4786 2669 4840 gressu
2694 4769 3037 4843 difﬁcilique
3062 4770 3178 4825 via.

2100 4859 2346 4916 Ulterius
2377 4863 2644 4914 nostrum
2680 4874 2973 4914 conamur
2991 4858 3231 4914 tendere
3258 4872 3561 4928 gressum,

2167 4947 2281 5003 Sed
2312 4963 2421 5003 nos
2450 4945 2700 5001 dilaniat
2725 4946 2985 5002 materiae
3011 4948 3269 5002 novitas.

2096 5039 2227 5093 Non
2250 5036 2382 5109 opis
2412 5036 2493 5090 ire
2520 5035 2785 5107 quidem,
2821 5042 3143 5107 nostroque
3174 5035 3440 5090 insistere
3472 5040 3699 5108 coepto,

2166 5126 2390 5198 Nempe
2422 5123 2678 5192 fatigatis
2705 5124 2969 5195 pondere
2998 5122 3319 5197 praevideo.

2096 5217 2485 5285 Praemagnus
2514 5218 2603 5269 est
2628 5213 2803 5269 nobis
2833 5214 2853 5235 '
2882 5213 3175 5271 dimittere
3214 5212 3467 5282 fascem,

2165 5304 2487 5361 Garrulitas
2511 5302 2639 5373 erit,
2671 5307 2728 5359 et
2753 5302 3072 5359 ridiculum
3096 5303 3370 5359 nimium.

2092 5392 2424 5450 Formicare
2456 5391 2663 5447 valens
2696 5391 2974 5448 informia
3004 5396 3221 5448 cuncta
3246 5393 3543 5464 potenter,

2161 5484 2449 5554 Donaque
2474 5481 2841 5537 distribuens
2866 5480 3122 5536 nectaris
3150 5479 3396 5535 uranici.
3578 5472 3585 5475 ’

2086 5571 2336 5645 Spiritus
2367 5571 2542 5637 alme,
2574 5571 2728 5637 veni,
2758 5571 2924 5627 nasci
2953 5570 3056 5643 qui
3086 5569 3266 5625 verba
3290 5567 3526 5638 dedisti,

2155 5661 2374 5717 Sensus
2403 5660 2666 5717 aceendo
2695 5661 3002 5720 viviﬁcans
3029 5659 3291 5717 hebetes.
