4004 6178
194 321 316 377 Huc
348 338 578 395 precor
609 327 848 401 aspira,
880 328 1045 385 fusas
1075 343 1214 401 spes
1245 332 1434 401 atque
1462 329 1735 399 refunde,

256 416 344 466 An
355 416 449 468 tra
476 415 612 471 mei
644 416 884 473 sensim
908 416 1159 491 pectoris
1188 416 1516 475 irradians.

185 502 459 569 Tangere
490 518 631 575 quo
663 507 907 577 possim
952 512 1125 563 tantaa
1159 510 1303 561 ante
1358 507 1676 563 cacumina
1705 507 1900 575 molis,

256 592 648 663 lntemptata
682 594 844 666 stylo
875 608 1110 664 surgere
1136 595 1443 664 largiﬂue.

194 678 486 735 Prosaico
517 681 797 739 referam
828 684 1080 740 breviter
1105 699 1498 757 quaecunque
1527 685 1736 751 relatu,

267 770 346 825 Te
376 769 702 840 collatore,
746 778 803 829 te
833 773 1004 843 duce,
1036 779 1090 829 te
1118 773 1370 830 artiﬁce.

278 861 431 916 Cum
486 875 770 932 superna
851 862 1079 918 Deiﬁcas
1142 861 1444 919 Trinitatis
1503 862 1896 934 providentia,

218 949 389 1020 cujus
418 954 576 1005 nutu
620 950 860 1007 variata
886 951 1249 1008 volventium
1302 956 1649 1024 temporum
1679 950 1903 1007 vicissi-

216 1036 426 1092 tudine
476 1036 859 1094 alternantur
888 1039 1106 1106 omnia,
1152 1046 1427 1095 cerneret
1450 1039 1770 1094 clementer
1800 1041 1903 1093 Ec-

215 1124 467 1181 clesiam
497 1132 712 1183 sancto
741 1126 1031 1195 sanguine
1060 1127 1465 1201 redemptam,
1490 1128 1763 1199 sacrique
1794 1126 1905 1183 ba-

214 1214 518 1287 ptismatis
547 1215 726 1271 latice
771 1216 1069 1288 profusius
1112 1218 1523 1282 emendatam,
1556 1216 1791 1288 oleique
1841 1220 1905 1271 et

214 1302 566 1360 chrismatis
621 1304 855 1377 liquore
913 1305 1220 1375 insigniter
1270 1305 1627 1374 delibutam,
1687 1320 1904 1375 supra-

215 1391 457 1464 scriptis
484 1393 750 1449 breviter
771 1394 1008 1450 casibus
1027 1395 1378 1451 immaniter
1407 1392 1687 1449 afﬂictam
1711 1409 1723 1447 :
1756 1407 1906 1447 con-

213 1482 406 1537 tinuis
439 1483 914 1539 Christianorum
943 1485 1226 1557 precibus
1259 1482 1605 1557 suppliciter
1633 1481 1902 1556 pulsata,

210 1586 342 1626 non
371 1571 605 1627 desistit
659 1572 740 1627 illi
789 1572 1087 1629 salutifera
1140 1573 1418 1645 prrebere
1463 1572 1765 1641 suffragia,
1821 1585 1905 1625 ex

875 207 967 260 DE
1006 203 1243 259 GESTIS
1281 203 1718 262 NORMANNIAS
1759 196 2003 263 DUCUM
2041 202 2227 258 LIBRI
2267 206 2462 273 TRES,
2508 208 2634 264 LIB.
2684 206 2750 263 II.
2793 206 3047 263 ROLLO.

3579 208 3683 261 680

1937 334 1985 387 Α
2020 326 2308 383 virtutum
2340 330 2583 385 cumulo
2612 327 3207 407 praecellentissimus.
3229 326 3517 384 Defuncto
3539 343 3683 385 vero

2016 415 2141 483 illo,
2195 419 2650 491 superstiterunt
2701 420 2824 474 duo
2853 418 2957 474 ﬁlii
2987 419 3138 489 ejus,
3195 419 3378 473 armis
3433 418 3679 487 strenui,

2015 505 2191 561 bellis
2246 509 2459 579 edocti,
2518 527 2768 583 corpore
2827 508 3234 582 pulcherrimi,
3304 507 3683 565 animositate

2014 593 2442 653 robustissimi.
2506 600 2771 664 Quorum
2826 612 2966 652 vero
3022 598 3216 667 major
3274 604 3419 652 natu
3469 598 3679 664 ROLLo,

2015 683 2165 738 alter
2195 702 2335 742 vero
2379 688 2584 758 junior
2615 690 2795 742 Gl'RIM
2837 690 3239 757 nuncupatur.
3292 687 3453 750 Quos
3496 685 3683 755 regali

2006 772 2285 843 jussione
2318 776 2596 849 descripti
2624 777 2879 847 juvenes
2901 775 2975 829 ad
2996 773 3550 829 exterminationem
3581 790 3680 843 ag-

2013 862 2373 934 gredientes,
2408 880 2687 938 genuque
2715 863 2892 933 ﬂexo,
2924 862 3213 933 vultuque
3245 861 3570 932 submisso,
3593 869 3681 918 at—

2011 965 2134 1022 que
2163 950 2374 1008 humili
2423 970 2571 1009 voce
2599 952 2819 1009 obnixe
2844 955 3181 1025 poscentes,
3234 949 3512 1022 inquiunt
3533 965 3681 1006 una-

2010 1038 2207 1094 nimes
2234 1057 2246 1095 :

2086 1150 2113 1177 ‹‹
2170 1130 2333 1185 Ferte
2386 1130 2561 1185 nobis
2619 1130 2929 1195 auxilium,
2990 1126 3302 1183 subvenite
3375 1126 3553 1183 nobis
3620 1126 3683 1181 in

2013 1216 2417 1287 adjutorium:
2464 1219 2577 1273 sub
2609 1218 2791 1275 tutela
2824 1223 3034 1273 vestra:
3064 1216 3449 1288 protectionis
3485 1231 3684 1271 mora-

2012 1304 2236 1375 bimur,
2294 1312 2680 1380 vestrumque
2735 1307 3043 1362 servitium
3098 1306 3466 1361 incessanter
3509 1304 3682 1360 facie-

2014 1410 2176 1451 mus.
2235 1398 2354 1450 Rex
2400 1400 2602 1451 autem
2656 1401 2856 1452 noster
2885 1394 3074 1451 vulta
3126 1394 3306 1450 Dacia
3343 1408 3456 1449 nos
3495 1398 3682 1449 exter-

2014 1485 2267 1549 minare,
2320 1486 2641 1559 fundisque
2687 1486 2905 1542 nostris
2971 1488 3151 1557 atque
3215 1483 3523 1540 beneﬁciis
3568 1498 3680 1538 nos

2012 1587 2123 1645 per
2152 1573 2358 1628 omnia
2400 1574 2655 1646 privare.
2704 1574 3074 1642 Miseremini,
3115 1588 3456 1645 precamur,
3503 1571 3679 1627 mise-

210 1658 525 1716 ferocitate
548 1677 720 1715 saevae
752 1662 1086 1731 gentilitatis
1113 1662 1461 1733 Dacigena:
1492 1666 1556 1716 ut
1582 1661 1742 1718 unde
1774 1660 1904 1717 fue-
1939 1682 1979 1739 Β
2010 1661 2160 1717 mini
2192 1663 2367 1718 nobis
2412 1664 2577 1718 omni
2609 1680 2714 1735 spe
2746 1668 2802 1719 et
2847 1663 3035 1718 salute
3084 1662 3399 1717 destitutis.
3447 1685 3475 1710 ››
3516 1663 3678 1717 Tunc

209 1754 308 1805 rat
334 1749 614 1806 ﬂebiliter
642 1750 882 1821 afﬂicta,
900 1752 1054 1808 ’inde
1104 1756 1270 1807 esset
1318 1750 1562 1807 viriliter
1587 1754 1897 1820 vegetata;

210 1844 272 1895 et
312 1839 531 1912 quibus
554 1841 616 1896 in
667 1833 933 1913 praeceps
979 1842 1177 1915 lapsa,
1226 1843 1325 1897 his
1360 1839 1513 1896 caelo
1540 1845 1709 1896 tenus
1737 1840 1901 1895 exul-

212 1932 377 1984 tata:
424 1944 808 2002 quorumque
857 1936 990 1986 actu
1045 1932 1447 2004 ﬂoccipensa,
1498 1930 1714 1984 horum
1764 1945 1897 1985 mu-

212 2033 357 2073 nere
384 2017 643 2074 refecta:
695 2035 951 2091 quorum
988 2020 1340 2094 frequentia
1387 2019 1760 2087 conculcata,
1788 2019 1894 2074 ho-

214 2122 354 2161 rum
399 2123 546 2163 auro
589 2109 957 2182 gemmisque
1005 2115 1261 2166 ornata:
1297 2123 1567 2181 quorum
1615 2108 1889 2179 praedatu

211 2211 513 2268 pannosa,
547 2198 763 2254 horum
803 2199 959 2256 dono
1000 2205 1249 2272 compte
1280 2198 1557 2271 palliata.
1592 2197 1892 2254 Concretis

210 2286 394 2353 igitur
442 2286 712 2344 humana
758 2288 1032 2359 connubii
1082 2290 1409 2360 stuprique
1456 2285 1678 2359 copula
1705 2284 1891 2357 pluri-

211 2374 329 2428 mis
365 2375 797 2444 Dacigenarum
838 2377 1087 2449 pubium
1128 2378 1370 2446 turmis,
1423 2376 1668 2447 illisque
1710 2372 1893 2428 bello-

212 2479 351 2519 rum
394 2465 673 2521 incendia
719 2466 864 2522 inter
889 2483 969 2535 se,
998 2472 1054 2523 et
1094 2467 1158 2522 in
1199 2470 1432 2539 patres,
1465 2470 1528 2522 et
1557 2462 1892 2520 avunculos

216 2547 558 2621 frequenter
599 2552 1065 2622 suggerentibus,
1114 2562 1330 2606 omnes
1395 2549 1719 2617 Dacigenae
1768 2562 1894 2602 ma-

211 2655 377 2709 jores
431 2645 581 2696 natu
607 2645 665 2696 et
716 2646 996 2714 potestate
1049 2641 1125 2696 ad
1189 2654 1402 2708 regem
1437 2637 1889 2701 convenientes,

215 2726 501 2784 dixerunt
533 2729 879 2785 unanimes:
931 2727 1295 2801 Respublica
1322 2727 1534 2784 hostili
1578 2724 1892 2781 invasione

217 2831 375 2872 saave
399 2818 774 2890 opprimitur,
814 2818 1194 2890 ﬁliorumque
1222 2821 1280 2871 et
1327 2820 1627 2889 nepotum
1661 2818 1892 2869 nostro-

217 2919 357 2959 rum
383 2907 734 2963 contritione
780 2908 1125 2964 concutitur.
1176 2906 1597 2963 Constitutum.
1625 2919 1891 2975 namque

218 2999 439 3049 nostrae
520 2996 882 3069 antiquitatis
960 2998 1142 3054 ritum
1228 2995 1671 3062 abdicavimus,
1754 2993 1891 3049 ideo

219 3084 486 3141 Daciscee
539 3087 728 3156 gentis
778 3087 1036 3160 populus
1084 3084 1545 3159 quamplurima
1573 3084 1736 3140 mala
1763 3099 1893 3155 per-

221 3188 441 3245 pessus
470 3176 830 3232 annullatur.
880 3176 1134 3232 Consule
1160 3175 1358 3246 igitur,
1391 3179 1531 3242 Rex,
1561 3190 1748 3245 regno
1776 3173 1892 3229 ritu

220 3264 565 3335 veterrimo,
608 3265 773 3337 quod
826 3281 1028 3336 regere
1079 3264 1334 3337 paciﬁco
1383 3264 1569 3320 debes
1615 3263 1887 3336 imperio.

223 3353 508 3410 Pestifera
552 3355 1059 3428 nequissimorum
1088 3356 1358 3411 hostium
1400 3354 1498 3410 lue
1527 3358 1891 3426 expurgetur

226 3443 431 3513 Dacia,
462 3448 528 3499 ut
552 3445 773 3500 residui
818 3446 1015 3500 vivere
1054 3450 1112 3501 et
1156 3444 1529 3517 requiescere
1580 3442 1889 3516 possimus

223 3546 376 3603 pace
433 3539 740 3605 perpetua.
800 3536 1065 3600 Quorum
1123 3532 1545 3589 consiliisirex
1610 3530 1890 3589 attentius

224 3622 637 3694 acquiescens,
695 3640 938 3697 suasque
993 3622 1413 3697 praeceptionis
1469 3622 1731 3678 edictum
1782 3635 1890 3694 per

226 3714 450 3766 terram
483 3712 576 3766 sui
599 3712 828 3785 imperii
878 3712 1156 3769 velociter
1184 3711 1469 3782 dirigens,
1502 3716 1565 3767 ut
1588 3709 1889 3766 describe-

223 3806 432 3855 rentur
462 3805 707 3872 nepotes
735 3805 792 3857 et
818 3801 922 3856 ﬁlii
946 3818 1100 3873 quos
1127 3817 1255 3856 sors
1284 3800 1568 3872 reperiret
1590 3798 1889 3872 expulsio-

222 3887 337 3954 nis,
366 3888 549 3958 jussit
576 3894 845 3962 satrapas
866 3889 1021 3945 illius
1048 3894 1215 3945 terra:
1244 3888 1454 3945 adesse
1481 3888 1592 3944 sibi
1615 3887 1886 3960 praescri-

222 3977 305 4050 pti
336 3977 1190 4050 dieitempore.Hujuscemodi
1213 3977 1376 4033 fama
1404 3977 1695 4047 regalium
1724 3976 1886 4047 lega-

223 4066 460 4123 tionum
486 4082 628 4123 mox
675 4067 927 4140 percutit
953 4072 1182 4123 mentes
1228 4066 1706 4139 pubescentium.
1752 4070 1886 4123 Tre-

221 4156 381 4229 pidis
460 4156 640 4212 anxia
708 4156 1012 4212 sententiis
1083 4155 1323 4212 illorum
1400 4156 1584 4213 corda
1652 4159 1884 4224 nutant,

222 4245 584 4318 incertisque
614 4244 824 4301 futuris
854 4245 1058 4315 ignota
1100 4244 1409 4301 ﬂuctuant.
1442 4247 1631 4301 Haeret
1649 4245 1886 4301 illorum

227 4334 596 4408 stupefactus
666 4334 925 4401 animus,
986 4350 1238 4390 cernens
1291 4334 1596 4403 incognita
1651 4351 1883 4391 sensus.

1933 3040 1973 3095 C

2008 1750 2134 1805 duo
2173 1750 2255 1805 illi
2304 1751 2514 1806 fratres
2562 1752 2907 1824 suppliciter
2935 1749 3325 1823 precantibus
3352 1750 3679 1821 responde-

2005 1843 2167 1905 runt,
2201 1840 2503 1895 dicentes:
2539 1862 2567 1889 α
2599 1839 3038 1895 Auxiliabimur
3086 1838 3311 1911 optime
3345 1838 3536 1903 vobis,
3578 1854 3677 1893 vo-

2006 1943 2160 2000 sque
2190 1929 2483 1999 regalium
2512 1929 2814 1985 minarum
2848 1945 3090 1985 securos
3128 1928 3355 1983 morari
3384 1928 3444 1983 in
3476 1928 3674 1996 Dacia,

2004 2021 2187 2089 atque
2218 2034 2311 2073 res
2356 2023 2564 2073 vestrae
2595 2018 2975 2091 proprietatis
3015 2018 3306 2074 faciemus
3355 2017 3551 2090 quiete
3601 2021 3679 2071 te-

2001 2121 2165 2163 nere.
2199 2130 2225 2156 »
2258 2107 2339 2163 Illi
2372 2113 2574 2163 autem
2623 2108 2752 2163 hiec
2783 2108 3117 2176 audientes,
3174 2106 3435 2162 Rollonis
3483 2109 3539 2162 et
3565 2107 3679 2161 Gu-

2000 2194 2117 2250 rim
2144 2196 2349 2251 osculo
2402 2196 2813 2267 expetiverunt
2860 2196 3063 2268 pedes,
3098 2199 3279 2259 atque
3310 2195 3465 2250 illico
3496 2208 3678 2267 super

2001 2283 2175 2340 dictis
2219 2285 2563 2357 principum
2608 2290 2957 2341 remearunt
3006 2284 3395 2353 gratulantes.
3449 2289 3677 2339 Interea

2000 2374 2265 2429 veridica
2294 2373 2595 2445 opinionis
2627 2373 3045 2447 promulgatur
3074 2372 3258 2443 fama,
3292 2372 3448 2443 regis
3478 2372 3674 2429 Daciaa

2003 2478 2179 2517 aures
2209 2462 2482 2536 pulsans,
2512 2463 2676 2534 quod
2715 2463 2840 2518 dux
2867 2462 3470 2535 praepotentissimus,
3503 2465 3675 2535 pater

2005 2551 2226 2607 scilicet
2255 2552 2518 2608 Rollonis
2571 2558 2626 2608 et
2655 2553 2859 2607 Gurim
2895 2557 3051 2607 sorte
3104 2551 3332 2607 fruetur
3362 2565 3670 2624 suprema.

2002 2642 2164 2696 Tunc
2194 2656 2296 2696 rex
2326 2645 2464 2696 ante
2493 2640 2814 2709 malorum,
2848 2656 2985 2713 quae
3017 2639 3129 2695 sibi
3177 2639 3271 2695 ille
3303 2640 3427 2695 dux
3455 2638 3670 2704 intulit,

2001 2717 2413 2796 reminiscens,
2465 2730 2692 2784 cunctis
2737 2730 2827 2784 sui
2857 2728 3090 2802 imperii
3121 2728 3420 2784 accersitis
3459 2726 3675 2801 princi-

2002 2817 2202 2890 pibus,
2264 2818 2491 2891 inquit:
2528 2840 2554 2866 «
2589 2820 2702 2874 Vos
2756 2834 2880 2874 non
2936 2817 3076 2874 latet
3121 2822 3356 2890 patrem
3410 2814 3672 2873 Rollonis

2005 2926 2033 2955 ‹‹
2075 2912 2133 2963 et
2194 2907 2401 2963 Gurim
2472 2923 2603 2964 esse
2681 2908 3054 2963 defunctum.
3127 2907 3457 2977 Aggrediar
3527 2919 3670 2974 ergo

2005 3018 2032 3044 «
2074 2995 2225 3051 ﬁnes
2253 2996 2512 3062 illorum,
2556 3000 2613 3052 et
2643 2997 2878 3069 capiam
2928 2995 3107 3051 urbes
3133 2999 3188 3051 et
3234 3000 3456 3067 castra,
3490 2998 3670 3066 atque

2004 3086 2479 3141 «munitissima
2554 3086 2707 3153 loca,
2788 3085 3163 3158 ulcircarque
3243 3085 3403 3141 facta
3480 3082 3668 3157 patris

2003 3198 2029 3225 ‹‹
2070 3174 2135 3231 in
2206 3174 2380 3247 filios,
2443 3190 2667 3247 eosque
2733 3176 3098 3231 conterenda
3168 3174 3436 3231 satiabor
3488 3186 3672 3245 super

2002 3286 2031 3313 «
2072 3265 2247 3320 malis
2275 3264 2535 3320 illorum.
2588 3268 2701 3320 Vos
2730 3268 3048 3337 vetrosque
3096 3278 3309 3336 precor
3334 3266 3669 3337 praeparate

2000 3376 2029 3404 «
2071 3354 2150 3411 ad
2202 3354 2344 3411 talia
2395 3355 2634 3426 negotia
2697 3353 3107 3427 adimplenda.
3168 3374 3196 3403 υ
3271 3351 3669 3409 Denominato

1996 3442 2178 3513 igitur
2230 3444 2484 3500 termino
2546 3443 2948 3517 profectionis,
3026 3442 3431 3515 undecunque
3484 3454 3669 3497 vene-

1996 3537 2133 3589 rant
2204 3532 2569 3606 repedarunt
2619 3549 2757 3589 cum
2812 3534 2952 3589 suis.
3032 3535 3163 3590 Mox
3226 3531 3411 3587 effera
3473 3531 3668 3585 Dacim

1990 3624 2299 3692 juventus,
2356 3622 2544 3679 nimio
2610 3636 2895 3678 curarum
2960 3622 3202 3679 inhians
3265 3620 3458 3687 aestui,
3529 3632 3667 3691 quae

1997 3712 2321 3767 commoda
2352 3714 2494 3768 sunt
2533 3716 2836 3786 praaparat
2882 3712 3049 3768 nullo
3074 3711 3366 3785 profectu.
3410 3708 3479 3764 Hi
3505 3708 3666 3764 leves

1996 3800 2263 3874 clypeos,
2335 3801 2655 3874 lucidaque
2733 3803 2983 3876 spicula,
3037 3802 3236 3858 fabrili
3303 3800 3491 3857 adulti
3539 3804 3664 3855 arte

1997 3894 2390 3963 componunt.
2454 3891 2519 3946 Hi
2589 3891 2725 3960 tela,
2784 3906 3096 3964 ensesque,
3166 3895 3348 3962 atque
3422 3902 3661 3944 secures

1998 3983 2127 4033 cote
2172 3982 2493 4034 exacuunt.
2554 3978 2663 4033 Alii
2718 3982 2845 4034 tuta
2898 3978 3163 4050 capitum
3208 3977 3494 4045 tegmina,
3546 3975 3659 4029 sci-

1994 4066 2131 4122 licet
2185 4065 2425 4137 galeas;
2475 4065 2573 4121 alii
2626 4065 2781 4121 ferro
2838 4077 3107 4138 auroque
3161 4065 3375 4122 trilices
3418 4063 3655 4130 loricas,

1996 4155 2273 4212 thoracas
2323 4154 2543 4211 scilicet
2597 4155 2841 4210 faciunt.
2901 4154 3054 4221 Quin
3098 4154 3277 4211 etiam
3320 4153 3513 4228 patria
3541 4153 3658 4209 tela

1996 4248 2330 4318 recoquunt
2370 4244 2737 4311 fornacibus,
2791 4249 3203 4319 renovantque
3233 4244 3507 4301 cudibus.
3543 4243 3660 4299 Hu-

1992 4335 2093 4406 jus
2124 4335 2209 4389 rei
2260 4333 2572 4406 inopinata
2628 4333 2792 4390 fama
2845 4333 3105 4390 Rollonis
3143 4339 3200 4390 et
3248 4332 3448 4391 Gurim
3482 4348 3657 4389 aures

227 4392 381 4490 Quin
410 4423 513 4479 illo
541 4420 748 4494 indiga
780 4423 896 4478 veri
912 4392 1069 4479 [eura
1094 4423 1319 4493 fatigat,
1377 4392 1635 4497 spesque
1663 4424 1887 4480 incerta
1919 4392 1964 4445 Π
1992 4392 2343 4497 perlabitur,
2365 4392 2453 4479 ‘et
2518 4423 2651 4479 talis
2705 4424 3009 4481 relationis
3083 4438 3359 4481 sermone
3430 4427 3657 4496 pertur-

226 4513 448 4569 dubios
475 4512 744 4569 dilaniat.
780 4512 1075 4569 Incertum
1123 4517 1249 4568 erat
1294 4511 1408 4567 illis
1445 4513 1725 4585 praascire
1750 4528 1887 4585 quas

227 4603 520 4659 sententia
547 4602 901 4659 volvebatur
928 4602 990 4657 in
1020 4601 1174 4672 regis
1203 4601 1403 4657 corde.

298 4692 417 4748 Illis
443 4707 582 4749 vero
612 4692 673 4747 in
703 4691 918 4748 diebus
968 4705 1147 4746 senex
1166 4689 1419 4762 quidam
1446 4695 1573 4748 erat
1610 4691 1674 4747 in
1702 4692 1886 4764 parti-

228 4782 342 4839 bus
372 4781 565 4839 Dacise
596 4781 870 4838 omnium
921 4794 1121 4836 rerum
1147 4777 1453 4836 afﬂuentia
1494 4780 1886 4853 locupletissi-

229 4888 387 4941 mus,
412 4869 1064 4942 innumerabiliumque
1122 4868 1379 4925 militum
1420 4868 1750 4942 frequentia
1777 4886 1885 4926 un-

228 4960 409 5033 dique
465 4976 640 5016 secus
691 4959 979 5032 stipatus:
1034 4956 1139 5030 qui
1181 4971 1497 5029 nunquam
1554 4956 1707 5013 colla
1762 4973 1885 5013 suae

227 5047 473 5105 cervicis
547 5048 808 5120 cuipiam
885 5044 1011 5115 regi
1086 5044 1323 5113 subegit
1390 5059 1500 5100 nec
1570 5042 1887 5115 cujuslibet

226 5137 509 5195 manibus
562 5136 754 5206 gratia
819 5134 1037 5191 servitii
1105 5148 1326 5189 manus
1390 5150 1530 5189 suas
1583 5147 1885 5190 commen-

224 5226 431 5283 dando
479 5224 801 5282 commisit.
850 5224 961 5288 Qui
1012 5222 1202 5279 Daciae
1250 5235 1504 5290 regnum
1552 5237 1705 5294 pene
1752 5221 1883 5277 uni-

224 5332 462 5372 versum
492 5312 827 5387 possidens,
873 5309 1083 5367 afﬁnes
1129 5310 1319 5367 Daciae
1348 5314 1406 5366 et
1444 5310 1666 5366 Alaniae
1696 5314 1884 5366 terras

226 5406 335 5462 sibi
358 5402 705 5470 vindicavit,
751 5400 1131 5474 populosque
1173 5399 1286 5456 sibi
1325 5400 1538 5473 praeliis
1560 5399 1884 5474 quamplu-

226 5495 392 5552 rimis
416 5493 475 5549 vi
531 5497 587 5548 et
624 5494 921 5565 potestate
973 5489 1337 5560 subjugavit.
1388 5492 1525 5545 Erat
1570 5489 1731 5545 enim
1757 5505 1883 5545 om-

226 5584 395 5642 nium
469 5580 855 5639 Orientalium
904 5579 1311 5651 praestantiore
1376 5579 1588 5636 virtute
1653 5595 1885 5653 praepo-

227 5673 614 5743 tentissimus,
671 5674 1145 5749 cunctarumque
1188 5673 1554 5742 exaggerate
1607 5671 1884 5732 omnium

1995 4512 2235 4570 bantur.
2287 4512 2396 4577 Qui
2442 4517 2777 4571 convocata
2816 4513 3064 4587 copiosa
3109 4528 3298 4570 manu
3325 4526 3657 4581 congruen-

1994 4603 2155 4675 tique
2198 4601 2511 4675 pubertate
2562 4604 2926 4675 ﬂorentium,
2978 4607 3459 4676 congregataque
3505 4600 3656 4657 mul-

1996 4692 2244 4748 titudine
2268 4692 2483 4748 medias
2528 4693 2735 4758 astatis,
2786 4707 2997 4749 senum
3047 4698 3225 4765 atque
3270 4691 3349 4748 ad
3375 4689 3651 4746 extermi-

1993 4782 2271 4838 nandum
2322 4782 2781 4857 descriptorum,
2855 4782 3022 4839 elatis
3081 4781 3303 4838 dextris
3358 4779 3653 4836 mandant

1994 4871 2313 4928 silentium.

2064 4960 2502 5017 Tumultuantis
2523 4960 2728 5034 populi
2742 4975 3051 5016 murmure
3070 4958 3309 5032 penitus
3332 4957 3651 5028 sedato,se-

1993 5048 2204 5121 disque
2218 5048 2481 5105 decentis
2495 5053 2777 5119 suggestu
2790 5047 3121 5103 sublimiter
3132 5047 3373 5103 Rollone
3386 5045 3647 5113 suffecto,

1993 5136 2125 5193 inﬁt
2151 5152 2253 5192 ore
2284 5136 2601 5192 melliﬂuo:
2631 5158 2658 5185 ‹‹
2694 5139 2827 5207 Vos,
2851 5135 3075 5208 quibus
3102 5134 3403 5191 incalescit
3421 5134 3651 5205 juveni-

1992 5224 2064 5279 lis
2095 5223 2296 5294 ardor,
2326 5224 2553 5296 quique
2581 5224 2727 5281 ﬂore
2771 5222 3199 5297 praestantioris
3242 5223 3367 5280 istis
3392 5223 3644 5291 virtutis,

1993 5312 2503 5385 alloquor.Solerti
2529 5312 2837 5386 proposito
2863 5311 3223 5368 reverendos
3249 5317 3651 5386 patres,avos-

1992 5417 2111 5474 que
2136 5404 2192 5457 et
2216 5414 2478 5473 proavos
2518 5400 2904 5458 imitaminor.
2952 5400 3354 5458 Convalescite
3384 5401 3643 5470 viriliter,

1992 5497 2051 5547 et
2098 5490 2588 5558 confortaminor,
2638 5495 2795 5547 etne
2823 5496 2890 5548 ut
2930 5490 3227 5564 equiperis
3273 5492 3505 5548 vicibus
3531 5490 3646 5548 illis

1989 5580 2234 5638 valeatis
2262 5584 2658 5650 congruenter
2680 5580 2995 5637 convenire
3023 5579 3501 5652 dedignaminor.
3526 5583 3647 5637 Rex

1992 5669 2290 5751 siquidem
2316 5669 2498 5745 huius
2525 5669 2696 5743 regni
2725 5670 2969 5729 molitur
2990 5683 3107 5728 nos
3143 5670 3513 5748 supergredi,
3541 5685 3644 5727 no-
