4004 6178
361 192 457 246 631

1339 179 1648 237 DUDONIS
1686 174 1947 234 DECANI
1990 170 2051 227 S.
2095 168 2407 235 QUINTINI
2444 174 2824 235 VIROMAND.

3698 158 3815 231 ea:

364 317 622 387 straaque
650 307 1067 367 monarchiam
1107 306 1346 363 ditionis
1376 304 1678 369 invadere,
1710 314 1942 372 nosque
1969 299 2026 350 et
2054 294 2097 349 A
2141 292 2312 387 illum
2332 297 2552 387 Adilabit
2578 300 2968 374 locupletans,
2997 300 3409 371 muniﬁcabit;

363 419 471 459 vos
500 416 711 457 omnes
734 397 1069 471 perdere,et
1096 401 1423 468 antequam
1454 391 1891 450 lmereditariam
1916 402 2024 443 no-

365 497 498 548 strae
528 486 956 545 dominationis
988 491 1207 542 terram
1244 484 1567 556 mancipat,
1602 482 1693 537 sui
1715 475 2024 549 regimiuis

364 585 579 636 terram
627 574 1016 648 anticipando
1050 588 1568 646 praeoccupemus,
1619 568 2026 638 hostiliterque

364 668 694 724 resistendo
724 664 1007 721 adventui
1063 664 1211 734 ejus.
1248 686 1276 712 »
1313 662 1466 717 Illico
1494 677 1704 717 omnes
1734 659 1827 714 his
1856 656 2027 711 dictis

365 757 582 813 hilares
654 753 885 824 regiam
962 756 1182 808 terram
1236 750 1607 821 conglobatis
1674 745 2027 803 exercitibus

365 847 737 912 invaserunt,
807 846 1114 915 totamque
1190 840 1467 896 serviente
1520 838 1772 896 vulcano
1841 836 2028 908 depo-

370 935 673 1008 pularunt.
719 936 849 989 Haec
898 937 1101 988 autem
1141 947 1241 987 rex
1286 929 1558 997 audiens,
1600 933 1805 985 contra
1833 924 2029 981 Rollo-

368 1041 510 1080 nem
540 1028 596 1079 et
622 1023 865 1078 fratrem
915 1022 1044 1092 ejus
1083 1020 1308 1092 peregit
1338 1020 1415 1073 ad
1460 1017 1754 1091 przelium,
1805 1015 2030 1087 diuque

370 1110 715 1167 dimicando
762 1114 927 1179 terga
968 1108 1139 1163 vertit
1193 1107 1426 1177 fugiens
1467 1106 1543 1163 ad
1603 1104 1884 1178 praesidia
1932 1119 2032 1158 ur-

369 1200 560 1256 bium.
586 1202 747 1255 Tunc
772 1196 938 1252 Rollo
996 1196 1088 1251 sui
1117 1195 1411 1251 exercitus
1434 1199 1705 1250 mortuos
1744 1192 2031 1266 sepelivit,

368 1288 524 1358 regis
552 1291 755 1342 autem
779 1286 1124 1341 inhumatos
1171 1284 1427 1356 reliquit.
1472 1286 1653 1339 Unius
1694 1299 1834 1339 vero
1863 1281 2034 1337 lustri

372 1374 568 1448 spatio
596 1378 1020 1448 perseverante
1052 1373 1201 1429 inter
1225 1389 1428 1443 regem
1455 1378 1512 1429 et
1541 1372 1848 1428 Rollonem
1874 1370 2037 1426 duel-

370 1464 471 1531 lio,
495 1463 656 1519 misit
685 1479 789 1519 rex
816 1462 1079 1535 paciﬁcis
1108 1462 1303 1517 verbis
1332 1463 1409 1518 ad
1438 1479 1579 1518 eum
1605 1460 1954 1532 hujusmodi
1973 1460 2035 1515 in

372 1552 550 1609 dolo:
586 1575 612 1602 ‹‹
650 1552 803 1608 Nihil
834 1552 981 1607 mihi
1011 1556 1067 1607 et
1110 1551 1234 1620 tibi,
1267 1552 1382 1606 nisi
1414 1552 1602 1619 gratia
1625 1549 2035 1623 propinquita-

2139 385 2384 441 Francia
2412 388 2608 460 deque
2636 391 2750 447 tuis
2773 390 2983 462 genitis
3011 391 3268 447 fecunda
3294 390 3507 453 beatis.

2138 474 2445 545 Spermate
2474 477 2769 535 nobilium
2796 480 3083 536 concretis
3111 476 3621 549 Christicolarum,

2137 564 2448 629 Dacigenis
2479 584 2618 623 cum
2650 569 3023 640 Francigenis
3053 575 3175 625 tam
3202 570 3557 643 paciﬁcatis,

2139 652 2345 722 Gignet
2376 656 2733 728 producens,
2767 664 3073 732 expurget,
3106 659 3363 732 proferet
3392 659 3610 727 ingens

2141 744 2345 812 Reges,
2374 747 2824 820 pontiﬁcesque,
2856 749 3061 818 duces,
3086 749 3350 811 comites.
3374 763 3804 821 proceresque:

2144 832 2267 887 Sub
2294 835 2515 905 quibus
2544 836 2705 893 orbis
2735 853 2928 893 ovans
2956 838 3204 911 pollebit
3247 838 3517 911 principe
3550 836 3807 906 Christo,

2141 925 2204 977 Et
2232 924 2454 994 quibus
2484 926 2745 982 ecclesiae
2777 927 3261 984 fecundabuntur
3291 928 3539 999 ubique,

2140 1017 2329 1084 Atque
2362 1029 2521 1070 novo
2550 1032 2831 1088 quorum,
2881 1017 3246 1085 gaudebunt.
3274 1021 3520 1090 perpete
3551 1016 3809 1082 Christo,

2141 1104 2267 1170 Ter,
2299 1102 2584 1175 trinisque
2614 1104 2834 1177 quibus
2866 1105 3224 1179 baptismate
3251 1105 3608 1179 purificatis,

2140 1193 2271 1246 1am
2304 1208 2593 1264 superum
2616 1199 2825 1250 turmze
2855 1194 3101 1251 decimae
3121 1195 3250 1251 vice
3274 1195 3524 1268 perditae
3550 1194 3815 1249 adactae.

2217 1282 2485 1353 Cumque
2542 1281 2644 1337 diu
2677 1284 2901 1338 Scanza
2924 1283 3123 1338 insula
3151 1288 3405 1339 mcestus
3445 1285 3816 1349 moraretur,

2144 1368 2511 1443 sollicitaque
2542 1372 3415 1445 contorquentis’animositatis
3443 1369 3819 1441 cogitatione

2146 1463 2411 1515 aestuans
2462 1461 2772 1517 moliretur
2826 1468 2891 1518 ut
2937 1462 3262 1518 vindicaret
3300 1478 3362 1517 se
3420 1462 3495 1516 de
3544 1459 3822 1515 inimicis

2145 1549 2304 1618 suis;
2365 1550 2748 1624 plurimique,
2776 1568 2931 1625 quos
2988 1552 3226 1623 fugarat
3250 1552 3325 1607 de
3376 1551 3558 1607 Dacia
3586 1549 3819 1618 regalis

376 1642 463 1698 tis.
499 1645 567 1699 Ut
623 1642 959 1714 requiescat
990 1640 1317 1713 republica,
1369 1657 1581 1714 precor
1628 1639 1919 1713 permitte,
1975 1644 2037 1696 ut
2068 1649 2108 1703 Β
2145 1636 2508 1705 immanitas,
2564 1640 2640 1696 ad
2669 1657 2809 1697 eum
2868 1645 3314 1707 reverterentur,
3376 1640 3569 1695 fessos
3601 1638 3823 1694 labore

373 1732 539 1805 quod
577 1732 697 1787 mei
740 1730 891 1801 juris
921 1735 1029 1796 est,
1080 1746 1371 1801 meusque
1402 1735 1589 1802 pater,
1630 1729 1839 1800 tenuit,
1865 1729 2039 1785 liceat

373 1819 667 1892 patienter
695 1834 792 1873 me
822 1817 1127 1890 possidere
1154 1835 1166 1872 :
1192 1817 1298 1873 tibi
1325 1823 1526 1873 autem
1557 1817 1721 1889 quod
1756 1817 1833 1873 tui
1858 1818 2032 1888 juris,

375 1908 662 1980 quodque
692 1911 853 1961 tuus.
879 1905 1079 1978 Sitque
1101 1906 1252 1962 inter
1282 1922 1378 1961 me
1409 1912 1466 1961 et
1491 1911 1543 1962 te
1573 1923 1693 1979 pax
1717 1912 1773 1963 et
1797 1923 2038 1962 concor-

376 1995 476 2051 dia
503 1993 893 2050 inextricabili
924 1993 1145 2050 foedere
1167 2000 1503 2066 compacta.
1542 2019 1569 2045 ››
1596 1998 1756 2051 Tunc
1789 1996 1951 2051 ΒοΠο
1982 1998 2039 2051 et

378 2084 601 2151 Gurim,
633 2082 993 2155 illorumque
1040 2083 1255 2138 milites
1287 2091 1466 2157 atque
1515 2084 1797 2157 descripti
1832 2086 1905 2141 ad
1940 2102 2037 2141 ex-

380 2172 846 2238 terminandum,
872 2187 1086 2244 pacem
1113 2172 1620 2229 collaudaverunt.
1643 2174 2038 2230 Determinato

378 2262 556 2333 igitur
580 2261 970 2333 conjurandee
1029 2261 1301 2318 amicitiae
1329 2268 1615 2335 tempore,
1665 2268 1908 2337 uterque
1937 2280 2039 2321 ve-

380 2351 466 2407 nit
496 2351 574 2406 ad
603 2350 929 2424 placitum:
988 2352 1208 2406 mutuis
1238 2351 1591 2407 muneribus
1644 2352 1813 2408 ditati
1858 2353 2037 2410 taede-

379 2440 491 2495 rati
514 2443 671 2494 sunt.
707 2438 972 2511 Denique
996 2438 1264 2511 perﬁdus
1293 2455 1397 2494 rex
1422 2439 1799 2497 dolositatem
1831 2457 2038 2497 conce-

381 2533 497 2601 ptae
548 2526 776 2583 fraudis
832 2525 1048 2582 infesto
1106 2527 1283 2583 corde
1330 2529 1666 2595 ruminans,
1710 2534 2037 2587 convocato

379 2615 647 2689 quodam
674 2615 935 2671 exercitu
966 2631 1096 2684 suo,
1143 2620 1320 2672 noctu
1351 2632 1607 2690 pergens
1645 2622 1853 2676 contra
1880 2618 2037 2691 illos,

378 2705 794 2777 invadensque
838 2704 990 2760 ﬁnes
1034 2704 1293 2773 illorum,
1346 2706 1844 2781 abscondensque
1897 2708 2039 2765 insi-

380 2794 512 2850 dias
541 2808 729 2866 prope
749 2792 976 2849 mcenia
1005 2792 1271 2862 civitatis;
1294 2811 1648 2867 oppugnare
1678 2798 2041 2871 coepit.Tunc

382 2883 546 2939 Bollo
573 2887 629 2938 et
657 2882 879 2949 Gurim,
940 2887 997 2938 et
1048 2883 1152 2955 qui
1177 2900 1316 2939 cum
1361 2901 1431 2939 eo
1470 2892 1658 2954 erant,
1707 2888 2041 2945 exsilientes

2146 1732 2334 1794 artus,
2384 1746 2599 1803 sopore
2642 1746 2990 1805 oppressos,
3046 1747 3162 1786 vox
3208 1730 3414 1786 divina
3462 1729 3543 1785 illi
3587 1729 3820 1795 sonuit,

2145 1817 2389 1873 dicens:
2452 1842 2477 1867 ‹‹
2528 1820 2713 1891 ΒοΙΙο,
2773 1820 3053 1876 velociter
3100 1836 3297 1891 surge,
3342 1823 3604 1893 pontum
3652 1818 3823 1874 festi-

2148 1929 2173 1954 «
2215 1912 2428 1963 nanter
2470 1910 2712 1980 navigio
2754 1915 3150 1976 transmeans,
3194 1909 3271 1965 ad
3310 1908 3535 1978 Anglos
3588 1923 3818 1980 perge:

2147 2017 2173 2042 α
2217 1995 2321 2050 ubi
2352 1997 2560 2052 audies
2592 1998 2757 2070 quod
2802 1998 2879 2054 ad
2926 1998 3184 2072 patriam
3223 2013 3430 2070 sospes
3473 1996 3821 2059 reverteris,

2148 2106 2175 2132 ‹‹
2215 2090 2627 2159 perpetuaque
2677 2103 2824 2159 pace
2856 2088 2917 2143 in
2952 2104 3025 2144 ea
3075 2087 3200 2143 sine
3247 2085 3612 2142 detrimento
3658 2084 3824 2140 frue-

2148 2196 2175 2220 ‹‹
2216 2172 2315 2227 ris.
2353 2196 2380 2222 »
2408 2176 2527 2230 Hoc
2581 2175 2885 2231 somnium
2915 2192 3054 2231 cum
3103 2175 3352 2249 quidam
3396 2173 3660 2245 sapienti
3690 2173 3824 2228 viro

2147 2265 2204 2317 et
2233 2262 2588 2319 Christicolae
2618 2264 2927 2331 retulisset,
2946 2264 3291 2335 hujusmodi
3321 2278 3605 2318 sermone
3635 2262 3824 2317 inter-

2146 2356 2413 2424 pretatus
2442 2357 2560 2408 est:
2592 2376 2618 2401 ‹‹
2644 2356 2726 2409 Tu
2755 2358 3034 2421 vergente
3055 2353 3283 2409 venturi
3315 2351 3609 2425 temporis
3637 2367 3827 2407 cursu

2148 2457 2318 2497 sacro
2349 2447 2555 2498 sancto
2578 2442 2938 2516 baptismate
2965 2441 3390 2516 puriﬁcaberis,
3422 2440 3824 2514 prmdignus-

2147 2545 2266 2602 que
2317 2530 2661 2588 Christicola
2705 2530 3012 2587 efﬁcieris:
3046 2537 3102 2587 et
3126 2531 3203 2586 ab
3240 2546 3437 2587 errore
3466 2529 3825 2586 ﬂuctuantis

2150 2618 2349 2674 seaculi
2403 2619 2481 2676 ad
2527 2620 2769 2691 Anglos,
2824 2620 3042 2676 scilicet
3089 2619 3366 2689 Angelos,
3418 2633 3622 2691 usque
3676 2617 3824 2674 olim

2148 2708 2476 2780 pervenies,
2533 2724 2867 2782 pacemque
2920 2708 3199 2782 perennis
3258 2707 3460 2778 gloria:
3519 2723 3666 2763 cum
3710 2706 3826 2762 illis

2150 2797 2420 2853 habebis.
2457 2821 2486 2848 »
2545 2798 2705 2854 Illico
2748 2799 2880 2855 vela
2932 2798 3191 2856 navibus
3245 2802 3485 2871 aptans,
3514 2797 3827 2869 remisque

2150 2903 2253 2943 eas
2304 2904 2623 2956 exornans,
2685 2894 2864 2961 atque
2916 2888 3235 2954 frumento,
3288 2888 3452 2953 vino,
3514 2888 3825 2960 tergisque

381 2971 457 3027 de
503 2970 758 3041 civitate,
804 2972 1323 3045 persequebantur
1356 2990 1557 3043 regem
1608 2980 1774 3047 terga
1815 2982 2043 3035 verten-
2073 3000 2113 3056 ρ
2154 2994 2331 3032 suum
2364 2993 2465 3033 eas
2495 2994 2776 3046 onerans,
2821 2978 3144 3035 velivolum
3187 2993 3351 3034 mare
3384 2977 3657 3034 celeriter
3686 2992 3824 3050 per-

383 3065 527 3131 tem,
584 3060 915 3133 fugamque
973 3061 1374 3119 simulantem.
1426 3066 1819 3137 Transgresso
1866 3067 2043 3138 igitur

379 3147 582 3205 locum
629 3148 985 3205 insidiarum
1056 3149 1317 3216 Rollone,
1376 3169 1516 3225 pars
1571 3156 1859 3229 quaedam
1914 3156 2041 3213 illa-

382 3254 518 3295 rum
547 3238 622 3294 de
647 3236 911 3294 latibulis
959 3254 1218 3309 egressa,
1270 3242 1415 3314 petit
1454 3243 1687 3301 urbem.
1732 3246 1925 3311 Quam
1954 3262 2045 3302 ar-

386 3327 630 3407 migeris
654 3343 915 3385 vacuam
970 3328 1301 3398 inveniunt,
1324 3330 1618 3402 incendit;
1650 3334 2045 3408 omniumque

383 3418 839 3490 supellectilium
885 3418 1078 3490 spolia
1126 3419 1237 3475 sibi
1279 3421 1506 3478 detulit.
1569 3424 1858 3489 Quaedam
1904 3442 2045 3482 vero

385 3507 751 3579 sequebatur
818 3507 1147 3575 Rollonem,
1219 3524 1422 3579 regem
1502 3512 1697 3568 hostili
1771 3514 2047 3572 immani-

384 3599 502 3651 tate
557 3595 887 3665 fugantem.
932 3599 1189 3652 Cernens
1234 3605 1436 3656 autem
1463 3617 1567 3657 rex
1608 3602 1916 3660 incensam
1957 3622 2049 3661 ur-

385 3684 548 3753 bem,
595 3684 966 3756 insidiasque
991 3686 1335 3757 praevalere,
1389 3694 1791 3760 retrogressus
1813 3694 2047 3765 praelia-

384 3772 564 3829 batur
594 3778 804 3830 contra
849 3773 1037 3829 illum.
1073 3776 1250 3832 Caesis
1297 3794 1439 3849 ergo
1480 3796 1552 3835 ex
1590 3786 1757 3853 parte
1788 3782 2048 3840 Rollonis

385 3862 871 3936 quampluribus,
925 3863 1135 3920 cecidit
1164 3866 1367 3923 Gurim
1420 3868 1602 3925 frater
1644 3871 1772 3941 ejus
1809 3872 1870 3927 in
1903 3889 2049 3946 pras-

384 3951 484 4009 lio.
514 3952 731 4008 Videns
780 3957 983 4009 autem
1030 3954 1196 4011 Rollo
1228 3972 1290 4011 se
1334 3956 1487 4014 inter
1527 3963 1850 4035 utrumque
1890 3980 2052 4020 exer-

386 4040 592 4109 citum,
640 4057 832 4097 unum
880 4041 1089 4112 fugam
1146 4045 1552 4114 simulantem,
1599 4050 1851 4108 alterum
1907 4053 2053 4111 late-

386 4128 511 4185 bris
565 4145 892 4200 egressum,
953 4131 1317 4207 fratremque
1372 4141 1717 4208 mortuum;
1772 4141 1872 4197 vix
1908 4143 2053 4201 livo-

388 4217 556 4272 ribus
626 4218 898 4291 plurimis
961 4220 1276 4296 laceratus,
1335 4241 1470 4282 cum
1547 4229 1757 4300 paucis
1825 4232 2055 4290 divertit

390 4305 469 4361 ab
512 4306 615 4361 eis.
676 4310 837 4363 Tunc
905 4325 1008 4365 rex
1059 4311 1365 4381 obsidens,
1416 4322 1472 4372 et
1544 4319 1789 4391 capiens
1849 4322 2049 4391 urbes,

388 4394 684 4468 populum
728 4394 948 4455 contra
977 4416 1038 4457 se
1068 4401 1489 4473 objurgantem
1543 4407 1655 4464 sibi
1685 4410 2048 4481 subjugavit.

390 4483 557 4540 ΒοΠο
605 4501 751 4575 vero
795 4488 1018 4544 morari
1067 4506 1189 4546 non
1234 4491 1438 4548 valens
1484 4496 1543 4550 in
1576 4499 1775 4569 Dacia,
1807 4508 2053 4575 propter

333 4589 593 4647 .regem
664 4574 944 4633 difﬁdens
1012 4579 1124 4647 sui,
1205 4583 1493 4640 Scansam
1565 4586 1827 4646 insulam
1910 4574 2050 4651 cum

387 4678 494 4718 sex
558 4664 811 4721 navibus
875 4682 1196 4737 aggressus
1273 4675 1377 4726 est.
1454 4676 1615 4731 Tunc
1701 4680 1877 4737 Dacia
1946 4684 2049 4756 pio

386 4752 561 4825 duce,
616 4754 974 4829 patritioque
1027 4762 1205 4829 atque
1272 4760 1695 4822 robustissima
1757 4752 2049 4830 advocato

385 4841 636 4930 privata,
693 4861 921 4918 magno
970 4847 1195 4919 ejulatu
1241 4866 1539 4910 concussa
1584 4857 1762 4930 coepit
1792 4859 2047 4919 nimium

384 4929 548 4987 ﬂere.

1028 5042 1411 5086 APOSTROPHA.

388 5107 568 5195 Dacia
593 5115 748 5167 sorte
776 5118 933 5183 tuos,
962 5132 1100 5189 quae
1128 5118 1304 5174 Gallis
1334 5120 1512 5178 mittis
1537 5123 1836 5195 alumnos,

387 5194 597 5265 Indiga
624 5202 907 5270 promissi
932 5205 1075 5273 veri,
1109 5207 1350 5265 dabitur
1377 5212 1541 5284 quod
1572 5214 1651 5271 ab
1681 5218 1877 5281 astris.

386 5286 661 5377 gressagii
691 5291 749 5343 et
776 5292 988 5363 meriti,
1017 5297 1231 5354 mercis
1262 5314 1384 5356 non
1417 5317 1606 5369 gnara
1632 5304 1867 5377 futurae,

385 5372 663 5432 Exhilara
694 5381 891 5449 temet,
923 5381 1301 5458 deprensans
1330 5390 1509 5447 corde
1537 5392 1827 5451 dolorem.

385 5464 571 5520 Casus
600 5481 723 5524 non
748 5469 965 5529 animae
995 5479 1103 5545 est,
1136 5475 1374 5537 fortuna
1399 5481 1613 5554 pulsus
1639 5489 1700 5539 at
1728 5484 1900 5540 acris.

386 5554 522 5646 llaec
550 5556 803 5615 adversa
832 5560 991 5617 vices
1021 5569 1376 5627 converterit
1396 5570 1677 5646 improba
1704 5588 1961 5646 semper,

2152 3082 2382 3134 means,
2432 3067 2656 3138 Anglos
2712 3068 3077 3138 aggreditur,
3126 3067 3327 3140 ibique
3357 3066 3586 3123 morari
3617 3071 3822 3139 qunete

2153 3156 2258 3211 diu
2315 3156 2673 3229 suspicatur.
2733 3158 3053 3214 Audientes
3082 3162 3282 3213 autem
3333 3156 3493 3212 illius
3542 3155 3827 3212 territorii

2153 3261 2472 3318 pagenses,
2527 3245 2693 3318 quod
2751 3246 2918 3302 ΒοΙΙο
2990 3246 3179 3302 dacus
3234 3244 3566 3315 adveniret,
3626 3244 3823 3301 aciem

2152 3335 2484 3392 maximam
2514 3341 2722 3393 contra
2749 3336 2918 3392 illum
2942 3339 3421 3402 construxerunt,
3444 3350 3716 3407 eumque
3741 3333 3820 3389 ab

2154 3424 2265 3480 illis
2293 3425 2518 3482 finibus
2550 3426 2756 3495 fugare
2783 3426 2981 3483 conati
3008 3430 3163 3481 sunt.
3193 3425 3301 3491 Qui
3335 3440 3501 3479 more
3532 3424 3713 3479 solito
3741 3422 3819 3479 ad

2154 3514 2430 3587 praelium
2484 3515 2891 3572 indubitanter
2934 3515 3048 3571 illis
3077 3514 3351 3581 occurrit,
3398 3513 3819 3586 plurimosque

2155 3603 2394 3659 illorum
2426 3605 2766 3677 prostravit,
2812 3609 2992 3677 atque
3019 3608 3368 3660 caeterorum
3413 3602 3558 3672 fuga
3594 3606 3824 3657 verten-

2158 3694 2307 3749 tium
2364 3694 2549 3751 dorsa
2612 3695 2786 3751 basta
2845 3695 3126 3765 fatigavit.
3186 3692 3450 3766 Denique
3519 3707 3820 3765 pagenses

2158 3782 2459 3855 prioribus
2508 3784 2709 3856 plures
2765 3787 3204 3847 coacervantes,
3250 3785 3460 3837 contra
3507 3779 3817 3835 Rollonem

2159 3872 2373 3929 iterum
2423 3873 2613 3929 aciem
2671 3873 3153 3929 robustissimam
3220 3871 3506 3939 dirigunt,
3557 3884 3820 3942 eumque

2161 3962 2451 4030 occidere,
2482 3967 2586 4018 aut
2623 3962 2765 4032 fuga
2808 3962 2928 4018 labi
2959 3966 3269 4018 conantur.
3301 3959 3399 4015 llle
3426 3974 3570 4015 vero
3609 3957 3822 4013 studiis

2162 4051 2300 4107 belli
2353 4052 2624 4122 edoctus,
2677 4052 3141 4124 certaminisque
3182 4048 3539 4105 necessitate
3570 4046 3824 4120 asperri—

2160 4157 2317 4205 mus,
2343 4140 2514 4211 galea
2543 4157 2692 4197 auro
2740 4140 2988 4197 miriﬁce
3030 4142 3292 4212 compta,
3325 4136 3616 4210 trilicique
3641 4136 3825 4191 lorica

2160 4229 2428 4298 indutus,
2481 4234 2687 4286 contra
2729 4229 3177 4300 objurgantium
3226 4231 3279 4282 et
3316 4224 3825 4298 proficiscentium

2162 4319 2223 4375 in
2256 4336 2320 4376 se
2376 4324 2607 4375 turmas
2650 4318 3005 4390 armigeras,
3061 4316 3337 4373 velociter
3366 4319 3548 4387 atque
3592 4312 3825 4369 indubi-

2161 4412 2354 4465 tanter
2400 4408 2677 4480 perrexit,
2726 4407 3033 4480 milliaque
3059 4406 3293 4462 illorum
3324 4403 3670 4460 immaniter
3695 4418 3828 4475 pro-

2160 4499 2386 4571 stravit,
2445 4498 2681 4554 victrice
2725 4514 2933 4565 manu,
2983 4496 3279 4567 celerique
3323 4510 3507 4550 cursu
3536 4493 3825 4565 profugos

2157 4604 2547 4661 persequens,
2570 4588 2912 4661 multosque
2956 4586 3294 4660 principum
3327 4583 3594 4656 capiens.
3626 4582 3824 4638 locum

2158 4676 2343 4749 prielii
2375 4680 2695 4743 revertens,
2744 4674 3082 4731 occisorum
3112 4689 3366 4747 corpora
3411 4677 3570 4726 terra
3601 4670 3825 4733 condit,

2158 4771 2520 4839 caeterosque
2568 4765 2762 4839 plagis
2811 4765 3060 4821 infectos
3094 4762 3450 4837 deportavit,
3497 4764 3829 4832 captosque

2154 4855 2414 4912 navibus
2458 4854 2798 4910 connexuit.
2823 4857 2986 4910 Tunc
3013 4852 3272 4909 trimodo
3304 4864 3503 4907 errore
3533 4852 3823 4912 aestuans,

2156 4949 2205 5005 si
2271 4944 2511 5002 Daciam
2589 4948 2903 5017 repeteret,
2991 4958 3069 4998 an
3149 4940 3461 4999 Franciam
3538 4938 3826 5010 pergeret,

2155 5045 2260 5097 aut
2340 5033 2652 5104 Anglieam
2742 5037 2963 5089 terram
3052 5031 3273 5105 praeliis
3354 5027 3672 5097 afﬂigeret,
3781 5041 3811 5080 e

2157 5130 2267 5187 sibi
2326 5123 2674 5194 vindicaret,
2750 5122 2931 5195 cmpit
3006 5120 3237 5177 anxiari
3294 5116 3681 5189 nimiumque
3737 5113 3833 5170 tri-

2158 5220 2294 5277 stari
2305 5262 2316 5274 .

2611 5319 2977 5361 APOSTROPHA
3018 5319 3088 5357 AD
3126 5316 3367 5356 EUMDEM.

2158 5398 2349 5465 Rollo,
2378 5395 2524 5469 quid
2582 5392 2880 5450 horrescis
2916 5391 3201 5457 titubans,
3244 5384 3588 5459 metuisque
3622 5385 3834 5442 vaccil‘

3631 5474 3786 5546 [laus
3801 5474 3830 5530 τ

2157 5575 2309 5641 Quid
2337 5578 2582 5648 torques
2626 5572 2901 5629 animum
2932 5567 3253 5624 meditatus
3289 5567 3455 5638 peste
3489 5564 3780 5637 repletum
3800 5562 3829 5616 ?

387 5642 673 5714 SuBSGPet
702 5664 882 5708 omne
908 5650 1141 5712 bonum
1166 5655 1263 5714 isti
1308 5642 1600 5734 prospera
1630 5663 1813 5728 divite
1838 5642 2064 5742 censu,
2133 5664 2287 5734 Quid
2314 5680 2417 5721 cor
2442 5642 2753 5724 comburis
2785 5673 3071 5716 curarum
3101 5654 3278 5714 sorde
3302 5652 3604 5711 refectum
3628 5652 3659 5707 ?
