4004 6178
206 201 299 254 633
808 196 901 251 DE
942 194 1178 252 GESTIS
1216 193 1645 251 NORMANNUE
1684 187 1934 247 DUCUM
1975 187 2156 243 LIBRI
2194 190 2392 248 TBES.
2427 224 2496 234 -—
2528 196 2659 252 LIB.
2703 199 2768 253 ll.
2810 197 3063 255 ROLLO.

3563 203 3669 258 634

203 320 353 388 Quid
372 320 625 377 hiscens
658 318 893 387 animo,
916 319 1064 392 quid
1093 318 1281 375 volvis
1310 334 1471 374 nunc
1498 313 1890 373 meditando?
1927 317 1977 368 Α
2006 309 2165 367 tione
2190 313 2458 382 edentes,
2483 320 2779 391 populum
2827 322 3086 394 antiquas
3132 322 3361 380 fraudis
3390 324 3669 395 contagio

200 414 311 469 Cur
341 412 544 467 haeres
570 413 751 483 pater
771 409 991 465 obtutu
1017 407 1253 464 deﬁxus
1277 408 1336 464 in
1368 424 1488 464 uno
1507 410 1535 464 ?

197 500 506 572 Ambigua
534 504 595 556 et
627 514 952 572 creperum
1004 513 1354 554 memorans
1382 497 1531 571 quid
1586 499 1784 552 mente
1812 512 1890 550 rs-

1594 588 1832 658 [tractas
1862 587 1891 642 7

198 679 481 753 Quidque
511 684 724 752 stupes
746 695 956 735 casum
990 678 1270 750 praesenti
1305 683 1461 733 sorte
1501 676 1836 747 malignum
1862 677 1891 732 ?

195 769 421 826 Ordine
451 769 619 825 fatali
644 772 790 842 post
822 768 1006 823 multa
1028 767 1299 840 pericula
1329 767 1488 831 belli,

192 859 513 914 Ferventis
542 858 745 931 pelagi
776 861 912 929 post
948 872 1376 929 requereosque
1416 860 1706 923 tumores,

192 950 424 1020 Perpes
452 946 813 1002 Christicola
844 945 1154 1000 Francisca
1176 945 1390 1001 celsior
1419 944 1580 1012 aula,

190 1036 482 1092 Patritius
518 1036 748 1091 meritis
780 1034 1097 1090 florescens
1120 1034 1257 1105 jure
1287 1033 1541 1101 valebis,

192 1125 531 1181 Emeritum
562 1130 621 1180 et
642 1125 849 1196 capies
881 1122 1185 1193 condigna
1215 1140 1412 1179 merce
1435 1137 1751 1192 coronam,

190 1220 254 1272 In
288 1230 665 1286 summoque
688 1214 856 1269 bono
877 1212 1091 1268 deitate
1131 1212 1459 1269 mereberis
1486 1211 1594 1267 uti.

265 1305 425 1359 Cum
454 1307 660 1359 autem
684 1300 1035 1373 hujusmodi
1067 1301 1627 1375 perturbationibus
1679 1300 1888 1358 sollici-

191 1398 292 1448 tus
331 1392 612 1457 haereret,
673 1389 1074 1461 hominesque
1127 1389 1393 1458 regionis
1445 1388 1608 1443 illius
1676 1387 1885 1443 ditioni

191 1497 322 1535 suae
353 1478 662 1535 ﬁdelitatis
693 1478 885 1547 gratia
912 1477 1276 1549 vinculoque
1310 1492 1439 1531 sese
1462 1476 1880 1547 subjugarent,

190 1566 476 1638 quadam
508 1571 683 1622 nocte
731 1566 1058 1639 soporifera
1086 1566 1266 1621 lethei
1317 1565 1491 1621 malis
1524 1565 1723 1637 quiete
1777 1580 1884 1637 per

2000 399 2326 472 pollutum,
2358 406 2562 477 typico
2618 407 2978 481 baptismate
3023 411 3418 482 abluendum,
3474 428 3673 470 sacro-

2000 490 2190 545 sancti
2220 494 2489 565 corporis
2518 500 2577 551 et
2614 498 2922 567 sanguinis
2951 500 3161 556 Christi
3204 501 3493 557 alimonia
3516 503 3669 572 sagi-

1998 577 2297 635 nandum.
2346 584 2452 637 Per
2501 583 2698 653 nidos,
2751 601 2905 657 quos
2956 587 3180 643 circum
3230 594 3467 644 montes
3499 589 3671 646 facie-

1996 664 2167 734 bant,
2198 673 2575 727 vastatarum
2604 672 2845 729 urbium
2874 675 3099 731 mmnia
3127 677 3553 735 reaedilicanda
3582 680 3668 734 in-

1996 754 2251 825 telligas.
2282 758 2405 814 Tibi
2436 776 2579 816 aves
2626 762 3004 818 diversarum
3064 765 3396 835 specierum
3439 768 3669 823 obtem-

1994 844 2316 916 perabunt,
2349 848 2454 905 tibi
2480 849 2757 906 homines
2781 852 3161 908 diversorum
3190 869 3517 923 regnorum
3548 872 3668 912 ser-

1993 934 2214 991 viendo
2235 938 2553 995 accubitati
2585 940 2884 998 obedient.
2908 962 2937 993 ›

2068 1022 2171 1078 His
2198 1024 2378 1095 igitur
2403 1028 2773 1085 mirabilium
2798 1030 3348 1104 interpretationem
3378 1033 3670 1088 sermoni-

1994 1111 2111 1167 bus
2143 1113 2308 1171 Rollo
2337 1117 2720 1185 exhilaratus,
2774 1120 3020 1175 visionis
3078 1136 3201 1175 suae
3259 1121 3668 1194 interpretem,

1994 1205 2362 1276 ceterosque
2392 1222 2548 1278 quos
2576 1206 2734 1264 bello
2783 1213 3024 1281 ceperat
3075 1209 3285 1265 vinclis
3344 1209 3522 1266 solvit
3566 1227 3671 1266 va-

1990 1289 2219 1362 riisque
2251 1295 2605 1350 muneribus
2636 1301 2693 1353 et
2742 1297 2920 1353 donis
2980 1297 3233 1353 diversis
3293 1298 3536 1365 ditatos,
3593 1299 3672 1355 ad

1994 1396 2106 1435 sua
2136 1380 2303 1437 laetos
2350 1384 2597 1441 remisit.
2659 1389 2739 1442 Eo
2774 1403 3042 1459 namque
3073 1392 3342 1459 tempore
3398 1403 3504 1443 rex
3558 1393 3673 1443 An-

1992 1468 2231 1540 glorum
2264 1471 2823 1546 Christianissimus,
2874 1475 3121 1531 nomine
3174 1475 3495 1542 Alstemus,
3547 1492 3672 1532 om-

1992 1559 2162 1613 nium
2192 1558 2497 1617 bonorum
2531 1562 2713 1618 titulis
2741 1570 3085 1631 exornatus,
3137 1570 3539 1620 sacrosanctae
3570 1568 3673 1621 Ec-

192 1655 485 1711 membra
504 1654 715 1710 leniter
746 1661 1037 1727 serpente,
1065 1655 1268 1711 videre
1287 1654 1608 1711 videbatur
1636 1653 1881 1727 praecel-
1912 1666 1952 1720 Β
1993 1647 2187 1703 οΙθείιθ
2241 1650 2592 1721 praedignus
2632 1653 2989 1720 advocatus,
3023 1653 3299 1708 habenas
3355 1655 3528 1723 regni
3555 1657 3672 1710 An-

194 1743 551 1800 lentissimis
580 1744 893 1816 quondam
922 1743 1298 1817 praecelsiore
1353 1744 1678 1799 Franciscm
1708 1743 1875 1800 habi-

195 1833 445 1889 tationis
477 1837 683 1888 monte
712 1833 1039 1905 sepositum
1078 1850 1090 1888 :
1123 1833 1379 1905 ejusque
1412 1834 1633 1888 montis
1688 1833 1750 1889 in
1781 1851 1881 1889 ca-

196 1922 446 1978 cumine
472 1920 700 1977 fontem
730 1922 1026 1995 liquidum
1068 1926 1124 1977 et
1154 1921 1545 1989 odoriferum,
1590 1939 1774 1996 seque
1818 1923 1882 1978 in

199 2026 274 2067 eo
303 2009 493 2077 ablui,
517 2015 576 2066 et
600 2009 679 2066 ab
704 2027 777 2065 eo
806 2010 1031 2083 expiari
1061 2011 1421 2080 contagione
1447 2010 1627 2084 leprse
1659 2017 1881 2086 etpru-

202 2096 394 2164 rigine
425 2095 927 2151 contaminatum.
964 2096 1229 2167 Denique
1258 2094 1415 2150 illius
1447 2097 1671 2151 montis
1708 2114 1885 2153 cacu-

202 2183 370 2240 mine
395 2183 596 2239 adhuc
627 2188 924 2255 superstes
951 2184 1110 2239 circa
1136 2183 1333 2238 basim
1361 2182 1517 2239 illius
1546 2185 1687 2241 hinc
1718 2186 1879 2254 inde,

202 2276 261 2328 et
281 2272 660 2339 altrinsecus,
692 2270 881 2327 multa
910 2270 1098 2327 millia
1128 2270 1332 2326 avium
1362 2270 1745 2330 diversorum
1778 2290 1881 2344 ge-

204 2377 448 2431 nerum,
480 2360 627 2416 varii
652 2359 885 2428 coloris,
913 2360 1193 2416 sinistras
1224 2359 1351 2415 alas
1389 2361 1537 2432 quin
1566 2363 1749 2419 etiam
1778 2380 1883 2419 ru-

205 2450 509 2508 bicundas
537 2449 910 2505 habentium.
970 2451 1240 2515 Quarum
1269 2448 1500 2504 diffusae
1528 2450 1708 2523 longe
1735 2452 1882 2509 late-

204 2557 327 2614 que
359 2539 756 2596 multitudinis
786 2539 1214 2594 inexhaustam
1244 2538 1681 2596 extremitatem
1720 2558 1884 2614 pers-

205 2627 403 2700 picaci
436 2632 492 2683 et
521 2632 842 2697 angustato
873 2627 1088 2683 obtutu
1145 2641 1268 2681 non
1324 2628 1555 2698 poterat
1614 2645 1885 2702 compre-

206 2716 494 2772 hendere.
526 2718 817 2773 Caeterum
849 2715 1206 2785 congruenti
1233 2715 1468 2770 incessu
1513 2721 1694 2789 atque
1724 2717 1887 2773 vola-

206 2811 273 2861 tu
301 2821 408 2861 eas
438 2804 551 2859 sibi
571 2804 818 2861 alternis
850 2805 1082 2861 vicibus
1114 2804 1372 2860 invicem
1403 2804 1700 2871 cedentes,
1748 2806 1882 2862 fon-

207 2898 333 2949 tem
362 2892 584 2948 montis
610 2898 1068 2966 petere,easque
1092 2909 1154 2949 se
1175 2892 1550 2948 convenienti
1579 2895 1883 2951 natatione

206 2981 387 3037 sicuti
410 2980 600 3037 solent
650 2985 916 3073 tempore
934 2982 1159 3073 futura:
1198 2980 1416 3073 pluviae
1447 2981 1709 3039 abluere.
1743 2986 1885 3040 Om-
1913 3017 1955 3073 α

206 3070 513 3143 nibusque
554 3070 711 3127 mira
766 3071 1066 3127 infusione
1119 3069 1423 3141 delibutis,
1465 3087 1733 3142 congrua
1783 3088 1885 3129 eas

210 3160 474 3215 statione
525 3160 652 3215 sine
710 3161 1067 3217 discretione
1107 3176 1395 3231 generum
1428 3165 1485 3216 et
1523 3163 1882 3232 specierum,

210 3248 343 3303 sine
363 3246 486 3303 ullo
508 3249 907 3304 contentionis
922 3248 1145 3320 jurgio,
1178 3252 1391 3304 mutuo
1420 3248 1681 3305 vicissim
1706 3256 1886 3324 pastu

208 3336 391 3410 quasi
437 3336 832 3393 amicabiliter
876 3337 1230 3405 comedere;
1282 3353 1505 3410 easque
1561 3338 1887 3412 deportatis

208 3424 574 3482 ramusculis
644 3426 947 3482 festinanti
1013 3426 1221 3482 labore
1304 3426 1613 3484 nidiﬁcare
1664 3446 1677 3483 :
1737 3429 1883 3502 quin

211 3517 399 3572 etiam
456 3531 580 3572 suae
635 3515 882 3572 visionis
937 3516 1192 3588 imperio
1247 3516 1576 3573 voluntarie
1615 3535 1887 3574 succum-

203 3607 375 3663 bere.
410 3609 539 3662 Mox
570 3605 1043 3678 expergefactus,
1074 3609 1131 3661 et
1158 3606 1406 3661 visionis
1447 3623 1632 3679 quam
1660 3607 1887 3664 viderat

212 3695 631 3763 reminiscens,
655 3694 954 3750 accersitis
980 3695 1314 3766 majoribus
1339 3695 1702 3768 principum,
1749 3714 1886 3771 cap-

214 3784 415 3857 tisque
452 3783 661 3856 praulio
707 3783 1082 3856 principibus
1139 3782 1316 3837 simul
1369 3784 1589 3851 ascitis,
1640 3800 1884 3842 omnem

212 3873 404 3943 hujus
450 3872 700 3928 visionis
757 3872 968 3928 seriem
1024 3872 1433 3927 inconstanter
1475 3873 1771 3940 disseruit,
1828 3879 1886 3931 et

212 3961 369 4034 quid
419 3961 604 4031 hujus
645 3960 885 4016 visionis
958 3959 1280 4032 mysticum
1348 3961 1631 4017 sentirent
1679 3961 1756 4017 ab
1800 3963 1885 4019 eis

212 4047 483 4120 inquirit.
532 4052 694 4105 Tunc
767 4048 997 4104 cunctis
1064 4049 1520 4113 conticentibus,
1572 4054 1885 4121 captorum

213 4152 380 4192 unus
413 4137 758 4194 Christianae
802 4138 1105 4209 religionis
1158 4138 1277 4194 ﬁde
1325 4139 1616 4207 imbutus,
1666 4155 1888 4211 praesa-

214 4226 440 4299 gioque
475 4226 693 4282 divinae
748 4226 1154 4299 inspirationis
1206 4243 1508 4301 aspersus,
1563 4229 1883 4301 mysticum

214 4315 377 4371 illius
454 4316 702 4371 visionis
765 4316 1127 4372 intellectum
1193 4317 1555 4390 explanavit,
1623 4318 1883 4376 dicens:

218 4428 246 4453 «ι
275 4405 452 4460 Mons
484 4407 740 4461 Francia:
769 4422 894 4477 quo
925 4410 1081 4461 stare
1097 4406 1422 4475 videbaris,
1456 4406 1883 4463 Ecclesiaillius

217 4494 595 4562 designatur.
630 4497 803 4560 Fons,
851 4495 956 4567 qui
1010 4495 1070 4550 in
1111 4494 1454 4551 summitate
1480 4496 1701 4551 montis
1740 4503 1885 4566 erat,

219 4584 566 4656 baptismus
582 4584 1049 4654 regenerationis
1074 4584 1627 4657 interpretatur.Per
1654 4586 1887 4657 lepram

219 4680 281 4729 et
301 4673 696 4745 pruriginem,
753 4688 878 4745 qua
934 4672 1187 4729 infectus
1234 4689 1388 4739 eras,
1447 4674 1889 4733 commissionis

222 4768 339 4818 tua?
365 4762 590 4817 scelera
607 4767 663 4817 et
690 4765 934 4835 peccata
962 4762 1424 4818 animadvertas.
1449 4766 1523 4818 Te
1547 4763 1609 4818 in
1631 4779 1701 4819 eo
1723 4763 1888 4823 ablui

221 4858 282 4907 et
305 4851 386 4906 ab
415 4866 487 4905 eo
514 4850 695 4922 lepra:
726 4838 1169 4923 pruriginisque
1196 4850 1413 4906 morbo
1455 4852 1799 4923 expurgari,
1832 4857 1886 4909 te

221 4941 466 4997 lavacro
493 4939 643 4995 sacri
690 4938 1070 5012 baptismatis
1098 4938 1456 5009 regenerari,
1509 4945 1565 4995 et
1594 4939 1671 4996 ab
1697 4942 1886 4997 omni-

220 5031 341 5086 bus
371 5029 631 5102 peccatis
655 5026 992 5083 emundari.
1041 5030 1146 5084 Per
1191 5028 1464 5083 volucres
1492 5028 1885 5085 diversorum

222 5135 518 5192 generum
544 5118 729 5173 laevas
759 5116 886 5174 alas
928 5115 1217 5172 habentes
1272 5116 1579 5189 puniceas,
1624 5133 1883 5191 quarum

222 5207 695 5265 inﬁnitissimam
751 5205 1181 5262 extremitatem
1228 5206 1542 5261 exhaurire
1584 5207 1716 5262 visu
1762 5223 1887 5263 non

222 5304 489 5374 poteras,
515 5296 791 5352 homines
820 5295 1191 5350 diversarum
1217 5294 1663 5368 provinciarum
1694 5300 1890 5351 scutu-

222 5388 351 5446 lata
376 5384 649 5441 blacchia
676 5384 985 5451 habentes,
1020 5383 1222 5456 tuique
1251 5382 1443 5438 effecti
1487 5382 1715 5448 ﬁdeles,
1736 5399 1890 5455 quo-

225 5494 365 5534 rum
395 5476 781 5531 innumeram
833 5472 1276 5529 multitudinem
1306 5471 1713 5528 coadunatam
1732 5472 1893 5528 vide-

226 5566 344 5631 bis,
376 5563 581 5620 animo
610 5562 1044 5636 deprehendas.
1080 5565 1186 5617 Per
1241 5561 1408 5617 alites
1438 5560 1596 5615 fonte
1641 5559 1891 5626 infusas,

229 5655 369 5713 etin
400 5670 474 5711 eo
498 5652 835 5710 alternatim
869 5652 1127 5721 ablutas,
1181 5649 1611 5721 communique
1661 5664 1894 5706 comes-

1995 1738 2232 1807 glorum
2262 1738 2621 1797 moderabat
2646 1742 2971 1815 piissimus.
3026 1742 3131 1799 Cui
3188 1742 3477 1800 continuo
3507 1744 3673 1801 ΒοΠο

1990 1825 2221 1894 legatos
2249 1842 2391 1882 suos
2416 1828 2597 1895 misit,
2654 1835 2709 1885 et
2753 1829 2901 1901 quid
2956 1829 3225 1885 dicerent
3266 1830 3519 1887 auribus
3547 1832 3673 1889 illo-

1990 1931 2127 1970 rum
2166 1916 2333 1988 prius
2385 1916 2701 1975 intimavit.
2763 1919 2872 1984 Qui
2926 1918 3233 1974 venientes
3268 1918 3351 1973 ad
3394 1935 3534 1976 eum
3561 1938 3672 1995 pro

1989 2004 2154 2059 vocis
2241 2004 2478 2073 affectu,
2562 2008 2900 2063 summissis
2973 2005 3237 2061 vultibus
3333 2007 3671 2066 dixerunt:

1992 2114 2020 2142 ‹‹
2063 2094 2349 2150 Animum
2413 2096 2996 2168 praepotentissimus
3062 2094 3380 2167 patricius,
3429 2099 3674 2172 duxque

1991 2185 2299 2241 Dacorum.
2334 2185 2944 2256 praecellentissimus,
3006 2183 3173 2240 ΒοΠο
3220 2192 3427 2244 noster
3476 2189 3675 2245 senior

1990 2276 2049 2327 et
2074 2271 2400 2328 advocatus
2432 2272 2537 2328 tibi
2588 2273 2765 2330 fidele
2812 2272 3145 2343 servitium,
3178 2272 3420 2348 tuisque
3469 2277 3674 2333 amici-

1990 2360 2085 2415 tias
2114 2376 2338 2416 munus
2363 2361 2809 2417 inconvulsnm.
2862 2365 3163 2431 Magnum,
3217 2362 3466 2422 domine
3523 2369 3666 2438 Rex,

1992 2449 2185 2505 Daciaa
2210 2465 2397 2519 regno
2424 2449 2816 2506 infortunium
2840 2465 3179 2523 perpessos,
3212 2456 3271 2507 et
3301 2454 3520 2523 habeo,
3551 2456 3673 2511 heu

1991 2536 2195 2593 dolor!
2232 2537 2642 2593 fraudulenter
2663 2538 3109 2605 exterminatos,
3146 2541 3337 2595 Eurus
3367 2543 3671 2599 obnoxius

1993 2626 2171 2682 nobis
2247 2628 2507 2699 penitus,
2565 2627 3213 2699 intumescentiumque
3268 2631 3671 2701 procellarum

1992 2714 2355 2770 elationibus
2385 2714 2660 2781 afﬂictos,
2706 2715 2912 2772 vestris
2942 2715 3167 2771 ﬁnibus
3197 2717 3451 2789 appulit,
3503 2717 3671 2774 omni

1994 2802 2124 2874 spei
2143 2807 2201 2858 et
2231 2802 2440 2858 salutis
2469 2803 2753 2875 praesidio
2792 2804 3078 2876 privatos.
3138 2806 3287 2860 Cum
3341 2809 3543 2862 autem
3576 2821 3673 2861 co-

1992 2907 2278 2947 naremur
2317 2891 2558 2947 Daciam
2588 2898 2873 2965 repetere,
2907 2897 2964 2949 et
2992 2908 3103 2948 nos
3155 2893 3232 2950 de
3260 2893 3518 2951 inimicis
3565 2910 3671 2950 no-

1995 2982 2097 3038 tris
2124 2981 2450 3047 vindicare,
2499 2981 2727 3039 obstitit
2782 2988 2839 3039 et
2891 2982 3215 3039 interclusit
3256 3000 3370 3040 nos
3401 2984 3667 3055 glacialis

1994 3071 2212 3138 hiems,
2246 3071 2504 3143 geluque
2534 3076 2838 3128 crustante
2862 3078 3101 3141 terram,
3134 3077 3192 3129 et
3220 3073 3521 3146 aﬁligente
3561 3074 3667 3130 ﬂe-

1992 3159 2142 3215 biles
2170 3159 2495 3215 herbarum
2528 3164 2585 3215 et
2614 3160 2901 3216 arborum
2934 3177 3162 3225 comas,
3223 3163 3413 3220 densa
3445 3163 3666 3233 glacia-

1992 3248 2142 3304 lium
2171 3248 2329 3304 mole
2359 3248 2655 3305 refrenata
2702 3255 3042 3305 crustarum
3097 3254 3439 3307 struxerunt
3490 3251 3668 3306 nobis

1996 3354 2240 3393 murum
2298 3338 2571 3394 ﬂumina.
2616 3341 2730 3395 Nec
2786 3339 3044 3412 praebuit
3088 3340 3266 3397 nobis
3309 3342 3666 3413 prosperum

1993 3427 2102 3482 iter
2144 3425 2328 3482 unda.
2385 3426 2709 3482 Audientes
2767 3428 3021 3500 quidam
3074 3428 3295 3484 mitites
3334 3429 3395 3485 in
3425 3427 3666 3485 conﬁno

1993 3515 2180 3572 nostri
2211 3516 2508 3572 adventus
2529 3518 3459 3594 commorantes,praemaximam
3475 3519 3666 3575 aciem

1994 3607 2204 3660 contra
2231 3619 2343 3659 nos
2374 3608 2735 3672 struxerunt,
2787 3620 3019 3677 nosque
3082 3605 3449 3663 lacescentes
3500 3607 3665 3663 inva-

1995 3697 2216 3748 serunt.
2252 3696 2369 3748 Nos
2397 3708 2540 3748 vero
2560 3709 2670 3749 nec
2721 3694 2835 3750 sub
2863 3693 3138 3763 glaciem,
3168 3711 3280 3752 nec
3320 3712 3505 3769 supra
3559 3711 3665 3753 na-

1993 3781 2197 3850 vigare
2229 3780 2514 3846 valentes,
2555 3780 2793 3836 illorum
2821 3781 3087 3836 audaciae
3125 3782 3472 3851 restitimus,
3508 3783 3657 3838 mul-

1994 3872 2208 3939 tosque
2234 3867 2472 3923 illorum
2523 3868 2730 3940 praelia
2784 3872 3125 3923 exarmatos
3179 3870 3469 3942 cepimus.
3532 3873 3661 3925 Non

1998 3962 2199 4012 autem
2222 3972 2476 4025 regnum
2515 3961 2686 4012 tuum
2716 3956 3244 4028 depopulabimus,
3288 3973 3399 4013 nec
3428 3957 3663 4029 praedas

1997 4061 2257 4118 usquam
2284 4051 2487 4118 raptas
2516 4046 2591 4100 ad
2621 4060 2805 4101 naves
2831 4046 3465 4101 vertemus.Vendendi
3482 4050 3663 4117 atque

1998 4134 2239 4191 emendi
2268 4139 2639 4207 sequestram
2668 4148 2882 4206 pacem
2935 4133 3217 4204 petimus,
3263 4134 3407 4207 quia
3461 4134 3660 4189 immi-

1997 4223 2193 4280 nentis
2219 4223 2377 4278 veris
2409 4228 2678 4294 tempore
2703 4222 2782 4277 ad
2810 4222 3125 4277 Franciam
3152 4222 3661 4295 proﬁciscemur.»

2000 4316 2119 4369 Rex
2147 4317 2349 4368 autem
2377 4310 2631 4367 hilarem
2667 4310 2899 4367 vultum
2957 4310 3321 4378 submissus,
3361 4311 3456 4367 his
3489 4312 3662 4368 audi-

2000 4402 2071 4458 tis
2090 4400 2374 4474 profatur
2405 4419 2418 4456 :
2453 4422 2480 4449 ‹‹
2511 4399 2681 4456 Nulla
2705 4399 2877 4455 tellus
2893 4398 3057 4456 effert
3082 4401 3235 4457 viros
3257 4402 3453 4471 magis
3474 4417 3661 4473 quam

2002 4491 2178 4547 Dacia
2202 4489 2870 4563 prwcipuos,armisque
2896 4493 3132 4546 strenue
3158 4490 3420 4546 edoctos.
3450 4492 3664 4545 Paren-

2001 4582 2177 4638 telam
2201 4578 2434 4636 diffusae
2463 4579 2875 4651 generositatis
2924 4580 3102 4636 vestri
3154 4579 3422 4645 senioris,
3454 4593 3661 4634 casus-

1997 4686 2115 4742 que
2146 4673 2204 4725 et
2227 4668 2466 4725 labores
2487 4673 2741 4737 vestros,
2791 4667 2938 4740 quin
2984 4668 3161 4724 etiam
3212 4663 3661 4721 fraudulentam

1998 4760 2316 4833 perﬁdiam
2348 4760 2538 4815 Daciae
2593 4759 2750 4827 regis
2798 4757 2975 4813 nobis
3025 4758 3353 4813 retulerunt
3396 4753 3657 4826 plurimi.

1997 4854 2181 4907 Nemo
2213 4850 2446 4906 seniore
2471 4853 2671 4914 vestro
2692 4847 2912 4919 justior
2939 4847 2999 4902 in
3022 4847 3210 4912 factis,
3242 4859 3422 4901 nemo
3465 4846 3663 4916 major

1996 4938 2058 4994 in
2084 4937 2288 4994 armis.
2315 4937 2500 5008 Hujus
2528 4935 2749 5004 negotii
2781 4950 2959 4989 curas
3010 4932 3294 5000 seducite,
3350 4947 3660 4987 armorum

1998 5027 2211 5097 securi,
2242 5025 2585 5099 praeliorum
2616 5022 3200 5095 impatientes,atque
3226 5020 3499 5076 omnium
3530 5036 3663 5076 ma-

1992 5117 2192 5174 lorum
2214 5115 2515 5171 immunes
2539 5117 2743 5168 estote.
2777 5111 2969 5167 Liceat
2987 5109 3157 5165 vobis
3189 5109 3533 5183 ubicunque
3554 5115 3669 5167 ter'

1994 5220 2203 5262 rarum
2232 5208 2451 5258 nostrae
2480 5201 2721 5257 ditionis
2751 5200 3005 5255 vendere
3033 5203 3091 5254 et
3120 5214 3336 5255 emere.
3390 5201 3662 5256 Vestrum

1998 5292 2318 5371 seniorem,
2347 5306 2686 5363 precamur,
2720 5289 2933 5359 cogite,
2984 5293 3049 5344 ut
3079 5293 3298 5345 nostrae
3348 5287 3488 5345 ﬁdei
3518 5289 3663 5346 inte-

2002 5381 2211 5454 gritate
2241 5380 2519 5450 dignetur
2547 5379 2625 5435 ad
2648 5395 2759 5435 nos
2789 5378 3012 5448 venire,
3044 5378 3187 5451 quia
3215 5394 3354 5433 eum
3385 5378 3661 5435 desidero

1998 5472 2238 5543 intueri,
2273 5484 2572 5543 superque
2591 5469 2767 5525 malis
2795 5468 2919 5524 suis
2951 5468 3148 5525 solari.
3185 5491 3214 5518 ››
3242 5467 3542 5524 Abeuntes
3560 5484 3662 5525 au-

2003 5566 2127 5618 tem
2157 5559 2345 5625 missi,
2376 5574 2749 5631 quaecunque
2803 5556 3119 5613 audierant
3170 5556 3663 5612 renuntiaverunt

2006 5649 2259 5708 Rolloni.
2293 5647 2601 5721 Extemplo
2646 5646 2811 5705 Rollo
2840 5646 3127 5704 audacter
3153 5649 3211 5703 et
3251 5644 3664 5702 incunctanter
