4002 6186
355 157 457 210 638
508 190 512 193 -

1325 158 1629 213 DUDONIS
1674 157 1927 213 DECANI
1971 155 2027 209 δι
2072 152 2381 217 ΩΠΙΝΤΙΝΙ
2418 154 2798 211 VIROMAND.
2877 176 2881 180 ·

3666 153 3789 208 036

354 277 612 348 perrexit
639 277 716 333 ad
744 292 947 346 regem
973 283 1180 334 contra
1196 295 1256 334 se
1278 281 1632 336 venientem.
1664 280 2005 346 Qui-mutuo
2043 280 2089 333 Α
2123 279 2354 332 Numen
2385 280 2441 331 et
2469 282 2691 333 aeterno
2717 277 3119 349 complectens
3140 274 3345 331 omnia
3374 274 3523 345 girc,

355 364 676 436 amplexati
729 370 785 421 et
827 366 1033 422 oscula
1087 367 1275 439 libati,
1323 369 1675 426 cedentibus
1702 369 2008 439 utriusque

356 451 650 508 exercitus
680 454 888 510 turmis
921 455 1205 512 sederunt
1228 458 1491 530 sepositi.

356 543 516 597 Tunc
542 556 646 596 rex
668 542 967 599 Alstemus
998 543 1161 616 prior
1186 550 1274 601 est
1293 546 1586 602 allocutus
1613 563 1624 600 :

355 630 638 702 Prosapia
674 632 924 704 pollens,
957 638 1261 703 gestorum
1290 634 1515 691 lumine
1542 635 1794 705 fulgens.

356 719 614 775 Moribus
644 725 703 777 et
731 722 954 778 meritis
984 724 1321 795 prtecelsior
1350 724 1656 792 omnibus,
1691 728 1869 796 atque

358 807 597 865 Fredere
624 811 981 884 complacito
1008 812 1147 869 ﬁdei
1182 818 1494 869 nectamur
1517 814 1578 868 in
1618 828 1759 869 uno.

360 898 447 953 Sis
468 902 609 970 peto
626 916 767 972 pars
800 901 1016 957 animae
1040 919 1396 975 semperque
1426 919 1573 958 mem
1600 905 2011 974 comes,atque

355 984 599 1041 Finibus
629 987 692 1043 in
721 989 941 1045 nostris
970 996 1148 1047 temet
1171 991 1436 1063 deposco
1466 992 1708 1047 morari.

356 1073 568 1146 Sicque
590 1076 894 1133 salutifero
924 1078 1286 1151 baptismate
1320 1080 1495 1135 sorde
1525 1080 1695 1152 piari.

357 1165 443 1217 En
470 1165 618 1236 quid
634 1166 817 1236 gestis
845 1167 1003 1224 habe
1032 1174 1253 1225 nostra:
1275 1169 1515 1226 ditionis
1539 1169 1599 1224 in
1630 1168 1795 1225 orbe.

358 1253 447 1309 Sis
475 1270 709 1311 memor
736 1258 861 1329 ipse
891 1258 1009 1313 mei
1040 1258 1207 1315 fuero
1232 1276 1341 1315 ceu
1367 1275 1603 1331 semper
1625 1260 1689 1315 in
1715 1258 1901 1326 omni,

358 1345 425 1398 Et
462 1344 508 1397 si
532 1344 677 1400 velle
706 1345 854 1402 alias
879 1352 970 1402 est
988 1363 1149 1402 nunc
1180 1348 1459 1421 proﬁciar
1488 1349 1687 1403 horas.

360 1430 418 1487 Si
443 1447 594 1501 gens
620 1438 809 1502 torva,
842 1435 1006 1491 ferox
1029 1438 1285 1507 jamjam
1311 1437 1630 1493 feritaverit
1659 1436 1717 1492 in
1749 1451 1867 1502 me,

356 1520 659 1594 Improbe,
690 1538 813 1578 non
840 1539 1084 1579 servans
1124 1524 1265 1581 ﬁdei
1308 1525 1691 1597 retinensque
1719 1529 2007 1591 tenorem,

359 1610 428 1664 Ut
446 1610 604 1681 potis
632 1627 699 1667 es
733 1612 818 1667 fer
840 1628 1022 1686 opem
1048 1614 1245 1669 stabili
1273 1615 1589 1670 conamine
1618 1613 1873 1669 salvans.

357 1700 425 1754 Et
454 1697 554 1754 tibi
584 1715 931 1757 succurram
962 1702 1137 1757 simili
1161 1703 1387 1758 ratione
1413 1703 1705 1774 iuvando,

356 1788 431 1842 Te
457 1791 593 1857 eget
606 1793 790 1860 atque
820 1806 1026 1846 meum
1053 1796 1265 1846 mutuo
1295 1792 1615 1847 certamine
1647 1796 1902 1847 scutum.

429 1879 590 1933 Tunc
611 1878 777 1935 Bello
800 1894 985 1952 super
1008 1881 1164 1950 regis
1217 1880 1388 1936 dictis
1429 1881 1599 1936 laetus
1628 1881 1851 1937 dixisse
1900 1881 2014 1935 fer-

356 1970 456 2021 tur
490 1982 502 2019 :
528 1987 554 2014 ‹‹
589 1969 791 2023 Grates
814 1968 937 2028 tibi.
968 1969 1242 2024 omnium
1274 1985 1482 2038 regum
1506 1970 2012 2043 praestantissime,

352 2070 540 2127 super
566 2054 916 2112 voluntariis
944 2057 1249 2113 beneficiis
1296 2059 1581 2131 rependo,
1637 2064 1693 2114 et
1720 2058 2015 2131 quidquid

252 2203 261 2211 ,
355 2143 510 2200 inter
538 2161 635 2201 me
664 2149 722 2201 et
751 2151 805 2201 te
837 2146 1074 2217 agenda
1103 2147 1371 2214 retulisti,
1401 2147 1493 2203 fac
1545 2153 1610 2203 ut
1664 2152 1826 2220 opto.
1878 2148 2015 2203 Diu-

360 2234 587 2290 tissime
614 2234 673 2290 in
699 2248 884 2303 regno
938 2241 1037 2290 tuo
1092 2252 1215 2291 non
1259 2235 1559 2308 morabor,
1618 2236 1717 2291 sed
1769 2235 2016 2290 celerius

359 2334 544 2394 quam
568 2327 776 2395 potero
828 2324 1133 2380 Franciam
1180 2325 1381 2380 adibo.
1440 2324 1788 2396 Ubicunque
1834 2329 2014 2379 terra-

357 2427 493 2466 rum
518 2411 686 2467 fuero
701 2417 844 2469 ’tuus
872 2413 1105 2469 amicus
1136 2413 1437 2469 insolubili
1487 2413 1820 2469 dilectionis
1880 2426 2017 2468 con-

354 2500 599 2570 iunctus
630 2500 852 2557 findere
882 2502 1270 2574 permanebo.
1297 2524 1324 2551 »
1355 2502 1450 2557 His
1482 2502 1651 2557 dictis
1682 2502 2016 2558 admodum

358 2587 835 2645 inextricabiliter
872 2590 1162 2658 ftederati,
1206 2590 1570 2646 alternarum
1602 2607 1801 2646 rerum
1850 2607 2015 2646 com-

358 2677 633 2750 petentiis
654 2679 1002 2735 mirabiliter
1026 2679 1212 2747 (litati,
1260 2680 1433 2736 rediit
1460 2680 1717 2753 quisque
1738 2681 1813 2735 ad
1842 2696 2017 2736 suam

359 2782 497 2822 cum
529 2768 675 2823 suis.
705 2771 846 2823 'l‘oto
872 2784 1138 2841 namque
1168 2769 1511 2841 hyemantis
1552 2770 1694 2825 anni
1726 2774 2014 2841 tempore,

358 2870 541 2910 naves
588 2861 1005 2929 sumptusque,
1056 2857 1166 2929 qui
1222 2858 1541 2913 necessarii
1592 2863 1761 2914 erant
1802 2858 2012 2921 itineri,

356 2955 697 3015 prmparare
728 2944 893 3000 ΒοΠο
920 2944 1045 3000 dux
1088 2945 1317 3001 solertis
1376 2958 1532 3000 curae
1564 2946 1716 3015 fecit,
1771 2945 2017 3016 Anglos-

358 3046 476 3104 que
508 3034 768 3089 ﬂorentis
786 3033 1119 3103 .juveututis
1142 3034 1377 3104 milites,
1398 3035 1692 3107 quierant
1723 3035 1813 3090 sui
1842 3036 2014 3090 eﬂ‘ec-

360 3119 419 3187 ti,
444 3126 503 3176 et
520 3137 726 3199 secum
756 3122 897 3178 ituri
920 3122 1146 3179 ascivit.
1205 3126 1353 3179 Cum
1381 3128 1581 3178 autem
1608 3123 1819 3196 primae
1847 3128 2015 3179 aesta-

357 3207 430 3265 tis
460 3212 748 3282 tempore,
776 3211 1151 3268 rutilantium
1182 3211 1435 3268 molliter
1471 3211 1689 3267 ﬂorum
1733 3212 2017 3268 arrideret

355 3297 552 3370 copia,
572 3300 1012 3374 purpureisque
1063 3301 1263 3357 blattis
1292 3301 1482 3357 lactea
1507 3305 1565 3357 et
1591 3300 1888 3356 odorifera
1930 3302 2015 3357 al-

356 3385 567 3442 berent
595 3387 734 3455 lilia,
768 3404 1002 3444 memor
1041 3404 1280 3459 semper
1314 3388 1559 3443 visionis
1590 3390 1886 3443 monentis
1937 3389 2016 3445 ad

361 3475 671 3532 Franciam
708 3477 1027 3549 proficisci,
1060 3477 1356 3532 classibus
1394 3476 1540 3531 velis
1586 3477 1742 3531 datis
1797 3493 2015 3534 navem

359 3564 727 3621 conscendit.
761 3568 909 3620 Cum
937 3580 1078 3620 vero
1134 3564 1370 3620 lenibus
1418 3564 1608 3620 vultis
1646 3581 2017 3641 ,congressus

357 3652 582 3722 navigii
609 3654 801 3709 factus
831 3658 1003 3719 esset,
1054 3669 1245 3725 usque
1285 3654 1357 3708 ad
1417 3654 1684 3709 medium
1732 3656 2014 3728 tequoris,

359 3742 624 3815 nihilque
658 3742 925 3798 viderent
966 3742 1085 3797 nisi
1140 3742 1357 3797 ccelum
1399 3744 1784 3817 complexum
1837 3761 2017 3817 super

358 3831 573 3888 faciem
602 3830 805 3897 marist,
835 3829 1021 3886 invidi
1062 3831 1303 3903 spiritus
1334 3831 1584 3888 scientes
1613 3833 1745 3888 illos
1789 3833 2015 3907 baptiss

355 3924 520 3975 mata
549 3917 763 3976 Christi
794 3917 1035 3974 nomine
1056 3918 1412 3989 abluendos,
1435 3920 1807 3994 gloriamque
1827 3939 2015 3995 quam

358 4006 745 4079 perdiderant
774 4004 1098 4079 adepturos
1127 4008 1608 4079 ingemiscentes,
1632 4016 2017 4066 occurrerunt

360 4095 682 4149 excitantes
710 4094 974 4166 periculo
999 4096 1109 4152 illis
1130 4097 1469 4171 venti,quin
1498 4098 1676 4154 etiam
1706 4115 1744 4155 θ,
1774 4100 2015 4155 sedibus

362 4181 487 4236 suis
517 4187 719 4254 ruunt,
765 4188 823 4239 et
850 4184 911 4239 hi
957 4190 1094 4242 ante
1149 4192 1336 4258 ponto
1402 4203 1437 4243 a
1489 4187 1736 4243 sedibus
1777 4188 1912 4243 imis
1954 4189 2015 4244 in

360 4272 754 4345 praecipitium
811 4274 1027 4331 ﬂuctus
1067 4277 1286 4332 nimios
1315 4280 1373 4332 et
1404 4278 1481 4333 ad
1540 4278 1735 4335 sidera
1780 4279 2011 4336 tollunt.

358 4359 589 4417 Caelum
641 4361 1149 4418 crebrescentibus
1198 4364 1532 4434 fulguribus
1562 4367 1838 4439 intonuit,
1868 4369 2015 4425 den-

360 4464 683 4523 sarumque
744 4451 1128 4508 tenebrarum
1187 4469 1306 4508 nox
1380 4458 1510 4510 atra
1566 4455 1677 4511 illis
1723 4457 2011 4513 incubuit.

360 4538 558 4595 Remis
613 4540 951 4608 contractis,
1001 4546 1317 4598 ventorum
1389 4543 1615 4600 rabiem
1668 4546 1800 4602 vela
1867 4547 2016 4602 ferre

359 4642 481 4684 non
511 4634 783 4703 possunt.
826 4634 1029 4704 Itaque
1065 4631 1288 4688 viribus
1318 4633 1609 4700 exhausti,
1643 4636 1847 4692 omnia
1870 4652 2016 4691 ven-

360 4717 431 4773 tis
454 4718 822 4790 permittunt.
856 4719 981 4773 Huc
1010 4718 1266 4791 illucque
1296 4732 1482 4776 naves
1501 4723 1679 4794 quasi
1705 4739 1813 4796 per
1841 4739 2014 4780 mon-

358 4810 445 4863 tes
501 4811 559 4863 et
603 4807 784 4863 valles
834 4806 1146 4879 ﬂuctuant,
1216 4814 1590 4883 mortemque
1642 4813 2014 4886 repentinam

358 4896 642 4952 omnibus
671 4898 982 4953 intentant.
1012 4900 1172 4953 Tunc
1204 4898 1369 4955 [tollo
1408 4901 1705 4971 protensis
1730 4901 2014 4959 manibus

358 4990 690 5057 prostratus
718 4984 991 5042 incubuit
1008 4987 1167 5055 navi,
1196 4987 1528 5060 humilique
1553 4998 1695 5045 voee
1728 4989 1864 5046 talia
1883 5005 2017 5061 pro-

344 5072 511 5131 fudit
540 5092 556 5130 ς

918 5179 1123 5220 ORATIO
1162 5180 1452 5222 ROLLONIS.

362 5250 405 5305 Ο
432 5249 586 5305 Deus
610 5251 1009 5322 omnipotens,
1038 5252 1303 5309 cmlestia
1326 5253 1552 5310 lumine
1576 5254 1904 5328 complens,

361 5337 472 5402 Qui
502 5336 720 5393 caelum
750 5342 1091 5412 terramque
1117 5346 1280 5397 tenes
1311 5358 1417 5414 per
1446 5343 1665 5413 secula,
1698 5344 1871 5416 cujus

434 5605 550 5679 (t7)
578 5605 637 5662 ld
665 5609 774 5675 est,
797 5620 1023 5679 parvas
1051 5622 1251 5666 moras
1268 5608 1522 5680 faciem.

2121 366 2406 421 Infectum
2435 366 2587 422 vitiis
2616 367 2840 439 peccati
2864 371 2921 422 et
2943 366 3085 421 fasce
3104 364 3416 437 repletum,

2121 454 2231 519 Qui
2255 471 2353 510 me
2376 454 2780 512 Christicolam
2808 454 2935 511 ﬁeri
2956 455 3045 510 vis
3068 469 3317 509 munere
3348 453 3455 508 visi

2118 544 2421 615 Temporis
2447 545 2663 614 exiguo
2694 561 2874 601 cursu
2896 543 3167 599 volvente
3193 542 3374 597 futuri
3403 559 3415 596 :

2122 634 2364 706 Suscipe
2394 638 2535 690 vota
2562 634 2773 701 libens,
2808 633 3203 706 precibusque
3230 632 3420 687 faveto
3451 630 3789 700 benignus,

2122 721 2356 777 Fluctus
2383 722 2727 795 sedatisque
2767 723 2922 778 feros
2961 737 3274 793 compesce
3298 719 3506 787 ruinis,

2120 809 2367 865 Casibus
2392 810 2647 883 eripiens
2676 811 2928 867 istisnos
2956 816 3133 882 atque
3161 809 3389 877 labore,

2120 900 2458 971 Comprime
2486 900 2854 967 demulcens,
2888 899 3221 965 mitescens,
3250 903 3430 969 atque
3460 911 3677 951 serena

2122 988 2455 1044 Undantem
2484 989 2739 1044 nimium
2768 989 3028 1045 violento
3060 988 3292 1043 turbine
3321 991 3597 1059 pontum.

2191 1079 2412 1132 Harum
2465 1093 2606 1133 vero
2659 1077 3000 1133 orationum
3046 1075 3325 1149 precibus
3373 1074 3578 1141 ﬁnitis,
3635 1089 3791 1128 mox

2118 1179 2284 1219 mare
2310 1167 2581 1237 quiescit,
2642 1166 2927 1222 serenatis
2975 1164 3277 1237 procellis,
3328 1164 3793 1233 immensosque

2117 1255 2374 1325 aequoris
2397 1259 2614 1311 tractus
2639 1259 2843 1328 optato
2889 1254 3130 1309 ﬂamine
3180 1253 3437 1308 breviter
3485 1250 3795 1323 explicue-

2117 1347 2299 1410 runt;
2358 1359 2663 1416 navesque
2726 1348 3071 1416 tempestate
3144 1341 3414 1414 diruptas
3484 1338 3793 1396 littoribus

2120 1431 2477 1501 Uvalgorum
2530 1434 2627 1489 vix
2682 1433 3117 1507 applicuerunt.
3187 1431 3510 1486 Audientes
3577 1434 3790 1484 autem

2118 1520 2509 1589 Uvalgrenses
2538 1523 2703 1594 quod
2726 1538 2873 1591 gens
2902 1521 3163 1577 barbara
3193 1522 3539 1592 tempestate
3596 1516 3793 1573 maris

2118 1610 2386 1668 ferociter
2415 1618 2722 1684 quassata,
2779 1612 2904 1667 suis
2956 1610 3249 1667 littoribus
3296 1614 3455 1665 esset
3505 1608 3785 1674 advecta,

2120 1706 2483 1771 congregata
2516 1702 2895 1758 multitudine
2926 1700 3307 1774 pagensium,
3342 1698 3656 1755 Rollonem
3677 1696 3790 1752 du-

2122 1804 2251 1844 cem
2277 1794 2683 1863 tempestuoso
2737 1790 2892 1845 mari
2921 1789 3017 1845 vix
3063 1793 3333 1861 ereptum
3363 1788 3666 1859 insperate
3693 1800 3786 1840 as-

2123 1877 2424 1934 salierunt.
2459 1879 2566 1944 Qui
2599 1879 2769 1934 solito
2795 1894 2961 1935 more
2993 1878 3260 1934 concitus
3286 1880 3496 1933 contra
3520 1875 3658 1931 illos
3684 1874 3785 1928 de-

2120 1966 2404 2022 bellando
2429 1967 2705 2040 perrexit,
2740 1973 2918 2040 atque
2957 1967 3158 2040 plures
3182 1966 3419 2022 illorum
3445 1979 3589 2020 nece
3619 1978 3789 2036 pros-

2122 2059 2305 2111 tratos
2333 2071 2473 2111 orco
2502 2056 2844 2121 transmisit,
2869 2056 3265 2126 residuosque
3297 2054 3531 2109 illorum
3558 2056 3664 2107 aut
3692 2052 3785 2106 fu-

2123 2144 2285 2215 gavit
2304 2148 2407 2200 aut
2432 2147 2606 2218 cepit.
2637 2149 2907 2217 Cumque
2945 2143 3276 2199 diutissime
3306 2141 3615 2198 morulans
3649 2142 3784 2211 (Π),

2124 2233 2404 2301 Uvalgras
2435 2235 2850 2307 depopularet,
2898 2233 3288 2290 reminiscens
3325 2232 3619 2287 Alstemus
3675 2245 3787 2285 rex

2121 2323 2447 2393 Anglorum
2478 2324 3042 2391 Christianissimus,
3097 2322 3371 2378 omnium
3416 2335 3628 2390 regum
3648 2334 3787 2392 pro-

2120 2410 2300 2467 bitate
2327 2411 2912 2483 praecellentissimus
2960 2410 3231 2466 amicitiae
3259 2422 3381 2481 qua
3428 2424 3492 2463 se
3510 2413 3568 2463 et
3596 2406 3783 2462 Bollo-

2121 2517 2260 2556 nem
2294 2501 2602 2571 colligarat
2649 2501 2709 2556 in
2756 2501 2984 2557 hedera
3040 2501 3426 2572 sempiterna,
3456 2496 3779 2552 duodecim

2123 2605 2309 2645 naves
2340 2589 2657 2655 frumento,
2686 2591 2825 2645 vino
2857 2595 3037 2661 atque
3078 2588 3248 2644 lardo
3276 2590 3579 2646 oneratas,
3633 2584 3779 2657 quin

2123 2679 2302 2733 etiam
2332 2678 2576 2733 totidem
2605 2684 2833 2734 armato
2854 2677 3037 2733 milite
3068 2676 3343 2749 repletas,
3364 2674 3503 2730 duci
3534 2672 3778 2747 praecel-

2123 2783 2189 2823 so
2221 2766 2545 2823 transmisit
2570 2766 2631 2821 in
2658 2767 2963 2835 Uvalgras.
3014 2766 3116 2821 His
3145 2764 3310 2821 ΒοΠο
3361 2763 3539 2818 donis
3587 2762 3777 2829 laetus,

2121 2856 2349 2923 legatos
2377 2857 2728 2912 muneribus
2758 2856 3165 2929 praemaximis
3202 2854 3422 2910 ditatos
3469 2868 3613 2908 cum
3656 2866 3781 2921 gra-

2053 2981 2092 3036 C
2121 2946 2339 3001 tiarum
2366 2946 2597 3001 actione
2651 2946 2728 3002 ad
2779 2961 2984 3015 regem
3023 2944 3270 3009 remisit,
3303 2958 3485 3015 seque
3516 2957 3630 3014 per
3683 2956 3780 2996 eos

2123 3032 2554 3090 famulaturum
2579 3033 2703 3102 regi
2760 3032 3090 3089 mandavit.
3141 3031 3520 3087 ASstimantes
3577 3033 3776 3084 autem

2126 3122 2533 3193 Uvalgrenses,
2590 3127 2832 3195 propter
2881 3120 3173 3194 deportati
3229 3119 3509 3175 frumenti
3541 3118 3779 3191 copiam

2121 3213 2286 3268 omni
2318 3217 2583 3285 tempore
2612 3212 2919 3268 Rollonem
2942 3210 3206 3280 Uvalgris
3227 3214 3627 3274 moraturum,
3653 3222 3781 3263 con-

2123 3308 2488 3358 vocaverunt
2517 3302 2876 3372 Raginerum
2932 3301 3115 3371 Longi
3157 3300 3291 3356 colli
3332 3298 3778 3354 Hasbacensem

2122 3395 2179 3447 et
2206 3390 2680 3447 Hainaucensem
2708 3391 2945 3457 ducem,
2969 3395 3026 3445 et
3052 3388 3444 3445 Radebodum
3476 3386 3676 3443 Frisia:
3700 3402 3779 3441 re-

2123 3479 2317 3550 gionis
2346 3479 2702 3551 principem,
2731 3483 2788 3534 et
2836 3477 3198 3548 conglobato
3237 3481 3497 3532 exercitu
3524 3474 3775 3531 aliorum

2122 3584 2419 3642 pagorum
2451 3567 2813 3623 invaserunt.
2846 3567 3173 3624 Rollonem.
3209 3566 3338 3633 Qui,
3368 3565 3518 3621 sicut
3537 3565 3773 3636 διεβίω,

2123 3658 2199 3713 ad
2229 3656 2454 3712 bellum
2483 3656 2892 3713 indubitanter
2938 3657 3214 3729 perrexit,
3255 3660 3313 3712 et
3366 3655 3550 3711 multa
3588 3652 3773 3708 millia

2122 3746 2361 3802 illorum
2391 3746 2624 3813 occidit,
2652 3751 2831 3818 atque
2854 3747 3212 3815 Raginerum
3232 3745 3416 3814 Longi
3437 3744 3569 3800 colli
3590 3749 3652 3799 et
3667 3747 3776 3799 Ra-

2122 3834 2426 3890 debodum
2467 3835 2770 3890 Frisonem
2799 3835 2878 3889 ad
2902 3850 3013 3889 sua
3047 3840 3242 3891 castra
3285 3834 3527 3904 fugavit.
3559 3830 3777 3887 Deinde

2121 3928 2307 3979 totam
2336 3927 2553 3979 terram
2578 3923 2971 3991 Uvalgrorum
2997 3922 3327 3978 devastavit
3366 3926 3547 3994 atque
3576 3920 3777 3975 incen-

2119 4010 2219 4066 dio
2247 4011 2667 4066 concremavit.
2720 4013 2855 4065 Post
2904 4010 3042 4065 hinc
3092 4010 3274 4081 hujus
3306 4010 3389 4065 rei
3419 4024 3605 4064 causa
3636 4006 3779 4063 indi-

2123 4105 2361 4170 gnatus,
2397 4100 2665 4155 Frisones
2690 4098 2954 4155 celeriter
2974 4098 3268 4172 expetivit,
3297 4103 3643 4169 terramque
3660 4096 3779 4151 illo-

2119 4205 2256 4244 rum
2283 4189 2593 4245 devastare
2622 4188 2985 4260 coepitTunc
3010 4188 3278 4243 Frisones
3296 4186 3624 4242 multorum
3646 4201 3782 4241 con-

2121 4276 2343 4346 geriem
2382 4275 2746 4349 populorum
2800 4276 3027 4331 concita
3066 4280 3508 4339 coacervantes,
3547 4273 3781 4346 sibique

2124 4364 2563 4420 multitudinem
2586 4364 2854 4437 plebium
2894 4364 2954 4420 in
2986 4363 3247 4424 conﬁnio
3278 4364 3473 4428 Ρηίεὶω
3514 4374 3783 4419 commo-

2120 4454 2381 4509 rantium
2410 4453 2878 4519 accumulantes,
2906 4454 3091 4509 ﬂuvio
3112 4453 3361 4509 Almerze
3399 4468 3784 4509 commoran-

2123 4546 2241 4599 tem
2259 4542 2602 4611 agminibus
2625 4542 2827 4599 multis
2848 4541 3556 4615 praaparatis,accelerata
3580 4540 3784 4597 incur-

2123 4632 2292 4686 sione
2310 4636 2604 4687 conantur
2622 4631 2799 4686 invad
2808 4647 2903 4687 ere
2928 4630 3428 4687 Rollonem.Rollo
3447 4646 3585 4686 vero
3596 4635 3656 4687 et
3678 4631 3786 4704 qui

2122 4736 2261 4777 cum
2277 4737 2349 4776 eo
2369 4725 2540 4776 erant
2577 4736 2735 4791 genu
2780 4719 2958 4791 ﬂexo,
3006 4736 3437 4793 armorumque
3467 4721 3787 4791 ingruente

2122 4810 2386 4876 horrore,
2442 4814 2743 4865 scutorum
2798 4809 3058 4879 tegmine
3097 4810 3380 4882 cooperti,
3443 4811 3787 4882 strictaque

2124 4899 2269 4956 aciei
2298 4899 2687 4954 mucronibus
2702 4898 2968 4955 coruscis
2989 4899 3789 4973 complicati,exspectabant

2122 4988 2359 5043 initium
2389 4986 3029 5043 certaminis.Frisones
3048 5002 3191 5057 ergo
3207 4987 3632 5060 parvissimam
3654 5002 3788 5043 esse

2125 5080 2405 5149 putantes
2460 5074 2905 5131 multitudinem
2939 5074 3201 5145 illorum,
3244 5074 3502 5133 inierunt
3552 5074 3788 5131 bellum

2125 5166 2239 5223 sibi
2268 5180 2391 5220 non
2417 5166 2818 5238 profuturum.
2854 5165 2993 5223 Daci
3022 5182 3160 5222 vero
3185 5165 3519 5222 exsilientes
3538 5165 3599 5221 in
3651 5165 3790 5223 illos

2122 5255 2421 5310 intuentes
2469 5271 2661 5329 usque
2686 5255 2763 5312 ad
2817 5255 3281 5312 internecionem
3309 5259 3788 5327 prostraverunt,
