4002 6186
123 159 217 211 637
689 156 779 210 DE
820 156 1057 212 GESTIS
1096 140 1524 212 Romam
1566 153 1808 211 nucum
1845 155 2027 210 uani
2064 156 2262 212 rans.
2304 178 2374 197 -
2413 156 2546 214 LIB.
2590 160 2653 213 ιι.
2696 159 2925 215 BOLLO

3425 165 3533 220 638

118 277 419 350 pluresque
458 278 761 350 principes
810 283 1093 349 ceperunt
1130 279 1757 350 innumerabilemque
1796 283 1842 334 Α
1872 293 1989 349 que
2019 277 2184 334 ΒοΠο
2205 265 2566 336 έωάοιιδῑιιω
2596 282 3072 356 muneribusque
3100 289 3157 339 et
3183 284 3358 341 donis
3385 302 3534 359 prae-

119 381 348 421 manum
373 365 449 420 ad
478 381 665 422 naves
695 366 1294 423 duxerunt.Frisones
1313 368 1498 436 igitur
1515 366 1757 437 residui,

116 452 432 509 difﬁdentes
464 454 575 523 sui,
606 455 819 510 exhinc
850 454 1143 511 tributarii
1174 456 1365 512 effecti
1415 461 1571 522 sunt,
1623 455 1758 512 Rol-

114 542 254 597 lonis
282 544 590 615 praeceptis
620 560 726 616 per
750 545 958 600 omnia
987 545 1353 601 obedientcs.
1386 550 1679 615 Congesto
1704 549 1761 601 et

114 634 477 699 exaggerato,
509 636 685 703 atque
710 632 853 687 dato
889 632 1080 688 Frisia}
1124 633 1345 690 tributo
1392 633 1547 689 illico
1586 632 1762 688 librat

114 720 165 773 in
191 717 374 773 altum
419 718 670 775 carbasa
712 720 970 776 navibus
1012 720 1177 791 data,
1223 722 1511 794 vertitque
1549 735 1761 793 proras

111 806 181 861 ad
208 806 439 863 Raineri
467 808 681 880 prolixi
699 809 900 880 juguli
930 814 1139 881 terras,
1171 810 1375 867 ulcisci
1419 826 1482 866 se
1511 808 1761 881 cupiens

112 896 177 950 de
218 897 368 968 ipso,
422 897 526 969 qui
550 897 719 954 affuit
765 898 1033 969 Uvalgris
1062 916 1202 955 cum
1254 888 1595 956 Frisonibus
1629 898 1761 968 jam

110 985 407 1056 prostratis
435 986 497 1041 in
522 987 747 1058 prtelio.
773 990 1076 1044 Pererrato
1105 994 1312 1061 ponto,
1354 989 1534 1045 intrat
1565 986 1762 1045 Scaldi

110 1075 331 1133 alveum
386 1076 473 1133 cis
519 1077 784 1151 citraque
844 1084 1064 1135 terram
1139 1080 1518 1153 depopulans
1583 1094 1763 1152 super

112 1164 281 1235 Longi
331 1164 467 1221 colli
500 1167 840 1234 Rainerum,
868 1169 1030 1223 venit
1076 1169 1155 1224 ad
1195 1169 1527 1241 quamdam
1576 1167 1762 1223 abba-

112 1253 241 1308 tiam
297 1252 523 1310 dictam
568 1255 814 1312 nomine
873 1257 1232 1327 Condatum.
1290 1258 1577 1313 Rainerus
1616 1271 1760 1311 vero

108 1341 284 1397 multa
312 1343 522 1415 praelia
560 1349 769 1401 contra
825 1362 964 1401 eum
1018 1346 1174 1417 fecit,
1222 1346 1326 1402 sed
1375 1362 1448 1401 ex
1477 1345 1757 1401 omnibus

109 1429 262 1487 Rollo
306 1431 499 1487 victor
550 1436 763 1505 potens
816 1434 1051 1490 exstitit.
1110 1435 1542 1491 Devastahatur
1607 1439 1761 1489 terra

107 1521 407 1593 utriusque
445 1523 736 1578 exercitus
763 1524 925 1580 mala
948 1540 1253 1597 perpessa.
1306 1524 1628 1580 Prtevalida
1671 1523 1759 1579 fa-

1871 367 2151 422 maximis
2204 368 2479 436 ditatum,
2542 371 2690 442 quin
2730 371 2909 427 etiam
2960 372 3190 428 reddita
3219 374 3532 433 medietate

1866 454 2202 525 legatorum
2233 474 2576 529 munerum,
2608 460 2687 515 ad
2713 476 2964 516 uxorem
2998 476 3173 517 suam
3202 461 3403 519 laetum
3439 480 3531 520 res

1870 544 2031 600 misit
2058 546 2438 616 Raginerum.
2472 548 2573 603 His
2622 548 2814 605 taliter
2856 565 3007 623 pace
3066 552 3311 623 sedatis,
3370 552 3534 610 Bello

1870 650 2103 689 memor
2155 636 2419 704 visionis,
2481 654 2839 711 semperque
2894 655 3144 712 sperans
3204 641 3535 698 affuturum

1869 722 1978 777 sibi
2010 724 2176 795 quod
2205 725 2433 782 viderat
2484 726 2545 783 in
2586 728 2838 796 somnis,
2896 729 3043 802 quid
3090 728 3311 786 debeat
3355 746 3534 801 agere

1871 811 2062 867 solers
2088 812 2351 885 inquirit.

2502 921 2885 962 APOSTROPHA.

1874 988 2061 1060 Rollo,
2090 990 2235 1063 quid
2266 989 2327 1045 in
2350 992 2517 1047 terris
2548 994 2859 1050 morulans
2884 997 3138 1052 versaris
3163 996 3225 1053 in
3248 996 3392 1066 istis,

1868 1080 2018 1135 Cum
2039 1094 2222 1151 supra
2252 1080 2393 1135 satis
2425 1080 2582 1137 ultus
2610 1081 2755 1138 ades
2779 1089 3023 1140 cunctos
3051 1084 3322 1142 inimicos
3342 1087 3370 1142 ?

1871 1167 2104 1234 Desine,
2138 1184 2318 1239 parce
2345 1168 2474 1239 tibi,
2506 1170 2701 1239 magis
2728 1171 2856 1226 haec
2884 1174 3171 1229 sententia
3193 1179 3456 1247 prmstat,

1868 1258 2126 1311 Venturo
2153 1258 2446 1328 quoniam
2474 1259 2721 1329 proclivi
2748 1261 3033 1332 temporis
3051 1278 3177 1318 aevo

1867 1345 2073 1401 Prtelia
2099 1347 2429 1403 Franciscee
2462 1349 2654 1416 gentis
2682 1349 2807 1404 dire
2838 1350 3100 1421 patieris,

1867 1438 2058 1505 Atque
2086 1433 2349 1504 fatigeris
2379 1436 2634 1491 nimium
2662 1436 2833 1492 bellis
2866 1438 3200 1509 Aquitanis.

1870 1521 2013 1576 Hinc
2042 1522 2222 1577 fontis
2248 1522 2483 1595 liquidi,
2512 1529 2569 1579 et
2593 1525 2748 1580 sacri
2777 1542 2976 1581 rorem
3008 1526 3336 1594 subiturus,

106 1626 225 1665 mes
251 1612 538 1681 exoritur,
569 1612 714 1685 quia
748 1618 902 1671 terra
931 1619 1129 1671 aratro
1155 1630 1276 1670 non
1308 1614 1614 1670 scinditur.
1633 1612 1760 1667 Vul—
1791 1637 1831 1690 Β
1870 1610 2196 1666 Chrismate
2222 1612 2520 1683 perfusus,
2550 1613 2784 1686 oleique
2813 1614 3044 1687 liquore
3074 1620 3354 1682 novatus,

104 1714 207 1769 gus
263 1702 523 1773 penuria
565 1700 870 1774 afﬂigitur,
922 1704 1078 1760 fame
1129 1704 1419 1776 bellisque
1471 1703 1756 1760 atteritur.

104 1787 386 1846 Diffidunt
431 1790 623 1846 vivere
675 1792 871 1847 cuncti
907 1836 921 1860 ,
1004 1793 1192 1848 salute
1265 1792 1455 1847 victus
1520 1791 1756 1863 privati.

100 1878 371 1941 Quadam
404 1878 586 1947 igitur
614 1879 710 1935 die
744 1880 989 1936 Bainero
1019 1881 1151 1936 loco
1200 1881 1558 1936 insidiarum
1603 1880 1758 1936 clam

94 1972 533 2037 commorante,
569 1980 749 2039 super
802 1970 990 2024 Dacos
1038 1969 1309 2041 cupiente
1357 1970 1599 2036 irruere,
1652 1971 1761 2024 Da-

92 2054 287 2109 cicum
351 2055 492 2110 hinc
546 2055 684 2111 inde
760 2058 1060 2126 congressi
1120 2058 1529 2124 vallaverunt,
1589 2074 1758 2113 eum-

93 2157 207 2213 que
263 2143 524 2198 nimium
579 2144 978 2202 debellantem
1042 2147 1467 2219 manciparunt
1496 2190 1509 2215 ,
1592 2148 1757 2202 vinc-

100 2236 340 2302 tumque
389 2231 470 2287 ad
528 2232 832 2289 Rollonem
887 2235 1205 2292 duxerunt.
1280 2240 1418 2307 Ipsa
1493 2251 1759 2308 namque

102 2319 186 2374 die
240 2319 633 2389 Ragineridte,
692 2323 986 2379 Dacorum
1044 2330 1110 2380 ut
1165 2332 1448 2398 caperent
1520 2326 1756 2397 aliquos

106 2406 331 2463 latebris
360 2415 829 2471 commorantes,
854 2410 1201 2468 invaserunt
1243 2414 1563 2469 duodecim
1604 2413 1758 2468 mili-

109 2500 184 2551 tes
206 2497 544 2568 praacipuos
573 2498 855 2567 Rollonis,
899 2505 955 2555 et
1004 2503 1301 2558 constanti
1346 2502 1555 2558 virtute
1586 2518 1758 2573 cepe-

110 2589 251 2642 runt.
282 2589 445 2642 Tunc
477 2603 630 2642 uxor
658 2588 932 2657 Ragineri
974 2590 1147 2657 ﬂens,
1199 2597 1256 2646 et
1297 2591 1531 2660 eiulans
1582 2606 1761 2661 super

110 2690 188 2739 eo,
219 2676 565 2730 conVocatis
586 2676 960 2749 principibus
990 2679 1308 2748 suis,misit
1326 2679 1403 2733 ad
1428 2678 1756 2745 Rollonem,

109 2766 165 2819 ut
209 2780 315 2835 pro
370 2763 697 2820 duodecim
753 2766 1075 2821 comitibus
1132 2768 1322 2839 captis
1372 2768 1647 2823 redderet
1688 2767 1761 2822 81-

108 2849 159 2904 bi
204 2867 378 2907 suum
433 2853 757 2908 seniorem.
816 2854 975 2909 illico
1030 2854 1217 2926 R0110,
1274 2861 1550 2927 suscepta
1603 2856 1761 2925 lcga-

110 2938 266 3006 tione,
294 2942 530 2997 remisit
578 2942 657 2996 ad
688 2958 825 2997 eam
856 2942 1060 2997 dicens
1093 2961 1105 2997 :
1142 2947 1268 2999 Non
1325 2944 1605 3000 reddetur
1655 2945 1759 3000 tibi

109 3028 434 3097 Raginerus,
462 3030 577 3085 sed
602 3031 1016 3099 decollahitur,
1060 3032 1173 3086 nisi
1219 3033 1547 3088 reddideris
1590 3034 1757 3105 prius

111 3131 258 3173 meos
288 3121 543 3175 comites
572 3120 717 3175 mihi
767 3120 1017 3192 insuper
1046 3121 1282 3177 dederis
1304 3122 1600 3194 quidquid
1629 3123 1755 3178 auri

108 3212 256 3263 estet
282 3210 515 3279 argenti
549 3209 641 3264 sui
662 3208 1023 3279 ducaminis,
1052 3227 1191 3266 cum
1215 3212 1562 3281 juramento
1592 3213 1757 3267 Chri-

109 3294 289 3351 stianae
318 3297 654 3367 religionis,
686 3298 833 3371 quin
864 3299 1045 3355 etiam
1099 3300 1387 3355 tributum
1443 3301 1611 3356 istius
1668 3318 1757 3357 re-

110 3386 296 3450 gionis.
351 3391 479 3444 Mox
547 3389 771 3458 conjux
821 3388 1094 3458 Ragineri
1164 3389 1403 3459 lugubri
1459 3390 1756 3459 legatione

110 3474 299 3531 atllicta
327 3477 588 3533 comites
619 3482 827 3549 captos
862 3478 1088 3533 Rolloni
1131 3479 1375 3547 remisit,
1417 3468 1756 3552 aurumque

109 3567 153 3617 et
175 3572 477 3635 argentum
513 3567 689 3638 quod
721 3583 979 3638 usquam
1022 3568 1286 3623 invenire
1338 3568 1546 3640 potuit.
1603 3570 1758 3635 Quin

107 3652 260 3708 etiam
286 3655 432 3711 illud
450 3655 633 3728 quod
665 3662 791 3712 erat
818 3657 1002 3711 sacris
1042 3657 1332 3712 altaribus
1376 3674 1752 3726 concessum,

106 3743 412 3817 pariterque
438 3744 711 3813 vectigal
741 3744 897 3800 illius
925 3744 1262 3800 ducaminis
1308 3761 1445 3800 cum
1480 3747 1754 3817 jureran-

104 3827 186 3897 do,
215 3834 372 3903 quod
403 3833 561 3906 plus
592 3832 815 3888 metalli
866 3849 989 3889 non
1042 3833 1310 3902 haberet,
1362 3850 1470 3889 nec
1522 3835 1756 3903 exigere

103 3922 694 3996 posset,suppliccibus
724 3922 922 3977 verbis
953 3926 1010 3978 et
1041 3922 1434 3994 deprecativis
1478 3924 1637 3979 misit
1679 3925 1755 3978 ad

111 4008 406 4079 Hollonem,
438 4017 507 4069 ut
534 4011 818 4067 redderet
840 4011 953 4066 sibi
984 4028 1162 4066 suum
1203 4011 1417 4066 virum.
1464 4016 1594 4085 Ipse
1646 4030 1753 4067 au-

112 4100 207 4153 tem
235 4108 428 4158 motus
454 4103 680 4175 pietate
706 4101 1077 4173 vocibusque
1119 4101 1463 4173 suppliciter
1509 4116 1758 4174 precan-

112 4184 256 4258 tium,
286 4190 361 4245 ad
393 4207 457 4247 se
500 4190 648 4247 fecit
691 4189 886 4244 venire
946 4188 1131 4257 Longi
1188 4189 1323 4245 colli
1372 4191 1754 4259 Reginorum,

112 4275 394 4350 verbisque
420 4278 699 4351 pacificis
724 4278 943 4334 aifatur
985 4294 1126 4333 eum
1159 4294 1172 4331 :
1207 4299 1234 4325 «
1269 4278 1557 4347 Raginere
1609 4278 1754 4346 dux,

112 4362 371 4437 milesque
407 4366 766 4440 asperrime,
815 4382 1148 4437 regumque
1198 4370 1254 4421 et
1295 4366 1522 4421 ducum
1578 4371 1757 4438 atque

112 4453 368 4511 comitum
395 4455 667 4528 superbo
699 4461 862 4511 satus
896 4456 1212 4524 sanguine,
1253 4454 1401 4526 quid
1454 4454 1559 4510 tibi
1604 4456 1755 4511 fece-

112 4553 220 4595 ram
272 4544 414 4601 olim
465 4544 708 4616 injuriae
734 4546 761 4599 ‘I
814 4548 1053 4617 Propter
1119 4543 1264 4615 quid
1330 4543 1633 4616 prmliatus
1689 4558 1752 4600 es

114 4642 230 4684 cum
284 4633 556 4702 Uvalgris
618 4637 673 4687 et
758 4631 1098 4688 Frisonibus
1171 4637 1383 4687 contra
1460 4648 1555 4687 me
1585 4633 1613 4687 ?
1699 4631 1757 4688 Si

123 4716 304 4773 κοινὴ-θ
359 4721 548 4777 modo
606 4720 789 4789 vales,
840 4736 1148 4776 armorum
1194 4712 1425 4792 spicula
1455 4720 1673 4776 desunt
1702 4724 1760 4775 et

116 4804 385 4864 satellites.
430 4809 487 4866 Si
513 4809 664 4865 velis
690 4825 726 4865 a
756 4808 933 4864 nobis
962 4808 1106 4879 fuga
1156 4809 1300 4875 labi,
1360 4808 1756 4881 compedibus

116 4886 392 4951 intricatus
422 4913 551 4953 non
587 4902 754 4968 potes
782 4897 1055 4952 evadere.
1087 4897 1394 4953 Talionem
1440 4898 1593 4953 sicut
1644 4897 1757 4952 Fri-

117 4981 337 5038 sonibus
392 4986 499 5043 tibi
550 4986 784 5043 reddidi
812 5002 923 5059 pro
949 4987 1143 5059 malis,
1172 5004 1308 5059 quae
1336 4987 1482 5044 mihi
1528 4988 1654 5044 sine
1693 5002 1756 5043 re

118 5063 350 5128 intulisti.
385 5078 543 5132 Uxor
573 5080 678 5131 tua
707 5080 765 5131 et
809 5075 1105 5148 principes
1158 5077 1242 5133 tui
1294 5076 1593 5149 quidquid
1648 5093 1756 5133 au-

120 5152 159 5207 ri
214 5165 263 5213 et
314 5164 543 5233 argenti
603 5179 955 5237 recuperare
980 5169 1321 5237 potuerunt,
1344 5165 1763 5238 promiserunt

123 5244 262 5302 mihi.
313 5252 637 5308 Dimidium
689 5255 996 5322 exagerati
1026 5255 1295 5310 muneris
1333 5254 1585 5310 reddam
1633 5253 1758 5322 tibi,

123 5328 270 5402 tteque
322 5342 434 5395 tua;
484 5340 787 5397 remittam
848 5342 1038 5398 uxori.
1115 5344 1261 5397 Hinc
1330 5357 1761 5399 mansuescens

123 5425 417 5501 requiesce,
476 5436 533 5486 et
583 5431 923 5488 nullatenus
980 5432 1054 5489 sit
1113 5432 1441 5499 discordia,
1476 5433 1580 5488 sed
1612 5448 1763 5489 sem-

123 5506 325 5576 Piterna
345 5519 493 5575 inter
526 5536 623 5576 me
650 5527 707 5578 et
726 5526 782 5579 te
809 5538 930 5595 pax
961 5527 1017 5577 et
1044 5521 1325 5578 amicitia.
1370 5543 1399 5571 ιο
1447 5521 1548 5576 His
1586 5520 1758 5578 dictis

123 5595 369 5670 Bigineri
424 5625 600 5667 crura
644 5612 953 5670 solvuntur
1013 5610 1431 5687 compedibus.
1517 5609 1755 5669 Statim-

1869 1699 2131 1754 Prmmiaa
2156 1704 2459 1772 perpetua
2488 1702 2689 1773 capies
2717 1719 2857 1758 cum
2882 1718 3131 1759 munere
3161 1702 3315 1759 vitae.

1938 1791 2111 1842 Anno
2140 1786 2318 1857 igitur
2345 1788 2845 1859 octingentesimo
2890 1790 3334 1862 septuagesimo
3361 1794 3531 1845 sexto

1870 1873 1947 1929 ab
1976 1874 2383 1931 incarnatione
2415 1878 2670 1948 Domini,
2700 1878 2917 1933 nobilis
2944 1878 3108 1933 Rollo
3147 1878 3425 1934 consultu
3464 1878 3530 1932 ﬁ-

1867 1963 2093 2019 delium
2124 1982 2369 2021 suorum
2401 1966 2639 2023 libravit
2660 1967 2791 2023 vela
2817 1968 3006 2023 ventis
3051 1967 3369 2037 navigeris,
3414 1966 3527 2022 ﬂu-

1866 2054 2047 2108 minis
2098 2054 2289 2110 Scaldi
2347 2055 2584 2112 alveum
2631 2056 2932 2123 deserens,
2979 2063 3159 2131 atque
3207 2072 3528 2130 permenso

1868 2146 2052 2214 ponto
2082 2159 2205 2215 qua
2259 2146 2537 2216 Sequana
2590 2145 2842 2201 eteruleo
2903 2147 3153 2218 gurgite,
3202 2145 3530 2219 perspicui-

1868 2248 2016 2303 sque
2043 2232 2317 2287 cursibus
2341 2232 2557 2303 ﬂuens,
2607 2234 3055 2307 odoriferasque
3113 2234 3525 2291 excellentium

1866 2319 2135 2391 riparum
2156 2320 2374 2376 herbas
2402 2321 2700 2390 lambens,
2733 2321 3034 2394 ﬂuctuque
3063 2320 3356 2378 inﬂatiore
3394 2338 3527 2378 ma-

1866 2407 1946 2461 ris
1978 2424 2135 2480 saepe
2166 2408 2545 2464 revertier-ato
2574 2409 2909 2464 secundum
2935 2409 3286 2466 discrimina
3330 2412 3524 2478 Lunae,

1868 2494 2219 2550 inundantis
2272 2496 2457 2551 maris
2489 2496 2703 2568 pelago
2753 2513 2813 2551 se
2863 2496 3141 2566 immittit,
3174 2497 3529 2567 aggrediens

1868 2584 2126 2639 navibus
2158 2584 2414 2640 Gimeias
2442 2585 2623 2651 venit,
2644 2585 2976 2658 vidensque
3031 2587 3086 2641 S.
3143 2586 3291 2641 Petri
3316 2601 3529 2641 mona-

1869 2674 2113 2728 sterium
2141 2674 2496 2730 monachilis
2526 2673 2910 2729 habitationis
2940 2673 3224 2730 domibus
3273 2674 3530 2730 adorna-

1868 2767 2018 2828 tum,
2052 2768 2450 2836 sanctumque
2471 2767 2757 2836 reputans
2788 2780 2921 2819 esse
2951 2764 3173 2829 locum,
3218 2762 3442 2818 morari
3467 2762 3531 2818 il-

1865 2850 1941 2905 lic
1972 2852 2238 2920 distulit;
2270 2852 2374 2907 sed
2408 2852 2558 2908 ultra
2596 2852 2824 2909 ﬂumen
2862 2852 2941 2909 ad
2981 2852 3276 2926 capellam
3328 2853 3383 2908 S.
3427 2854 3530 2907 Ve-

1867 2940 2022 2996 dasti
2052 2956 2238 2995 naves
2264 2941 2551 3013 applicuit
2575 2960 2587 3007 ;
2616 2956 2955 3014 corpusque
3007 2942 3321 3014 cujusdam
3358 2940 3531 3013 virgi—

1818 3022 1830 3038 ’
1869 3028 1961 3083 nis
1990 3030 2232 3085 nomine
2266 3029 2682 3097 Hameltrudis,
2729 3032 2894 3103 quod
2933 3048 3137 3088 secum
3168 3030 3527 3103 adportave-

1865 3122 1976 3184 rat,
2005 3134 2184 3190 super
2212 3118 2395 3175 altare
2426 3121 2481 3174 S.
2514 3119 2749 3175 Vedasti
2770 3121 2986 3192 posuit,
3005 3122 3264 3193 huicque
3284 3120 3528 3192 capellas

1867 3223 1939 3262 ex
1966 3208 2210 3264 nomine
2240 3208 2487 3277 virginis
2516 3224 2737 3263 nomen
2791 3210 3225 3281 sempiternum
3274 3209 3525 3265 inhaesit.

1868 3295 2319 3368 Diciturqueille
2348 3295 2515 3352 locus
2544 3297 2621 3351 ad
2656 3302 2933 3352 sanctum
2963 3296 3404 3353 Hameltrudem
3450 3296 3529 3351 ab

1863 3384 2095 3440 incolis.
2142 3385 2466 3441 Audientes
2495 3385 2673 3455 igitur
2718 3402 3017 3459 pauperes
3060 3385 3357 3456 homines,
3406 3384 3533 3441 ino-

1864 3490 2093 3547 pesque
2122 3480 2483 3531 mercatores
2540 3478 2790 3531 Rotomo
2838 3480 3303 3545 commorantes,
3353 3474 3531 3531 illius-

1865 3579 1983 3636 que
2008 3564 2267 3635 regionis
2297 3564 2687 3628 hahitatores.
2739 3565 3049 3637 copiosam
3082 3564 3527 3622 multitudinem

1866 3655 2351 3710 Normannorum
2382 3654 2592 3708 adesse
2619 3654 2935 3724 Gimegias,
2974 3659 3269 3710 venerunt
3316 3653 3529 3710 unani-

1866 3758 1997 3798 mes
2027 3742 2106 3798 ad
2136 3745 2506 3798 Franconem
2558 3743 2909 3815 episcopum
2960 3745 3525 3812 Rothomagensem,

1867 3832 2194 3888 consulturi
2223 3832 2370 3903 quid
2400 3836 2664 3899 agerent.
2700 3835 2923 3887 Franco
2950 3847 3090 3887 vero
3121 3832 3317 3886 statim
3370 3830 3529 3885 misit

1867 3919 1947 3975 ad
1978 3919 2315 3985 Rollonem,
2348 3923 2419 3973 ut
2444 3918 2613 3973 daret
2643 3918 2756 3973 sibi
2807 3932 3089 3988 pagoque
3146 3915 3532 3972 manentibus

1867 4007 2265 4063 securitatem.
2300 4006 2465 4062 Rollo
2495 4021 2638 4060 vero
2668 4005 3042 4076 comperiens
3071 4004 3239 4076 quod
3288 4003 3349 4058 in
3380 4002 3529 4058 urbe

1867 4111 1978 4151 nec
2007 4096 2069 4150 in
2094 4094 2318 4149 ﬁnibus
2348 4093 2480 4163 ejus
2512 4096 2846 4148 moraretur
2872 4091 2990 4146 nisi
3037 4092 3261 4147 inerme
3292 4090 3527 4163 vulgus,

1866 4184 2032 4241 dedit
2082 4184 2368 4257 episcopo
2441 4198 2564 4237 sum
2636 4181 2779 4237 fidei
2855 4187 3057 4237 tenore
3126 4182 3523 4238 securitatem.

1870 4274 2138 4346 [linoque
2170 4288 2441 4342 gressum
2468 4270 2792 4344 profuturae
2825 4271 2938 4328 sibi
2976 4271 3377 4341 navigationis
3406 4272 3529 4343 agi-

1868 4369 2022 4429 tans,
2074 4365 2324 4419 Rotomo
2380 4361 2558 4431 venit,
2610 4366 2915 4434 portaeque
2943 4401 2957 4427 ,
3022 4361 3114 4417 cui
3173 4361 3394 4419 innexa
3439 4366 3530 4418 est

1865 4452 2114 4509 ecclesia
2145 4454 2199 4508 S.
2234 4451 2479 4520 Martini,
2538 4466 2722 4506 naves
2745 4451 3005 4523 plurimo
3032 4451 3217 4508 milite
3236 4451 3527 4507 fecundas

1866 4542 2134 4599 adhaesit.
2166 4541 2361 4598 Classe
2392 4545 2593 4597 autem
2625 4540 3018 4605 descendens,
3045 4540 3341 4611 celerique
3370 4552 3528 4607 gres-

1867 4647 1938 4687 su
1962 4632 2222 4688 lustrans
2248 4631 2481 4699 urbem,
2510 4631 2657 4688 vidit
2684 4630 2964 4702 disjectas
2996 4629 3188 4685 moles
3208 4624 3524 4697 ejus,avul-

1866 4728 2055 4793 eaque
2117 4721 2476 4794 templorum
2536 4737 2701 4787 saxa,
2778 4718 3063 4775 ecclesias
3130 4716 3525 4771 fundamento

1866 4816 2115 4876 emotas,
2152 4824 2476 4880 murosque
2505 4808 2644 4864 hinc
2690 4806 2829 4862 inde
2868 4806 3190 4876 disruptos,
3240 4816 3527 4873 parvam-

1869 4915 1983 4972 que
2012 4915 2263 4956 manum
2294 4903 2352 4953 et
2377 4898 2690 4958 inermem,
2724 4895 3022 4967 cmpitque
3049 4892 3253 4948 animo
3279 4891 3523 4956 haerere,

1867 4990 2048 5061 inque
2077 4988 2299 5044 unione
2327 4985 2543 5041 intuitu
2573 4986 2766 5039 visum
2809 4980 3088 5050 deﬁgere,
3137 4978 3527 5034 reminiscens

1868 5078 2114 5135 visionis
2138 5091 2326 5148 quam
2354 5073 2585 5129 viderat
2614 5072 2766 5127 ultra
2793 5085 2979 5126 mare.

2501 5174 2884 5216 APDSTROPHA.

1872 5257 1914 5311 Ο
1937 5254 2063 5308 dux
2090 5251 2275 5317 Rollo,
2302 5255 2537 5321 potens,
2567 5253 2625 5304 et
2651 5244 3145 5319 praestantissime
3173 5243 3473 5318 princeps,

1874 5347 2009 5401 Haec
2042 5340 2185 5397 urbs
2210 5338 2480 5412 principe
2511 5342 2565 5393 te
2597 5335 2825 5394 Christo
2851 5335 3113 5390 donante
3143 5334 3384 5405 vigebit,

1872 5436 2020 5488 Pace
2047 5432 2322 5486 serenato
2352 5440 2538 5497 regno
2562 5424 2977 5495 mdiﬁcabitur,
3005 5422 3171 5480 olim.

1874 5521 2030 5577 Bello
2059 5516 2433 5590 consumptis
2464 5514 2726 5581 Francis,
2753 5512 3101 5587 populoque
3125 5513 3394 5568 domate.

1875 5613 1960 5666 En
1999 5624 2144 5666 mox
2175 5604 2464 5674 ecclesiae,
2485 5618 2610 5677 quo
2637 5607 2694 5660 te
2723 5600 2987 5673 gaudere
3009 5600 3259 5659 videbas
3292 5616 3307 5667 ;
