4004 6178
432 200 535 253 639

434 324 518 376 En
546 318 768 376 lavacri
794 334 916 391 quo
937 322 993 374 te
1019 318 1188 391 lepra
1215 317 1657 391 purgarier,hic
1687 318 1842 384 fons,

435 407 808 463 IEdiﬁcanda
838 407 953 462 tuis
985 408 1114 463 haec
1144 408 1336 480 patria
1362 408 1521 463 fonte
1553 408 1803 464 novatis.

437 497 586 554 Urbe
616 495 789 552 dabis
819 496 1057 570 populis
1086 497 1247 564 leges
1273 501 1327 552 et
1358 496 1584 551 foedera
1614 497 1676 551 in
1701 497 1832 561 ista,

430 589 690 658 Juraque
719 585 997 642 districtae
1024 586 1242 658 pariter
1272 586 1587 641 formidine
1615 601 1828 658 paenae.

432 679 720 748 Tempore
742 676 1061 732 miriﬁcum
1087 682 1340 733 venturo
1367 677 1615 749 jamque
1647 679 1959 748 nepotum,

433 769 661 837 Aspera
690 765 960 838 sepositis
983 767 1272 822 nitescent
1297 766 1515 821 smcula
1544 765 1736 832 bellis,

435 857 502 910 Et
530 870 710 926 super
738 871 909 912 arma
939 856 1152 911 sedens
1184 857 1345 911 furor
1366 855 1608 928 impius,
1632 853 1948 927 impietatis

434 943 667 998 Viribus
695 944 1004 1016 explicitis,
1036 961 1157 999 non
1187 960 1559 1016 quemquam
1599 959 1745 998 voce
1774 942 2046 1004 lacesset,

437 1032 588 1098 Quin
615 1033 794 1104 lupus
826 1050 1022 1106 asper,
1053 1034 1204 1101 ovis,
1247 1035 1424 1088 simul
1449 1037 1770 1105 pascentur
1800 1031 1858 1086 in
1888 1047 2054 1100 agro.

510 1120 650 1175 Inde
677 1120 753 1174 ad
778 1137 964 1176 naves
993 1137 1281 1179 reversus.
1328 1121 1668 1176 convocatis
1722 1119 2094 1192 principibus

435 1209 649 1280 quaerit
674 1211 874 1277 sagaci
905 1215 1100 1265 mente
1132 1210 1380 1265 consilio
1414 1227 1661 1265 suorum
1707 1208 1854 1280 quid
1885 1208 1996 1262 sibi
2023 1207 2096 1262 sit

435 1295 798 1351 faciendum.
829 1299 988 1352 Tunc
1007 1297 1097 1352 sui
1125 1298 1303 1370 quasi
1332 1298 1597 1353 futurum
1644 1296 1897 1370 praescii,
1947 1295 2094 1350 divi-

434 1399 648 1455 naeque
696 1384 1100 1456 inspirationis
1157 1387 1456 1458 praesagio
1515 1386 1764 1455 imbuti,
1820 1385 2099 1440 dixerunt

434 1471 572 1528 viva
593 1489 738 1528 voce
764 1474 993 1530 Rolloni
1027 1495 1039 1530 :
1076 1498 1104 1523 «
1136 1479 1266 1531 Haec
1296 1482 1451 1532 terra
1477 1476 1648 1548 copia
1679 1475 1919 1544 frugum
1965 1490 2094 1529 om-

437 1582 463 1607 ‹‹
508 1560 699 1616 mium
754 1561 1033 1628 fecunda,
1076 1563 1392 1619 arboribus
1448 1578 1788 1632 nemorosa,
1835 1561 2099 1616 flumini-

437 1671 464 1697 ‹‹
507 1649 623 1704 bus
653 1651 814 1722 pisce
846 1652 1083 1723 repletis
1113 1653 1542 1720 discriminata,
1572 1658 1789 1708 venatu
1833 1652 2098 1707 diversa-

438 1761 465 1786 «
509 1755 643 1793 rum
676 1739 933 1795 ferarum
969 1741 1328 1797 sufficienter
1358 1742 1622 1814 copiosa,
1653 1741 1756 1797 sed
1788 1740 2098 1810 armigeris

437 1849 463 1875 ‹‹
508 1827 794 1882 militibus
827 1845 1039 1885 vacua.
1075 1834 1188 1885 Nos
1217 1831 1372 1886 hanc
1401 1830 1678 1902 potestati
1705 1835 1922 1885 nostrae
1955 1828 2096 1882 sub-

440 1936 466 1961 ‹‹
504 1915 800 1984 jiciemus,
849 1917 1126 1990 hancque
1185 1919 1325 1974 sorti
1373 1924 1588 1974 nostrae
1633 1917 2094 1974 vindicabimus.

441 2025 469 2051 ‹‹
512 2004 918 2060 Finitimarum
972 2008 1239 2075 gentium
1297 2008 1540 2080 oppida,
1587 2008 1772 2071 vicos,
1821 2011 1877 2063 et
1905 2012 2098 2062 castra

443 2113 470 2139 «
512 2096 689 2163 atque
723 2092 900 2148 urbes
931 2095 1146 2165 praeliis
1177 2097 1586 2169 adquiremus,
1636 2102 1700 2152 ut
1729 2096 2096 2168 requiescere

441 2199 469 2224 «
510 2177 742 2249 possint
765 2183 976 2236 turmae
1004 2187 1139 2253 p0st
1166 2189 1328 2252 terga
1366 2189 1569 2239 nostra
1617 2183 1908 2254 sepositee.
1961 2185 2097 2237 For-

441 2288 468 2315 ‹‹
513 2283 619 2322 san
650 2267 1053 2340 interpretatio
1083 2275 1199 2326 tua:
1230 2273 1473 2328 visionis
1505 2277 1758 2328 vertetur
1785 2272 1845 2327 in
1875 2271 2098 2326 ﬁnibus

441 2376 467 2403 «
510 2354 652 2410 istis.
687 2379 714 2405 »
755 2357 920 2412 Rollo
944 2358 1121 2427 igitur
1152 2376 1332 2432 super
1359 2360 1661 2433 responsis
1711 2377 1956 2416 suorum
2001 2359 2098 2414 lae-

442 2448 556 2512 tus,
589 2461 626 2500 a
656 2448 907 2501 Rotomo
937 2447 1184 2503 divulsis
1216 2450 1467 2504 navibus
1499 2449 1848 2506 subvehitur
1875 2449 1952 2505 ab
1999 2453 2099 2504 Ar-

441 2533 584 2588 chas
613 2551 825 2606 usque,
859 2551 996 2608 quae
1024 2537 1258 2592 Asdans
1289 2538 1520 2593 dicitur.
1556 2537 1712 2593 Illico
1752 2537 1913 2594 fama
1953 2538 2100 2609 quid

439 2635 640 2675 rerum
670 2638 929 2694 usquam
972 2625 1169 2693 agitur
1214 2627 1473 2691 conscia,
1527 2626 1788 2698 compita
1841 2627 2099 2682 Francia

441 2725 744 2780 aggressa,
801 2712 1035 2769 intimat
1085 2714 1294 2770 adesse
1345 2719 1741 2781 Normannos,
1807 2717 2099 2787 Sequana:

442 2797 613 2854 alveo
643 2799 1067 2857 innumerabili
1099 2804 1477 2860 multitudine
1509 2805 1902 2860 coadunatos.
1928 2807 2103 2858 Fran-

442 2885 494 2940 ci
520 2902 660 2940 vero
691 2887 928 2944 illorum
973 2891 1254 2956 adventu,
1309 2891 1486 2947 veluti
1533 2891 1840 2964 repentino
1880 2891 2099 2945 tonitru

443 2989 592 3028 sono
614 2976 946 3047 stupefacti,
969 2984 1294 3035 convocato
1327 2980 1594 3050 Alstigno
1615 2997 1935 3053 pervasore
1957 2979 2100 3034 olim

445 3063 723 3133 Francius,
756 3073 1118 3137 congregato
1158 3069 1467 3124 immensse
1511 3069 1906 3126 multitudinis
1933 3085 2098 3123 exer-

443 3150 580 3216 citu,
615 3160 906 3210 venerunt
927 3172 1106 3228 super
1134 3159 1371 3213 0thuraa
1429 3159 1694 3214 ﬂuminis
1747 3159 2094 3214 decursum.

441 3241 600 3295 Tunc
659 3243 1002 3312 Ragnoldus
1058 3245 1336 3317 princeps
1394 3247 1570 3302 totius
1629 3247 1886 3302 Francia;
1953 3245 2101 3301 dixit

439 3326 710 3397 Alstigno
734 3331 1022 3388 incentori
1052 3333 1233 3389 totius
1263 3335 1540 3407 nequitiae
1574 3353 1586 3390 :
1623 3358 1649 3384 ‹‹
1684 3339 1767 3390 Tu
1797 3334 1908 3390 ista
1926 3338 2098 3404 gente

438 3425 785 3488 procreatus
814 3421 893 3475 da
924 3421 1098 3476 nobis
1128 3423 1444 3478 consilium
1477 3441 1658 3496 super
1681 3424 1774 3478 his
1825 3423 2024 3478 rebus.
2071 3446 2098 3472 »

440 3504 742 3573 Alstignus
765 3509 1138 3578 respondens
1186 3511 1494 3581 Ragnoldo
1551 3513 1751 3568 comiti
1799 3527 1942 3566 mox
1973 3513 2100 3567 haec

439 3591 634 3648 intulit
665 3611 677 3648 :
715 3618 741 3642 ‹‹
777 3595 833 3650 Si
860 3600 994 3651 ante
1022 3598 1284 3653 triduum
1310 3600 1660 3671 requisisses
1704 3618 1738 3656 a
1784 3617 1880 3655 me
1910 3599 2102 3655 consi-

439 3679 606 3744 lium,
637 3681 992 3751 cogitatione
1019 3685 1460 3759 deprehensum
1517 3689 1725 3744 darem
1779 3689 1902 3745 tibi.
1953 3692 2100 3745 Tan-

441 3773 568 3824 tum
598 3770 760 3825 mitte
789 3771 1017 3842 legatos
1045 3776 1120 3830 ad
1156 3775 1305 3841 illos,
1339 3776 1487 3847 quid
1511 3776 1714 3833 dicant
1765 3778 2097 3834 sciscitatu—

439 3873 556 3912 ros.
595 3883 622 3907 ››
652 3863 812 3916 Tunc
845 3865 1192 3933 Ragnoldus
1228 3883 1239 3920 :
1271 3887 1296 3912 ‹‹
1333 3868 1509 3935 Perge
1567 3867 1830 3924 celeriter
1885 3885 2094 3942 preca-

440 3962 596 4012 mur,
652 3949 824 4019 cujus
869 3952 1187 4010 voluntatis
1247 3955 1362 4008 sint
1419 3953 1832 4027 inquisiturus.
1871 3982 1897 4007 »
1927 3957 2097 4013 Alsti-

437 4050 594 4105 gnus
623 4040 937 4111 respondit
969 4059 980 4096 :
1018 4066 1043 4090 «
1083 4047 1207 4099 Non
1238 4045 1338 4101 ibo
1370 4047 1552 4102 solus.
1587 4070 1615 4096 ››
1674 4048 1953 4103 Miserunt
1991 4064 2097 4102 au-

440 4127 559 4178 tem
585 4125 709 4181 duo
739 4129 952 4184 milites
980 4148 1117 4186 cum
1149 4149 1240 4200 eo,
1274 4135 1527 4191 Daciscee
1579 4135 1796 4206 lingum
1855 4137 2094 4209 peritos.

442 4211 552 4275 Qui
581 4215 881 4271 venientes
905 4235 1084 4292 super
1111 4222 1306 4294 ripam
1332 4224 1616 4293 ﬂuminis,
1669 4230 1956 4281 steterunt
2007 4226 2097 4281 di-

441 4304 640 4355 centes
674 4319 686 4356 :
721 4325 748 4349 «
783 4305 973 4373 Regia:
1017 4311 1325 4380 potestatis
1381 4313 1629 4369 comites
1679 4313 1974 4370 mandant
2003 4331 2098 4370 vo-

1405 195 1713 251 DUDONIS
1753 193 2009 249 DECANI
2051 189 2107 245 S.
2151 187 2460 251 QUINTINI
2499 189 2885 244 VIROMAND.
3775 190 3873 244 640

2131 317 2178 370 Α
2207 310 2620 383 sponderunt:
2657 336 2682 361 ‹‹
2713 317 3037 385 Nunquam
3085 290 3326 367 cuilibet
3375 311 3872 383 subjugabimus,

2203 415 2313 456 nec
2366 401 2704 474 cuiuspiam
2761 400 3023 456 servituti
3070 417 3342 473 unquam
3395 400 3872 470 adhaerebimus,

2203 505 2399 562 neque
2430 489 2723 547 beneficia
2753 508 2790 548 a
2817 507 3132 564 quoquam
3159 490 3548 564 excipiemus.
3600 489 3758 544 Illud
3787 490 3877 546 be—

2204 579 2486 635 neficium
2514 581 2737 652 optime
2764 580 3190 654 complacuerit
3217 580 3414 650 nobis,
3467 579 3646 652 quod
3697 581 3877 636 armis

2203 674 2259 725 et
2287 669 2493 726 labore
2523 671 2867 744 praeliorum
2896 669 3336 726 vindicabimus
3373 669 3577 726 nobis.
3630 693 3658 719 ››
3721 671 3876 725 Tunc

2204 755 2582 824 Francigenae
2616 773 2628 810 :
2664 779 2688 804 ‹‹
2721 755 2874 822 Quid
2905 754 3089 811 acturi
3119 755 3257 810 estis
3284 755 3312 810 ?
3345 778 3372 804 ››
3426 755 3576 810 Hinc
3632 755 3874 823 Dacige-

2203 859 2296 898 nae
2325 866 2351 892 «
2381 845 2744 907 Quantocius
2769 844 3068 900 abscedite
3099 849 3156 900 et
3183 844 3444 917 amplius
3476 844 3672 900 nolite
3701 848 3872 900 stare.

2203 932 2348 1004 quia
2376 934 2585 990 vestris
2615 934 2978 1005 ambagibus
3026 949 3145 989 non
3199 949 3504 1001 curamus,
3562 949 3685 989 nec
3735 933 3874 1006 quid

2205 1020 2390 1076 acturi
2422 1037 2630 1077 sumus
2659 1022 2833 1077 vobis
2862 1021 3282 1077 indicabimus.
3307 1045 3332 1069 ››
3358 1021 3440 1076 Illi
3467 1037 3621 1076 vero
3653 1021 3877 1076 abeun-

2205 1114 2315 1178 tes,
2348 1111 2512 1183 quod
2543 1111 2862 1167 audierunt
2907 1110 3178 1183 expedite
3221 1110 3504 1166 exercitui
3565 1110 3876 1166 renuntia-

2204 1204 2360 1255 runt.
2390 1200 2734 1269 Ragnoldus
2763 1217 2906 1257 vero
2933 1204 3167 1256 vertens
3195 1200 3272 1256 ad
3298 1199 3649 1271 Alstignum
3683 1199 3834 1255 dixit
3863 1218 3876 1254 :

2208 1311 2235 1336 ‹‹
2270 1289 2424 1354 Quid
2454 1289 2622 1345 vobis
2664 1290 2896 1345 videtur
2927 1307 2940 1344 :
2975 1289 3277 1345 Bellumne
3317 1288 3657 1345 initiabitur
3689 1289 3719 1344 ?
3770 1291 3879 1344 Vos

2206 1393 2277 1432 ex
2309 1376 2548 1432 illorum
2579 1382 2750 1446 gente
2781 1377 2940 1444 estis,
2973 1394 3080 1432 vos
3110 1381 3298 1432 artem
3344 1376 3670 1449 praeliandi
3719 1393 3882 1432 more

2209 1469 2503 1522 Dacorum
2531 1483 2653 1522 non
2679 1467 2984 1536 ignoratis.
3019 1466 3196 1522 Dicite
3225 1466 3373 1539 quid
3400 1483 3644 1522 sumus
3692 1466 3884 1523 factu-

2208 1554 2363 1610 ri?»
2421 1558 2582 1610 'I‘unc
2633 1555 2936 1623 Alstignus
2991 1555 3200 1609 veneni
3260 1555 3402 1621 fera,
3452 1555 3721 1627 vulpina
3766 1560 3886 1611 arte

2209 1643 2509 1709 suﬂ'ultus,
2542 1644 2866 1700 exercitum
2897 1643 3114 1700 affatur
3141 1661 3153 1698 :
3189 1666 3215 1691 ‹‹
3253 1647 3384 1699 Haec
3416 1659 3568 1713 gens
3591 1644 3885 1714 juvelinis

2207 1732 2393 1788 aetatis
2422 1732 2567 1788 ﬂore
2595 1732 3031 1797 robustissima,
3064 1732 3247 1788 armis
3278 1731 3511 1798 edocta,
3546 1731 3888 1805 praeliaque

2205 1838 2390 1894 quam
2422 1821 2682 1894 plurima
2709 1826 2952 1894 experta
2983 1821 3028 1876 si
3059 1821 3395 1889 invadetur,
3435 1837 3753 1891 magnum
3786 1839 3888 1894 pe-

2206 1910 2461 1966 riculum
2492 1911 2666 1966 nobis
2697 1909 3097 1980 generabitur.
3141 1934 3169 1959 ››
3209 1913 3369 1966 'I‘unc
3399 1910 3665 1982 quidam
3700 1911 3888 1966 Fran-

2207 1999 2345 2055 cisci
2405 2000 2662 2066 agminis
2710 1999 2952 2068 signifer
2998 1999 3240 2055 nomine
3286 1999 3623 2055 Rotlandus
3659 1999 3890 2055 dixisse

2209 2088 2438 2144 fertur:
2475 2113 2501 2137 ‹‹
2546 2089 2697 2155 Quid
2755 2088 2893 2144 huic
2943 2087 3248 2144 consulitis
3277 2088 3306 2144 ?
3355 2091 3692 2161 Nunquam
3746 2088 3888 2161 lupo

2208 2177 2388 2249 lupus
2409 2193 2519 2233 nec
2548 2177 2742 2249 vulpis
2773 2177 2950 2250 vulpe
2983 2177 3266 2250 capietur.
3319 2200 3348 2226 ››
3380 2177 3476 2232 His
3505 2176 3722 2232 verbis
3753 2177 3890 2232 inci-

2208 2271 2366 2322 tatus
2393 2267 2539 2322 dixit
2568 2267 2868 2337 Alstignus
2902 2285 2914 2321 :
2947 2289 2974 2315 ‹‹
3004 2266 3236 2322 Amodo
3261 2283 3297 2322 a
3327 2282 3424 2322 me
3475 2266 3717 2322 bellum
3767 2282 3888 2322 non

2210 2355 2747 2429 blasphemabitur.
2797 2381 2821 2405 ››
2864 2356 3099 2412 Interim
3132 2355 3317 2425 Rollo,
3369 2360 3426 2412 et
3473 2355 3576 2412 cui
3627 2372 3776 2411 cum
3820 2371 3887 2412 eo

2211 2452 2400 2510 erant,
2429 2446 2695 2502 fecerunt
2726 2446 2836 2501 sibi
2886 2446 3238 2517 munimem,
3293 2449 3350 2502 et
3397 2445 3798 2502 obstaculum
3828 2447 3882 2500 in

2210 2535 2460 2590 modum
2487 2535 2688 2598 castri,
2723 2535 3060 2591 munientes
3113 2550 3173 2589 se
3221 2550 3328 2606 per
3379 2550 3606 2606 gyrum
3658 2534 3880 2590 avulsae

2210 2627 2378 2678 terrae
2409 2639 2648 2693 aggere,
2679 2623 2933 2696 locoque
2963 2629 3149 2696 porta:
3178 2623 3589 2696 relinquentes
3615 2624 3880 2696 spatium

2209 2711 2456 2784 prolixae
2508 2713 2940 2785 amplitudinis,
2999 2712 3167 2786 quod
3220 2717 3475 2786 apparet
3523 2712 3608 2768 ad
3643 2718 3882 2785 tempus

2210 2817 2400 2872 usque
2425 2801 2594 2856 istius
2623 2801 2758 2857 diei.
2791 2801 2992 2858 Franci
3022 2819 3164 2858 vero
3192 2801 3457 2857 diluculo
3474 2807 3778 2856 venerunt
3805 2799 3880 2855 ad

2209 2890 2523 2946 ecclesiam
2578 2893 2633 2948 S.
2667 2893 2945 2947 Germani
2999 2891 3201 2964 ibique
3251 2891 3510 2947 missam
3566 2890 3881 2946 audientes

2151 3033 2169 3050 η
2211 2980 2646 3052 participantur
2675 2997 2923 3053 corpore
2951 2985 3008 3035 et
3034 2981 3324 3052 sanguine
3366 2980 3603 3036 Christi.
3648 2979 3878 3035 Abhinc

2209 3069 2561 3142 equitantes,
2604 3070 2664 3125 in
2711 3070 2842 3142 ripa
2870 3069 3134 3126 ﬂuminis
3191 3085 3392 3135 naves,
3444 3071 3765 3143 Daeosque
3820 3069 3876 3123 in

2213 3157 2544 3213 munimine
2572 3158 2800 3214 avulsae
2849 3163 3017 3214 terrae
3061 3158 3328 3212 videntes
3376 3157 3661 3230 amplum
3694 3161 3876 3229 portae

2210 3245 2439 3302 aditum
2493 3247 2688 3302 solum
2740 3247 3108 3302 invaserunt.
3167 3246 3304 3302 Daci
3333 3261 3477 3301 vero
3516 3245 3878 3301 intrinsecus

2210 3333 2348 3389 hinc
2407 3339 2464 3390 et
2515 3335 2653 3390 inde
2707 3351 2812 3407 per
2861 3334 3169 3407 planitiem
3217 3334 3390 3391 castri
3430 3334 3877 3403 accubitarunt,

2210 3426 2388 3494 atque
2420 3425 2602 3479 scutis
2630 3440 2692 3479 se
2730 3428 3188 3496 cooperuerunt.
3249 3422 3584 3478 Rotlandus
3636 3421 3879 3492 signifer

2213 3513 2525 3583 Ragnoldi,
2575 3530 2715 3569 cum
2769 3513 2896 3568 acie
2952 3529 3139 3585 quam
3195 3511 3445 3584 praeibat
3482 3513 3874 3577 exercituum,

2211 3599 2498 3656 violenter
2535 3617 2640 3673 per
2686 3601 2917 3656 aditum
2969 3600 3134 3655 mirm
3189 3599 3546 3672 prolixitatis
3604 3599 3878 3672 amplum

2213 3705 2392 3761 super
2414 3706 2484 3745 eo
2516 3691 2700 3759 irruit,
2728 3695 2784 3746 et
2813 3689 3111 3745 debellare
3141 3705 3244 3744 eos
3289 3688 3488 3761 erepit.
3547 3689 3694 3744 Daci
3742 3703 3878 3743 vero

2209 3785 2563 3849 exurgentes
2596 3779 2956 3835 Rotlandum
2979 3780 3036 3834 in
3077 3783 3382 3834 momento
3422 3778 3874 3844 interemerunt,

2214 3871 2269 3921 et
2295 3868 2425 3938 ejus
2456 3883 2763 3939 sequaces.
2796 3866 3142 3937 Ragnoldus
3190 3873 3246 3923 et
3279 3866 3610 3937 Alstignus,
3660 3867 3876 3922 caeteri-

2211 3971 2329 4028 que
2360 3958 2605 4012 comites
2635 3956 2750 4012 illic
2797 3961 3044 4012 cunctos
3075 3961 3343 4011 mortuos
3400 3955 3876 4022 considerantes,

2211 4050 2378 4115 terga
2416 4051 2725 4112 vertentes,
2778 4046 2983 4114 fugam
3041 4045 3455 4117 expetiverunt
3496 4045 3746 4101 hilares.
3780 4047 3879 4100 Ex-

2210 4135 2435 4207 templo
2467 4135 2650 4202 Rollo,
2697 4135 3041 4191 convocatis
3088 4134 3162 4189 de
3214 4134 3410 4190 hostili
3457 4134 3772 4204 fugatione
3798 4150 3879 4188 re—

2210 4225 2416 4290 versis,
2449 4223 2596 4280 dixit
2628 4242 2640 4279 :
2675 4247 2702 4274 ‹‹
2733 4224 2888 4290 Quid
2916 4224 3060 4280 mali
3088 4223 3319 4294 egimus
3341 4229 3555 4279 contra
3573 4223 3880 4280 Francos?

2213 4313 2328 4366 Cur
2365 4328 2474 4368 nos
2502 4313 2940 4368 adsallierunt?
2980 4312 3386 4378 Quamobrem
3435 4327 3550 4367 nos
3604 4312 3881 4367 occidere

440 4385 553 4475 bis,
585 4393 646 4444 ut
673 4389 884 4447 dicatis
908 4397 1010 4467 qui
1043 4399 1202 4463 estis,
1238 4404 1295 4455 et
1323 4402 1481 4456 unde
1509 4402 1665 4467 estis,
1695 4403 1910 4475 etquid
1937 4419 2100 4475 (μιξε-
2133 4385 2176 4437 D
2212 4401 2599 4457 maluerunt?
2633 4401 2869 4456 Illorum
2895 4406 2986 4456 est
3013 4401 3245 4456 initium
3270 4399 3437 4466 mali,
3488 4401 3675 4473 culpa
3718 4401 3882 4455 inva-

439 4473 586 4530 ritis.
633 4500 660 4526 ››
702 4480 817 4550 Ipsi
871 4499 1012 4539 vero
1061 4488 1498 4559 responderunt
1555 4507 1566 4544 :
1628 4512 1654 4538 ‹‹
1685 4473 1832 4546 Darii
1863 4473 2096 4557 sumus,

441 4565 619 4622 Dacia
649 4568 879 4626 advecti
900 4572 1353 4632 huc.Franciam
1386 4595 1732 4650 expugnare
1761 4581 2098 4636 venimus.»

441 4651 519 4706 Illi
550 4661 783 4712 autem:
805 4681 832 4706 ‹‹
858 4661 985 4724 Quo
1012 4664 1254 4718 nomine
1287 4671 1478 4721 vester
1508 4666 1704 4722 senior
1719 4668 1985 4736 fungitur
2010 4669 2038 4725 ?
2071 4693 2098 4719 »

441 4743 896 4815 Responderunt
927 4768 940 4804 :
977 4773 1001 4796 ‹‹
1052 4751 1240 4818 Nullo,
1301 4754 1443 4825 quia
1495 4757 1742 4828 aequalis
1795 4758 2102 4829 potestatis

441 4846 674 4918 sumus.
711 4857 738 4882 »
769 4837 929 4892 Tunc
960 4838 1260 4910 Alstignus
1292 4842 1439 4899 scire
1471 4843 1672 4900 volens
1710 4845 1857 4918 quid
1913 4846 1988 4902 de
2038 4864 2100 4902 se

439 4917 723 4990 dicerent,
756 4923 942 4980 dixit:
975 4949 1000 4974 «
1037 4929 1218 4999 Cujus
1275 4929 1435 4988 fama
1479 4933 1596 4989 huc
1641 4917 1873 4990 advecti
1916 4937 2098 4993 adve-

439 5007 606 5099 nistis
627 5013 655 5068 ?
677 5012 734 5069 Si
755 5029 1028 5087 unquam
1058 5016 1132 5072 de
1153 5018 1424 5090 quodam
1452 5021 1720 5094 Alstigno
1749 5027 1963 5079 vestrae
1990 5043 2098 5099 pa-

441 5097 565 5152 triae
617 5106 777 5169 nato,
833 5105 950 5160 huc
999 5121 1138 5162 cum
1195 5107 1456 5178 plurimo
1506 5111 1687 5167 milite
1733 5097 2098 5184 adnavigato

442 5186 668 5258 aliquid
697 5193 941 5249 audistis
972 5196 998 5250 ‘?
1033 5219 1059 5244 ››
1100 5199 1555 5269 Responderunt
1600 5217 1611 5255 :
1660 5224 1685 5250 ‹‹
1723 5201 2094 5260 Audivimus.

444 5273 564 5365 Ille
593 5277 753 5333 enim
805 5281 966 5338 bono
1012 5286 1212 5342 omine
1262 5288 1606 5359 auspicatus
1659 5296 1765 5357 est,
1811 5290 2097 5365 bonoque

441 5361 608 5419 initio
634 5369 811 5439 cmpit
839 5389 852 5437 ;
883 5373 984 5428 sed
1018 5376 1246 5430 malum
1277 5377 1459 5432 tinem
1485 5379 1828 5452 exitumque
1857 5361 2096 5438 sortitus

442 5457 547 5508 est.
583 5479 611 5504 ››
639 5460 851 5515 Iterum
882 5461 1181 5531 Alstignus
1223 5481 1236 5519 :
1271 5486 1298 5513 ‹‹
1342 5465 1522 5521 Vultis
1571 5468 1780 5524 Carolo
1838 5471 2095 5526 Francim

440 5543 564 5614 regi
591 5545 742 5602 colla
773 5549 1137 5620 submittere,
1165 5553 1415 5624 ejusque
1443 5555 1680 5610 servitio
1726 5555 2097 5628 incumbere,

442 5637 618 5705 atque
648 5635 729 5692 ab
753 5652 825 5692 eo
850 5654 1037 5710 quam
1067 5640 1328 5712 plurima
1357 5641 1648 5699 beneﬁcia
1673 5660 1887 5716 capere
1909 5646 1936 5700 ‘I
1989 5650 2098 5703 Re-

2209 4491 2423 4556 dentis,
2457 4505 2580 4546 non
2609 4489 2905 4546 obstantis
2930 4508 2943 4558 ;
2970 4489 3361 4562 prtesumptio
3386 4489 3665 4544 occidere
3683 4489 3881 4544 volen-

2212 4579 2307 4648 tis,
2339 4596 2461 4635 non
2492 4579 2887 4635 defendentis.
2949 4577 3252 4650 Quidquid
3300 4577 3443 4632 mali
3494 4584 3711 4633 contra
3751 4577 3880 4632 illos

2212 4667 2350 4723 hinc
2376 4668 2696 4736 egerimus,
2725 4666 3054 4722 offensione
3112 4666 3408 4721 factorum
3463 4682 3722 4720 suorum
3754 4681 3882 4738 per-

2211 4756 2604 4828 petrabimus.
2668 4755 2788 4822 Eia,
2839 4771 3206 4827 occupemus
3250 4759 3470 4820 castra,
3533 4760 3590 4809 et
3648 4752 3879 4826 oppida

2210 4845 2468 4901 illorum.
2517 4844 2859 4901 Reddamus
2914 4843 3196 4899 talionem
3246 4842 3568 4898 cumulatis
3615 4845 3878 4899 nimium

2210 4934 2384 4990 malis
2414 4950 2524 5007 pro
2554 4933 2802 4990 offensis
2830 4933 3087 4990 illorum.
3121 4957 3148 4981 »
3183 4935 3314 4988 Haec
3336 4933 3696 4989 exhortante
3727 4932 3876 4988 duce

2213 5023 2476 5091 Rollone,
2505 5023 2754 5080 dimisso
2792 5023 3124 5079 munimine
3183 5022 3406 5078 avulsae
3457 5028 3652 5089 terrae,
3703 5022 3876 5079 celeri

2209 5129 2389 5168 cursu
2419 5113 2794 5184 navigantes,
2824 5115 3398 5185 prmoccupaverunt
3440 5110 3750 5167 Mellendis
3779 5111 3879 5166 ha-

2211 5201 2509 5256 bitatures.
2535 5202 2749 5270 Quam,
2779 5199 3096 5257 interfectis
3137 5197 3510 5272 principibus
3564 5199 3686 5255 cito
3741 5199 3877 5254 sub-

2211 5295 2466 5355 vertunt,
2499 5295 2806 5362 totamque
2823 5289 3198 5363 provinciam
3227 5287 3648 5344 devastarunt.

2248 5380 2592 5449 Ragnoldus
2612 5396 2755 5435 vero
2775 5396 2998 5446 comes,
3023 5382 3384 5450 congregato
3408 5379 3642 5450 majore
3659 5380 3884 5435 exerci-

2209 5474 2271 5524 tu
2296 5469 2730 5541 priore,iterum
2760 5474 3010 5526 conatur
3048 5485 3151 5523 eos
3193 5467 3499 5523 invadere.
3546 5471 3880 5525 Normanni

2208 5563 2406 5615 autem
2438 5575 2498 5614 se
2525 5559 2956 5629 conglobantes
2989 5557 3234 5613 strictim
3264 5555 3767 5613 accubitaverunt
3796 5575 3878 5626 se,

2208 5652 2276 5706 ut
2293 5649 2653 5720 parvissima
2674 5653 2985 5722 putaretur
3027 5663 3267 5704 summa
3308 5662 3542 5703 eorum.
3573 5646 3738 5704 Illico
3767 5651 3880 5706 Ba-
