4004 6178
131 135 228 189 641

707 135 798 188 DE
838 134 1078 194 GESTlS
1117 138 1546 194 NORMANNLE
1585 137 1829 195 DUCUM
1871 138 2058 193 LIBRI
2105 140 2301 200 TRES.
2343 175 2412 186 -
2459 149 2586 205 LIB.
2629 154 2696 207 ll.
2738 156 2990 214 ROLLO.

3474 173 3580 226 642

129 256 389 327 gnoldus
410 256 516 312 init
542 255 936 362 bellum,suae‘
951 261 1099 317 sorti
1124 277 1244 317 non
1272 259 1795 334 profuturum.Da-
1827 266 1876 317 A
1910 277 2052 362 rum
2073 262 2500 325 inextricabilis
2522 260 2800 332 amicitiae
2839 280 2943 336 tibi
2959 298 3202 341 munus.
3234 287 3576 362 Quondam,

127 347 180 401 ci
201 363 344 402 vero
365 363 472 419 per
498 346 687 401 aciem
713 346 1008 416 Ragnoldi
1057 350 1407 406 inconvulse
1455 354 1793 421 pergentes,

125 434 585 506 prasternebant
609 433 775 489 duris
804 434 1156 493 verberibus
1186 438 1403 510 plures.
1439 437 1664 492 Videns
1685 453 1794 492 au-

125 528 245 578 tem
265 522 609 592 Ragnoldus
631 540 770 578 suos
800 523 1082 596 deﬁcere,
1101 528 1275 599 coepit
1304 527 1476 582 celeri
1503 542 1684 581 cursu
1706 524 1796 580 fu-

131 629 286 684 gere.
305 613 412 670 Cui
439 613 685 685 quidam
714 613 977 686 piscator
1009 618 1300 689 Sequanae
1317 617 1632 673 attributus
1660 615 1794 671 Rol-

127 701 270 768 loni,
297 702 561 758 obviavit
581 702 650 766 ei,
683 703 914 775 teloque
950 707 1502 763 transverberatum
1555 705 1791 761 occidit.

126 790 519 862 Ragnoldidaa
551 803 729 847 suum
782 792 1084 850 seniorem
1138 795 1405 852 videntes
1461 799 1792 860 mortuum,

125 881 338 949 fugam
398 885 735 953 torquentes
783 881 1064 952 nimium,
1125 901 1310 958 equos
1362 887 1790 958 expetiverunt.

122 973 290 1025 Tunc
318 969 483 1025 Rollo
508 985 873 1042 persequens
914 987 1042 1039 eos,
1086 974 1304 1030 multos
1370 974 1604 1040 occidit,
1662 973 1794 1046 plu-

116 1074 342 1131 resque
367 1063 583 1130 captos‘
595 1058 671 1114 ad
701 1074 888 1114 naves
918 1059 1187 1118 deduxit.
1233 1063 1702 1135 Convocatisque
1728 1062 1793 1117 ti-

115 1147 362 1203 delibus
395 1148 514 1203 suis
546 1147 690 1204 dixit
717 1166 728 1202 :
763 1154 906 1217 Age,
933 1167 1097 1206 nunc
1124 1153 1477 1222 navigemus
1506 1152 1787 1218 Parisius,

113 1237 408 1308 civesque
433 1237 536 1309 qui
567 1237 772 1309 praelia
809 1238 1098 1309 fugerunt
1150 1242 1546 1313 requiramus.
1607 1241 1791 1311 Igitur

111 1324 477 1380 Nortmanni
500 1325 627 1398 ripa
657 1325 960 1382 Mellendis
1025 1344 1217 1384 naves
1269 1330 1640 1401 divellerunt,
1681 1333 1787 1386 Pa-

114 1412 425 1485 risiusque
480 1413 919 1471 circumdantes
978 1415 1365 1484 obsederunt,
1412 1424 1468 1475 et
1517 1419 1788 1492 praedam

108 1500 278 1556 illius
300 1502 618 1572 provinciae
648 1502 726 1558 ad
753 1503 1142 1561 obsidionem
1175 1512 1490 1563 verterunt.
1532 1512 1788 1566 Morante

1909 349 2165 408 domine
2334 361 2394 450 tu
2420 363 2476 414 et
2504 359 2799 450 Alstemus
2838 383 2942 424 rex
2988 349 3318 443 Anglorum
3367 349 3578 450 paciﬁ:

1908 454 2040 539 cus,
2069 444 2349 539 pepigisti
2375 449 2567 504 mutui
2598 452 2878 522 adjutorii
2916 457 3134 531 fcedus,
3183 469 3247 520 ut
3293 444 3397 539 qui
3455 487 3580 526 ves-

1905 532 2072 584 trum
2111 530 2403 603 indigeret
2449 539 2766 609 adjutorio,
2799 543 3041 602 alterius
3070 530 3403 611 muniretur
3457 539 3579 615 sui-

1906 615 2233 718 fragio;‘et
2256 639 2438 718 quem
2468 633 2732 684 vestrum
2785 632 3040 692 adversa
3092 639 3331 700 fortuna
3383 653 3577 718 prote-

1905 711 2085 808 reret,
2113 709 2261 808 alter
2287 713 2367 769 illi
2386 715 2448 770 in
2475 716 2846 786 adjutorium
2891 723 3254 784 subveniret.
3309 709 3572 808 Quapro-

1905 797 2043 865 pter
2069 796 2382 894 inopinato
2405 805 2556 875 jugo
2621 808 2998 878 perﬁdorum
3049 817 3378 886 Anglorum
3409 796 3570 894 pres-

1907 899 2034 952 sus,
2081 888 2469 947 excellentem
2528 910 2710 966 super
2762 900 2967 956 omnia
3009 906 3337 974 potentiam
3402 888 3570 967 tuam

1904 977 2206 1043 precatur,
2263 983 2326 1034 ut
2376 997 2691 1039 succurras
2752 985 2803 1040 ei
2853 988 3136 1059 velocius,
3197 996 3340 1066 quia
3395 999 3569 1068 Angli

1903 1065 1959 1116 te
1987 1073 2476 1140 praeoccupatum
2507 1071 2759 1129 scientes
2800 1079 3040 1146 negotio
3073 1065 3369 1140 FranQCisci
3403 1065 3564 1156 belli,

1901 1166 2025 1205 non
2057 1158 2271 1223 putant
2296 1162 2348 1212 te
2380 1159 2813 1220 subventurum
2863 1169 3112 1240 propius
3159 1188 3295 1227 meo
3325 1175 3562 1231 seniori.

1904 1239 2070 1332 Bello
2099 1258 2236 1332 vero
2268 1245 2468 1315 legato
2493 1248 2647 1319 regis
2678 1253 2844 1324 quod
2892 1239 3133 1313 necesse
3182 1265 3308 1316 erat
3341 1263 3561 1332 tribuit,

1899 1327 2075 1424 eique
2109 1330 2374 1389 triduum
2427 1335 2604 1406 jussit
2648 1347 3011 1412 exspectare.
3071 1327 3563 1424 Principibusque

1898 1413 2232 1508 advocatis,
2267 1423 2415 1493 quid
2473 1430 2713 1482 acturus
2767 1431 2840 1486 sit
2893 1450 3076 1505 super
3128 1436 3240 1491 hoc
3298 1413 3559 1508 negotio,

1897 1503 2078 1598 coepit
2107 1505 2430 1578 inquirere.
2464 1513 2791 1589 Statimque
2817 1503 2988 1576 misit
3009 1522 3086 1577 ad
3135 1503 3436 1598 principes
3487 1503 3564 1584 ci;

107 1589 214 1645 diu
255 1590 497 1647 Bonane
533 1591 591 1647 in
623 1593 881 1648 parisius
910 1594 1255 1663 obsidione,
1287 1597 1602 1654 deﬁciebat
1638 1614 1786 1670 prae-
1828 1617 1866 1668 Β
1897 1590 2113 1663 vitatis,
2146 1599 2481 1654 utauteam
2507 1600 2586 1656 illi
2625 1606 2960 1677 redderent,
3022 1589 3420 1669 aut-obsides
3464 1616 3563 1673 da-

107 1679 192 1734 da
222 1679 573 1752 longinquis
599 1681 943 1751 regionibus
974 1689 1176 1756 rapta.
1241 1685 1394 1742 Illico
1438 1686 1785 1743 Nortmanni

109 1768 584 1838 Baiogacensem
637 1786 867 1842 pagum
909 1777 1222 1844 expetunt,
1284 1779 1586 1849 totamque
1640 1793 1786 1849 prae-

106 1855 263 1912 dam
315 1857 629 1930 rapientes,
691 1858 984 1915 civitatem
1036 1877 1401 1934 oppugnare
1455 1871 1780 1937 cceperunt.

107 1945 288 1999 Cives
319 1951 512 2000 autem
554 1962 630 2002 ne
661 1953 1034 2002 morerentur
1099 1950 1392 2006 hostiliter
1434 1951 1516 2007 eis
1566 1953 1784 2008 restite-

103 2035 626 2103 runt,-Bothonem
655 2036 1028 2109 praecipuum
1092 2039 1642 2097 Northmannorum
1693 2058 1786 2097 co-

105 2122 328 2178 mitem
359 2130 653 2196 ceperunt.
690 2126 1090 2181 Northmanni
1147 2127 1222 2181 de
1282 2129 1542 2185 Bothone
1581 2130 1784 2186 dolen-

105 2217 216 2276 tes,
252 2211 548 2268 miserunt
581 2214 685 2286 qui
723 2214 988 2270 dicerent
1040 2215 1125 2270 ad
1185 2216 1616 2274 Baiocacenses
1653 2237 1664 2274 :
1723 2220 1779 2277 Si

102 2300 488 2356 reddideritis
518 2302 694 2358 nobis
729 2304 1084 2375 Bothonem,
1114 2304 1398 2361 dabimus
1416 2308 1590 2364 vobis
1605 2309 1783 2364 unius

107 2390 257 2444 anni
279 2391 678 2447 securitatem.
715 2391 1148 2448 Baiocacenses
1175 2395 1421 2450 consilio
1441 2397 1602 2453 ducti
1623 2398 1783 2453 dixe-

106 2483 249 2533 runt
280 2478 362 2534 ad
400 2479 658 2535 invicem
688 2497 702 2534 :
737 2503 763 2529 «
793 2480 994 2536 Melius
1035 2486 1126 2536 est
1151 2481 1326 2537 nobis
1357 2485 1550 2556 spatio
1604 2486 1782 2542 unius

108 2568 254 2622 anni
293 2568 689 2641 requiescere,
748 2585 934 2642 quam
983 2585 1098 2642 pro
1143 2586 1264 2626 uno
1321 2573 1534 2628 comite
1593 2579 1782 2630 totum

108 2657 331 2729 praeliis
369 2658 608 2714 ducere.
645 2681 674 2708 ››
708 2661 852 2715 Data
892 2658 1076 2729 igitur
1117 2660 1454 2733 securitate,
1503 2663 1782 2719 reddide-

108 2752 250 2800 runt
291 2746 621 2801 Bothonem
676 2745 1082 2819 asperrimum
1129 2747 1398 2806 militem.
1460 2753 1782 2806 Transacto

110 2849 251 2888 vero
278 2849 465 2897 anno,
498 2833 919 2890 circumstante
951 2835 1208 2890 Parisius
1234 2836 1572 2894 obsidione.
1616 2839 1782 2895 Rollo

115 2924 358 2978 Baiocas
387 2923 552 2997 petit,
586 2940 844 2996 eamque
877 2923 1164 2980 violenter
1194 2927 1369 2998 cepit,
1413 2933 1605 2984 totum
1644 2928 1780 2983 fun-

114 3010 267 3066 ditus
298 3011 609 3075 subvertit,
639 3012 1031 3084 captivosque
1061 3017 1118 3068 et
1147 3015 1416 3086 praedam
1475 3017 1653 3072 totius
1694 3033 1782 3072 re-

115 3100 300 3169 gionis
328 3099 443 3155 sibi
475 3100 818 3156 vindicavit.
855 3101 1010 3167 Quin
1042 3100 1225 3157 etiam
1255 3104 1594 3175 quamdam
1636 3108 1784 3176 Pop-

115 3207 252 3263 pam
287 3191 606 3261 virginem,
639 3191 835 3264 specie
865 3191 1172 3255 decoram,
1197 3195 1458 3265 superbo
1487 3195 1782 3264 sanguine

118 3286 479 3350 concretam,
513 3281 890 3349 praevalentis
916 3280 1204 3353 principis
1233 3284 1566 3355 Berengarii
1596 3283 1783 3341 ﬁliam

120 3387 319 3426 secum
347 3371 519 3426 laetus
549 3370 820 3442 adduxit,
847 3386 1104 3442 eamque
1135 3369 1249 3426 sibi
1274 3373 1578 3429 connubio
1638 3373 1784 3429 asci-

118 3459 211 3530 vit,
245 3466 400 3515 etex
456 3475 528 3515 ea
583 3459 776 3514 ﬁlium
825 3459 1069 3514 nomine
1124 3459 1502 3535 Guillelmum
1557 3461 1777 3530 genuit.

117 3550 381 3623 Denique
415 3550 688 3605 residens
735 3549 963 3605 circum
1012 3549 1268 3605 Parisius
1311 3551 1469 3607 misit
1499 3551 1781 3607 Ebroicas

116 3640 459 3708 exercitum,
489 3644 552 3694 ut
579 3644 895 3712 caperetur
921 3638 1131 3694 civitas
1179 3643 1236 3695 et
1283 3640 1620 3713 episcopus.
1670 3641 1782 3706 Qui

113 3729 356 3784 veniens
379 3727 677 3784 civitatem
711 3727 951 3799 invasit,
978 3727 1464 3801 populorumque
1489 3729 1690 3802 plures
1726 3735 1781 3786 et

109 3818 378 3889 praedam
405 3818 602 3890 cmpit.
638 3818 750 3874 Sed
781 3818 1124 3890 episcopus,
1153 3817 1341 3874 Sebur
1365 3819 1629 3886 nomine,
1661 3820 1782 3877 Deo

113 3912 438 3979 annuente,
462 3912 665 3964 evasit.
709 3906 1043 3980 Statimque
1092 3906 1250 3962 illius
1309 3909 1449 3980 pagi
1507 3909 1779 3980 praedam

113 3997 434 4069 capientes,
467 4001 653 4052 totam
685 4000 906 4052 terram
955 3995 1431 4063 devastaverunt,
1491 3996 1779 4053 Parisius-

109 4100 220 4156 que
248 4089 634 4141 revenerunt.
663 4085 907 4141 Talibus
939 4084 1141 4158 itaque
1171 4086 1461 4142 exterritae
1501 4085 1776 4158 plurimae

112 4179 318 4242 gentes
351 4173 631 4243 Franciae,
665 4173 888 4230 tributa
918 4173 1232 4230 solvebant
1279 4173 1530 4242 Rolloni,
1594 4174 1776 4247 pluri-

111 4279 220 4318 mae
251 4279 398 4320 vero
425 4263 779 4319 resistebant
803 4263 875 4319 ei.
1241 4280 1249 4289 '

174 4353 354 4424 Angli
423 4369 566 4409 vero
618 4353 930 4409 audientes
976 4353 1141 4426 quod
1197 4353 1362 4410 ΒοΠο
1410 4353 1770 4411 Parisiacam

111 4443 324 4498 urbem
354 4442 709 4510 obsedisset,
755 4442 1058 4515 rebusque
1111 4442 1433 4498 Franciscis
1457 4443 1773 4515 impedire-

111 4537 221 4600 tur,
257 4537 438 4604 atque
465 4533 827 4588 aestimantes
846 4531 1012 4604 quod
1039 4533 1232 4589 amico
1265 4549 1376 4588 suo
1405 4532 1532 4603 regi
1583 4533 1768 4591 Alste—

109 4637 208 4676 mo
231 4621 294 4677 in
325 4621 692 4692 adjutorium
723 4637 848 4676 non
887 4621 1246 4685 subveniret,
1309 4626 1575 4677 tenorem
1630 4623 1770 4679 ﬁdei

109 4717 482 4784 respuentes,
509 4715 819 4784 ceperunt
846 4717 1194 4781 arroganter
1227 4711 1604 4777 insolescere,
1633 4729 1770 4770 con-

108 4805 320 4874 traque
348 4816 551 4870 regem
583 4801 941 4874 importunis
965 4800 1136 4857 bellis
1167 4801 1470 4857 feritantes
1528 4801 1771 4860 dimica-

107 4905 185 4946 re.
234 4893 413 4945 Terra
461 4890 737 4960 Anglisca
790 4890 1049 4946 exercitu
1095 4889 1252 4960 regis
1305 4895 1362 4945 et
1403 4890 1772 4948 obstantium

109 4980 219 5035 sibi
253 4979 744 5046 devastabantur,
774 4979 1018 5052 publica
1049 4995 1144 5034 res
1171 4978 1346 5035 malis
1397 4979 1616 5035 afflicta
1669 4997 1772 5037 an-

108 5069 472 5126 nullabatur.
506 5068 828 5141 Militesque
882 5069 1059 5139 regis,
1100 5073 1157 5124 et
1179 5068 1571 5124 obstantium
1625 5070 1772 5126 varii

106 5159 378 5215 interitus
426 5163 613 5214 morte
657 5158 1255 5232 praeoccupabantur.
1337 5157 1517 5228 Igitur
1592 5157 1773 5215 Alste-

107 5265 243 5304 mus
272 5265 381 5304 rex
411 5247 974 5315 Christianissimus,
1003 5263 1142 5302 cum
1185 5262 1307 5302 non
1336 5246 1583 5302 haberet
1614 5249 1772 5305 unde

108 5335 470 5406 arrogantia:
501 5335 831 5404 Anglorum
861 5334 1174 5401 resisteret,
1231 5334 1391 5390 misit
1441 5333 1772 5406 quemdam

109 5426 391 5482 comitem
424 5424 502 5480 ad
534 5423 840 5480 Rollonem
871 5421 1028 5479 circa
1058 5439 1263 5478 muros
1308 5422 1623 5479 Parisiacae
1678 5441 1772 5480 ur-

104 5514 196 5570 bis
221 5513 648 5570 debellantem.
681 5512 790 5578 Qui
831 5512 908 5568 ad
957 5529 1098 5567 eum
1153 5512 1418 5581 veniens,
1466 5512 1771 5570 submisso

106 5604 274 5660 vultu
300 5601 499 5660 intulit
520 5601 727 5658 dicens
762 5618 775 5656 :
805 5605 925 5658 Rex
977 5600 1308 5672 Anglorum
1353 5605 1631 5658 Astemus
1677 5618 1770 5661 ea-

1897 1685 2046 1751 rent,
2071 1689 2178 1738 aut
2208 1701 2269 1739 se
2327 1687 2408 1742 ad
2451 1689 2862 1752 defensionem
2921 1707 3348 1771 praepararent.
3391 1705 3558 1762 Cives

1896 1775 2097 1825 autem
2130 1773 2456 1832 noluerunt
2481 1779 2692 1837 urbem
2723 1784 2772 1839 ei
2823 1786 3094 1857 reddere,
3153 1803 3261 1843 nec
3319 1791 3560 1849 obsides

1895 1857 2038 1913 dare
2067 1879 2079 1927 ;
2111 1861 2218 1915 sed
2249 1862 2533 1922 festinant
2564 1886 2624 1925 se
2656 1878 2864 1930 contra
2892 1874 3009 1930 diei
3070 1878 3300 1933 venturi
3355 1882 3562 1951 praelia

1895 1963 2258 2020 praeparare.
2289 1951 2554 2011 Diluculo
2582 1976 2720 2016 vero
2768 1963 2934 2018 ΒοΠο
2989 1964 3258 2020 continui
3305 1970 3560 2027 conﬂicti

1895 2040 2164 2109 tempore
2188 2055 2578 2113 consurgens,
2613 2056 2915 2107 certamen
2963 2053 3251 2110 diurnum
3296 2056 3444 2126 iniit,
3491 2061 3561 2116 ci-

1893 2143 2118 2221 vesque
2141 2132 2263 2184 tota
2289 2130 2384 2185 die
2413 2135 2631 2205 praeliis
2671 2140 2898 2196 afﬂixit.
2928 2141 3141 2197 Videns
3161 2150 3362 2202 autem
3393 2151 3560 2221 quod

1895 2215 2106 2271 urbem
2135 2233 2260 2272 non
2291 2229 2914 2300 caperet,crepusculo
2949 2231 3141 2287 noctis
3179 2249 3362 2293 naves
3410 2215 3559 2296 velis

1897 2305 2152 2374 ornavit,
2188 2309 2588 2396 iPyarisiusque
2647 2318 2987 2391 dereliquit,
3020 2325 3199 2393 atque
3230 2327 3560 2396 Anglorum

1895 2398 2114 2484 terram
2148 2395 2319 2451 citius
2344 2415 2532 2470 quam
2559 2407 2776 2475 potuit,
2810 2424 2949 2462 cum
2975 2409 3173 2480 legato
3201 2415 3358 2484 regis
3379 2418 3559 2474 Alste-

1894 2481 2006 2576 ini.
2051 2485 2343 2576 pervenit.
2400 2491 2564 2546 Tune
2617 2511 2721 2550 rex
2804 2496 3104 2552 Alstemus
3161 2481 3331 2558 dictis
3381 2506 3562 2576 legati

1893 2569 2082 2626 laetior
2171 2573 2436 2644 effectus,
2519 2581 2778 2652 copiosae
2859 2584 3254 2644 multitudinis
3340 2569 3559 2652 exerci-

1893 2663 2021 2714 tum
2044 2661 2294 2730 vocavit,
2323 2669 2502 2737 atque
2535 2676 2746 2727 contra
2776 2673 3078 2731 Rollonem
3135 2677 3351 2736 ducem
3401 2685 3559 2741 festi-

1892 2755 2105 2804 nanter
2131 2753 2406 2822 perrexit.
2443 2757 2556 2820 Qui
2588 2759 2770 2816 simul
2799 2766 3122 2836 congressi,
3181 2768 3557 2846 nimiumque

1894 2839 2238 2911 amplexati,
2272 2847 2452 2915 atque
2474 2848 2871 2908 amicabiliter
2901 2861 3042 2912 sunt
3071 2859 3340 2916 osculati.
3395 2839 3553 2921 Illico

1896 2929 2061 3023 Bello
2116 2932 2390 3023 gratuita,
2429 2951 2578 2992 voce
2634 2943 2990 3014 compellere
3053 2949 3230 3020 coepit
3309 2968 3553 3023 regem:

1897 3021 2175 3113 «Crates,
2215 3020 2475 3113 domine
2525 3029 2665 3095 Rex,
2724 3030 2829 3086 tibi
2876 3035 3209 3107 condignas
3257 3020 3553 3113 persolvo,

1895 3107 2037 3178 quia
2068 3107 2388 3165 duodecim
2414 3127 2605 3169 naves
2654 3117 2921 3175 honestis
2973 3107 3277 3183 militibus.
3322 3107 3554 3202 plenas,

1895 3197 2261 3268 totidemque
2288 3197 2616 3272 frumento,
2657 3207 2802 3263 vino
2855 3216 3033 3283 atque
3087 3214 3258 3272 lardo
3311 3197 3558 3278 onustas

1892 3285 2099 3346 misisti
2127 3285 2272 3340 mihi
2302 3287 2361 3341 in
2397 3290 2702 3360 Uvalgras.
2736 3317 2762 3344 ››
2788 3301 2949 3354 Tunc
2979 3317 3079 3356 rex
3109 3319 3382 3377 praesaga
3413 3326 3554 3366 voce

1892 3373 2039 3469 dixit
2072 3391 2143 3469 :_«
2171 3373 2295 3430 Tibi
2326 3381 2753 3448 prremaximas
2783 3386 2975 3444 debeo
3003 3373 3246 3464 gratias,
3277 3373 3421 3469 quia
3449 3397 3555 3454 tibi

1893 3464 2060 3561 aDeo
2070 3463 2279 3561 datum
2300 3482 2556 3561 regnum
2585 3479 2829 3546 propter
2839 3494 2935 3532 me
2970 3463 3267 3552 dimisisti,
3286 3463 3554 3561 mihique

1892 3553 1954 3608 in
1984 3552 2347 3623 adjutorium
2379 3555 2730 3617 festinanter
2756 3565 3106 3625 subvenisti.
3149 3576 3278 3630 Non
3308 3552 3554 3646 ignoras

1893 3642 2064 3713 cujus
2089 3642 2173 3698 rei
2193 3659 2377 3700 causa
2409 3648 2556 3704 mihi
2583 3667 2927 3711 succurrere
2955 3657 3057 3714 tibi
3080 3642 3388 3722 mandavi.
3453 3670 3556 3723 Re—

1892 3747 2077 3802 gnum
2119 3732 2212 3787 cui
2236 3748 2495 3804 przeesse
2522 3743 2578 3793 et
2600 3742 2886 3811 prodesse
2913 3746 3126 3816 debeo,
3186 3750 3552 3826 devastatur,

1890 3820 2200 3914 decusque
2229 3821 2536 3914 regiminis
2568 3829 2686 3884 mei
2739 3831 3126 3906 adnihilatur,
3182 3841 3327 3910 quia
3380 3820 3554 3914 Angli

1889 3908 2205 3963 insolentia
2234 3913 2578 3969 temeritatis
2611 3919 2823 3974 tumidi
2850 3927 2905 3976 et
2927 3908 3220 3992 perversi_
3240 3929 3388 3984 meis
3440 3908 3550 3987 no-

1889 3997 2021 4053 lunt
2045 3997 2289 4053 obedire
2321 4003 2653 4074 praeceptis.
2679 4009 3040 4066 Recedentes
3070 4029 3106 4067 a
3134 4031 3252 4086 me,
3295 4017 3409 4073 sibi
3463 4019 3550 4076 in-

1886 4087 2079 4141 vicem
2106 4087 2617 4159 conspiraverunt,
2648 4111 2867 4168 meque
2896 4115 3221 4174 meumque
3244 4107 3548 4165 servitium

1887 4175 2237 4232 abdicantes
2267 4177 2734 4254 ﬂoccipendunt,
2766 4186 2911 4258 quin
2940 4188 3120 4246 etiam
3169 4196 3547 4255 ususfructus

1885 4281 2160 4356 meorum
2190 4267 2554 4339 oppidorum
2611 4271 2722 4327 sibi
2769 4273 3073 4349 diripiunt.
3138 4283 3345 4338 Precor
3372 4283 3549 4356 igitur

1885 4357 1949 4409 ut
1978 4353 2230 4424 adjuves
2257 4371 2354 4411 me
2375 4373 2477 4412 eos
2534 4358 2777 4431 elidere,
2833 4368 2889 4419 et
2931 4365 3294 4440 dispergere,
3335 4353 3544 4428 eorum

1882 4448 2300 4500 contumacem
2347 4446 2624 4505 virtutem
2685 4457 2987 4510 conterere
3032 4461 3088 4511 et
3141 4459 3493 4516 conculcare
3530 4498 3542 4546 ;

1883 4538 2183 4606 quatenus
2215 4535 2293 4590 ad
2327 4537 2632 4594 servitium
2662 4540 2798 4598 licet
2850 4543 3019 4600 inviti
3076 4547 3442 4617 redigantur,
3489 4535 3546 4605 et

1881 4621 2046 4694 quod
2070 4629 2372 4680 merentur
2433 4628 2626 4699 pcenis
2666 4631 2876 4686 acriter
2929 4632 3117 4689 luant.
3175 4636 3540 4692 Medietatem

1883 4727 2024 4781 ergo
2056 4712 2222 4782 regni
2249 4714 2363 4770 mei
2393 4715 2494 4770 tibi
2511 4716 2694 4786 dabo,
2724 4719 3160 4793 dimidiamque
3198 4721 3541 4780 facultatem

1885 4799 2340 4873 supellectilium
2369 4821 2645 4861 meorum
2678 4808 2781 4864 tibi
2809 4815 3019 4881 sponte
3046 4812 3398 4868 concedam.
3426 4813 3541 4869 Sic-

1881 4905 1999 4962 que
2019 4889 2418 4948 indissolubili
2445 4895 2781 4965 conjuncta:
2805 4897 3077 4953 amicitiae
3106 4898 3327 4955 foedere
3383 4901 3540 4957 colli-

1884 4979 2025 5047 gati,
2057 4983 2370 5037 teneamus
2400 4998 2653 5053 regnum
2711 4984 2908 5055 simul,
2961 4986 3257 5058 totiusque
3294 4988 3539 5046 honoris

1883 5067 2012 5138 ejus
2044 5067 2371 5138 fungamur
2395 5070 2589 5126 bonis.
2629 5094 2656 5121 »
2688 5073 2853 5128 Dedit
2872 5073 3073 5147 itaque
3112 5091 3216 5130 rex
3243 5076 3540 5135 Alstemus

1885 5157 2111 5213 Bolloni
2141 5159 2307 5228 regni
2341 5159 2680 5230 dimidium,
2714 5167 2892 5234 atque
2920 5163 3299 5222 medietatem
3349 5167 3539 5225 bono-

1882 5262 2019 5301 rum
2051 5262 2317 5302 suorum.
2350 5250 2479 5303 Dux
2532 5249 2702 5306 Rollo
2761 5252 2960 5308 statim
3017 5255 3142 5324 regi
3189 5257 3535 5329 respondit:

1883 5359 1909 5388 ‹‹
1946 5335 2095 5403 Tibi,
2123 5335 2366 5392 domine
2393 5353 2518 5403 rex,
2551 5344 2638 5396 est
2684 5340 3003 5415 imperare,
3064 5345 3212 5402 mihi
3273 5347 3536 5404 obedire.

1883 5428 2044 5491 Quos
2099 5425 2181 5480 vis
2226 5431 2578 5496 conteram;
2636 5446 2790 5502 quos
2847 5432 3098 5490 voluerit
3168 5434 3534 5505 disperdam.

1880 5514 2236 5570 Subvertam
2269 5515 2444 5571 urbes
2481 5531 2712 5590 eorum,
2744 5519 3036 5594 villasque
3088 5528 3145 5580 et
3185 5525 3408 5597 oppida
3455 5527 3540 5582 in-

1885 5603 2141 5660 cendam
2193 5604 2511 5678 ipsorum:
2564 5612 2865 5680 proteram
2917 5627 3019 5667 eos
3076 5617 3135 5670 et
3170 5613 3537 5688 dispergam,
