4004 6178
475 173 579 228 M8

1456 164 1764 221 DUDONIS
1804 157 2060 217 DECANI
2102 157 2159 212 S.
2200 156 2509 220 QUINTINI
2546 160 2932 217 VIROMAND.

3834 163 3933 221 ω

477 294 793 367 subjiciam
818 308 921 349 eos
941 292 1046 348 tibi
1096 296 1154 348 et
1190 289 1486 347 occidam.
1549 290 1770 345 Uxores
1812 289 1872 342 et
1928 297 2136 339 semen
2174 283 2224 335 Α
2254 281 2413 336 tunis
2442 282 2615 337 bellis
2645 283 2910 339 attritum
2941 283 3076 353 subj
3088 288 3323 353 ugasset
3350 284 3476 353 regi
3508 288 3566 340 et
3593 282 3714 339 sibi
3735 287 3931 339 bans-

477 399 687 441 eorum
715 380 1054 454 captivabo,
1088 384 1143 435 et
1164 382 1437 435 armenta
1490 392 1702 433 eorum
1752 372 2074 429 devorabo.
2112 394 2139 419 »

478 472 575 527 His
607 470 685 526 ab
710 469 967 527 invicem
993 466 1265 541 expletis,
1298 469 1557 539 pergunt
1587 464 1906 520 unanimes
1935 464 2142 515 contra

474 558 699 628 Anglos
727 557 851 627 regi
892 557 1220 613 obstantes.
1276 554 1443 611 Rollo
1490 569 1633 610 vero
1676 555 1883 607 contra
1916 547 2142 617 Anglos

475 647 665 704 multa
692 647 900 720 praelia
942 646 1224 714 exercuit,
1272 644 1569 716 urbesque
1615 657 1824 697 eorum
1882 636 2137 694 obsedit.

474 740 743 805 Quarum
769 736 960 792 multa
984 736 1121 805 igne
1140 738 1404 791 cremata
1427 729 1835 805 depopulavit.
1866 727 2140 784 Videntes

474 831 679 883 autem
706 823 880 895 Angli
911 824 1078 898 quod
1109 839 1232 879 non
1262 823 1654 895 praevalerent
1675 822 1884 875 contra
1912 832 2135 887 regem,

476 914 584 971 sed
614 913 957 970 deﬁcientes
986 912 1430 982 aﬂligebantur,
1476 912 1767 965 venerunt
1795 906 1874 962 ad
1944 904 2135 961 Rollo-

474 1020 635 1070 nem,
661 1003 949 1075 ﬂexisque
980 1001 1233 1072 genibus
1263 999 1580 1055 dixerunt:
1622 1020 1651 1045 α
1681 999 1977 1051 Dacorum
2027 1010 2136 1065 po-

475 1091 823 1159 tentissime,
849 1105 961 1145 nos
977 1089 1096 1159 regi
1121 1088 1381 1144 Alstemo
1402 1086 1657 1158 paciﬁca
1668 1089 1724 1139 et
1745 1082 2133 1150 concordare,

474 1179 619 1252 quia
645 1176 965 1234 inconsulti
986 1182 1192 1232 contra
1243 1190 1443 1244 regem
1482 1172 1849 1246 praevaricati
1898 1186 2131 1235 sumus,

472 1266 770 1323 ﬁdelitatis
788 1266 1029 1321 vincula
1056 1270 1404 1336 rumpentes
1425 1279 1611 1335 quam
1642 1261 1694 1316 ei
1724 1259 2131 1333 promisimus.

472 1359 590 1411 Nos
614 1354 666 1410 ei
692 1354 935 1412 obsides
974 1352 1402 1409 conservandae
1434 1351 1573 1406 ﬁdei
1604 1350 1909 1415 dabimus,
1966 1348 2133 1403 hinc-

471 1458 590 1515 que
619 1443 673 1499 ei
720 1446 930 1515 sponte
959 1442 1377 1498 incumbentes
1420 1439 1671 1494 ﬁdeliter
1720 1437 2071 1493 serviemus.
2101 1454 2131 1488 ›

471 1531 639 1587 Rollo
664 1547 808 1587 vero
831 1530 926 1588 his
956 1530 1177 1586 auditis
1207 1530 1285 1585 ad
1316 1543 1521 1597 regem
1550 1527 1883 1581 Alstemum
1923 1524 2046 1589 ivit,
2079 1529 2135 1579 et

2249 370 2620 427 maritimum
2649 373 3195 442 regnum,consilio
3226 377 3598 430 Francorum
3639 380 3835 442 rogat
3866 392 3929 430 ac

2249 476 2310 514 se
2360 461 2563 517 venire
2608 465 2976 518 Franconem
3009 465 3513 533 Rotomagensem
3562 463 3929 536 episcopum

2249 550 2479 605 Rolloni
2493 552 2623 622 jam
2635 552 3764 623 attributum.CcetuigiturFrancorum
3792 570 3930 609 con-

2248 644 2493 707 gregato
2528 657 2707 714 super
2735 642 2916 697 tantis
2943 643 3492 715 importunitatibus
3532 658 3929 715 paganorum

2246 729 2619 801 consulturo,
2648 732 2900 803 jamque
2921 732 3106 788 ascito
3121 734 3424 789 Francone
3446 734 3934 805 episcopo,con-

2244 817 2457 873 dolens
2485 819 2559 874 de
2589 824 2849 889 egestate
2877 820 3044 892 regni
3076 822 3185 887 sui,
3218 821 3364 877 dixit
3396 839 3409 876 :
3443 844 3473 871 «
3504 825 3825 890 Regnum,
3845 824 3929 878 cui

2243 922 2500 978 praeesse
2532 908 2743 975 debeo,
2779 910 3102 966 desolatur.
3130 913 3303 966 Terra
3326 915 3528 967 aratro
3585 926 3723 965 non
3786 910 3929 966 scin-

2243 996 2422 1051 ditur.
2448 998 2809 1071 Respublica
2838 1004 2896 1055 et
2924 1000 3258 1073 captivatur
3273 1006 3328 1057 et
3351 1000 3680 1056 occiditur.
3701 1000 3925 1056 Obesse

2243 1085 2475 1140 Rolloni
2503 1102 2760 1159 nequeo,
2792 1087 2938 1159 quia
2963 1088 3228 1160 quotidie
3284 1088 3431 1143 meis
3482 1088 3721 1162 privor.
3779 1091 3928 1154 Quae

2242 1180 2486 1246 propter
2510 1178 2927 1248 paternitatem
2959 1178 3282 1234 sanctitatis
3316 1184 3426 1233 tuae
3472 1194 3653 1249 rogo,
3722 1185 3785 1233 et
3836 1178 3923 1233 de-

2242 1279 2474 1335 precor,
2510 1271 2573 1320 ut
2596 1265 2876 1338 acquiras
2905 1267 3079 1322 nobis
3106 1267 3270 1340 apud
3305 1267 3623 1323 Rollonem
3683 1284 3923 1339 seques-

2243 1357 2395 1407 tram
2426 1368 2638 1424 pacem
2668 1354 2847 1409 trium
2878 1355 3176 1411 mensium
3211 1374 3223 1412 :
3248 1356 3373 1411 etsi
3402 1356 3553 1411 forte
3576 1355 3676 1410 his
3708 1356 3919 1411 diebus

2244 1440 2647 1497 Christianum
2672 1441 2797 1497 ﬁeri
2828 1460 2891 1498 se
2916 1443 3187 1509 voluerit,
3218 1444 3487 1500 maxime
3515 1444 3831 1501 beneﬁcia
3871 1446 3917 1501 ei

2242 1528 2549 1600 dabimus,
2581 1532 2942 1604 magnisque
2968 1532 3141 1587 donis
3158 1549 3296 1588 eum
3321 1534 3915 1589 remunerabimusJ

468 1620 639 1693 quod
678 1620 850 1689 Angli
901 1619 1229 1675 retulerunt
1266 1617 1391 1687 regi
1446 1615 1759 1671 intimavit.
1820 1617 1980 1669 Tunc
2030 1629 2131 1668 rex
2163 1632 2206 1688 Β
2245 1620 2468 1673 Franco
2498 1636 2656 1685 vero,
2679 1620 2774 1675 his
2803 1621 3045 1692 auditis,
3079 1624 3327 1677 Rotomo
3346 1638 3657 1691 reversus,
3694 1622 3916 1678 Rolloni

469 1714 671 1766 motus
701 1710 918 1781 pietate
947 1706 1259 1780 quondam
1285 1721 1532 1761 suorum
1554 1704 1702 1759 dixit
1726 1720 1738 1757 :
1774 1726 1801 1753 «
1832 1707 1909 1758 Ne
1934 1702 2133 1771 ﬂagel-

469 1798 624 1854 letur
651 1796 990 1869 respublica
1019 1795 1262 1863 diutius,
1287 1794 1335 1848 si
1362 1793 1649 1858 consulis,
1697 1809 1733 1848 0
1784 1792 1995 1859 amice,
2053 1791 2132 1846 ad

471 1885 855 1943 serviendum
881 1885 1057 1940 nobis
1095 1900 1198 1939 eos
1220 1882 1532 1938 obsidibus
1560 1882 1716 1937 datis
1771 1881 2077 1953 recipiam.
2106 1904 2131 1929 ››

470 1979 632 2033 Tunc
658 1975 824 2032 Rollo
851 1991 865 2029 :
893 1997 921 2023 ‹‹
952 1978 1054 2040 Tu,
1096 1973 1358 2039 domine,
1392 1972 1633 2027 obsides
1664 1976 2133 2044 perseveratum!

471 2064 577 2121 tibi
605 2062 745 2119 ﬁdei
766 2063 981 2135 recipe.
1036 2066 1156 2132 Ego
1212 2077 1351 2117 vero
1403 2060 1659 2129 advena,
1706 2076 1827 2115 non
1876 2075 2132 2127 cognos-

471 2170 614 2210 cens
643 2168 844 2208 mores
858 2151 1208 2221 Anglorum,
1233 2165 1637 2222 permansurae
1661 2148 1959 2203 ﬁdelitatis
1984 2148 2131 2203 mihi

471 2243 716 2301 obsides
747 2240 1052 2314 recipiam.
1089 2262 1116 2289 ι)
1150 2239 1304 2295 Illico
1325 2238 1650 2307 Anglorum
1673 2238 1929 2310 quisque
1950 2236 2135 2291 offen-

473 2346 578 2385 sus
603 2345 826 2394 comes,
854 2345 1043 2385 onera
1068 2328 1417 2384 offensionis
1440 2332 1498 2383 et
1525 2327 1884 2399 poenitentiae
1917 2326 2129 2398 depor-

471 2422 624 2488 tans,
658 2419 783 2488 regi
814 2434 1025 2483 unum,
1048 2423 1104 2474 et
1136 2416 1364 2473 Rolloni
1385 2416 1641 2473 alterum
1693 2416 1967 2472 obsidem
2023 2416 2127 2470 de-

471 2506 708 2563 derunt.
744 2506 956 2579 Sicque
987 2506 1267 2575 ﬂagellati
1297 2506 1552 2575 dudum,
1602 2511 1657 2560 et
1685 2504 1978 2578 paciﬁcati
2023 2520 2129 2577 per

470 2598 778 2654 Rollonem
804 2597 1179 2671 quieVerunt.
1214 2600 1334 2652 Rex
1360 2602 1561 2652 autem
1587 2597 1914 2651 mstimams
1941 2596 2130 2651 Rollo-

468 2703 609 2743 nem
630 2703 759 2743 esse
789 2691 1164 2743 moraturum
1190 2686 1353 2742 omni
1387 2702 1565 2742 cursu
1594 2685 1878 2758 temporis
1924 2685 1985 2740 in
2015 2690 2120 2740 An-

468 2776 624 2846 glica
652 2782 828 2845 terra,
860 2776 1212 2831 denominat
1240 2776 1369 2846 ejus
1390 2775 1771 2831 medietatem
1799 2774 1988 2843 regni,
2013 2775 2124 2830 sci-

467 2866 602 2922 licet
626 2849 889 2922 urbeset
918 2870 1137 2929 castra,
1160 2865 1334 2920 villas
1356 2870 1413 2920 et
1442 2865 1686 2937 oppida,
1716 2863 1887 2919 aulas
1922 2869 1978 2919 et
2025 2880 2125 2936 pa-

467 2953 629 3021 latia,
651 2960 709 3009 et
737 2970 873 3026 qua)
896 2953 1199 3009 bonorum
1230 2969 1479 3008 suorum
1510 2952 1893 3041 supellectilia
1924 2971 1935 3017 ;
1978 2952 2123 3041 quin
2157 2987 2198 3041 Ο

469 3041 650 3098 etiam
679 3042 1039 3114 deprecatur
1062 3046 1127 3097 ut
1149 3041 1307 3097 sinat
1332 3056 1395 3097 se
1462 3057 1632 3096 sacro
1688 3040 1847 3096 fonte
1890 3040 2122 3107 redimi,

468 3145 653 3203 seque
712 3146 749 3193 a
787 3129 1126 3187 commissis
1185 3129 1358 3202 piari.
1410 3128 1575 3185 Rollo
1632 3134 1835 3184 autem
1888 3145 2126 3201 semper

466 3202 703 3276 memor
722 3218 993 3289 visionis,
1025 3218 1304 3292 precibus
1333 3218 1492 3287 regis
1523 3234 1643 3273 non
1684 3218 2001 3290 acquievit,
2034 3235 2128 3274 ve-

465 3324 602 3365 rum
630 3326 767 3383 quae
798 3325 920 3365 suae
951 3308 1124 3365 sortis
1152 3313 1340 3379 erant,
1381 3307 1697 3363 obsidibus
1742 3312 1878 3363 ante
1922 3312 2125 3377 regem

465 3397 800 3466 conductis,
830 3398 1117 3468 vultuque
1139 3411 1349 3451 sereno
1378 3395 1525 3451 dixit
1557 3412 1570 3449 :
1603 3418 1630 3445 ‹‹
1660 3394 1964 3451 Talionem
1993 3412 2123 3451 mo-

464 3486 566 3554 do,
597 3486 843 3541 domine
868 3501 992 3549 rex,
1010 3501 1120 3557 pro
1146 3484 1322 3539 bonis
1349 3500 1485 3555 quae
1514 3484 1658 3539 mihi
1715 3483 1967 3553 Walgris
2019 3484 2127 3540 im-

464 3573 745 3645 pendisti,
776 3572 1030 3628 reddidi.
1054 3575 1323 3641 Regnum
1350 3572 1514 3644 quod
1538 3571 1681 3626 mihi
1715 3571 1867 3628 ultro
1887 3572 2121 3644 dedisd,

463 3677 573 3733 per
598 3662 762 3717 hunc
784 3677 1136 3717 mucronem
1160 3660 1481 3716 duodecim
1529 3660 1711 3716 libras
1749 3661 1878 3716 auri
1906 3664 2122 3733 capulo

460 3744 809 3814 habentem,
839 3745 1029 3802 reddo
1084 3744 1210 3801 tibi.
1268 3744 1418 3810 Quin
1468 3744 1652 3800 etiam
1709 3744 1969 3813 obsides,
2016 3748 2120 3819 qui

461 3830 583 3889 mei
602 3829 755 3903 juris
784 3834 945 3897 sunt,
976 3834 1034 3886 et
1057 3829 1159 3902 qui
1191 3833 1410 3898 astant,
1438 3829 1583 3900 jube
1612 3828 1794 3901 recipi
1823 3848 1834 3896 ;
1890 3846 2119 3903 praeca-

460 3937 607 3978 vens
638 3936 715 3978 ne
747 3924 989 3992 patrum
1014 3935 1261 3976 suorum
1296 3923 1354 3976 et
1373 3934 1626 3975 avorum
1656 3918 1907 3990 perﬁdia
1933 3924 1985 3977 te
2013 3920 2120 3977 ite-

459 4026 597 4069 rum
625 4008 968 4083 respuendo
993 4008 1273 4081 decipiat.
1328 4011 1450 4078 Ego
1496 4007 1806 4065 Franciam
1859 4009 2122 4067 celeriter

459 4104 748 4171 repetam,
780 4114 1067 4171 meosque
1095 4098 1371 4155 inimicos
1402 4096 1669 4167 aﬂligam
1700 4102 1759 4153 et
1788 4102 2115 4165 conteram,

459 4187 809 4259 disperdam
841 4191 896 4243 et
916 4187 1291 4243 convincam.
1327 4186 1587 4244 Tantum
1622 4190 1677 4243 te
1711 4186 2002 4259 deprecor
2058 4193 2122 4244 ut

458 4275 565 4346 qui
588 4291 685 4333 me
712 4275 880 4347 sequi
896 4275 1234 4343 maluerint,
1266 4291 1389 4331 non
1421 4275 1744 4348 prohibeas
1791 4292 1895 4332 eis.
1922 4299 1949 4326 ››
2000 4280 2120 4334 Rex

459 4337 662 4419 autem
686 4337 1018 4432 admirans,
1046 4368 1101 4418 et
1122 4337 1344 4431 gratias
1371 4337 1550 4435 super
1574 4364 1667 4420 his
1696 4364 1867 4420 dictis
1909 4379 2115 4433 agens,
2149 4337 2194 4393 θ

458 4451 642 4509 dixit:
672 4473 700 4503 «
730 4453 857 4508 Dux
916 4451 1474 4523 prtepotentissime,
1504 4468 1645 4525 pars
1698 4453 1915 4510 animae
1947 4471 2115 4522 meae,

457 4557 572 4612 ego
610 4546 809 4599 tecum
834 4539 957 4598 ibo.
982 4543 1225 4610 Regem,
1256 4540 1463 4610 duces,
1494 4547 1549 4598 et
1580 4543 1829 4600 comites
1852 4544 1957 4601 tibi
2004 4546 2116 4601 hu-

454 4630 724 4695 miliabo,
759 4653 788 4681 »
813 4630 1138 4703 Respondit
1168 4628 1370 4685 Rollo:
1405 4652 1433 4679 «
1465 4634 1877 4703 Nequaquam,
1927 4633 2116 4690 domi.

453 4736 552 4791 ne,
580 4734 838 4790 regnum
856 4718 1141 4782 dimittas.
1171 4716 1268 4775 cui
1295 4734 1545 4789 praeesse
1571 4725 1626 4775 et
1654 4720 1941 4792 prodesse
1985 4723 2117 4793 jugi

450 4808 761 4879 juvamine
794 4808 1065 4866 debes.»
1118 4807 1429 4879 Extemplo
1482 4808 1668 4873 Rollo,
1725 4809 2117 4868 amicabiliter

451 4913 591 4969 rege
619 4898 844 4967 relicto,
884 4902 1249 4969 congregata
1298 4897 1682 4955 inenarrabili
1736 4899 2115 4958 multitudine

448 4986 761 5057 juvenum,
789 4986 1166 5045 transfretato
1186 4990 1363 5058 portu
1390 4987 1775 5045 Franciscum
1797 4987 2116 5046 advehitur

451 5091 726 5145 regnum.
777 5078 985 5136 Statim
1036 5075 1284 5134 comites
1332 5078 1625 5134 exercitus
1676 5078 1767 5134 sui
1812 5077 2110 5146 dividens,

352 5172 355 5175 '
451 5164 605 5222 alios
626 5166 801 5223 alveo
828 5168 1136 5240 Sequanae,
1190 5164 1341 5222 alios
1394 5166 1613 5236 Ligeris
1666 5166 1911 5234 ﬂuento,
1965 5168 2113 5226 alios

452 5267 631 5309 amne
660 5255 950 5312 Gerunda
980 5255 1399 5327 interjacentes
1431 5255 1773 5328 provincias
1802 5256 2107 5328 praedatu-

451 5354 574 5408 ros,
593 5340 769 5399 celeri
787 5344 1167 5414 navigatione
1198 5343 1378 5401 misit.
1412 5348 1544 5417 ipse
1598 5348 1800 5402 autem
1847 5345 2109 5404 Parisius

449 5427 665 5487 iterum
693 5429 957 5497 veniens,
989 5431 1169 5503 coepit
1198 5432 1412 5489 urbem
1451 5449 1828 5506 oppugnare,
1888 5439 1946 5491 et
1998 5440 2108 5491 ter-

450 5534 584 5577 rem
614 5534 797 5592 super
822 5518 1094 5577 inimicos
1115 5536 1257 5578 suos
1290 5520 1623 5579 devastare.

520 5606 767 5671 Cercius
792 5611 996 5671 autern
1020 5624 1125 5667 rex
1150 5608 1406 5671 audiens
1433 5611 1601 5683 quod
1629 5610 1794 5671 Bono
1826 5610 2107 5684 inoppor-

2242 1706 2383 1760 duci
2402 1706 2762 1762 humillimis
2796 1709 3075 1780 precibus
3096 1709 3278 1765 dixit:
3325 1732 3353 1759 ‹‹
3384 1713 3506 1765 Rex
3547 1712 3918 1766 Francorum

2240 1794 2493 1850 mandat
2522 1801 2588 1851 ut
2615 1796 2721 1850 des
2755 1796 2868 1851 illis
2900 1813 3111 1868 pacem
3142 1798 3321 1853 trium
3350 1799 3694 1868 mensium,
3747 1800 3910 1855 torsi-

2242 1886 2343 1938 tan
2375 1882 2614 1938 dabitur
2644 1883 2883 1940 salubre
2907 1885 3225 1941 consilium
3249 1886 3399 1941 inter
3432 1891 3485 1942 te
3545 1892 3607 1942 et
3662 1886 3858 1944 illum.
3892 1912 3914 1935 θ

2242 1971 2407 2027 Rollo
2437 1978 2660 2039 autem,
2704 1975 2797 2029 his
2854 1975 3093 2044 auditis,
3139 1975 3387 2031 consdio
3436 1992 3703 2031 suorum
3762 1977 3916 2032 dedit

2240 2060 2362 2129 regi
2395 2066 2639 2132 pactum
2672 2063 2850 2118 trium
2895 2064 3214 2119 mensium.
3272 2064 3477 2136 Spatio
3533 2082 3688 2120 vero
3742 2066 3914 2136 hujus

2238 2148 2577 2205 brevissimi
2608 2152 2893 2223 temporis
2909 2153 3129 2224 quievit
3147 2158 3297 2208 terra
3313 2170 3349 2208 a
3366 2154 3911 2225 paganis.Audien-

2239 2242 2324 2294 tes
2355 2245 2555 2293 autem
2592 2241 3065 2310 Burgundiones,
3126 2242 3456 2297 Richardus
3507 2242 3770 2313 scilicet,
3828 2244 3911 2298 vel

2240 2327 2457 2382 Ebalus
2486 2328 2849 2384 Pictavensis
2875 2346 3097 2396 comes,
3127 2329 3293 2403 quod
3349 2331 3559 2385 Franci
3606 2331 3909 2399 imbelles,

2238 2417 2541 2489 armisque
2572 2416 2789 2486 frigidi,
2820 2419 2995 2490 quasi
3026 2418 3349 2474 effeminati
3406 2420 3706 2491 petissent
3745 2438 3912 2477 secu-

2237 2506 2469 2561 ritatem
2494 2508 2777 2574 Rollonis,
2804 2508 3184 2564 miseruntad
3213 2525 3439 2578 regem,
3456 2514 3515 2564 et
3532 2510 3613 2565 ad
3631 2511 3907 2577 comites,

2237 2594 2534 2650 dicentes:
2569 2619 2594 2646 ‹‹
2625 2600 2863 2652 Terram
2885 2614 3071 2669 quam
3103 2597 3309 2653 tenetis
3332 2614 3440 2652 cur
3464 2597 3664 2652 sinitis
3694 2600 3909 2655 vastari

2237 2700 2273 2739 a
2302 2684 2557 2757 paganis
2588 2686 2616 2740 ‘2
2645 2702 2750 2741 cur
2779 2702 2901 2741 non
2934 2686 3303 2741 auxiliamini
3326 2686 3554 2758 quibus
3572 2702 3836 2759 praeesse
3856 2694 3908 2742 et

2235 2773 2528 2844 prodesse
2558 2775 2808 2845 debetis,
2842 2776 3084 2847 suisque
3113 2775 3336 2832 ﬁnibus
3356 2776 3783 2832 exterminata:
3807 2794 3906 2831 cur

2236 2878 2357 2917 non
2380 2862 2651 2919 resistitis
2676 2865 2866 2933 genti?
2892 2868 3011 2919 Nos
3037 2864 3206 2919 vobis
3237 2865 3288 2919 si
3313 2863 3625 2921 volueritis
3660 2866 3900 2921 auxilia-

2236 2952 2459 3021 bimur,
2493 2959 2550 3008 et
2580 2954 2633 3009 si
2654 2954 2800 3009 forte
2822 2954 3110 3023 ingruerit
3147 2960 3353 3011 contra
3390 2971 3505 3009 nos
3532 2955 3766 3011 bellum
3812 2974 3901 3011 vo-

2234 3040 2490 3096 luntarie
2520 3043 2881 3099 aderimus.»
2914 3044 3124 3100 Franci
3143 3060 3286 3099 vero
3316 3044 3410 3100 his
3467 3045 3899 3100 contumeliose

2235 3129 2615 3185 sermonibus
2645 3132 3000 3204 exasperati,
3034 3133 3202 3189 ﬁnito
3264 3132 3520 3189 termino
3571 3134 3898 3189 securitatis

2234 3224 2544 3291 creperunt
2574 3220 2860 3277 rebellare
2890 3222 3163 3293 paganis.
3207 3222 3363 3278 Illico
3397 3222 3569 3279 Rollo
3588 3230 3817 3297 putans
3846 3240 3897 3278 se

2234 3315 2477 3380 prOpter
2501 3310 2879 3365 securitatem
2909 3327 3094 3383 quam
3119 3311 3299 3378 dedit,
3331 3328 3367 3367 a
3418 3313 3668 3367 Francis
3728 3312 3898 3367 vilem

2234 3397 2616 3465 aestimatum,
2646 3397 2916 3454 ferociter
2936 3403 2994 3454 et
3017 3399 3328 3456 crudeliter
3357 3400 3745 3457 devastando
3775 3418 3901 3474 pro-

2233 3484 2481 3555 vincias,
2502 3487 2682 3559 ccepit
2705 3487 2949 3554 laniare,
2976 3492 3033 3544 et
3059 3488 3339 3558 aﬁligere,
3366 3493 3552 3561 atque
3582 3490 3787 3546 delere
3802 3507 3898 3564 po-

2233 3574 2571 3645 pulum.Sui
2590 3582 2789 3632 autem
2808 3577 2865 3631 in
2887 3577 3294 3646 Burgundiam
3315 3583 3664 3650 pergentes.
3680 3595 3897 3652 perque

2230 3663 2448 3718 Jonam
2474 3664 2534 3719 in
2564 3664 2845 3745 Sigonam
2878 3665 3252 3736 navigantes,
3292 3670 3570 3738 terraque
3612 3667 3897 3724 amnibus

2230 3750 2443 3807 afﬁnes
2474 3769 2663 3825 usque
2695 3753 2935 3811 Clarum
2960 3759 3227 3810 montem
3258 3754 3529 3827 undique
3575 3772 3760 3813 secus
3804 3756 3893 3812 de

2228 3846 2555 3914 vastantes,
2591 3843 2843 3899 Senonis
2871 3843 3247 3916 provinciam
3275 3843 3658 3911 invaserunt,
3723 3851 3893 3918 atque

2229 3936 2444 3987 cuncta
2465 3932 2903 4005 depopulantes
2926 3934 3005 3988 ad
3033 3934 3754 3991 Sanctum-Benedicth
3774 3952 3893 3992 con-

2229 4022 2319 4074 tra
2349 4018 2660 4075 Rollonem
2691 4025 3067 4077 revenerunt.
3095 4021 3311 4076 Videns
3344 4026 3548 4077 autem
3570 4024 3748 4079 Roiio
3777 4040 3891 4079 mo-

2226 4108 2554 4164 nasterium
2624 4110 3163 4179 Sancti-Benedicti,
3250 4110 3397 4166 illud
3478 4112 3891 4169 contaminare

2226 4197 2435 4277 noluit,
2518 4215 2629 4255 nec
2675 4200 2930 4271 praedari
2974 4199 3137 4255 illam
3189 4200 3570 4272 provinciam
3658 4208 3892 4275 propter

2227 4292 2504 4342 sanctum
2544 4288 2925 4344 Benedictum
2955 4288 3240 4361 permisit.
3305 4291 3584 4362 Stampas
3608 4291 3894 4360 eundem

2227 4376 2435 4431 adiens
2465 4380 2649 4432 totam
2682 4381 2902 4433 terram
2932 4378 3306 4448 adjacentem
3336 4379 3621 4451 perdidit,
3678 4396 3892 4452 φιλιω-

2226 4464 2517 4536 plurimas
2543 4466 2882 4538 captivavit.
2918 4467 3057 4522 Inde
3084 4466 3161 4522 ad
3192 4465 3468 4523 V'illemez
3527 4469 3785 4525 veniens
3831 4470 3893 4525 ﬁ-

2223 4553 2463 4609 nitimas
2485 4558 2670 4611 terras
2691 4556 3003 4627 praedavit,
3034 4556 3291 4627 hincque
3311 4555 3578 4613 Parisius
3624 4574 3893 4615 rvmeare

2224 4643 2591 4700 acceleravit.
2624 4645 2841 4701 Rustici
2868 4661 3010 4701 vero
3036 4645 3298 4701 videntes
3325 4649 3587 4703 Francos
3607 4649 3897 4705 robustis-

2226 4731 2411 4786 simos
2442 4731 2759 4789 bellatores
2789 4738 2845 4789 ct
2876 4734 3333 4803 Burgundiones
3358 4736 3741 4806 asperrimos
3794 4753 3896 4810 pu-

2224 4824 2502 4890 gnatores
2532 4821 2769 4893 penitus
2800 4822 3185 4889 adnihilatos,
3204 4829 3651 4893 congregantes
3676 4827 3895 4884 incum.

2221 4905 2683 4978 prehensibilem
2714 4924 2966 4966 numero
2996 4909 3462 4980 multitudinem,
3495 4911 3758 4971 desueta
3807 4930 3896 4971 ar-

2222 5006 2324 5046 ma
2350 4991 2755 5065 nequicquam
2786 4998 3088 5063 gerentem
3112 4999 3408 5051 conantur
3430 4996 3729 5055 invadere
3766 5000 3894 5055 Rol-

2221 5077 2443 5134 lonem.
2480 5080 2644 5138 Rollo
2684 5086 2889 5139 autem
2918 5083 3244 5156 respiciens
3300 5083 3452 5141 vidit
3503 5100 3717 5143 aerem
3766 5088 3894 5160 pul~

2221 5170 2618 5239 verulentum,
2687 5162 3169 5246 creberrimaque
3234 5190 3540 5232 concursu
3616 5178 3895 5250 peditum

2220 5258 2465 5316 densius
2496 5260 2953 5331 obnubilatum;
2986 5263 3327 5323 convocatis
3356 5264 3745 5339 principibus
3766 5269 3892 5325 suis

2219 5347 2367 5405 dixit
2396 5366 2410 5405 :
2444 5371 2471 5401 «
2508 5350 2767 5423 Populus
2796 5352 3064 5424 peditum
3094 5353 3295 5410 nescio
3325 5369 3405 5411 an
3449 5355 3737 5428 equitum
3782 5373 3893 5415 nos

2220 5437 2507 5508 sequitur.
2540 5430 2779 5496 Pedites
2792 5442 2978 5498 nostri
2998 5441 3261 5499 celeriter
3287 5445 3444 5500 viam
3464 5450 3701 5516 petant,
3719 5449 3892 5520 equi-

2216 5530 2303 5581 tes
2330 5527 2652 5585 nobiscum
2680 5536 3070 5597 remaneant;
3098 5537 3161 5587 ut
3192 5531 3505 5589 videamus
3538 5536 3721 5605 cujus
3780 5536 3893 5592 for-

2215 5612 2484 5675 titudinis
2506 5620 2626 5677 ω
2651 5618 2758 5690 qui
2775 5634 2889 5678 nos
2912 5618 3160 5692 perdere
3186 5620 3451 5680 volunt.»
3484 5625 3892 5697 Exspectante
