4004 6178
189 85 274 141 845

756 78 855 131 DE
896 77 1139 134 assus
1179 73 1617 132 NORMANNlE
1654 70 1893 128 nucum
1931 70 2115 127 LIBRI
2153 44 2361 131 rans.
2400 102 2470 117 --
2516 76 2645 132 iss.
2687 76 2755 132 11.
2798 77 3051 134 ROLLO.

3513 82 3620 137 646

184 210 372 265 autem
400 200 655 259 Rollone
683 216 837 256 cum
868 200 1195 273 equitibus,
1219 198 1856 273 appropinquaverunt
1882 198 1929 251 Α
1968 194 2110 250 Inde
2136 194 2243 252 tibi
2267 196 2518 254 meliora
2545 198 2714 255 dabit
2732 201 2861 271 jam
2888 200 3057 271 fruge
3080 201 3349 274 perenni.

182 293 392 358 rustici,
420 290 660 363 equites
712 306 859 345 cum
918 287 1240 362 peditibus.
1276 288 1433 344 Illico
1482 285 1651 342 Rollo
1689 283 1856 340 irruit

183 400 356 458 super
378 380 665 448 villanos,
695 378 1055 450 crudelique
1084 392 1230 433 nece
1277 377 1408 433 illos
1440 391 1631 449 usque
1661 373 1739 430 ad
1764 372 1855 429 in-

176 472 581 532 ternecionem
632 467 987 541 prostravit,
1020 471 1078 523 et
1105 466 1378 522 contrivit
1419 483 1546 534 eos,
1573 463 1855 536 caedeque

178 562 445 622 maxima
472 563 748 633 peracta,
778 556 1097 629 repedavit
1143 555 1223 610 ad
1266 571 1429 611 suos.
1473 557 1683 611 Postea
1713 569 1855 610 vero

178 653 349 710 Rollo
373 650 563 707 nimio
584 647 809 704 furoris
834 650 988 702 aestu
1010 645 1278 715 inhians,
1306 649 1363 701 et
1387 645 1651 714 ﬂagrans
1676 659 1856 715 super

179 759 319 800 suos
343 740 626 797 inimicos
656 736 963 795 civitatem
994 734 1265 792 Carnotis
1299 734 1588 790 hostiliter
1615 733 1852 806 expetit,

178 838 362 905 atque
410 833 762 886 Dunensem
809 824 1169 883 comitatum
1207 827 1267 880 et
1299 826 1721 881 Carnotensem
1749 838 1854 879 va-

181 924 371 988 stans,
405 934 545 974 cum
574 931 806 985 magno
846 911 1111 970 exercitu
1140 911 1393 967 obsedit.
1428 912 1685 978 Quidam
1714 926 1855 967 vero

176 1010 504 1082 episcopus
545 1002 963 1062 Guvaltelmus
1011 1000 1145 1057 urbi
1183 1006 1435 1073 praeerat
1479 999 1854 1071 religiosissi-

176 1115 338 1154 mus.
374 1101 429 1152 ls
458 1109 723 1151 mmrens
748 1097 807 1148 et
836 1091 1096 1162 ejulans,
1128 1089 1549 1162 continuisque
1577 1089 1855 1147 orationi-

175 1187 294 1243 bus
324 1186 581 1254 instans,
609 1180 772 1238 misit
821 1180 899 1237 ad
951 1178 1453 1248 Burgundionum
1494 1179 1714 1235 ducem
1764 1178 1857 1233 Ri-

176 1275 502 1338 cbardum,
534 1276 595 1328 et
620 1271 702 1327 ad
730 1270 1140 1325 Pictavensem
1176 1266 1458 1324 comitem
1492 1268 1763 1337 Ebalum,
1793 1271 1857 1323 ut

179 1363 581 1422 subvenirent
620 1358 757 1416 urbi
799 1362 991 1415 morte
1027 1361 1466 1430 praeoccupatae
1510 1372 1622 1429 pro
1649 1372 1856 1415 amore

179 1454 282 1511 Dei
309 1455 377 1515 in
405 1450 722 1509 auxilium.
1648 1457 1652 1460 ·

625 1591 692 1629 DE
732 1587 1002 1629 CARNOTIS
1040 1587 1421 1628 LIBERATIONE.

250 1665 402 1723 Misit
432 1669 639 1721 autem
668 1667 724 1718 et
750 1661 827 1719 ad
858 1658 1113 1717 Francos
1140 1661 1321 1731 hujus
1346 1660 1672 1716 moestifere
1698 1662 1857 1732 lega-

176 1754 359 1811 tionis
383 1753 648 1810 nuntios.
666 1751 777 1818 Qui
808 1751 1072 1806 celeriter
1101 1750 1394 1806 Richardo
1419 1750 1621 1806 comiti
1650 1752 1854 1806 adhae-

176 1850 380 1902 rentes
408 1844 760 1899 invaserunt
790 1840 1103 1895 Rollonem
1153 1838 1309 1894 circa
1340 1856 1549 1895 muros
1584 1840 1856 1898 Carnotis

176 1932 576 2007 prreliantem.
632 1929 803 1985 Rollo
849 1944 1012 1994 vero,
1056 1944 1222 1984 more
1271 1929 1464 1999 solito,
1506 1935 1859 1987 constanter

176 2023 355 2078 irruit
381 2036 558 2094 super
587 2019 736 2076 illos.
774 2018 979 2074 Franci
1008 2033 1151 2072 vero
1182 2021 1236 2072 et
1282 2017 1742 2088 Burgundiones
1776 2020 1857 2075 vi-

176 2126 276 2166 res
306 2112 703 2176 resumentes,
732 2121 1073 2177 ausumque
1101 2104 1315 2160 iterum
1343 2106 1667 2177 capientes,
1687 2109 1858 2165 inva-

175 2199 330 2255 dunt
360 2197 673 2253 Rollonem
705 2195 930 2252 duriter
958 2194 1070 2273 illis
1102 2194 1460 2250 obstantem.
1494 2197 1677 2253 Caesis
1712 2215 1857 2270 ergo

177 2288 655 2345 Christianorum
677 2302 747 2342 ac
772 2299 1156 2359 paganorum
1185 2283 1455 2356 pluribus
1480 2287 1679 2353 stabat
1704 2294 1857 2343 uter-

176 2395 297 2451 que
349 2376 412 2433 in
466 2376 668 2450 praelio
722 2375 1036 2441 exercitus,
1088 2377 1331 2429 mutans
1379 2374 1563 2431 vitam
1608 2377 1855 2433 alternis

178 2469 437 2535 ictibus;
490 2483 627 2522 cum
660 2466 858 2521 subito
890 2463 1300 2520 Guvaltelmus
1329 2463 1649 2539 episcopus
1680 2468 1857 2540 quasi

179 2559 438 2613 missam
470 2556 898 2625 celebraturus,
930 2553 1219 2610 infulatus
1267 2552 1673 2630 bajulansque
1725 2575 1857 2613 cru-

180 2662 317 2702 cem
344 2651 525 2722 atque
558 2645 819 2701 tunicam
852 2646 1248 2699 sacrosanctae
1297 2642 1487 2698 Mariae
1518 2642 1765 2715 virginis
1796 2646 1857 2702 in

179 2736 495 2805 manibus,
526 2739 925 2809 prosequente
956 2733 1113 2789 clero
1142 2747 1279 2786 cum
1311 2732 1561 2803 civibus,
1594 2734 1855 2791 ferratis-

180 2841 302 2898 que
336 2824 581 2880 aciebus
610 2824 999 2897 constipatus,
1030 2820 1311 2877 exsiliens
1342 2821 1416 2877 de
1465 2822 1715 2893 civitate,
1745 2841 1854 2898 pa-

183 2930 490 2984 ganorum
518 2917 686 2985 terga
732 2912 860 2969 telis
888 2911 1168 2967 verberat
1198 2914 1254 2967 et
1280 2907 1688 2969 mucronibus.
1726 2916 1857 2970 Cer-

182 3018 340 3058 nens
393 3007 592 3058 autem
641 3018 701 3057 se
754 3002 927 3057 Rollo
981 3000 1133 3056 inter
1173 3003 1492 3074 utrumque
1533 3003 1857 3059 exercitum

186 3098 370 3165 stare,
418 3109 601 3167 seque
630 3108 753 3149 non
786 3090 1138 3164 praevalere,
1181 3106 1447 3165 suosque
1490 3090 1857 3157 decrescere,

186 3179 488 3236 transiens
518 3196 625 3254 per
653 3179 925 3235 medium
953 3178 1217 3247 illorum,
1249 3178 1429 3252 ccepit
1459 3177 1538 3234 ab
1568 3179 1652 3234 eis
1677 3179 1860 3235 decli-

186 3285 363 3340 nare,
394 3285 473 3325 ne
498 3274 1026 3342 przeoccuparetur
1052 3269 1264 3323 morte.

838 3416 1227 3459 APOSTROPHA.

196 3509 379 3566 Rollo
399 3512 737 3583 potensque
763 3508 1092 3580 valensque
1118 3507 1482 3579 asperrimus
1512 3508 1718 3577 armis,

194 3601 284 3654 Ne
314 3598 740 3655 vereounderis
768 3598 814 3654 si
841 3599 971 3669 jam
1009 3596 1294 3667 fugitivus
1320 3597 1578 3668 habetis,

196 3690 337 3743 Non
368 3693 421 3743 te
453 3690 676 3744 Franco
703 3687 892 3758 fugat,
925 3691 980 3742 te
1009 3702 1121 3741 nec
1154 3685 1495 3755 Burgundio
1528 3686 1721 3758 caedit,

194 3777 429 3834 Concio
450 3776 817 3833 multimodte
843 3776 1157 3848 gentisque
1182 3776 1491 3848 utriusque
1512 3776 1864 3847 phalangis:

198 3868 321 3925 Sed
349 3867 554 3923 tunica
581 3866 743 3925 alma
772 3867 871 3923 Dei
904 3866 1203 3936 genitricis
1227 3866 1502 3936 Virginis,
1530 3870 1711 3938 atque

200 3956 617 4029 Reliquiteque
647 3955 845 4021 simul,
878 3955 1214 4028 philateria,
1245 3970 1511 4028 cruxque
1542 3956 1826 4013 verenda.

196 4047 408 4112 Quam
431 4045 592 4102 velut
612 4048 671 4101 in
699 4045 984 4100 manibus
1006 4044 1227 4101 meritis
1242 4045 1462 4118 praesul
1483 4045 1866 4113 reverendus,

197 4134 375 4190 Velle
406 4140 575 4189 tuum
606 4149 841 4207 semper
868 4133 970 4189 tibi
1001 4149 1200 4205 posse,
1235 4133 1412 4189 veluit
1442 4133 1550 4189 fuit
1579 4133 1756 4189 olim:

200 4227 272 4280 Et
300 4223 493 4279 modo
516 4222 785 4296 velleque
814 4238 991 4295 posse
1021 4228 1194 4278 tuum
1221 4222 1487 4293 legaliter
1510 4223 1702 4292 ibunt,

199 4316 511 4385 Posseque
536 4311 684 4368 velle
710 4317 879 4368 tuum
923 4312 1262 4368 humanum
1286 4312 1664 4383 jamjamque
1693 4327 1869 4369 reno-

1659 4401 1867 4471 [seent.

200 4489 368 4546 Velle
395 4494 569 4545 tuum
596 4488 779 4546 modo
807 4504 987 4562 posse
1015 4504 1195 4544 suum
1215 4492 1237 4510 ⁸
1263 4488 1556 4561 spectabit
1580 4488 1866 4559 amicum,

200 4583 515 4652 Pusseque
538 4578 686 4634 velle
716 4594 893 4634 suum
924 4578 1005 4634 sic
1033 4578 1414 4651 praestabitur
1440 4577 1660 4650 ipsum.

201 4668 562 4739 Coniunctis
590 4668 808 4740 pariter
832 4667 925 4723 his
949 4666 1384 4739 disjunctisque
1405 4666 1668 4737 duobus,

201 4760 328 4814 Aut
355 4757 540 4813 facies
567 4762 668 4812 aut
700 4771 823 4812 non
847 4772 1227 4829 quaecunque
1255 4755 1495 4826 negotia
1526 4755 1632 4826 rei,

204 4847 357 4913 Quis
388 4846 520 4902 sine
544 4845 815 4917 perficies
852 4846 1073 4901 nullius
1106 4861 1349 4900 summa
1376 4845 1617 4915 negotii.

203 4938 383 5009 Saepe
409 4934 673 5006 adquirit
698 4940 946 5007 uterque
975 4950 1155 4989 suum
1185 4933 1475 4989 violenter
1512 4934 1796 4991 amicum.

206 5027 386 5098 Saepe
416 5025 635 5080 resistit
660 5028 909 5096 uterque
936 5040 1045 5079 suo
1076 5022 1288 5096 rapido
1313 5023 1483 5079 obice
1509 5023 1725 5080 amico.

207 5116 441 5170 Natura
469 5117 740 5169 servante
781 5111 1053 5180 modum,
1085 5127 1271 5183 quam
1302 5117 1544 5185 propter
1572 5111 1838 5168 amicum

204 5202 491 5261 Conditio
520 5200 771 5258 humani
807 5199 1078 5271 ﬁgmenti
1106 5199 1283 5255 tristis
1311 5200 1585 5257 habetur.

553 5355 680 5395 ITEM
717 5353 1080 5395 APOSTROPHA
1119 5353 1191 5393 AD
1229 5352 1538 5395 ROLLONEM.

206 5443 597 5505 Hultimodas
626 5460 905 5517 perpesse
934 5443 1151 5509 minas,
1181 5441 1519 5515 nimiosque
1546 5442 1811 5516 labores,

212 5536 383 5597 Unde
414 5534 687 5608 fatigavit
710 5536 890 5593 temet
913 5531 1153 5592 fortuna
1176 5531 1456 5606 querelis.

1899 2902 1939 2957 C

1902 4252 1947 4308 D

1965 288 2195 357 Aspera
2226 290 2309 342 tot
2337 286 2586 344 tolerata
2615 288 2718 345 diu
2748 290 2931 348 modo
2958 291 3094 347 laeta
3131 295 3475 363 sequentur.

1967 374 2196 431 Gaudia
2222 375 2406 447 longa
2434 381 2624 434 metes
2652 378 2790 435 hinc
2818 380 2957 436 hinc
2986 397 3241 437 maerore
3271 381 3544 438 subacto.

1966 465 2049 520 Te
2073 465 2248 522 labor
2269 466 2558 523 artificem
2586 468 2725 523 belli
2753 469 3067 542 hucusque
3090 470 3319 542 peregit
3343 487 3356 526 :

1965 557 2101 609 Post
2127 555 2238 610 hos
2264 572 2552 612 maerores
2575 561 2668 613 sat
2695 558 2858 614 dona
2885 558 3101 630 quietis
3130 559 3402 616 habebis.

1964 644 2239 716 Namque
2268 643 2473 701 labore
2502 645 2670 715 gravi
2699 652 3093 702 concrescunt
3118 648 3365 720 praemia
3406 649 3616 706 multa.

1965 820 2258 887 Quadam
2305 824 2463 879 acies
2509 840 2892 897 paganorum
2929 824 3194 881 evadens
3244 824 3394 881 forte
3436 826 3623 899 pmlii

1963 908 2299 981 periculum
2348 912 2427 967 ad
2480 914 2713 981 Iazuges
2746 913 3026 985 pervenit,
3060 918 3118 969 et
3142 913 3364 969 montis
3390 913 3625 970 excelsa

1963 997 2162 1054 subiit.
2196 999 2386 1056 Finito
2431 1000 2611 1071 igitur
2652 1002 2752 1057 tali
2802 1006 2859 1057 et
2888 1006 3012 1057 tam
3042 1017 3270 1071 magno
3299 1002 3624 1060 certamine

1960 1086 2123 1154 belli,
2152 1087 2372 1144 Ebalus
2402 1105 2649 1162 vespere
2699 1090 2942 1146 advenit
2970 1106 3110 1145 cum
3154 1090 3301 1161 suis,
3338 1095 3624 1147 Francos-

1961 1191 2082 1247 que
2108 1180 2166 1232 et
2191 1177 2651 1248 Burgundiones
2682 1178 3050 1250 imprecatur
3082 1178 3301 1234 nimis:
3353 1202 3379 1227 κ
3405 1183 3490 1236 Me
3512 1196 3624 1252 pro

1961 1264 2149 1321 nihilo
2176 1265 2449 1337 duxistis,
2482 1267 2729 1339 quando
2781 1266 3051 1339 praslium
3095 1266 3222 1323 sine
3249 1284 3347 1323 me
3375 1268 3624 1325 inchoa-

1963 1353 2089 1410 stis.
2120 1353 2594 1427 Blasphemabor
2640 1370 2679 1411 a
2720 1354 2949 1411 cunctis
2998 1354 3298 1424 gentibus,
3330 1371 3469 1427 quas
3515 1372 3626 1414 au-

1962 1441 2173 1499 ditune
2202 1447 2343 1500 sunt
2367 1444 2484 1501 hoc
2513 1448 2779 1501 eventus.
2808 1444 2964 1501 Proh
2992 1443 3196 1500 dolor!
3222 1443 3468 1500 mallem
3491 1460 3625 1501 mo-

1893 1549 1935 1605 3
1964 1529 2012 1585 ri
2041 1546 2180 1587 cum
2219 1531 2332 1588 isto
2378 1530 2607 1605 populo
2653 1546 2844 1603 quam
2892 1531 3105 1588 abesse
3133 1530 3362 1603 prmlio.
3391 1554 3418 1581 η
3453 1530 3625 1589 Tunc

1966 1617 2173 1676 Franci
2196 1622 2255 1677 et
2284 1618 2739 1689 Burgundiones
2787 1620 3066 1677 dixerunt
3105 1620 3184 1676 ad
3214 1619 3468 1677 Ebalum
3499 1621 3627 1681 sine

1965 1722 2027 1762 re
2056 1707 2396 1779 querulum.
2447 1728 2475 1761 ‹
2493 1708 2702 1766 Adhuc
2744 1714 3049 1780 exspectat
3095 1714 3148 1765 te
3176 1707 3409 1780 aliquid
3436 1714 3626 1768 certa-

1966 1794 2165 1863 minis,
2196 1812 2319 1868 quo
2364 1800 2534 1868 potes
2580 1800 2633 1853 te
2679 1801 2931 1869 tuosque
2977 1796 3250 1869 experiri.
3305 1798 3629 1856 Considera

1969 1885 2413 1943 Northmannos
2471 1885 2676 1959 prrelio
2733 1887 2995 1957 fugatos,
3056 1902 3350 1943 cacumen
3407 1888 3630 1945 montis

1969 1989 2154 2031 causa
2201 1974 2460 2047 praesidii
2508 1990 2845 2045 aggressos.
2899 1975 3204 2048 Prmeipita
3247 1993 3393 2048 ergo
3437 1995 3540 2035 eos
3590 1994 3632 2035 a

1969 2069 2190 2128 monte,
2237 2080 2570 2136 eorumque
2615 2065 2962 2138 superbiam
3003 2064 3177 2122 elide.
3201 2065 3455 2125 Vindice
3493 2083 3632 2124 san-

1970 2152 2214 2222 guinem
2254 2156 2618 2210 Francorum
2667 2159 2723 2211 et
2774 2153 3292 2224 Burgundionum,
3319 2157 3436 2214 hoc
3463 2174 3630 2213 cam-

1967 2257 2069 2314 po,
2091 2242 2211 2299 heu
2235 2241 2440 2299 dolor!
2469 2242 2819 2311 jacentium.
2851 2243 3115 2300 Sentiant
3146 2248 3199 2300 te
3228 2246 3415 2302 modo
3444 2247 3629 2303 adve-

1967 2330 2154 2395 nisse,
2181 2329 2288 2403 qui
2317 2329 2648 2400 gloriantur
2673 2333 2745 2399 {se
2794 2331 3126 2403 periculum
3172 2334 3378 2390 mortis
3404 2335 3630 2391 evasis-

1970 2436 2053 2478 se.
2078 2443 2106 2470 ι»
2141 2421 2237 2477 His
2266 2420 2448 2489 igitur
2474 2420 2668 2491 dictis,
2696 2422 2913 2478 Ebalus
2936 2421 3159 2479 invadit
3184 2424 3634 2481 Northmannos

1966 2509 2030 2566 in
2056 2514 2263 2566 monte
2293 2509 2545 2566 nimium
2578 2511 2905 2569 exterritos.
2953 2510 3170 2567 Ebalus
3194 2517 3398 2569 autem
3426 2530 3632 2569 ascen-

1966 2598 2154 2657 debat
2204 2602 2475 2657 montem
2524 2613 2664 2656 cum
2714 2600 2859 2667 suis,
2910 2599 3051 2657 Daci
3091 2617 3234 2656 vero
3280 2601 3636 2658 resistebant

1966 2704 2073 2744 eos
2096 2687 2333 2758 iaculis.
2366 2685 2587 2744 Ebalus
2611 2678 2873 2758 jaciebat
2912 2705 2987 2746 eo
3015 2688 3283 2757 missilia,
3313 2691 3454 2747 Daci
3494 2706 3633 2749 vero

1968 2776 2279 2834 violabant
2324 2793 2429 2837 eos
2482 2776 2718 2847 jaculis.
2764 2778 3025 2837 Ebalidas
3079 2778 3391 2837 tentabant
3430 2794 3636 2835 ascen-

1969 2865 2112 2923 dere
2160 2881 2452 2925 cacumen
2500 2868 2744 2935 montis,
2802 2867 3131 2926 Rollonidaa
3178 2868 3637 2941 praecipitabant

1970 2969 2075 3013 eos
2118 2971 2310 3027 usque
2362 2955 2441 3011 ad
2489 2954 2688 3013 basim
2742 2956 2982 3015 montis.
3039 2956 3300 3015 Ebalidie
3354 2974 3530 3030 sepes
3580 2961 3638 3013 et

1968 3042 2246 3114 parietes,
2274 3060 2430 3117 quas
2454 3044 2596 3101 Daci
2636 3044 2716 3103 ad
2746 3045 3110 3118 capiendum
3153 3045 3452 3104 civitatem
3480 3046 3636 3104 fece-

1969 3135 2133 3200 runt,
2162 3131 2240 3188 ad
2270 3136 2539 3190 montem
2564 3132 3206 3206 deportaverunt.Daoi
3220 3150 3364 3192 vero
3388 3134 3638 3192 eosdem

1970 3220 2231 3292 parietes
2275 3226 2331 3279 et
2387 3237 2560 3295 sepes
2611 3223 2729 3279 illis
2772 3222 3148 3281 abstulerunt
3189 3229 3251 3281 et
3289 3240 3357 3280 se
3398 3239 3481 3282 ex
3527 3222 3641 3278 illis

1972 3309 2408 3368 circumdanda
2463 3311 2831 3370 munierunt.
2879 3312 3141 3385 Populus
3183 3329 3329 3370 vero
3382 3315 3644 3371 Franco-

1971 3415 2111 3457 rum
2156 3400 2545 3473 exspectabat
2586 3402 2771 3459 ﬁnem
2795 3401 3157 3474 iurgiorum.
3200 3402 3419 3461 Ebalus
3460 3403 3646 3473 igitur

1974 3487 2184 3546 videns
2210 3490 2375 3561 quod
2416 3506 2538 3549 non
2586 3491 2900 3563 proﬁceret
2945 3493 3001 3548 ei
3048 3491 3265 3549 initum
3312 3495 3643 3561 certamen,

1973 3577 2136 3635 venit
2155 3579 2233 3635 ad
2261 3579 2630 3637 Richardum
2659 3580 2878 3637 ducem
2898 3581 2961 3638 in
2986 3596 3206 3656 campo
3224 3581 3416 3655 praelii
3445 3587 3647 3640 castra

1973 3671 2319 3726 metantem.
2355 3669 2523 3725 Tunc
2551 3669 2845 3727 exercitus
2885 3674 3152 3727 montem
3205 3670 3641 3745 circumsepsit,

1974 3770 2051 3813 ne
2108 3762 2314 3827 posset
2364 3756 2520 3813 ullus
2568 3757 2744 3815 elabi.
2805 3759 3075 3815 Videntes
3127 3764 3329 3815 autem
3380 3760 3524 3815 Daci
3580 3778 3642 3819 se

1976 3844 2408 3917 circumseptos
2466 3845 2664 3917 plebe,
2729 3846 3009 3903 dixerunt
3072 3846 3150 3904 ad
3208 3846 3512 3902 invicem:
3582 3850 3640 3907 Si

1975 3938 2350 4006 exspectetur
2379 3933 2531 3991 forte
2560 3934 2688 3989 dies
2726 3933 2984 4001 futurus,
3015 3949 3227 3991 omnes
3257 3934 3459 4005 gladio
3488 3935 3638 3993 inte-

1975 4022 2282 4079 rimemur.
2316 4022 2626 4078 Frisonum
2654 4021 2908 4094 quidam
2954 4022 3031 4078 de
3082 4028 3257 4094 gente
3304 4026 3504 4095 natus,
3533 4026 3639 4099 qui

1976 4115 2104 4166 erat
2147 4110 2263 4166 illis
2308 4110 2662 4177 accreditus,
2713 4109 2862 4168 dixit
2930 4115 3186 4167 mortem
3252 4111 3635 4172 timentibus:

1980 4220 2009 4247 ‹‹
2034 4199 2200 4256 Dabo
2250 4198 2569 4255 consilium
2615 4197 2790 4254 vobis
2827 4199 3230 4272 profuturum.
3262 4201 3638 4274 Intempesta

1980 4288 2171 4345 noctis
2230 4286 2462 4345 silentio
2507 4287 2761 4359 quidam
2812 4293 3156 4347 nostrorum
3203 4289 3279 4346 de
3324 4291 3639 4349 cacumine

1979 4376 2204 4434 montis
2248 4376 2406 4433 clam
2435 4376 2825 4448 descendant,
2859 4382 2916 4434 et
2959 4378 3291 4435 forinsecus
3332 4378 3491 4435 circa
3517 4384 3641 4437 ten-

1979 4465 2142 4524 toria;
2190 4464 2446 4525 buccina
2493 4465 2796 4535 claugant.
2828 4466 2913 4523 llli
2941 4481 3205 4539 namque
3233 4466 3441 4524 audito
3480 4466 3640 4526 clan-

1980 4571 2121 4626 gore
2162 4555 2468 4624 tubarum,
2499 4559 2883 4611 autumantes
2923 4555 3134 4611 adesse
3177 4554 3491 4610 ltollonem
3533 4570 3639 4612 no-

1979 4648 2171 4702 strum
2198 4645 2436 4713 ducem,
2468 4643 2839 4701 formidolosi
2871 4643 3234 4715 stupidique,
3263 4647 3442 4714 atque
3471 4644 3637 4715 pavi-

1980 4734 2042 4791 di
2087 4734 2450 4805 fugitabunt,
2496 4735 2613 4790 huc
2660 4732 2920 4805 illucque
2968 4731 3162 4788 divisi.
3220 4733 3341 4787 Nos
3382 4746 3527 4787 vero
3559 4732 3636 4788 de

1980 4828 2183 4880 monte
2212 4823 2639 4881 descendentes
2684 4823 2983 4878 irruamus
3031 4835 3211 4891 super
3247 4822 3445 4875 castra
3471 4821 3634 4891 prin-

1982 4912 2207 4985 cipum,
2264 4912 2605 4982 duriterque
2661 4908 3021 4967 debellanda
3075 4924 3202 4977 eos,
3262 4912 3637 4965 transeamus

1981 5017 2089 5073 per
2113 5001 2380 5059 medium
2405 4999 2664 5064 illorum,
2692 5002 2749 5054 et
2794 4995 3140 5053 feminemus
3165 4994 3412 5065 aggredi
3440 4997 3635 5055 senio-

1980 5105 2108 5146 rem
2137 5092 2428 5157 nostrum,
2458 5091 2511 5141 et
2542 5085 2625 5143 sic
2653 5085 2982 5143 evademus
3007 5083 3216 5141 mortis
3243 5084 3635 5158 periculum.»

1982 5174 2478 5248 Responderunt:
2533 5195 2559 5223 ε(
2586 5174 2931 5243 Congruum
2960 5171 3135 5229 nobis
3181 5177 3240 5230 et
3266 5171 3506 5229 salubre
3541 5190 3635 5231 se-

1982 5264 2251 5323 cundum
2297 5279 2420 5335 quo
2473 5260 2706 5330 accidit,
2764 5261 2876 5321 das
2914 5261 3249 5321 consilium.
3303 5261 3504 5320 Melius
3549 5267 3640 5322 est

1980 5353 2156 5412 nobis
2184 5352 2268 5412 ita
2295 5368 2492 5422 agere,
2521 5350 2740 5408 scilicet
2768 5355 2872 5409 aut
2900 5351 3080 5421 elabi,
3110 5356 3214 5409 aut
3240 5352 3415 5423 mori,
3450 5368 3637 5424 quam

1981 5444 2076 5501 hic
2119 5443 2361 5513 morari,
2387 5456 2619 5513 nosque
2652 5440 2821 5497 vivos
2864 5443 3313 5515 comprehendi,
3343 5446 3412 5498 et
3440 5442 3637 5515 poenis

1981 5532 2235 5596 diversis
2491 5553 2520 5585 υ
2550 5528 2781 5593 Idcirco
2805 5530 3082 5591 obscurat
3098 5533 3295 5593 noctis
3314 5531 3638 5595 conticinio
