4002 6186
437 143 548 194 647

1415 134 1721 190 DUDONIS
1760 133 2016 188 DECANI
2067 132 2122 184 S.
2165 129 2470 190 QUINTlNl
2509 132 2892 190 VIROMAND.
3744 137 3839 192 648

435 260 873 316 descenderunt
914 259 1164 330 quidam
1218 258 1291 313 de
1340 261 1561 326 monte,
1594 262 1650 314 et
1691 273 1797 330 per
1839 254 2091 312 tentoria
2120 259 2167 311 A
2197 253 2380 308 armis
2421 254 2704 322 fervidus,
2743 255 2993 311 consilio
3041 255 3350 327 providus,
3399 259 3639 327 aspectu
3680 255 3842 312 deco-

434 350 591 404 clam
617 351 988 404 transeuntes
1015 346 1288 419 ultraque
1318 348 1638 414 venientes,
1672 349 1981 418 coeperunt
2008 343 2090 398 fo—

432 437 698 492 rinsecus
743 435 902 490 tubis
934 435 1230 505 clangere,
1267 441 1671 508 terroremque
1711 434 2089 507 repentinum

434 526 517 582 eis
544 525 826 580 incutere.
849 524 1048 581 Caeteri
1082 541 1222 580 vero
1251 542 1390 581 cum
1418 541 1640 594 magno
1669 523 1946 590 tumultu,
1967 538 2091 576 ma-

433 630 672 686 gnoque
723 619 1026 670 scutorum
1066 615 1298 684 fragore
1350 615 1650 671 elabentes
1700 613 1978 668 velociter
2015 611 2089 666 de

433 709 656 769 monte,
708 703 1054 759 invaserunt
1108 705 1476 759 Richardum
1527 703 1790 760 tentoriis
1842 717 2088 773 sopora-

434 798 580 848 tum.
636 793 846 865 Sicque
897 793 1166 848 ferociter
1214 793 1572 866 praeliantes,
1605 800 1661 848 et
1690 809 1796 866 per
1825 790 2089 846 medium

434 883 759 938 exercitum
793 887 1244 949 transmeantes,
1273 884 1431 938 viam
1475 900 1662 955 quam
1705 881 1876 938 Rollo
1907 878 2092 936 tenuit

435 971 624 1027 citatis
677 970 984 1039 gressibus
1040 970 1271 1026 liberati
1330 976 1622 1043 pergunt;
1682 975 1858 1043 atque
1909 983 2091 1040 super

435 1059 725 1116 Othuram
771 1059 1092 1121 venientes,
1123 1059 1255 1114 loco
1305 1059 1423 1114 alto
1472 1059 1692 1130 palude
1721 1057 2089 1114 circumdato

434 1163 705 1217 gressum
735 1146 961 1216 fatigati
986 1148 1196 1215 ﬁgunt.
1221 1146 1521 1202 Exercitus
1550 1163 1688 1202 vero
1714 1146 1967 1202 nimium
1993 1161 2090 1200 ex-

432 1237 665 1292 territus
695 1235 874 1308 caepit
898 1237 1008 1291 hac
1038 1236 1292 1308 illacque
1314 1236 1624 1304 ﬂuctuare,
1647 1241 1867 1309 putans
1895 1235 2090 1291 Rollo-

433 1343 574 1382 nem
601 1327 832 1382 adesse.
866 1325 1082 1381 Ebalus
1105 1341 1245 1381 vero
1261 1326 1442 1396 hujus
1471 1326 1555 1380 rei
1585 1330 1804 1381 terrore
1835 1326 2088 1381 domum

434 1417 752 1488 cujusdam
781 1417 1019 1472 fullonis
1067 1417 1327 1489 expetiit,
1359 1423 1536 1489 atque
1575 1417 1679 1472 diu
1727 1417 1785 1471 in
1831 1432 1901 1471 ea
1941 1414 2087 1469 deli-

434 1506 559 1562 tuit.
596 1506 894 1561 Exercitus
923 1511 1144 1572 autem,
1177 1506 1508 1562 lucescente
1553 1522 1791 1576 aurora,
1822 1509 2090 1560 montem

433 1594 644 1650 videns
686 1594 958 1650 hostibus
988 1610 1271 1660 vacuum,
1303 1612 1405 1650 eos
1444 1595 1825 1667 prosequitur
1860 1610 2090 1665 quous-

433 1699 551 1756 que
601 1683 1009 1739 morabantur.
1046 1684 1397 1738 Nortmanni
1443 1700 1582 1739 vero
1630 1681 2092 1739 innumerabilia

436 1772 739 1843 animalia,
772 1789 908 1844 quae
940 1789 1144 1827 secum
1184 1773 1581 1841 adduxerant,
1616 1773 1812 1829 statim
1857 1771 2089 1827 occide-

433 1867 572 1917 runt
596 1881 608 1928 ;
643 1867 823 1933 atque
855 1867 1090 1930 tergora
1112 1862 1361 1917 dimidia
1386 1862 1736 1918 animalium
1750 1861 2092 1934 diripientes

435 1954 488 2006 et
519 1949 905 2015 excoriantes,
939 1965 1010 2004 ex
1051 1950 1445 2006 cadaveribus
1475 1951 1618 2023 ipsis
1647 1957 1909 2006 castrum
1937 1950 2093 2005 circa

435 2056 496 2095 se
527 2039 792 2094 fecerunt
816 2057 828 2106 ;
856 2044 1268 2112 ponentesque
1296 2055 1486 2095 unum
1510 2056 1690 2112 super
1705 2040 1908 2104 alium,
1930 2040 2094 2095 coria

434 2127 893 2198 sanguinolenta
924 2127 1251 2183 forinsecus
1300 2129 1647 2196 avellerunt,
1682 2145 1754 2183 ne
1794 2129 1932 2201 equi
1966 2133 2089 2184 stu-

434 2218 556 2290 pidi
587 2217 936 2290 equitesque
967 2218 1250 2273 mirantes
1283 2219 1854 2290 appropinquarent.
1888 2219 2092 2274 Franci

434 2323 576 2362 vero
605 2311 661 2361 et
689 2306 1137 2375 durgundiones
1167 2308 1466 2378 prosecuti
1497 2325 1598 2364 eos
1619 2325 1758 2363 cum
1788 2308 2089 2375 adessent,

436 2394 865 2466 castellumque
893 2412 965 2449 ex
996 2395 1346 2468 corporibus
1376 2413 1692 2468 equorum,
1729 2398 1937 2462 boum,
1974 2396 2088 2451 asi-

434 2500 672 2554 narum,
722 2499 1162 2556 caprarumque
1219 2489 1275 2539 et
1334 2485 1668 2541 bidentium
1715 2491 2088 2558 conseptum,

435 2578 790 2644 tergoraque
803 2572 1130 2628 forinsecus
1150 2574 1475 2646 pendentia
1499 2575 1796 2641 vidissent,
1816 2575 2094 2630 dixerunt

436 2663 516 2719 ad
544 2663 796 2718 invicem
826 2681 838 2718 ε
874 2686 900 2710 ‹‹
927 2662 1068 2727 Quis
1098 2663 1338 2719 invadet
1366 2664 1554 2719 istos?
1605 2665 1710 2737 qui
1757 2664 1881 2719 vult
1906 2667 2090 2719 vitam

434 2753 702 2825 perdere,
734 2750 982 2807 accedat
1013 2751 1092 2807 ad
1121 2768 1407 2808 carneum
1447 2757 1709 2808 castrum
1752 2758 1808 2808 et
1853 2753 2093 2808 mirabi-

433 2842 553 2897 le.»
604 2841 667 2895 Hi
697 2840 886 2906 dictis,
916 2841 1139 2912 quique
1189 2842 1552 2913 repedarunt
1601 2858 1732 2908 sua,
1769 2841 1908 2897 Daci
1948 2857 2088 2896 vero

433 2932 678 2987 navium
723 2929 1131 2986 contubernia.
1185 2931 1356 2987 Rollo
1405 2936 1604 2988 autem
1632 2932 1840 2988 videns
1871 2932 2086 2987 milites
2124 2961 2164 3016 ρ

438 3035 600 3085 suos,
633 3017 997 3087 gratulanter
1025 3018 1172 3074 dixit
1217 3020 1295 3075 ad
1343 3019 1511 3075 illos:
1547 3043 1573 3068 ‹‹
1596 3023 1639 3076 0
1668 3020 2085 3088 robustissimi,

435 3106 739 3179 armisque
771 3107 1115 3180 asperrimi!
1150 3109 1464 3174 Quomodo
1502 3109 1705 3180 prtelia
1736 3110 2086 3166 evasistis?»

435 3197 602 3252 Tunc
631 3197 712 3252 illi
743 3202 958 3254 cuncta
986 3215 1122 3270 quae
1173 3199 1513 3255 acciderant
1541 3200 1868 3256 retulerunt
1898 3200 2092 3255 Rollo-

433 3287 515 3343 ni.
549 3287 716 3344 Rollo
746 3303 887 3344 vero
914 3288 996 3344 ita
1024 3288 1376 3358 exagitatus,
1406 3289 1573 3344 furiis
1614 3289 1916 3345 acerrimis
1947 3289 2090 3345 bac-

434 3377 665 3439 chatus,
679 3377 858 3448 coepit
886 3380 1072 3432 totam
1093 3380 1312 3431 terram
1330 3381 1562 3432 vastare
1593 3382 1649 3432 et
1672 3377 1887 3444 delere,
1912 3382 2090 3449 atque

432 3463 708 3518 incendio
756 3478 1160 3518 concremare.
1203 3463 1361 3518 Illico
1401 3463 1598 3519 omnis
1642 3464 1803 3520 salus
1852 3465 2090 3520 concla-

433 3555 633 3606 matur
678 3550 1021 3621 ﬁduciaque
1050 3550 1285 3604 vivendi
1332 3567 1454 3606 non
1501 3553 1809 3623 reperitur,
1850 3552 2093 3624 publica

434 3653 528 3692 res
557 3637 939 3704 adnihilatur,
972 3637 1352 3709 ecclesieeque
1389 3639 1633 3694 desertae
1665 3639 1979 3695 habentur.

508 3725 713 3782 Franci
742 3741 884 3781 vero
926 3741 1049 3781 non
1079 3725 1342 3782 valentes
1382 3727 1637 3798 paganis
1675 3727 1968 3797 resistere,
2004 3733 2090 3786 to-

436 3820 679 3889 tamque
713 3815 1019 3872 Franciam
1037 3814 1302 3871 videntes
1328 3816 1405 3872 ad
1436 3815 1688 3872 nihilum
1710 3817 1925 3882 venire,
1947 3835 2093 3876 una-

435 3905 672 3962 nimiter
741 3904 820 3962 ad
890 3922 1094 3977 regem
1147 3909 1458 3976 venerunt,
1527 3911 1704 3979 atque
1768 3907 2086 3964 dixerunt:

341 4021 345 4023 -
436 4019 464 4045 ‹‹
494 3999 608 4053 Cur
654 4011 776 4051 non
823 3995 1128 4051 auxiliaris
1178 4011 1385 4066 regno,
1419 3994 1513 4051 cui
1552 4011 1807 4068 praeesse
1856 4002 1912 4053 et
1955 4014 2092 4070 pro-

435 4085 607 4141 desse
635 4083 820 4139 debes
850 4089 1083 4156 sceptro
1102 4087 1129 4141 ἱ)
1169 4088 1283 4142 Cur
1315 4101 1434 4141 non
1464 4101 1584 4157 pax
1615 4086 1863 4142 consilio
1891 4087 2092 4158 acqui-

434 4172 600 4239 ritur,
632 4189 820 4245 quam
849 4189 960 4228 nec
996 4173 1168 4228 bellis
1199 4189 1308 4229 nec
1353 4173 1476 4229 ullo
1503 4174 1867 4230 defensionis
1894 4175 2093 4231 obsta-

385 4271 394 4277 ‘
436 4259 570 4315 culo
602 4259 851 4331 adipisci
880 4276 1205 4331 possumus
1225 4262 1253 4316 ‘2
1304 4261 1504 4316 Honor
1547 4266 1604 4317 et
1627 4266 1889 4333 potestas
1919 4278 2090 4332 rega-

433 4349 505 4405 lis
568 4349 896 4420 subjicitur,
966 4365 1347 4422 paganorum
1426 4351 1743 4408 insolentia
1827 4338 2087 4423 erigitur.

434 4438 767 4494 Franciscae
809 4438 1068 4507 regionis
1102 4443 1256 4495 terra
1300 4439 1475 4511 quasi
1519 4440 1774 4496 solitudo
1812 4442 2086 4510 habetur,

433 4527 577 4601 quia
603 4527 731 4598 ejus
759 4527 1021 4600 populus
1074 4532 1177 4584 aut
1227 4528 1383 4584 fame
1430 4533 1532 4584 aut
1585 4529 1786 4599 gladio
1838 4531 2089 4587 moritur

433 4621 538 4673 aut
567 4616 714 4672 forte
758 4615 1110 4688 captivatur.
1145 4618 1326 4672 Tuere
1361 4632 1616 4686 regnum
1647 4618 1690 4672 si
1727 4635 1849 4674 non
1880 4621 2085 4688 armis,

431 4707 523 4763 vel
552 4705 866 4763 consilio.»
900 4705 1068 4759 Tunc
1093 4719 1197 4759 rex
1226 4704 1471 4761 Carolus
1512 4706 1604 4760 his
1645 4706 1791 4762 dixit
1817 4706 2086 4762 furibun-

432 4795 580 4851 dus:
633 4818 659 4844 ‹‹
687 4797 828 4849 Date
859 4793 1005 4848 mihi
1033 4792 1368 4861 consilium,
1401 4795 1568 4866 quod
1610 4810 1796 4865 regno
1827 4800 1884 4851 et
1912 4796 2086 4852 nobis

433 4885 505 4941 sit
563 4884 802 4941 salubre
851 4887 908 4938 et
959 4898 1368 4953 congruum.»
1421 4885 1588 4940 Tunc
1639 4886 1875 4941 Franci:
1929 4891 2090 4943 «Da-

430 4974 651 5044 bimus,
706 4974 753 5029 si
827 4973 1002 5029 nobis
1075 4972 1415 5044 credideris,
1473 4975 1788 5031 consilium
1853 4976 1956 5032 tibi
2032 4982 2089 5034 et

430 5079 616 5133 regno
665 5062 1053 5132 condignum_
1091 5065 1149 5118 et
1195 5062 1598 5131 salutiferum;
1649 5068 1714 5119 ut
1755 5065 2087 5137 requiescat

429 5151 689 5222 populus
745 5151 924 5206 nimis
975 5151 1225 5224 penuria
1285 5151 1557 5208 afﬂictus.
1618 5154 1794 5208 Detur
1845 5159 1999 5211 terra
2051 5171 2088 5210 a

431 5237 614 5294 ﬂuvio
641 5239 902 5294 Andellaa
932 5257 1124 5312 usque
1172 5239 1251 5296 ad
1297 5257 1460 5297 mare
1492 5257 1871 5314 paganorum
1901 5243 2087 5313 genti-

429 5326 583 5394 bus;
629 5327 812 5383 ﬁliam
843 5344 1085 5401 quoque
1117 5334 1283 5386 tuam
1310 5331 1544 5387 Rolloni
1570 5333 1850 5403 conjugio
1876 5334 2081 5404 junge.

432 5419 498 5472 Et
522 5432 592 5472 ex
626 5417 738 5473 hoc
763 5421 932 5488 potes
958 5419 1214 5475 multum
1245 5425 1455 5476 contra
1482 5425 1685 5491 gentes
1713 5423 1815 5477 tibi
1845 5423 2089 5478 obstan-

431 5511 515 5562 tes
577 5506 1032 5579 praavalescere;
1101 5509 1244 5580 quia
1317 5509 1484 5565 Rollo
1552 5510 1811 5583 superbo
1873 5527 2083 5579 regum

428 5595 774 5668 ducumque
803 5595 1096 5665 sanguine
1121 5600 1319 5667 natus,
1343 5614 1588 5671 corpore
1615 5598 2076 5670 pulcherrimus,

2197 358 2321 411 rus,
2378 351 2590 400 contra
2633 361 2766 400 suos
2817 352 3181 412 mansuetus,
3224 345 3321 400 cui
3367 344 3652 417 promittit
3695 345 3841 401 ﬁdus

2199 431 2448 498 amicus,
2505 432 2598 488 cui
2659 432 3011 488 adversatur
3061 437 3229 489 atrox
3282 432 3593 496 inimicus;
3655 435 3842 502 sagaci

2198 526 2394 577 mente
2425 523 2709 602 Vasallus,
2738 528 3020 579 constans
3050 527 3106 579 et
3135 523 3284 579 lenis
3315 527 3379 579 ut
3402 539 3497 579 res
3522 523 3842 595 expostulat

2197 611 2258 666 in
2288 612 2592 672 omnibus.
2625 629 2902 668 sermone
2951 613 3291 681 instructus,
3327 613 3534 669 docilis
3564 614 3624 669 in
3655 613 3838 678 rebus,

2200 701 2429 756 actibus
2468 702 2816 769 benevolus,
2849 702 3084 776 eloquio
3113 703 3421 770 honestus,
3453 703 3662 758 virtute
3708 702 3839 758 virili

2199 790 2477 862 repletus,
2511 791 2752 847 humilis
2800 792 3371 860 convcrsationibus,
3419 791 3720 863 rebusque
3767 778 3837 847 f6-

2197 879 2476 935 rensibus
2507 880 3029 951 prudentissimus,
3062 882 3121 937 in
3165 881 3392 952 judicio
3415 881 3638 952 justus,
3669 882 3729 936 in
3771 899 3840 937 se—

2199 968 2370 1023 cretis
2410 969 2870 1037 cautissicimus,
2903 986 3052 1026 auro
3092 976 3459 1042 argentoque
3508 970 3837 1037 ditissimus,

2200 1057 2558 1113 creberrima
2615 1059 2869 1114 militum
2910 1059 3243 1131 frequentia
3281 1060 3522 1115 assidue
3564 1061 3838 1132 constipa-

2201 1152 2313 1216 tus,
2346 1147 2494 1218 quin
2521 1147 2697 1203 etiam
2747 1149 2911 1204 omni
2940 1148 3204 1204 bonitate
3254 1153 3344 1204 est
3387 1154 3796 1218 exaggeratus.
3818 1176 3836 1196 ιο

2201 1235 2523 1292 Confestim
2557 1237 2800 1293 Carolus
2827 1237 2918 1292 his
2949 1238 3256 1292 consultus
3295 1237 3458 1292 misit
3491 1241 3837 1293 Franconem

2200 1325 2718 1398 archiepiscopum
2746 1328 3291 1395 Rothomagensem
3323 1327 3400 1382 ad
3423 1327 3732 1384 Rollonem
3753 1345 3837 1399 pa-

2200 1431 2498 1484 ganorum
2523 1415 2759 1472 ducem.
2797 1417 2905 1482 Qui
2936 1417 3181 1473 veniens
3212 1417 3290 1472 ad
3317 1433 3456 1472 eum
3484 1416 3727 1472 blandis
3747 1433 3840 1472 ser-

2201 1501 2483 1557 monibus
2531 1503 2708 1574 coapit
2759 1503 3014 1575 alloqui:
3073 1527 3100 1551 ‹‹
3127 1504 3408 1560 Omnium
3451 1505 3681 1560 ducum
3709 1521 3836 1577 prae-

2132 1612 2170 1664 Β
2201 1591 2579 1657 stantissime,
2627 1597 3101 1664 cunctorumque
3150 1592 3711 1664 praecellentissime,
3753 1592 3840 1647 liti-

2202 1680 2374 1749 gabis
2405 1681 2521 1735 vita
2569 1681 2785 1736 comite
2817 1697 3054 1753 semper
3083 1688 3289 1737 contra
3319 1684 3607 1748 Francos,
3635 1681 3837 1755 praelia-

2199 1769 2359 1824 beris
2393 1786 2628 1842 semper
2678 1775 2888 1826 contra
2914 1770 3096 1826 illos?
3145 1770 3298 1836 Quid
3352 1770 3425 1826 de
3477 1777 3530 1826 te
3575 1772 3624 1826 si
3675 1777 3837 1826 morte

2199 1864 2655 1931 praeoccupatus
2688 1859 2914 1914 fueris?
2947 1861 3126 1930 Cujus
3150 1860 3420 1929 ﬁgmenti
3450 1876 3514 1915 es
3533 1861 3561 1916 ?
3591 1864 3767 1916 Deum
3794 1865 3835 1914 te

2199 1964 2327 2003 esse
2357 1949 2666 2004 aestimas?
2709 1949 2872 2004 Limo
2908 1949 3261 2021 plasmatus,
3295 1965 3496 2005 nonne
3541 1950 3724 2005 homo
3751 1951 3836 2004 es?

2201 2041 2404 2093 Nonne
2444 2054 2504 2092 es
2553 2055 2695 2094 esca
2738 2038 3050 2104 vermium,
3085 2039 3353 2111 cinisque
3382 2045 3439 2094 et
3466 2038 3709 2111 pulvis?
3747 2042 3836 2095 Me-

2198 2131 2399 2182 mento
2429 2126 2622 2198 qualis
2653 2143 2715 2181 es
2746 2131 2802 2183 et
2833 2127 2968 2196 eris,
2993 2134 3050 2184 et
3079 2129 3254 2198 cujus
3279 2127 3505 2198 judicio
3531 2128 3836 2184 damnabe—

2198 2215 2295 2270 ris.
2331 2215 2612 2285 Herebro,
2663 2221 2728 2271 ut
2775 2233 2926 2284 reor,
2961 2217 3192 2283 frueris,
3223 2233 3332 2272 nec
3377 2233 3744 2289 quemquam
3771 2216 3837 2270 la-

2200 2321 2393 2360 cesses
2433 2305 2585 2360 ultra
2616 2305 2852 2377 praeliis.
2905 2307 2961 2363 Si
3007 2306 3092 2361 vis
3137 2306 3500 2363 Christianus
3539 2307 3683 2374 ﬁeri,
3711 2322 3838 2378 prte-

2201 2393 2350 2448 senti
2400 2394 2718 2466 futuraque
2771 2411 2918 2466 pace
2965 2396 3185 2466 poteris
3234 2396 3368 2464 frui,
3412 2395 3834 2467 ditissimusque

2199 2483 2313 2538 hac
2345 2488 2498 2537 terra
2524 2483 2766 2551 morari,
2801 2483 3044 2540 Carolus
3073 2501 3175 2540 rex
3206 2484 3690 2557 patientissimus,
3713 2499 3835 2538 con-

2201 2570 2330 2626 silio
2362 2587 2612 2626 suorum
2641 2571 2876 2636 ductus,
2910 2573 3066 2628 hanc
3123 2578 3335 2628 terram
3387 2573 3740 2629 maritimam
3767 2571 3834 2626 ab

2199 2659 2490 2729 Anstigno
2519 2665 2576 2716 et
2605 2676 2640 2715 a
2670 2666 2724 2716 te
2748 2661 3002 2716 nimium
3029 2662 3399 2718 devastatam
3420 2661 3546 2718 vult
3570 2662 3669 2718 tibi
3687 2662 3828 2716 dare.

2203 2750 2355 2814 Quin
2396 2749 2574 2805 etiam
2625 2754 2688 2804 ut
2739 2766 2860 2822 pax
2907 2755 2964 2806 et
3004 2751 3345 2818 concordia,
3381 2756 3562 2824 atque
3602 2748 3828 2806 amicitia

2199 2838 2395 2910 ﬁrma,
2441 2844 2497 2894 et
2535 2839 2762 2894 stabilis
2809 2845 2988 2912 atque
3033 2841 3339 2911 continua,
3383 2841 3551 2896 omni
3595 2847 3827 2912 tempore

2199 2928 2350 2984 inter
2387 2933 2440 2984 te
2491 2934 2546 2984 et
2592 2928 2758 2984 illum
2788 2935 3156 3002 permaneat,
3189 2931 3374 2986 filiam
3405 2947 3604 3000 suam,
3635 2929 3825 2985 Gislam

2200 3020 2462 3085 nomine,
2530 3035 2779 3075 uxorem
2833 3020 2895 3074 in
2953 3020 3234 3092 conjugio
3300 3021 3466 3077 dabit
3531 3021 3662 3088 tibi;
3722 3034 3825 3090 qua

2199 3108 2417 3180 copula
2449 3107 2614 3180 prole
2643 3108 2957 3174 laetaberis,
2989 3125 3364 3182 regnumque
3406 3110 3470 3165 in
3501 3113 3812 3182 perpetuum

2199 3198 2495 3254 tenebis.»
2529 3200 2657 3263 Quo
2679 3197 2906 3264 audito,
2933 3204 3223 3255 convocat
3254 3201 3512 3271 majores
3539 3203 3811 3260 Dacorum,

2199 3293 2255 3342 et
2298 3304 2432 3358 qua:
2480 3287 2797 3360 episcopus
2847 3286 2957 3342 sibi
3010 3287 3205 3344 retulit
3256 3294 3461 3344 narrat
3497 3290 3558 3344 in
3603 3284 3820 3342 auribus

2199 3390 2428 3430 eorum.
2463 3374 2602 3430 Daci
2635 3390 2793 3437 vero,
2827 3375 3272 3432 reminiscentes
3315 3377 3533 3432 somnii
3577 3377 3824 3446 interpre-

2202 3462 2514 3530 tationum,
2563 3464 2841 3520 dixerunt
2889 3464 3153 3522 Rolloni:
3217 3466 3397 3522 Terra
3447 3467 3572 3522 haec
3615 3464 3825 3538 penitus

2200 3551 2468 3608 desolata
2492 3552 2778 3610 militibus
2810 3554 3063 3626 privata,
3085 3560 3284 3612 aratro
3310 3573 3432 3613 non
3459 3555 3718 3620 exercita,
3747 3567 3828 3608 ar-

2197 3639 2448 3697 boribus
2489 3641 2666 3696 bonis
2715 3642 2947 3709 referta,
2983 3643 3180 3698 fluviis
3233 3658 3444 3713 genere
3475 3643 3828 3698 diversorum

2199 3729 2455 3802 piscium
2511 3729 2702 3802 plenis
2759 3731 2976 3803 divisa,
3029 3737 3250 3788 venatu
3303 3731 3594 3805 opulenta,
3648 3727 3826 3785 vineis

2200 3835 2323 3875 non
2354 3819 2585 3890 ignara,
2619 3819 2807 3890 glebis
2837 3821 3024 3878 cultro
3051 3821 3370 3878 elaboratis
3395 3821 3666 3887 fecunda,
3693 3816 3830 3874 mari

2199 3907 2570 3965 afﬂuentiam
2625 3909 2999 3966 diversarum
3058 3928 3258 3968 rerum
3318 3912 3534 3968 daturo
3599 3926 3669 3966 ex
3724 3922 3828 3964 una

2198 4003 2365 4072 parte
2431 3999 2821 4069 circumdata,
2890 4000 3073 4057 altera
3137 4001 3493 4057 decursibus
3560 4013 3827 4074 aquarum

2199 4086 2645 4160 deportantium
2699 4087 2942 4158 navigio
2992 4093 3210 4146 cuncta
3250 4089 3438 4158 bona,
3472 4089 3646 4161 quasi
3682 4090 3832 4144 Fran-

2200 4176 2304 4233 ciaa
2344 4192 2528 4247 regno
2559 4175 2987 4247 discriminata,
3024 4178 3070 4233 si
3102 4178 3274 4234 fuerit
3303 4177 3640 4250 frequentia
3663 4175 3828 4233 homi-

2199 4282 2346 4322 num
2409 4266 2663 4335 visitata,
2725 4265 2900 4322 valde
2968 4267 3076 4322 erit
3125 4266 3327 4323 fertilis
3396 4273 3453 4324 et
3517 4266 3829 4324 uberrima:

2198 4354 2494 4427 nobisque
2542 4354 2617 4410 ad
2667 4354 3066 4412 habitandum
3115 4355 3412 4412 sufﬁciens
3461 4361 3521 4412 et
3570 4368 3832 4425 congrua.

2202 4443 2342 4500 Filia
2389 4459 2573 4515 quam
2614 4443 2718 4499 tibi
2761 4443 3036 4515 spondet,
3069 4445 3377 4517 utriusque
3425 4444 3731 4517 progeniei
3760 4457 3834 4497 se-

2199 4532 2359 4587 mine
2397 4531 2744 4601 regulariter
2791 4537 3016 4599 exorta,
3053 4537 3290 4589 staturae
3321 4534 3677 4606 proceritate
3719 4545 3840 4588 con-

2200 4636 2368 4691 grua,
2411 4621 2626 4691 forma,
2659 4626 2724 4676 ut
2765 4621 3128 4689 audivimus,
3178 4621 3646 4692 elegantissima,
3691 4621 3839 4688 virgo

2197 4711 2600 4782 integerrima,
2654 4711 2902 4767 consilio
2951 4712 3222 4786 provida,
3272 4712 3606 4770 forensium
3659 4725 3842 4769 rerum

2196 4799 2435 4868 negotio
2509 4804 2705 4866 cauta,
2780 4801 3233 4857 conversatione
3306 4800 3616 4869 facillima,
3687 4799 3842 4857 collo-

2197 4889 2340 4962 quio
2387 4889 2821 4958 afl‘abilissima,
2870 4907 3167 4949 manuum
3220 4889 3424 4946 labore
3472 4891 3841 4962 peritissima,

2196 4979 2343 5052 quin
2395 4979 2574 5035 etiam
2624 4979 2958 5049 virginibus
3001 4980 3230 5036 cunctis
3281 4979 3841 5053 preecellentissima,

2196 5069 2365 5124 decet
2419 5073 2483 5124 ut
2533 5068 2843 5142 copuletur
2890 5069 2993 5125 tibi
3054 5069 3399 5125 connubiali
3446 5070 3745 5126 amicitiae.
3792 5069 3847 5122 Et

2197 5173 2268 5211 ex
2299 5157 2412 5212 hoc
2441 5157 2672 5212 videtur
2711 5156 3011 5213 salubrius
3057 5157 3232 5213 nobis
3276 5157 3622 5223 consilium,
3649 5159 3708 5214 in
3736 5170 3844 5213 me-

2196 5245 2312 5300 lius
2344 5245 2742 5317 profuturum,
2777 5251 2833 5302 et
2863 5246 2939 5302 ab
2966 5247 3221 5317 alicujus
3247 5246 3388 5303 rixa:
3419 5264 3624 5304 errore
3655 5249 3846 5304 incon-

2197 5334 2457 5402 vulsum,
2481 5335 2647 5407 quod
2675 5335 2859 5391 ﬁliam
2882 5337 3037 5406 regis
3066 5336 3318 5392 habebis
3348 5336 3408 5392 in
3439 5338 3731 5408 conjugio
3759 5337 3848 5390 fa:-

2198 5424 2428 5479 derum.
2464 5424 2856 5481 Reminiscere
2879 5425 3094 5481 somnii
3126 5427 3714 5498 interpretationum,
3737 5441 3850 5496 my-

2197 5513 2600 5586 sticorumque
2631 5514 2759 5584 ejus
2806 5515 3231 5571 intellectuum.
3267 5518 3335 5570 Iit
3377 5531 3607 5582 remur,
3639 5517 3701 5572 in
3739 5513 3849 5569 istis

2193 5601 2416 5660 ﬁnibus
2459 5606 2713 5660 vertetur
2751 5603 2926 5660 nobis
2978 5604 3040 5659 in
3081 5620 3458 5677 prosperum.
3497 5605 3659 5662 Satis
3709 5618 3848 5677 pra:-
