4004 6178
138 135 230 190 649

716 128 817 183 DE
861 129 1106 186 GESTIS
1145 129 1574 185 NORMANNIE
1614 130 1805 185 DUCUI

1927 130 2068 184 .lBRl
2106 131 2301 189 TRES.
2344 166 2411 175 -—
2461 138 2588 192 LIB.
2631 141 2695 194 ll.
2740 138 2990 195 ROLLO.

3458 145 3563 200 650

134 257 252 314 liati
267 270 500 318 sumus,
528 255 939 325 Francosque
960 251 1394 308 debellavimus
1413 271 1426 320 ;
1446 268 1820 327 consequens
1857 256 1898 308 A
1933 253 2052 309 ﬁlio
2079 274 2091 323 ;
2125 271 2237 325 ego
2270 256 2371 327 illi,
2405 263 2470 314 ut
2498 260 2656 316 ﬁlius
2682 262 2852 334 patri.
2889 264 3156 320 Gaudeat
3181 279 3316 320 mea
3344 280 3589 339 prospe-

131 347 363 404 videtur
385 343 566 398 nobis
601 347 670 398 ut
699 344 1186 414 requiescamus,
1220 343 1627 415 fructibusque
1653 347 1822 399 terrae

131 436 423 510 patienter
447 433 755 488 fruamur.
795 431 1046 487 Remitte
1096 432 1220 501 regi
1276 432 1646 506 epis00pum,
1687 438 1752 488 ut
1775 433 1822 488 si

127 525 364 583 dederit
391 523 500 578 tibi
525 522 701 596 quod
735 520 1093 593 spopondit,
1128 525 1184 576 te
1214 521 1376 578 dicat
1430 539 1539 577 suo
1587 522 1822 578 servitio

127 633 261 674 esse
312 623 696 688 promptum.
750 610 1066 666 Remanda
1121 609 1173 665 ei
1233 611 1604 668 securitatem
1657 612 1821 685 pacis

126 707 314 763 trium
347 703 680 770 mensium,
713 706 773 758 et
804 705 871 756 ut
903 703 1232 772 sequestra
1264 699 1429 772 pacis
1476 699 1668 770 spatio
1718 715 1820 754 ve-

125 797 280 863 niat,
313 793 368 849 si
391 792 538 858 vult,
569 795 787 846 contra
823 795 875 845 te
903 788 982 844 ad
1015 787 1325 860 placitum,
1370 788 1663 862 faciatque
1693 803 1819 843 ver-

128 885 361 941 borum
393 899 648 938 suorum
675 885 732 937 et
762 877 1240 953 promissionem
1265 882 1321 933 te
1351 894 1456 950 per
1481 878 1684 934 omnia
1733 893 1820 932 se-

127 990 374 1031 eurum.
409 996 435 1022 ››
480 970 691 1028 Statim
744 968 914 1025 Rollo
956 983 1142 1039 supra
1173 966 1332 1022 dicto
1373 967 1655 1040 episcopo
1683 966 1818 1022 inti-

129 1063 345 1129 mavit,
379 1061 630 1132 regique
661 1063 726 1114 ut
746 1059 878 1114 haec
909 1057 1133 1112 diceret
1161 1055 1242 1110 ad
1271 1072 1410 1111 eum
1431 1055 1672 1112 remisit.
1708 1055 1818 1122 Qui

127 1152 388 1209 veniens
419 1149 498 1206 ad
528 1163 761 1217 regem,
792 1149 1126 1202 convocato
1153 1144 1599 1217 episcoporum,
1641 1145 1820 1201 comi-

129 1248 287 1306 tum,
342 1245 524 1312 atque
583 1237 883 1292 abbatum
930 1240 1108 1302 coetu,
1168 1233 1314 1289 dixit
1367 1253 1380 1289 :
1442 1234 1656 1290 «Rollo
1695 1235 1818 1290 dux

129 1331 699 1388 Northmannorum
721 1324 828 1380 tibi
855 1323 1080 1380 amoris
1103 1327 1160 1378 et
1187 1321 1462 1378 amicitiae
1511 1323 1818 1379 inextrica-

127 1418 292 1488 bilis,
323 1415 478 1488 quin
507 1414 692 1470 etiam
717 1411 939 1467 servitii
981 1415 1249 1483 pactum,
1279 1409 1327 1464 si
1365 1409 1601 1465 dederis
1629 1410 1816 1466 ﬁliam

131 1510 326 1573 tuam,
352 1508 418 1559 ut
449 1503 506 1558 ei
534 1500 757 1569 dixisti,
801 1499 1146 1570 conjugem,
1203 1504 1541 1570 terramque
1597 1499 1818 1556 mariti-

132 1612 300 1650 mam
334 1594 398 1648 in
433 1591 869 1664 sempiternam
899 1605 1007 1661 per
1037 1588 1353 1660 progenies
1390 1589 1815 1660 progenierum

130 1683 614 1758 possessionem,
668 1695 888 1735 manus
944 1695 1087 1733 suas
1156 1694 1216 1733 se
1273 1678 1662 1749 subjugando
1711 1678 1816 1734 tibi

129 1773 303 1830 dabit
330 1770 637 1827 ﬁdelitatis
676 1769 890 1838 gratia,
919 1772 1213 1839 tuumque
1267 1766 1576 1823 servitium
1631 1767 1817 1822 inces-

131 1867 338 1918 santer
359 1857 646 1932 explebit.
681 1855 1023 1928 Poterisque
1045 1871 1151 1927 per
1181 1872 1322 1911 eum
1351 1855 1730 1911 obstantium
1761 1860 1819 1911 et

125 1951 512 2024 jurgantium
545 1953 813 2004 tumores
848 1950 1057 2001 contra
1089 1949 1141 2001 te
1170 1944 1510 2012 retundere,
1531 1946 1817 2002 nimium-

130 2057 252 2115 que
281 2038 660 2097 confortatus
711 2035 1146 2092 convalescere.
1185 2058 1212 2084 »
1267 2035 1368 2090 His
1399 2035 1479 2090 ab
1525 2036 1816 2109 episcopo

135 2129 510 2196 renuntiatis,
546 2124 1044 2196 congratulantur
1076 2124 1300 2192 Franci,
1357 2131 1816 2199 suggeruntque

133 2221 457 2278 unanimes
506 2217 634 2288 regi
694 2221 760 2272 ut
811 2215 912 2271 det
957 2214 1147 2270 ﬁliam
1218 2230 1392 2270 suam
1467 2220 1815 2290 terramque

133 2310 390 2366 Rolloni.
425 2311 546 2364 Rex
566 2323 712 2363 vero
745 2308 1135 2372 Francorum,
1167 2318 1341 2375 prece
1362 2308 1628 2372 coactus,
1648 2303 1817 2361 dedit

131 2400 325 2457 ﬁliam
351 2415 527 2454 suam
555 2398 678 2452 vice
711 2394 974 2451 Rollonis
1003 2393 1288 2466 episcopo
1318 2408 1423 2465 per
1452 2395 1700 2466 pignus,
1748 2394 1811 2450 in

132 2488 378 2544 vinculo
411 2484 770 2544 sacramenti
793 2488 851 2540 et
879 2482 1333 2554 conjurationis.
1370 2481 1465 2537 His
1484 2499 1688 2540 rerum
1706 2501 1812 2557 op-

131 2577 606 2652 portunitatibus
640 2575 834 2638 factis,
869 2571 1298 2639 determinatis,
1335 2577 1392 2628 et
1438 2574 1811 2630 confirmatis

132 2673 408 2742 tempore
465 2667 719 2738 locoque
764 2663 1185 2731 determinato,
1263 2666 1441 2735 atque
1500 2669 1811 2735 sequestra

131 2773 286 2833 pace
336 2756 495 2821 data,
546 2754 850 2810 redierunt
932 2751 1160 2824 quique
1235 2750 1312 2806 ad
1369 2767 1496 2806 sua.
1580 2755 1809 2808 Franco

133 2845 635 2917 Rotbomagensis
663 2842 1155 2914 archiepiscopus
1186 2840 1492 2897 Rollonem
1533 2842 1698 2909 adiit,
1752 2847 1809 2898 et

135 2943 358 2993 cuncta
386 2952 521 3008 quae
547 2934 683 2990 fecit
707 2931 1035 2988 ordinatim
1064 2929 1146 2985 illi
1175 2929 1478 2986 narrando
1504 2931 1802 3002 exposuit.

137 3025 306 3080 Rollo
338 3024 514 3095 igitur
542 3027 598 3078 et
622 3021 736 3092 sui,
772 3020 865 3076 his
896 3018 1268 3086 renuntiatis,
1325 3018 1582 3074 nimium
1639 3019 1806 3075 exhi-

1849 1636 1890 1690 Β

1843 2983 1883 3038 C

1929 343 2120 416 ritate,
2163 345 2423 402 tristetur
2450 365 2586 406 mea
2611 351 2984 409 adversitate.
3019 355 3160 419 Quae
3187 369 3336 408 mea“:
3389 359 3589 426 potes-

1928 432 2064 489 tatis
2097 441 2253 508 sunt,
2284 437 2374 493 sui
2391 439 2542 509 juris
2570 441 2707 509 sint,
2739 446 2795 497 et
2819 458 2959 514 quae.
2982 443 3099 499 mei
3121 443 3292 515 juris,
3325 460 3448 500 suae
3475 461 3584 517 po-

1931 523 2158 578 testatis
2215 525 2346 581 sint.
2383 550 2412 576 ››
2471 529 2868 584 lnternuntius
2924 530 3101 600 igitur
3159 548 3295 604 quaa
3345 532 3588 601 audivit,

1929 612 2208 669 Rotberto
2233 614 2371 672 duci
2398 618 2778 674 renuntiavit.
2811 620 3036 675 Statuto
3065 620 3284 676 idcirco
3320 626 3587 695 tempore

1928 707 2220 758 venerunt
2241 705 2318 759 ad
2343 705 2808 763 determinatum
2849 707 3072 774 locum,
3123 708 3228 780 qui
3257 709 3473 765 dicitur
3511 711 3590 766 ad

1930 791 2214 848 Sanctum
2242 793 2495 850 Clerum.
2527 795 2786 852 Rollonis
2816 801 3016 853 autem
3037 796 3119 852 cis
3152 799 3310 868 Eptae
3341 798 3591 854 fluvium

1928 880 2080 936 sedit
2108 882 2416 952 exercitus,
2444 885 2599 955 regis
2629 901 2772 942 vero
2797 891 2854 942 et
2905 885 3164 942 Rotberti
3221 886 3588 942 altrinsecus.

1929 971 2236 1043 Extemplo
2265 973 2428 1029 Rollo
2455 975 2614 1030 misit
2639 975 2716 1030 ad
2745 991 2948 1046 regem
2982 978 3344 1030 Francorum
3402 975 3593 1030 archi-

1926 1059 2282 1134 episcopum
2307 1063 2492 1120 verba
2520 1065 2776 1120 dicenda
2807 1065 3107 1120 dicturum
3153 1082 3165 1120 :
3219 1088 3244 1112 «
3281 1063 3445 1121 Rollo
3470 1079 3596 1121 non

1925 1153 2122 1221 potest
2151 1154 2345 1208 tecum
2373 1153 2697 1226 paciﬁcari,
2752 1153 2897 1226 quia
2945 1158 3100 1209 terra
3129 1169 3316 1226 quam
3372 1152 3453 1209 illi
3504 1153 3596 1208 vis

1926 1238 2070 1294 dare
2121 1239 2346 1296 inculta
2393 1246 2481 1297 est
2538 1259 2802 1312 vomere,
2854 1241 3160 1314 pecudum
3220 1245 3277 1297 et
3305 1258 3594 1314 pecorum

1927 1343 2105 1399 grege
2155 1331 2404 1387 omnino
2460 1331 2710 1404 privata,
2776 1331 3215 1403 hominumque
3275 1329 3594 1402 praesentia

1925 1418 2226 1475 frustrata.
2264 1424 2392 1476 Non
2434 1421 2690 1477 habetur
2717 1422 2777 1476 in
2810 1437 2882 1476 ea
2913 1420 3072 1475 unde
3130 1421 3320 1494 possit
3377 1419 3593 1488 vivere,

1925 1505 2039 1560 nisi
2065 1505 2279 1579 rapina
2305 1513 2362 1563 et
2386 1508 2774 1579 praedatione.
2805 1509 2889 1563 Da
2914 1507 2992 1562 illi
3051 1507 3299 1580 aliquod
3337 1522 3596 1577 regnum

1926 1595 2086 1652 unde
2145 1597 2440 1652 conducat
2495 1597 2605 1652 sibi
2661 1598 2886 1669 cibum,
2939 1601 2996 1653 et
3043 1597 3344 1665 vestitum,
3404 1597 3598 1653 donec

1924 1686 2245 1758 impleatur
2285 1694 2440 1744 terra
2469 1705 2656 1752 quam
2709 1688 2788 1743 illi
2829 1689 2939 1744 das
2969 1688 3415 1762 opulentiarum
3446 1705 3593 1746 con-

1927 1778 2105 1846 gerie,
2162 1778 2492 1851 reddatque
2566 1779 2932 1852 temporinos
3007 1779 3233 1834 fructus
3306 1779 3598 1850 victuum,

1926 1867 2266 1936 hominum,
2295 1874 2351 1924 et
2383 1869 2755 1926 animalium.
2816 1870 2969 1936 Quin
3023 1868 3201 1924 etiam
3252 1885 3376 1925 non
3403 1871 3600 1927 conci-

1924 1955 2164 2014 liabitur
2185 1958 2310 2024 tibi,
2334 1958 2449 2014 nisi
2480 1964 2658 2029 terra,
2690 1976 2877 2033 quam
2907 1959 3156 2016 daturus
3188 1975 3276 2031 es,
3311 1959 3371 2015 in
3394 1976 3597 2016 sacra-

1926 2047 2130 2099 mento
2161 2043 2506 2100 Christianae
2537 2043 2839 2114 religionis
2858 2043 3176 2115 jnraveris,
3205 2048 3270 2099 tu
3300 2049 3356 2100 et
3403 2045 3602 2101 archi-

1926 2132 2214 2204 praesules
2269 2137 2326 2187 et
2377 2131 2664 2206 episcopi,
2721 2132 2968 2190 comites
3022 2137 3079 2188 et
3124 2131 3377 2190 abbates
3418 2133 3599 2190 totius

1927 2221 2118 2291 regni,
2147 2225 2213 2278 ut
2238 2225 2435 2277 teneat
2462 2219 2590 2292 ipse
2621 2227 2677 2278 et
2703 2237 3077 2278 successores
3100 2221 3229 2292 ejus
3259 2222 3456 2296 ipsam
3478 2227 3596 2278 ter-

1927 2326 2061 2366 ram
2088 2311 2166 2366 ab
2199 2313 2357 2384 Eptar
2379 2309 2623 2366 ﬂuviolo
2647 2311 2724 2366 ad
2746 2326 2912 2368 mare
2929 2326 3119 2382 usque
3145 2311 3321 2384 quasi
3342 2311 3602 2368 fundum

1922 2403 1980 2453 et
2009 2399 2257 2455 alodum
2282 2399 2346 2453 in
2375 2397 2828 2470 sempiternum.
2865 2423 2891 2449 ››
2921 2401 3081 2455 Tunc
3133 2400 3448 2456 Rotbertus
3474 2401 3602 2455 dux

1924 2491 2310 2554 Francorum,
2372 2491 2429 2542 et
2465 2487 2570 2558 qui
2623 2488 2871 2544 aderant
2921 2487 3164 2544 comites
3218 2493 3273 2544 et
3303 2488 3593 2561 episcopi,

1923 2593 2064 2632 cum
2119 2577 2464 2641 abbatibus,
2525 2575 2802 2632 dixerunt
2848 2577 2971 2647 regi
3014 2593 3026 2630 :
3085 2600 3111 2625 ‹‹
3141 2580 3269 2633 Non
3337 2577 3592 2633 habebis

1919 2661 2141 2717 ducem
2164 2661 2306 2717 tanti
2343 2659 2609 2726 honoris,
2644 2662 2756 2716 nisi
2785 2661 2952 2734 quod
2974 2661 3339 2734 concupiscit
3359 2660 3587 2717 feceris.

1923 2751 1980 2807 Si
2010 2767 2134 2807 non
2167 2755 2409 2825 propter
2438 2750 2743 2806 servitium
2773 2751 2939 2824 quod
2969 2751 3187 2824 reperit
3238 2768 3274 2807 a
3332 2756 3385 2806 te
3411 2750 3593 2806 dede-

1917 2840 2020 2909 ris,
2052 2840 2266 2897 saltem
2296 2840 2376 2896 da
2405 2839 2486 2895 illi
2515 2845 2761 2913 propter
2790 2841 3014 2897 cultum
3068 2839 3413 2898 Christianas
3462 2839 3593 2896 reli-

1919 2929 2230 3000 giositatis,
2263 2934 2329 2986 ut
2385 2929 2730 3002 acquiratur
2779 2935 2978 2986 tantus
3031 2931 3293 3004 populus
3337 2929 3589 2997 Christo,

1917 3018 2024 3090 qui
2055 3019 2324 3076 interitus
2369 3024 2456 3075 est
2508 3036 2707 3076 errore
2738 3019 3055 3076 diabolico.
3113 3023 3179 3077 Et
3231 3036 3305 3077 ne
3352 3019 3592 3078 culmen

133 3115 330 3181 larati,
387 3113 653 3186 typicum
725 3109 1096 3166 intellectum
1148 3113 1553 3165 rememorant
1634 3108 1808 3165 visio-
1918 3108 2098 3164 totius
2128 3109 2296 3179 regni
2317 3108 2422 3179 tui,
2466 3109 2758 3176 Ecclesiae,
2791 3127 2923 3183 quae
2953 3109 3316 3166 adnihiletur
3361 3109 3592 3182 impetu

135 3219 252 3258 IIIS.

208 3292 528 3348 Rotbertus
568 3295 772 3346 autem
824 3287 950 3343 dux
999 3303 1140 3343 cum
1189 3287 1451 3343 audisset
1493 3287 1658 3360 quod
1701 3303 1805 3342 rex

136 3381 388 3439 Carolus
418 3381 603 3436 ﬁliam
633 3394 811 3435 suam
841 3377 1012 3433 daret
1040 3374 1290 3443 Rolloni,
1325 3381 1380 3432 et
1425 3375 1808 3449 paciﬁcaren-

134 3476 232 3526 tur
255 3470 522 3526 vicissim
551 3484 793 3542 paxque
815 3467 983 3523 ﬁeret
1010 3465 1190 3522 totius
1214 3465 1396 3534 orbis,
1427 3465 1587 3522 misit
1605 3466 1805 3521 verbis

135 3559 409 3632 paciﬁcis
437 3559 513 3615 ad
528 3558 836 3614 Rollonem
859 3555 1152 3611 nuncium
1170 3555 1597 3629 subsequentia
1621 3555 1808 3611 verba

133 3650 463 3705 dicturum.
518 3651 785 3720 Cumque
809 3645 1065 3702 adesset.
1095 3644 1324 3701 Rolloni
1371 3645 1570 3700 verbis
1600 3661 1806 3718 preca-

131 3739 274 3794 tivis
309 3738 456 3793 dixit
485 3757 500 3794 :
534 3759 561 3785 ‹‹
596 3736 910 3793 Rotbertus
936 3734 1061 3790 dux
1089 3737 1450 3790 Francorum
1498 3734 1601 3790 tibi
1631 3733 1804 3790 ﬁdele

135 3827 471 3883 servitium.
503 3824 742 3881 Audivit
769 3823 1159 3880 concordiam
1180 3823 1262 3879 tui
1289 3828 1346 3879 et
1371 3823 1545 3894 regis,
1577 3828 1634 3878 et
1666 3823 1804 3878 inde

133 3915 376 3971 laetatur
397 3914 592 3982 nimis,
629 3915 977 3983 Congruum
1011 3927 1141 3967 esse
1181 3911 1286 3967 tibi
1315 3911 1476 3978 dicit,
1537 3916 1592 3966 te
1643 3915 1806 3966 tuos-

132 4021 255 4077 que
294 4003 689 4076 requiescere,
744 4007 1086 4073 terramque
1143 4000 1349 4057 datam
1417 3998 1802 4066 rmediﬁcare,

131 4095 324 4150 urbes
348 4097 407 4149 et
435 4093 655 4149 muenia
678 4097 1033 4157 restaurare,
1089 4095 1262 4163 teque
1315 4095 1606 4164 perpetua
1655 4103 1804 4160 pace

129 4183 361 4238 vivere.
401 4180 549 4237 Satis
578 4178 887 4236 exercuisti
934 4177 1158 4250 praelia,
1186 4177 1328 4234 satis
1379 4175 1804 4234 demonstrasti

132 4287 316 4327 arma
345 4269 555 4326 virilia.
590 4269 740 4326 Satis
763 4268 935 4339 cujus
961 4267 1188 4324 virtutis
1245 4283 1408 4323 esses
1465 4265 1801 4335 declarasti,

133 4361 286 4416 satis
318 4359 591 4432 plurimis
612 4357 889 4431 periculis
919 4357 1262 4428 incubuisti,
1296 4357 1439 4413 satis
1488 4371 1594 4412 vas
1648 4371 1802 4411 eme-

131 4451 312 4516 ritus,
373 4447 517 4503 satis
557 4451 677 4502 toto
719 4446 863 4503 orbe
910 4445 1212 4503 laudatus.
1299 4445 1453 4511 Quin
1501 4445 1624 4500 imo
1680 4444 1807 4500 dux

130 4538 305 4594 idem
357 4537 723 4609 deprecans,
777 4536 946 4592 ﬂexis
1004 4535 1189 4592 animi
1243 4535 1498 4606 genibus
1555 4534 1808 4591 mandat

133 4626 269 4695 tibi,
330 4630 397 4680 ut
438 4624 810 4681 testiﬁcatum
888 4623 951 4680 in
1013 4623 1226 4679 Christi
1309 4623 1554 4680 nomine
1639 4627 1694 4678 et
1744 4625 1805 4679 in

133 4714 306 4770 fonte
349 4712 654 4768 salutifero
708 4711 1068 4785 baptismate
1112 4710 1303 4767 lotum
1347 4710 1570 4784 suscipi
1621 4710 1698 4766 ab
1733 4727 1804 4766 eo

135 4810 191 4860 te
259 4803 449 4858 sinas.
513 4801 654 4857 Hinc
711 4801 890 4869 eritis,
951 4801 998 4856 si
1056 4800 1160 4856 tibi
1212 4801 1521 4874 placuerit,
1569 4801 1808 4873 insepa-

135 4893 408 4949 rabiliter
459 4890 563 4946 ﬁdi
619 4890 814 4961 amici,
871 4889 1193 4964 nullusque
1238 4896 1445 4948 contra
1493 4907 1602 4946 vos
1650 4896 1806 4947 stare

137 4981 380 5054 poterit,
431 4979 721 5052 facietque
765 4979 1130 5036 incessanter
1167 4984 1436 5035 vestrum
1476 4978 1806 5048 servitium,

136 5085 473 5143 regemque
528 5069 632 5125 tibi
676 5069 841 5125 omni
905 5073 1173 5142 tempore
1225 5068 1672 5125 benevolum.»
1708 5068 1808 5123 His

137 5160 338 5230 dictis,
397 5158 644 5214 consilio
699 5157 1019 5215 Franconis
1092 5157 1377 5231 episcopi.
1438 5174 1807 5230 suorumque

138 5250 438 5306 comitum
468 5247 612 5304 dixit
646 5267 658 5304 :
684 5271 710 5296 ‹‹
747 5248 886 5304 Volo
917 5246 1250 5304 consentire
1275 5246 1400 5318 regi
1424 5246 1803 5320 Francisque,

139 5346 203 5395 ut
230 5338 442 5396 veniat
471 5337 549 5393 ad
572 5337 1024 5394 denominatum
1058 5336 1368 5408 placitum,
1401 5352 1618 5408 meque
1648 5336 1805 5392 redi-
1847 5342 1854 5351 '

139 5435 261 5485 mat
292 5428 461 5484 fonte
485 5426 860 5482 immersum.
895 5425 998 5480 Hic
1025 5424 1171 5480 mihi
1221 5425 1292 5482 sit
1319 5429 1572 5499 paterno
1599 5441 1802 5481 amore

138 5535 246 5592 pro
296 5523 491 5592 patre,
554 5532 666 5586 ego
715 5516 973 5571 ﬁliorum
1024 5513 1337 5572 dilectione
1392 5531 1493 5570 ero
1568 5513 1649 5569 illi
1698 5529 1806 5586 pro

136 5608 280 5666 ﬁlio.
314 5609 637 5666 Succurrat
665 5605 831 5672 mihi,
879 5605 931 5661 si
990 5619 1233 5661 necesse
1277 5603 1472 5673 fuerit,
1532 5607 1597 5662 ut
1636 5608 1809 5677 pater

438 5695 680 5752 PAIIOL.
722 5695 894 5751 CXLI.

1914 3196 2253 3254 infestantis
2284 3197 2595 3265 exercitus,
2626 3199 2800 3268 cujus
2823 3198 3232 3255 advocationis
3254 3197 3592 3272 patrocinio

1914 3286 2045 3342 vice
2069 3287 2282 3345 Christi
2312 3288 2594 3357 fungens,
2626 3287 2811 3344 debes
2840 3303 2975 3344 esse
3003 3304 3106 3343 rex
3142 3293 3200 3344 et
3251 3288 3590 3345 advocatus

1915 3377 2527 3433 constantissimus.»
2599 3379 2761 3433 Tunc
2835 3377 3258 3434 Flandrensem
3342 3382 3590 3442 terram,

1915 3471 1981 3522 ut
2037 3484 2110 3524 ex
2153 3485 2225 3524 ea
2281 3468 2522 3538 viveret,
2576 3467 2764 3524 voluit
2809 3484 2912 3523 rex
2961 3468 3014 3524 ei
3069 3467 3262 3536 dare;
3329 3468 3443 3524 sed
3501 3467 3597 3524 ille

1914 3555 2104 3613 noluit
2158 3574 2282 3630 prae
2330 3556 2648 3630 paludium
2705 3557 3095 3630 impeditione
3149 3559 3439 3632 recipere.
3490 3561 3598 3616 Ita-

1913 3661 2033 3718 que
2082 3647 2339 3719 spondet
2394 3663 2500 3703 rex
2531 3646 2584 3703 ei
2641 3647 3006 3704 Britanniam
3058 3647 3224 3719 dare,
3284 3663 3424 3721 qua:
3467 3653 3593 3707 erat

1912 3733 1973 3789 in
2031 3736 2291 3792 conﬁnio
2348 3735 2660 3808 promissae
2714 3741 2902 3792 terrae.
2952 3736 3109 3792 Illico
3165 3736 3488 3794 Rotbertus
3536 3745 3592 3796 et

1914 3825 2138 3880 Franco
2167 3825 2485 3896 episcopus
2515 3825 3010 3882 renuntiaverunt
3061 3826 3267 3881 omnia
3329 3825 3582 3900 Rolloni,

1912 3916 1970 3968 et
1998 3912 2381 3968 adduxerunt
2405 3913 2574 3968 illum
2629 3913 2963 3983 integritate
3022 3913 3368 3969 Christianae
3420 3915 3582 3987 ﬁdei,

1911 3999 2226 4056 obsidibus
2251 3999 2427 4067 datis,
2444 4001 2656 4056 Carolo
2708 4001 2853 4071 regi.
2881 4000 3088 4056 Franci
3116 4017 3258 4057 vero
3281 4000 3580 4060 intuentes

1912 4089 2225 4146 Rollonem
2257 4089 2434 4145 totius
2467 4089 2726 4146 Francia:
2756 4090 3116 4158 invasorem,
3170 4091 3450 4148 dixerunt
3503 4094 3584 4150 ad

1907 4177 2169 4235 invicem
2205 4195 2218 4234 :
2253 4200 2281 4228 «
2315 4181 2538 4249 Magnae
2568 4179 2847 4251 potentiae
2875 4179 2982 4235 iste
3027 4179 3172 4250 dux,
3221 4196 3583 4255 magnaeque

1909 4267 2159 4338 virtutis,
2191 4272 2373 4341 atque
2402 4268 2609 4337 magni
2655 4267 2886 4324 consilii
2939 4273 2996 4325 et
3040 4269 3395 4342 prudentia,
3429 4272 3576 4344 quin

1911 4358 2091 4415 etiam
2134 4357 2378 4428 laboris,
2433 4358 2539 4430 qui
2591 4361 2757 4414 tanta
2808 4357 3016 4431 praelia
3075 4360 3336 4416 exercuit
3375 4366 3583 4417 contra

1911 4447 2157 4506 comites
2211 4446 2383 4503 istius
2440 4445 2629 4517 regni.
2662 4469 2689 4497 »
2745 4446 2954 4505 Statim
3013 4449 3382 4506 Francorum
3413 4465 3583 4505 coac-

1909 4543 2008 4596 tus
2067 4536 2287 4605 verbis,
2362 4552 2583 4592 manus
2670 4553 2811 4593 suas
2886 4537 3050 4593 misit
3132 4537 3282 4593 inter
3360 4552 3580 4592 manus

1910 4627 2087 4697 regis,
2138 4625 2305 4700 quod
2361 4641 2678 4698 nunquam
2734 4631 2903 4699 pater
2951 4627 3104 4696 ejus,
3159 4631 3216 4682 et
3265 4641 3432 4694 avus,
3492 4631 3580 4680 at-

1911 4731 2031 4788 que
2079 4730 2344 4787 proavus
2400 4714 2685 4787 cuiquam
2729 4713 2884 4771 fecit.
2930 4713 3098 4770 Dedit
3152 4714 3351 4785 itaque
3391 4711 3580 4768 ﬁliam

1915 4821 2092 4860 suam
2151 4803 2373 4860 Gislam
2456 4803 2700 4860 nomine
2756 4819 3006 4859 uxorem
3086 4801 3168 4856 illi
3222 4799 3381 4867 duci,
3465 4805 3581 4857 ter-

1912 4909 2168 4967 ramque
2219 4891 2679 4949 determinatam
2733 4892 2792 4947 in
2861 4890 3062 4954 alodo,
3113 4893 3168 4945 et
3235 4889 3296 4944 in
3368 4887 3577 4956 fundo,

1915 4997 1952 5038 a
1995 4982 2243 5038 ﬂumine
2300 4985 2461 5054 Eptae
2504 4995 2695 5052 usque
2737 4979 2814 5035 ad
2861 4994 3051 5047 mare,
3101 4982 3407 5048 totamque
3467 4977 3583 5032 Bri-

1914 5071 2186 5130 tanniam
2239 5070 2314 5126 de
2373 5084 2499 5141 qua
2545 5072 2747 5140 posset
2805 5067 3022 5123 vivere.
3076 5064 3306 5122 Rolloni
3362 5064 3581 5136 pedem

1913 5160 2071 5230 regis
2127 5157 2350 5214 nolenti
2408 5155 2666 5212 osculari
2723 5155 3001 5211 dixerunt
3056 5153 3367 5228 episcopi:
3407 5175 3434 5200 ‹‹
3468 5153 3580 5221 Qui

1914 5248 2030 5305 tale
2052 5247 2282 5303 donum
2327 5244 2552 5318 recipit,
2585 5244 2791 5300 osculo
2822 5243 3000 5300 debet
3045 5248 3318 5318 expetere
3362 5243 3584 5316 pedem

1914 5335 2090 5407 regis.
2127 5355 2156 5386 »
2189 5337 2254 5390 Et
2283 5333 2378 5389 ille
2407 5350 2420 5388 :
2455 5355 2482 5381 «
2511 5335 2832 5405 Nunquam
2891 5331 3158 5388 curvabo
3217 5346 3416 5401 genua
3445 5349 3584 5388 mea

1917 5425 2172 5496 alicujus
2226 5423 2500 5496 genibus,
2562 5437 2671 5478 nec
2718 5421 3041 5478 osculabor
3084 5421 3424 5494 cujuspiam
3473 5438 3578 5494 pe-

1915 5515 2075 5572 dem.
2109 5537 2137 5564 »
2169 5515 2534 5570 Francorum
2560 5510 2738 5583 igitur
2763 5510 3040 5584 precibus
3071 5510 3448 5582 compulsus,
3461 5511 3587 5581 jus-

1915 5604 1990 5661 sit
2007 5603 2252 5662 cuidam
2273 5603 2442 5661 militi
2455 5601 2674 5676 pedem
2689 5600 2846 5673 regis
2862 5599 3260 5666 osculari.Qui
3277 5599 3478 5656 statim
3504 5617 3580 5673 pe

3222 5694 3284 5744 21
