4002 6186
449 149 542 199 65-!

1407 124 1711 182 DUDONIS
1753 120 2011 176 DECANI
2051 117 2106 171 S.
2149 115 2460 180 QUINTINI
2497 117 2876 173 VIROMAND.
2969 149 2982 160 ι

3771 113 3871 168 652

445 267 585 320 dem
612 265 768 334 regis
800 259 1106 332 arripiens,
1135 251 1471 326 deportavit
1502 249 1579 304 ad
1611 265 1678 303 es
1710 261 1908 310 suum,
1939 246 2097 296 stan—
2136 244 2184 293 A
2215 255 2436 311 scopus
2467 239 2710 294 nomine
2733 239 3056 303 Audemus,
3117 235 3301 304 signis
3333 240 3389 291 et
3433 234 3770 290 virtutibus
3798 236 3871 290 ni-

441 354 640 425 doque
667 332 870 407 defixit
895 345 1190 414 osculum,
1215 355 1536 412 regemque
1567 336 1700 392 fecit
1727 332 2096 406 resupinum.

444 449 642 514 Itaque
699 453 956 509 magnus
1013 433 1301 492 excitatur
1357 429 1534 493 risus,
1603 437 1983 495 magnusque
2037 419 2097 474 in

438 509 612 604 plebe
666 527 974 584 tumultus.
1035 526 1325 579 Caeterum
1379 516 1624 573 Carolus
1669 530 1792 572 rex.
1852 509 2098 604 duxque

441 620 774 682 Retbertus,
803 615 1176 686 comitesque
1193 616 1249 667 et
1279 623 1573 683 proceres,
1607 601 1894 676 praesules
1915 603 1972 654 et
1991 597 2094 652 al)-

436 709 626 780 batcs,
652 709 1005 780 juraverunt
1033 705 1408 758 sacramento
1458 693 1764 752 catholicae
1818 687 1955 744 iidei
1991 703 2096 759 pa-

439 799 604 855 tricio
634 796 864 854 Rolloni
889 794 1071 850 vitam
1101 807 1296 856 suam,
1329 793 1386 844 et
1407 784 1700 848 membra,
1725 785 1781 836 et
1801 780 2093 834 honorem

437 889 617 946 totius
641 885 826 955 regni,
861 886 1106 956 insuper
1137 885 1359 936 terram
1387 872 1858 931 denominatam.
1893 871 2098 939 quate-

437 995 552 1036 nus
581 978 777 1050 ipsam
803 977 1025 1032 teneret
1049 976 1105 1028 et
1122 969 1475 1044 possideret,
1499 961 1960 1030 haeredibusque
1985 962 2095 1012 tra-

438 1070 622 1135 deret,
664 1071 720 1122 et
743 1081 851 1138 per
879 1060 1173 1120 curricula
1203 1061 1559 1114 cunctorum
1610 1064 1910 1107 annorum
1961 1062 2096 1101 suc-

440 1157 631 1216 cessio
653 1135 943 1228 nepotum
969 1152 1031 1207 in
1060 1147 1381 1224 progenies
1401 1141 1827 1217 progenierum
1849 1135 2100 1192 haberet

440 1253 496 1304 et
515 1226 825 1302 excoleret.
863 1242 978 1306 His,
1009 1244 1075 1294 ut
1098 1237 1326 1294 dictum
1356 1239 1460 1301 est,
1495 1229 1762 1303 expletis,
1792 1243 1895 1282 rex
1925 1226 2098 1279 Caro—

439 1337 533 1396 lus
563 1335 643 1391 ad
694 1349 804 1388 sua
841 1327 1142 1386 remeavit.
1205 1324 1514 1382 Retbertus
1564 1324 1621 1375 et
1678 1321 1904 1374 France
1955 1329 2095 1368 cum

441 1424 685 1482 Bellone
718 1419 1026 1484 remansit,

856 1555 1217 1600 APOSTROPHA
1258 1554 1329 1592 AD
1367 1547 1676 1591 RDLLONHM.

393 1721 398 1732 δ
445 1654 631 1720 Bello,
663 1642 746 1709 tui
776 1649 939 1707 visus
968 1647 1167 1720 capies
1197 1660 1270 1699 ex
1299 1638 1550 1713 mystico
1587 1652 1786 1690 sensu.

444 1743 716 1802 Ecclesiae
749 1738 934 1796 stabis
956 1735 1242 1812 prtecelso
1271 1731 1488 1788 vertice
1519 1727 1759 1783 montis.

444 1838 631 1893 Monte
664 1828 965 1887 salutifero
987 1824 1278 1881 scelerum
1307 1818 1644 1892 purgaberc
1671 1815 1857 1886 lepra.

446 1929 610 1981 Nunc
641 1920 934 1985 homines,
958 1914 1392 1982 volucrumque
1441 1906 1573 1962 loco
1607 1909 1776 1958 scuta
1807 1903 2099 1971 gerentes,

449 2017 519 2072 Se
553 2008 821 2066 Ecclesiae
845 2007 1111 2062 montem
1137 1999 1494 2058 scandentes
1527 1995 1687 2050 fonte
1719 1990 1988 2066 piabunt.

449 2107 792 2160 Extremum
817 2109 1079 2170 quorum
1107 2087 1307 2163 capies
1339 2101 1654 2158 nunquam
1672 2098 1915 2156 quoque
1946 2079 2098 2134 visu.

449 2197 750 2248 Immunes
781 2185 1069 2242 scelerum
1089 2178 1368 2236 libabunt
1393 2173 1646 2248 mystica
1677 2186 1869 2237 sacra,

449 2281 854 2350 Nidorumque
885 2274 1102 2330 domos
1141 2267 1358 2325 facient
1396 2263 1618 2320 mentis
1642 2262 1790 2333 juga
1817 2260 1991 2316 circa.

449 2349 857 2439 Ecclesiasque
887 2365 1114 2418 struent
1137 2358 1372 2414 diverso
1403 2369 1651 2410 munere
1691 2349 1889 2413 fultas,

457 2464 586 2516 Dux
615 2436 793 2522 bene,
817 2454 942 2509 dux
974 2450 1087 2523 pie,
1122 2445 1329 2504 Patrici
1361 2457 1716 2514 semperque
1757 2436 2034 2506 verende,

451 2549 684 2606 Adsunt
705 2547 919 2601 cuncta
933 2541 1055 2609 tibi,
1078 2553 1214 2610 quas
1237 2549 1451 2590 somno
1474 2531 1713 2587 animus
1734 2533 1868 2584 tuus
1885 2525 2104 2582 hausit.

454 2643 634 2697 Serva
663 2634 964 2708 baptismo
993 2628 1160 2702 quod
1185 2627 1314 2697 jam
1335 2619 1679 2697 promiseris
1711 2617 1892 2675 alme.

456 2729 681 2800 Linque
706 2707 860 2797 opus
885 2719 1200 2778 infandum
1227 2717 1482 2779 Satanze,
1505 2709 1653 2784 quin
1685 2707 1880 2764 toxica
1915 2722 2107 2774 sacra,

454 2795 662 2883 Quaere
689 2795 876 2869 Deum
897 2823 1108 2864 verum
1124 2807 1261 2861 voto
1283 2808 1340 2858 et
1361 2816 1536 2874 prece
1559 2795 1826 2871 supplice
1851 2811 2038 2867 sempr
2060 2811 2110 2860 r,

455 2905 716 2964 Observa
746 2897 1170 2958 mandatorum
1199 2895 1498 2966 praecepta
1524 2903 1789 2952 suorum,

455 2997 542 3051 Da
570 2993 733 3060 leges
757 2987 1004 3062 populo,
1038 2983 1229 3040 doctis
1261 2981 1608 3055 sancitaque
1632 2978 1790 3050 jura.

457 3084 610 3138 Pace
639 3081 840 3136 fruens
871 3074 1130 3150 populus
1158 3071 1439 3143 gaudebit
1461 3074 1726 3140 tempore
1750 3070 1986 3133 cuncto,

460 3171 702 3244 Subque
734 3173 834 3224 tua
852 3165 1071 3222 ditione
1102 3177 1346 3218 morans
1393 3173 1648 3230 semper,
1679 3153 2107 3226 habitansque.

461 3240 900 3330 latronumque
927 3255 1128 3310 furum
1159 3247 1390 3306 insidiis
1421 3243 1799 3302 frustrabitur
1830 3240 2047 3296 onnis.

459 3347 728 3406 Ecclesiae
760 3359 1034 3401 summus
1061 3344 1234 3404 tutor,
1265 3337 1636 3407 inopumquc
1655 3331 1916 3402 juvator,

459 3439 748 3496 Paciﬁcus
776 3432 945 3500 regni
972 3431 1291 3501 protector,
1325 3430 1381 3478 et
1411 3421 1744 3484 auxiliator,

464 3525 866 3592 Defensorun
897 3517 1282 3586 gubernator,
1315 3509 1681 3573 moderator,
1715 3511 1772 3560 et
1802 3507 2031 3558 auctor.

462 3616 751 3682 Perpetuo
785 3606 986 3675 vigeas
1015 3600 1236 3660 meritis
1262 3597 1570 3655 vivacibus
1611 3611 1760 3650 aevo.

539 3741 718 3792 Anno
745 3749 780 3788 a
813 3727 1047 3787 Domini
1083 3725 1268 3782 nostri
1297 3726 1440 3779 Jesu
1469 3719 1680 3779 Christi
1712 3717 2123 3776 incarnatione

467 3822 928 3892 nongentesimo
963 3815 1346 3885 duodecimo,
1380 3815 1602 3868 France
1639 3807 2126 3880 archiepiscopus

469 3915 762 3976 catholica
789 3911 908 3966 iid-e
935 3907 1326 3966 sacrosanctae
1356 3901 1648 3958 Trinitatis
1667 3898 1970 3954 imbutum
1991 3895 2125 3952 Rol-

469 4010 673 4065 lonem
703 4000 1041 4064 baptizavit,
1099 3995 1342 4067 duxque
1392 3994 1754 4048 Francorum
1815 3986 2130 4044 Botbertus

473 4098 548 4150 de
597 4095 758 4150 fonte
819 4085 1140 4146 Salvatoris
1220 4099 1358 4138 eum
1423 4077 1704 4152 suscepit,
1784 4089 2129 4146 nomenque

479 4195 660 4237 suum
689 4177 743 4232 ei
767 4173 1069 4247 imposuit,
1101 4169 1458 4245 magnisque
1489 4165 1842 4222 muneribus
1873 4168 1928 4220 et
1957 4161 2132 4218 donis

2210 329 2400 384 mium
2427 345 2772 392 coruscans,
2805 329 2883 383 ob
2912 333 3136 382 metum
3168 326 3252 382 tui
3279 324 3570 380 adventus
3584 323 3676 379 ad
3699 325 3868 380 Fran-

2207 417 2361 474 ciam
2384 423 2472 474 est
2501 418 2866 490 deportatus.
2900 416 3218 485 Gimcgias,
3271 431 3394 486 quo
3451 413 3622 486 prius
3673 430 3868 468 acces-

2207 507 2347 572 sisti,
2383 514 2473 564 est
2499 507 2789 578 templum
2818 506 3005 562 sancti
3063 505 3228 574 Petri,
3291 519 3544 573 regnum
3574 501 3866 557 caelorum

2206 597 2484 666 clavigeri
2512 597 2733 652 meritis
2755 596 3172 664 suffragatum.
3207 593 3408 649 Plures
3442 598 3580 647 sunt
3603 591 3864 647 ecclesiae

2205 686 2266 740 in
2319 691 2421 742 t.a
2475 686 2697 742 ditione
2729 685 2956 758 pOSlltB,
2991 683 3096 738 sed
3141 684 3234 738 hie
3275 687 3418 738 sunt
3472 681 3864 753 praecipuae.

2204 778 2365 831 Tune
2417 776 2731 830 Rotbertus
2773 793 2786 830 :
2849 778 2963 828 «lu
2987 771 3248 828 conﬁnio
3281 776 3499 826 nostrae
3557 771 3865 841 potestatis

2204 864 2340 936 quis
2371 869 2614 920 sanctus
2631 851 2930 936 potentior
2950 861 3173 916 meritis
3195 860 3448 915 habetur
3475 859 3501 913 ?
3527 881 3557 908 »
3595 861 3828 914 France
3852 876 3862 912 :

2207 974 2233 1001 «
2271 955 2518 1009 Sanctus
2548 952 2867 1024 Dionysius
2897 951 3137 1006 natione
3167 952 3423 1013 Graecus,
3451 963 3560 1020 per
3593 953 3864 1002 sanctum

2207 1041 2454 1098 Paulum
2484 1042 2562 1096 ad
2587 1041 2772 1096 tidem
2797 1039 3154 1094 catholicam
3181 1054 3532 1102 conversus,
3574 1042 3798 1108 postea
3839 1053 3864 1089 a

2203 1131 2378 1187 beato
2407 1131 2706 1188 Clemente
2734 1129 2880 1185 Petri
2921 1128 3174 1201 apostoli
3208 1141 3550 1182 successore
3613 1126 3862 1181 Francia:

2205 1221 2284 1276 ad
2314 1221 2766 1293 praedicandum
2797 1218 3207 1285 transmissus,
3243 1215 3428 1272 multa
3472 1215 3726 1284 ﬂagella
3780 1230 3865 1286 pa-

2207 1325 2504 1380 ganorum
2530 1323 2870 1380 perpessus,
2912 1305 3137 1377 diuque
3191 1305 3560 1370 verberatus,
3621 1303 3708 1360 ad
3757 1303 3864 1358 ulti-

2206 1415 2376 1455 mum
2417 1415 2526 1471 pro
2573 1413 2778 1453 amore
2827 1397 2928 1452 Dei
2976 1395 3268 1450 hebetatis
3321 1393 3642 1450 securibus
3689 1392 3860 1464 capite

2206 1489 2435 1561 plexus.
2475 1511 2502 1536 ››
2526 1491 2688 1544 Tunc
2718 1486 3031 1542 ilotbertus
3074 1502 3088 1539 :
3143 1507 3170 1531 ‹‹
3197 1488 3536 1554 Antequam
3570 1482 3861 1538 dividattu'

2131 1593 2170 1648 Β
2209 1585 2361 1634 terra
2390 1579 2540 1633 meis
2563 1576 2956 1649 principibus,
2991 1578 3107 1630 Deo
3134 1577 3192 1628 et
3221 1578 3444 1628 sanctis
3476 1572 3706 1640 Mariae,
3747 1587 3862 1626 san-

2207 1668 2436 1740 ctisque
2468 1665 2890 1734 denominatis,
2915 1663 3193 1720 desidero
3220 1668 3454 1735 partem
3508 1663 3564 1717 is
3576 1662 3698 1718 tius
3715 1667 3860 1716 terra

2208 1757 2371 1820 dare,
2406 1762 2471 1811 ut
2491 1757 2813 1826 dignentur
2832 1753 2980 1810 mihi
3022 1753 3084 1808 in
3128 1751 3418 1807 auxilium
3469 1750 3859 1806 subvenire.»

2211 1851 2435 1903 France
2464 1863 2478 1900 :
2509 1867 2536 1895 α
2573 1845 2828 1902 Consilio
2859 1843 3142 1898 divinitus
3170 1841 3462 1914 inspirato
3495 1840 3709 1908 uteris,
3743 1855 3859 1895 con-

2211 1951 2549 2007 gruumque
2571 1939 2659 1990 est
2688 1933 2791 1989 tibi
2811 1933 2902 1988 his
2935 1937 3160 2004 septem
3191 1930 3426 1995 diebus,
3458 1929 3695 2002 quibus
3721 1927 3859 1984 alba-

2213 2025 2284 2080 tis
2315 2022 2657 2079 chrismatis
2687 2026 2742 2077 et
2772 2021 2884 2077 olei
2915 2020 3181 2076 vestibus
3209 2037 3276 2076 es
3331 2019 3607 2084 indutus,
3660 2017 3795 2073 ﬁeri.
3837 2041 3856 2062 ν

2213 2114 2378 2170 Dedit
2408 2113 2610 2185 itaque
2638 2097 2952 2167 Rotbertus
2972 2110 3170 2183 prima
3198 2109 3296 2165 die
3319 2109 3661 2181 baptisterii
3685 2111 3792 2164 Deo
3812 2113 3857 2160 et

2215 2208 2435 2260 sanctae
2489 2202 2680 2259 M‘dl‘llB
2751 2199 3252 2268 Rothomagensis
3319 2197 3590 2254 ecclesias
3663 2201 3857 2253 terram

2213 2293 2670 2366 praemaximam
2701 2289 3008 2345 canonicis
3037 2289 3098 2343 in
3149 2292 3512 2360 perpetuum
3567 2285 3859 2359 possiden-

2215 2384 2377 2438 dam.
2410 2381 2684 2437 Secundo
2710 2379 2825 2447 die,
2861 2383 3080 2436 sanetae
3112 2377 3302 2435 Mariis
3335 2377 3749 2447 Bojacaeensis
3778 2389 3856 2429 ec-

2217 2473 2428 2530 clcsiae.
2461 2471 2650 2526 Tertio
2677 2470 2794 2538 die,
2855 2474 3076 2525 sanctis
3107 2467 3301 2524 Mariis
3315 2466 3756 2522 Ebroicacensis
3774 2481 3856 2519 ec-

2219 2562 2430 2618 clesiis.
2466 2563 2708 2626 Quarto,
2749 2557 3093 2627 archangeli
3119 2555 3412 2614 Michaelis
3458 2555 3740 2623 ecclesiae,
3790 2553 3858 2607 vi-

2219 2653 2390 2707 cibus
2404 2649 2793 2705 inundatione
2815 2646 3215 2720 procellarum
3235 2645 3418 2700 maris
3442 2645 3852 2715 circumseptis,

2221 2739 2557 2796 secundum
2615 2751 2861 2792 cursum
2900 2735 3062 2791 lunae
3103 2733 3518 2790 incrementati
3563 2729 3854 2806 septenarii

2221 2827 2457 2884 numeri
2483 2824 2896 2897 dispositione.
2925 2823 3162 2890 Quinto,
3191 2822 3378 2878 sancti
3395 2823 3544 2877 Petri
3574 2820 3850 2891 sanctique

2167 2949 2182 2983 ε
2225 2915 2494 2972 Audoeni
2525 2914 2806 2970 ecclesiae.
2845 2916 3046 2983 Sexto,
3075 2916 3287 2966 sancto
3327 2913 3498 2966 Petro
3553 2915 3852 2978 sancteque

2224 3005 2480 3060 Aicardo
2504 3001 2926 3058 Gemeticensis
2941 2999 3222 3056 ecclesias.
3250 2999 3536 3070 Septimo,
3561 2993 3850 3054 Brenneval

2226 3112 2364 3151 cum
2391 3092 2675 3150 omnibus
2708 3089 3068 3164 appenditiis
3098 3093 3302 3145 saneto
3359 3089 3627 3160 Dionysio
3677 3083 3838 3140 dedit.

2229 3187 2450 3240 Octavo
2482 3181 2578 3236 die
2609 3179 2962 3254 expiationis
2993 3179 3142 3249 ejus,
3167 3177 3525 3232 vestimentis
3543 3170 3838 3230 chrismati—

2229 3273 2341 3328 bus
2367 3272 2457 3327 vel
2478 3268 2941 3342 baptismalibus
2957 3267 3220 3330 indutus,
3245 3265 3426 3339 erepit
3447 3264 3626 3320 metiri
3648 3268 3848 3318 terram

2228 3361 2438 3420 verbis,
2459 3359 2598 3426 suis,
2633 3357 2954 3414 comitibus
2979 3361 3158 3428 atque
3189 3355 3392 3424 largiri
3419 3354 3708 3411 ﬁdelibus.
3763 3353 3852 3406 De-

2229 3451 2409 3522 nique
2439 3452 2778 3520 praeparato
2803 3461 3030 3517 magno
3061 3444 3420 3518 nuptialium
3445 3445 3624 3515 cultu,
3656 3440 3854 3497 Gislam

2231 3539 2415 3594 ﬁliam
2481 3537 2637 3606 regis
2704 3551 2956 3592 uxorem
3032 3535 3146 3591 sibi
3218 3533 3406 3602 duxit,
3461 3549 3569 3606 pro
3633 3545 3752 3602 qua
3804 3542 3857 3583 se

2235 3625 2474 3685 Francis
2505 3623 2886 3680 conciliando
2937 3621 3292 3696 paciﬁcavit.
3348 3620 3716 3678 Securitatem
3743 3631 3862 3671 em-

2231 3716 2412 3774 nibus
2471 3713 2746 3785 gentibus
2796 3713 2859 3768 in
2916 3729 3027 3770 sua
3089 3716 3246 3768 terra
3301 3723 3536 3768 manere
3588 3703 3862 3779 cupienti-

2234 3807 2350 3863 bus
2411 3805 2564 3861 fecit.
2633 3803 2794 3860 illam
2840 3807 3062 3859 terram
3138 3799 3259 3856 suis
3303 3799 3575 3856 ﬁdelibus
3621 3793 3862 3853 funiculo

2238 3895 2456 3962 divisit,
2490 3893 2954 3965 universumque
3003 3891 3109 3947 diu
3149 3890 3446 3947 desertam
3492 3882 3860 3949 remdiﬁcavit,

2241 3990 2420 4058 atque
2493 3983 2570 4038 de
2641 3983 2764 4038 suis
2839 3981 3128 4038 militibus
3203 3979 3569 4051 advenisque
3617 3974 3860 4050 gentibus

2239 4075 2518 4131 refertam
2601 4071 2898 4128 restruxit.
2958 4073 3100 4126 Jura
3149 4073 3206 4126 et
3268 4067 3432 4138 leges
3505 4066 3864 4140 sempiternas

2241 4165 2542 4222 voluntate
2596 4161 2938 4235 principum
2983 4159 3266 4216 sanctitas
3321 4161 3380 4214 et
3421 4157 3690 4214 decretas
3734 4148 3866 4226 plebi

477 4266 806 4326 honoriﬁce
833 4237 1064 4318 ditavit.
1095 4237 1407 4316 Rotberttis
1433 4261 1656 4326 autem,
1683 4253 1787 4327 qui
1843 4257 1900 4310 et
1943 4251 2130 4318 Bello,
2162 4295 2204 4348 Β
2244 4253 2474 4322 indixit,
2514 4257 2696 4324 atque
2745 4249 3000 4322 paciﬁca
3053 4247 3504 4304 conversatione
3551 4242 3764 4302 morari
3813 4237 3870 4294 si-

483 4355 728 4414 comites
759 4368 904 4407 suos
933 4356 989 4405 et
1019 4348 1233 4404 milites
1261 4361 1626 4418 omnemque
1670 4359 1924 4400 manum
1973 4357 2134 4398 exer-

485 4447 635 4502 citus
662 4442 752 4497 sui
776 4437 1064 4513 baptizari
1100 4436 1254 4505 fecit,
1287 4441 1467 4508 atque
1501 4433 1842 4491 Christianae
1901 4431 2138 4500 religio-

485 4536 578 4594 nis
604 4532 744 4590 tidei
772 4545 880 4604 per
907 4525 1364 4602 prtedicationes
1381 4523 1617 4580 instrui.
1639 4523 1781 4579 Hinc
1808 4523 2140 4578 convocato

487 4631 792 4685 Francone
849 4620 1153 4692 episcopo,
1225 4631 1361 4687 quae
1407 4613 1670 4669 ecclesia:
1739 4610 2142 4672 veneratiores

487 4717 550 4773 in
580 4729 690 4770 sua
713 4715 868 4767 terra
892 4707 1255 4763 haberentur
1279 4701 1628 4769 sciscitatur,
1660 4704 1716 4756 et
1757 4716 1893 4772 quae
1931 4703 2143 4772 poten-

491 4805 672 4863 tiores
700 4799 910 4857 merito
940 4800 997 4853 et
1025 4793 1356 4869 patrocinio
1404 4795 1748 4847 sanctorum
1787 4788 2144 4844 dicerentur.

491 4898 655 4952 Tunc
701 4895 927 4947 France
987 4903 1000 4942 :
1059 4909 1086 4934 α
1113 4880 1631 4951 Rothomagensis,
1672 4883 1728 4934 et
1790 4877 2148 4948 Bajocacen-

496 4986 576 5042 sis
605 5025 618 5050 ,
695 4985 874 5052 atque
929 4972 1372 5033 Ebreicacensis
1423 4969 1672 5026 ecclesia
1757 4969 2150 5024 sacrosanctae

497 5073 684 5132 Mariae
767 5067 974 5126 matris
1051 5062 1288 5121 Domini
1359 5059 1546 5116 nostri
1613 5061 1750 5114 Jesu
1821 5055 2034 5113 Christi
2095 5058 2152 5111 et

499 5159 779 5230 Virginis‘
821 5159 882 5214 in
932 5157 1160 5212 honore
1231 5155 1322 5208 est
1374 5147 1650 5204 dedicata
1673 5188 1686 5202 .
1771 5151 1832 5202 tn
1886 5143 2150 5218 periculo

501 5248 684 5304 maris
710 5245 958 5302 ecclesia
986 5246 1190 5299 monte
1219 5239 1436 5315 posita,
1469 5234 1825 5306 Archangeli
1854 5231 2150 5292 Michaelis

502 5335 766 5411 paradisi
814 5332 1116 5406 praepositi
1168 5329 1414 5387 nomine
1471 5325 1830 5400 praetitulata
1851 5367 1864 5380 .
1943 5327 2010 5380 1n
2059 5337 2154 5411 sus

500 5409 718 5485 burbio
771 5422 1018 5480 civitatis
1073 5419 1244 5475 istius
1318 5420 1412 5472 est
1459 5413 1895 5472 monasterium
1965 5409 2154 5467 sancti

503 5516 651 5574 Petri
678 5513 1089 5588 apostolorum
1117 5507 1400 5581 principis
1423 5503 1666 5562 nomine
1695 5503 2111 5559 consecratum
2138 5515 2150 5553 :

503 5609 566 5664 in
585 5587 1064 5680 queirecubabat
1089 5599 1258 5654 istius
1284 5595 1447 5652 urbis
1475 5591 1831 5652 venerabilis
1859 5587 2152 5661 archiepi-

2247 4341 2374 4398 mul
2413 4340 2624 4410 coegit.
2655 4338 2944 4395 Ecclesias
2991 4337 3259 4393 funditus
3301 4335 3472 4392 fusas
3499 4335 3718 4404 statuit,
3745 4335 3869 4387 tem-

2247 4431 2348 4504 pla
2374 4427 2706 4502 frequentia
2761 4441 3142 4500 paganorum
3193 4424 3495 4480 destructa
3529 4417 3870 4484 restauravit,

2250 4535 2456 4576 mures
2487 4517 2791 4572 civitatum
2820 4519 2877 4572 et
2905 4512 3361 4588 propugnacula
3411 4511 3622 4569 refecit
3681 4515 3735 4566 et
3759 4520 3876 4573 aug-

2251 4605 2558 4664 mentavit.
2641 4604 2954 4660 Britannos
3032 4600 3308 4658 rebelles
3349 4600 3464 4656 sibi
3532 4595 3871 4672 subjugavit.

2253 4701 2432 4768 atque
2475 4695 2549 4750 de
2600 4692 2839 4749 cibariis
2893 4691 3200 4748 Britonum
3249 4693 3440 4746 totum
3482 4703 3741 4762 regnum
3785 4679 3876 4739 sibi

2254 4798 2611 4841 concessum
2639 4779 3000 4838 sufﬁcienter
3024 4778 3209 4852 pavit.
3235 4778 3501 4850 Denique
3527 4777 3595 4835 in
3613 4783 3760 4834 terra
3777 4785 3876 4826 suae

2255 4872 2495 4930 ditionis
2550 4871 2846 4938 baunum,
2903 4869 2966 4926 id
2993 4873 3081 4924 est
3120 4867 3522 4934 interdictum,
3557 4866 3720 4923 misit
3741 4856 3881 4936 quod

2257 4965 2345 5020 est
2417 4960 2760 5036 prohibitio.
2819 4963 2883 5014 ut
2951 4957 3154 5014 nullus
3203 4957 3298 5014 fur
3372 4956 3468 5013 vel
3515 4956 3673 5013 latro
3717 4953 3876 5011 esset,

2257 5069 2452 5126 neque
2500 5065 2817 5107 assensum
2864 5047 3041 5105 malas
3101 5046 3426 5104 voluntatis
3487 5046 3543 5102 ei
3602 5043 3878 5126 probaret.

2259 5124 2526 5213 Denique
2577 5137 2877 5196 interdixit
2928 5141 2992 5192 ut
3063 5135 3265 5193 nullus
3301 5135 3665 5192 ferramenta
3733 5124 3882 5188 aratri

2259 5231 2469 5288 domui
2494 5229 2854 5302 deportaret,
2876 5243 3084 5284 verum
3111 5225 3173 5282 in
3199 5239 3416 5298 campo
3432 5239 3572 5281 cum
3600 5227 3792 5280 aratro
3813 5231 3882 5272 re-

2258 5320 2576 5392 linqueret,
2620 5317 2892 5375 etnullus
2906 5320 3310 5389 postequum,
3331 5313 3718 5386 asinumque,
3734 5313 3883 5378 atque

2260 5409 2504 5474 bovem,
2535 5423 2612 5463 ne
2637 5405 2929 5480 perderet,
2959 5403 3274 5461 custodem
3291 5401 3545 5460 mitteret
3569 5419 3584 5469 ;
3619 5399 3794 5470 hujus
3817 5394 3885 5449 in-

2264 5496 2488 5554 terdicti
2509 5511 2735 5568 pavore
2757 5493 3008 5567 quidam
3049 5491 3313 5563 agricola
3333 5506 3588 5549 manens
3601 5489 3667 5546 in
3693 5490 3888 5551 Longa-

2267 5585 2522 5660 pctentis
2552 5583 2717 5656 villa,
2734 5583 2916 5642 aratri
2941 5581 3218 5642 utensilia
3234 5595 3454 5652 campo
