4004 6178
189 195 283 251 063

726 189 818 243 DE
859 185 1109 243 GESTIS
1147 180 1583 242 NORIANNL/E
1621 180 1860 237 DUCUU
1897 178 2081 236 LIBRI
2119 181 2314 239 τηε.
2346 210 2415 226 --
2455 183 2662 240 LIBER
2699 184 2766 242 II.
2808 186 3065 246 ROLLO.

3500 191 3605 246 654

190 314 715 393 appropinquante
764 310 1015 366 meridie
1064 325 1249 365 causa
1311 307 1527 364 edendi
1590 306 1841 361 domum
1878 306 1926 357 Α
1951 391 1966 393 _
2024 304 2317 362 Continua
2343 306 2521 376 igitur
2551 324 2720 380 pace,
2751 308 3157 384 diuturnaque
3198 310 3407 385 requie
3448 311 3610 369 leta-

190 422 352 463 suam
380 402 559 460 venit.
596 402 792 464 Quem
824 414 978 455 uxor
1018 399 1185 454 duris
1209 396 1409 453 verbis
1452 400 1509 452 et
1543 395 1842 452 obstinato

191 495 357 553 corde
379 492 558 565 coepit
582 488 1083 561 increpitare,cur
1099 486 1417 544 dimisisset
1436 485 1614 542 aratri
1638 499 1842 541 neces-

190 585 356 650 saria,
383 588 442 639 et
486 579 843 652 adjacentia
889 579 951 634 in
1004 593 1114 633 suo
1162 577 1387 633 labore.
1440 576 1548 633 Diu
1593 575 1846 631 molesta

190 679 361 747 atque
390 674 712 744 increpans
740 670 962 728 virum.
996 666 1161 722 dedit
1194 667 1246 723 ei
1278 668 1660 723 manducare.
1696 666 1844 721 Inte-

187 764 290 821 rim
324 761 524 818 volens
550 774 730 815 suum
779 758 1072 814 maritum
1102 756 1298 812 facere
1321 757 1504 827 hujus
1523 756 1627 823 rei,
1660 770 1737 811 ne
1764 754 1849 810 dis

187 853 431 909 mitteret
478 848 759 921 amplius,
815 844 1161 911 sollicitum,
1211 845 1380 901 citius
1428 861 1611 918 quam
1658 843 1849 918 potuit

186 942 333 999 clam
379 937 656 1013 expetivit
700 950 1029 1008 campum,
1058 938 1116 989 et
1146 935 1380 991 sustulit
1411 936 1523 990 sibi
1567 933 1849 1003 corrigias

184 1031 303 1104 jugi
341 1042 777 1104 pomeremque
832 1030 892 1082 et
933 1024 1231 1093 cultrum;
1286 1030 1466 1097 atque
1512 1040 1588 1080 ne
1623 1024 1851 1079 videret

188 1119 426 1175 maritus
456 1114 863 1172 subducenda
888 1130 980 1183 ea,
1012 1112 1191 1186 quasi
1214 1112 1454 1168 aliunde
1486 1112 1727 1167 veniens
1759 1128 1848 1166 re-

188 1207 376 1282 petivit
416 1206 687 1262 domum.
740 1202 993 1260 Maritus
1048 1201 1183 1271 ejus
1227 1206 1529 1258 saturatus
1578 1216 1849 1268 surgens,

191 1297 389 1368 suique
414 1294 633 1351 laboris
664 1308 964 1365 campum
994 1305 1277 1363 pergens,
1306 1290 1643 1347 necessaria
1673 1287 1851 1345 aratri

191 1400 305 1440 non
332 1381 588 1438 invenit:
628 1379 774 1435 inde
826 1378 1002 1435 tristis
1047 1378 1307 1433 domum
1348 1383 1663 1441 revertens,
1704 1392 1850 1450 que-

196 1471 327 1526 rula:
368 1469 607 1539 conjugi
635 1466 954 1523 indicavit.
996 1467 1135 1529 Quae
1178 1466 1359 1539 erepit
1400 1481 1538 1521 eum
1563 1462 1853 1521 invectiva

198 1566 248 1615 et
291 1557 560 1613 invisorie
610 1556 942 1628 increpans
982 1554 1218 1608 dicere:
1270 1554 1544 1609 «Nullius
1594 1552 1853 1608 utilitatis

1950 391 2173 449 bantur
2210 394 2505 464 homines,
2538 396 2651 452 sub
2679 396 2944 455 Rotberti
2994 399 3217 457 ditione
3260 400 3457 457 securi
3485 413 3612 457 mo-
3668 411 3677 419 '

1951 487 2186 551 rantes;
2234 482 2682 557 locupletesque
2709 490 2879 543 erant
2921 488 3206 546 omnibus
3255 489 3457 561 bonis,
3487 502 3610 547 non

1952 571 2230 627 timentes
2249 573 2573 629 exercitum
2596 572 2774 628 ullius
2792 574 3151 632 hostilitatis.
3176 577 3426 634 Carolus
3442 592 3613 635 nam-

1953 674 2070 731 que
2119 676 2221 715 rex
2278 661 2592 733 quondam
2645 665 2913 734 tempore
2968 664 3132 720 misit
3185 665 3340 722 duos
3398 666 3613 723 milites

1956 748 2126 804 Gisla:
2167 749 2307 804 ﬁliae
2353 766 2498 821 sum,
2534 751 2809 807 Rotberto
2855 751 2996 807 duci
3038 752 3342 810 connubio
3380 756 3611 812 vinctae.

1957 837 2112 893 Gisla
2145 843 2347 894 autem
2394 855 2533 895 cum
2564 839 2805 897 vidisset
2847 839 3068 896 milites
3100 840 3286 912 patris
3318 842 3432 910 sui,
3463 858 3614 915 qua-

1956 926 2102 984 dam
2129 927 2335 995 domo,
2367 944 2443 984 ne
2470 928 2815 985 viderentur
2842 945 2880 986 a
2930 928 3216 986 Rotberto
3263 946 3375 986 suo
3413 932 3617 1002 conju-

1959 1031 2051 1085 ge,
2081 1016 2344 1088 seposuit
2370 1034 2383 1085 ;
2416 1023 2755 1091 cunctaque
2794 1018 2959 1075 bona
2984 1018 3101 1074 illis
3128 1018 3412 1088 largiens,
3438 1018 3617 1075 nimis

1957 1105 2062 1160 diu
2105 1106 2326 1161 morari
2368 1106 2518 1162 fecit.
2554 1107 2907 1163 Rotbertidte
2954 1107 3201 1163 comites
3243 1107 3615 1164 admirantes

1958 1195 2123 1266 quod
2169 1195 2385 1252 milites
2432 1197 2625 1254 Caroli
2678 1198 2835 1268 regis
2880 1198 3174 1253 Rothomo
3214 1202 3616 1269 morarentur,

1959 1289 2016 1338 et
2046 1284 2343 1355 presentia
2372 1286 2636 1341 Rotberti
2685 1286 2856 1342 ducis
2902 1302 3025 1341 non
3054 1286 3410 1355 fruerentur,
3439 1303 3619 1343 vene-

1959 1377 2100 1427 runt
2128 1373 2205 1427 ad
2234 1388 2394 1441 eum,
2419 1378 2476 1429 et
2503 1374 2817 1431 dixerunt:
2853 1398 2879 1423 ‹‹
2907 1377 3022 1431 Cur
3050 1375 3227 1431 nobis
3250 1375 3414 1447 quod
3448 1377 3622 1432 Caro-

1961 1461 2097 1517 lidar
2155 1460 2259 1518 tibi
2305 1462 2585 1519 dixerunt
2632 1478 2751 1520 non
2799 1463 3209 1521 innotuisti?»
3258 1465 3617 1521 Rotbertus:

1966 1549 2122 1606 «Ubi
2176 1554 2313 1619 sunt
2366 1551 2552 1607 soceri
2604 1552 2719 1608 mei
2782 1552 3064 1623 legati?»
3117 1554 3617 1626 Responderunt:

198 1647 388 1715 homo,
427 1644 579 1700 vade
615 1660 783 1699 nunc
828 1642 905 1698 ad
956 1642 1312 1697 Rotbertum
1351 1641 1589 1708 ducem,
1622 1646 1677 1696 et
1723 1640 1852 1713 ipse
1893 1656 1938 1708 Β
1969 1662 1995 1688 ‹‹
2023 1639 2271 1695 Uxorius
2314 1656 2401 1710 es,
2433 1646 2489 1697 et
2532 1641 2943 1709 effeminatus;
2991 1642 3134 1715 quia
3172 1647 3341 1699 tuam
3385 1660 3626 1717 presen-

201 1733 360 1790 faciet
388 1733 503 1789 cito
542 1738 594 1787 te
642 1737 973 1788 aratorem.
1004 1754 1029 1779 ››
1078 1730 1176 1785 Ille
1208 1730 1358 1785 citus
1402 1730 1478 1785 ad
1512 1730 1856 1786 Rotbertum

1965 1731 2107 1787 tiam
2140 1730 2415 1801 vitantes,
2449 1733 2622 1788 uxori
2656 1737 2771 1789 tuae
2802 1734 3091 1789 adsunt.»
3139 1734 3423 1792 Dicebant
3448 1736 3627 1807 igitur

203 1822 464 1890 cucurrit,
497 1826 674 1893 atque
706 1820 1040 1877 commoda
1068 1819 1249 1875 aratri
1282 1819 1391 1874 sibi
1424 1819 1675 1874 frustata
1706 1819 1859 1873 duce
1966 1820 2331 1875 Rotbertum.
2370 1837 2508 1877 eam
2564 1839 2686 1878 non
2744 1822 3099 1893 cognovisse
3161 1823 3415 1879 maritali
3469 1824 3624 1898 lege,

202 1911 397 1967 retulit.
434 1910 592 1966 Illico
618 1909 940 1965 ltotbertus
971 1925 1313 1964 convocans
1343 1908 1675 1980 quemdam
1705 1924 1861 1981 pree-
1969 1908 2287 1981 statimque
2313 1909 2436 1965 dux
2465 1909 2554 1966 ira
2586 1916 2945 1977 commotus,
2978 1910 3201 1968 tirones
3247 1929 3371 1969 suae
3401 1913 3625 1971 domus

207 2001 471 2074 positum,
502 1999 653 2054 dixit
678 1999 759 2054 ad
802 2014 944 2053 eum
978 2016 992 2053 :
1038 2020 1064 2047 ‹‹
1088 2001 1169 2053 Da
1198 1998 1466 2070 quinque
1506 1997 1729 2053 solidos
1770 1995 1864 2051 isti
1968 1997 2104 2053 fecit
2150 1998 2479 2056 absconsos
2528 1999 2980 2073 comprehendi,
3012 2004 3069 2056 et
3096 2000 3173 2056 ad
3204 2001 3402 2058 forum
3423 2003 3627 2060 venia-

215 2088 485 2158 agricolae,
536 2087 763 2161 quibus
802 2086 995 2159 possit
1041 2102 1182 2158 quae
1232 2086 1490 2157 perdidit
1518 2101 1739 2142 emere.
1773 2086 1862 2139 'lu

215 2177 549 2251 quantocius
582 2176 790 2233 villam
822 2180 975 2249 pete,
1000 2180 1186 2247 atque
1211 2180 1515 2231 auctorem
1549 2176 1690 2231 furti
1717 2175 1867 2245 igni-

211 2266 319 2322 fero
338 2267 567 2338 judicio
596 2266 853 2338 inquire.
874 2288 904 2315 ››
932 2265 1172 2319 Villicus
1198 2280 1336 2319 vero
1360 2264 1735 2321 habitatores
1754 2263 1865 2319 vil-

210 2358 273 2413 lae
316 2363 564 2414 cunctos
615 2357 753 2426 igne
801 2354 1185 2421 examinavit,
1226 2354 1581 2425 nullumque
1627 2356 1867 2411 illorum

211 2444 333 2500 furti
395 2462 571 2501 reum
628 2444 953 2515 reperiens,
1008 2441 1240 2498 Holloui
1290 2441 1431 2496 duci
1482 2441 1866 2498 renuntiavit.

212 2535 307 2600 Qui
333 2550 677 2591 convocans
708 2535 1077 2588 Franconem
1110 2530 1641 2604 archiepiscopum
1681 2531 1865 2587 dixit:

216 2626 397 2678 «Deus
436 2622 927 2688 Christianorum,
960 2621 1020 2675 in
1054 2620 1230 2689 cujus
1256 2619 1501 2674 nomine
1531 2620 1870 2693 baptizatus

214 2729 353 2779 sum,
386 2713 433 2767 si
477 2716 573 2768 est
603 2710 880 2766 conscius
923 2725 1149 2774 rerum,
1184 2708 1332 2763 mihi
1358 2708 1583 2765 mirum
1613 2726 1719 2766 cur
1747 2724 1871 2765 non

213 2800 451 2856 innotuit
498 2815 617 2855 suo
671 2798 914 2854 nomine
966 2797 1107 2867 igne
1162 2799 1454 2852 tentatum
1506 2798 1684 2854 nobis
1734 2796 1874 2853 furti

213 2906 388 2946 reum.
414 2913 443 2939 υ
490 2892 773 2944 Franco:
820 2909 849 2938 ‹‹
877 2886 1097 2942 Adhud
1146 2886 1303 2953 ignis
1340 2886 1703 2959 culpabilem
1749 2901 1874 2943 non

1969 2086 2117 2143 lium
2146 2103 2346 2143 rerum
2368 2088 2527 2155 duci,
2552 2089 2757 2163 ibique
2788 2094 3175 2146 concurrente
3203 2090 3377 2164 plebe
3392 2093 3633 2165 jugula-

1971 2176 2039 2231 ri.
2090 2176 2351 2233 Audiens
2417 2183 2620 2235 autem
2681 2179 2999 2235 Rotbertus
3056 2179 3183 2235 dux
3242 2184 3630 2253 Francorum,

1974 2267 2137 2339 quod
2183 2282 2292 2339 pro
2343 2282 2490 2322 nece
2535 2268 2796 2325 duorum
2826 2268 3106 2336 militum,
3138 2270 3428 2342 colligata;
3464 2270 3634 2345 pacis

1974 2357 2125 2412 inter
2153 2373 2356 2426 regem
2405 2361 2461 2413 et
2510 2358 2836 2415 Robertum
2886 2362 3390 2417 Nortmannorum
3414 2362 3635 2418 ducem

1976 2446 2212 2501 vincula
2273 2445 2471 2501 soluta
2524 2446 2886 2520 diruptaque
2935 2452 3152 2513 essent,
3207 2450 3389 2521 coepit
3428 2454 3640 2507 contra

1979 2534 2255 2591 Carolum
2306 2538 2483 2603 stare,
2516 2550 2778 2608 eumque
2810 2534 3158 2603 adnihilare,
3194 2541 3252 2593 et
3302 2554 3413 2594 sua
3452 2539 3637 2612 depo-

1978 2624 2189 2696 pulari.
2224 2623 2491 2695 Misitque
2521 2624 2785 2697 legatum
2814 2624 2892 2681 ad
2929 2624 3279 2681 Rotbertum
3310 2626 3637 2684 Rothoma-

1980 2727 2246 2781 gensem,
2280 2711 2520 2767 dicens:
2574 2736 2601 2762 «
2634 2716 2756 2769 Tuo
2794 2712 3061 2783 consilio,
3094 2718 3317 2787 tuoque
3361 2714 3640 2771 suﬁ‘ultus

1979 2801 2298 2871 adjutorio,
2327 2800 2467 2856 volo
2492 2802 2651 2857 istud
2680 2816 2935 2871 regnum
2967 2818 3152 2876 super
3180 2803 3458 2861 Carolum
3484 2802 3641 2860 acci-

1980 2905 2141 2962 pere,
2171 2905 2432 2961 eumque
2460 2891 2708 2946 Francia
2733 2891 2957 2961 fugare.
2980 2915 3008 2942 ››
3039 2894 3202 2948 Tunc
3228 2892 3510 2949 Rotberto
3533 2891 3645 2947 Ro-

216 2979 404 3049 tetigit.
434 3002 461 3028 »
510 2981 582 3033 Et
612 2976 925 3033 Rotbertus
963 2976 1045 3032 ad
1074 2975 1500 3065 praepositum:
1537 2978 1742 3033 «Vade
1764 2977 1872 3031 ite-
1914 3010 1953 3065 Ο
1984 2977 2395 3047 thomagensis
2438 2979 2748 3051 respondit
2791 2979 2987 3049 legato
3040 2983 3404 3038 Francorum
3434 2980 3643 3038 ducis:

216 3084 337 3123 rum
379 3073 435 3124 et
482 3067 569 3124 ad
616 3066 984 3122 habitatores
1028 3062 1303 3119 aﬁinium
1334 3064 1632 3135 villarum,
1664 3066 1722 3121 in
1762 3081 1872 3120 no-

219 3157 364 3213 mine
390 3160 530 3214 Jesu
563 3155 781 3213 Christi
811 3154 1094 3210 examina
1125 3169 1231 3225 per
1254 3153 1409 3223 ignis
1441 3154 1873 3227 supplicium.»

221 3248 338 3315 Qui,
364 3248 540 3319 jussa
590 3245 901 3317 complens
926 3244 1120 3312 ducis,
1152 3243 1449 3299 intimavit
1476 3245 1781 3299 neminem
1813 3259 1875 3299 se

220 3335 502 3392 invenisse
534 3334 924 3407 culpabilem.
968 3333 1077 3396 Qui
1124 3336 1423 3388 aratorem
1469 3333 1672 3389 statim
1702 3347 1880 3389 voca-

223 3425 314 3495 vit,
344 3431 397 3482 et
421 3426 500 3482 ab
532 3440 610 3480 eo
639 3423 904 3496 inquirit,
939 3422 1036 3478 cui
1066 3422 1232 3495 quod
1262 3422 1690 3478 remansissent
1715 3427 1881 3478 uten-

226 3515 341 3571 silia
367 3515 550 3572 aratri
573 3514 638 3569 in
664 3528 904 3584 campo,
933 3511 1196 3567 dixisset.
1226 3511 1503 3580 Agricola
1528 3511 1874 3584 respondit:

228 3626 249 3650 ι(
275 3605 460 3661 Uxori.
485 3626 513 3656 η
550 3605 693 3669 Quae
722 3606 939 3657 vocata
968 3601 1149 3665 venit,
1171 3601 1416 3674 duxque
1443 3601 1520 3656 ad
1543 3618 1678 3657 eam
1700 3601 1876 3656 dixit:

231 3695 411 3760 «Quid
460 3696 539 3751 de
572 3709 818 3749 vomere
862 3691 1172 3764 cultroque
1220 3691 1416 3747 mariti
1465 3692 1549 3747 tui
1590 3692 1878 3747 fecisti?»

233 3781 319 3838 Illa
346 3800 405 3839 se
434 3798 565 3839 non
595 3781 879 3837 habuisse
908 3780 1167 3850 negavit.
1210 3782 1350 3845 Quae
1381 3780 1579 3852 scopis
1607 3778 1880 3836 diverbe-

232 3875 347 3927 rata
368 3871 556 3928 ﬁdem
592 3870 729 3926 furti
755 3870 1038 3927 omnibus
1067 3869 1221 3925 fecit.
1266 3872 1428 3924 Tunc
1458 3869 1779 3926 Rotbertus
1803 3867 1881 3923 ad

235 3960 540 4017 maritum:
599 3981 622 4007 α
645 3960 885 4018 Sciebas
930 3963 1099 4015 tuam
1136 3974 1387 4015 uxorem
1427 3974 1556 4015 esse
1588 3958 1779 4013 furem
1799 3958 1827 4012 ?
1853 3977 1881 4007 »

236 4049 326 4105 Cui
352 4050 478 4107 ille:
510 4074 539 4101 «
565 4049 861 4107 Sciebam.
884 4071 914 4099 »
957 4051 1024 4103 Et
1048 4048 1363 4105 Rotbertus
1388 4067 1401 4104 :
1452 4070 1480 4096 α
1501 4046 1749 4102 Duobus
1775 4046 1882 4102 de-

238 4140 389 4195 cretis
416 4140 606 4211 digne
652 4137 945 4208 morieris,
989 4152 1135 4204 uno,
1167 4136 1336 4209 quod
1376 4134 1576 4208 capud
1619 4134 1884 4190 mulieris

238 4241 308 4297 es,
334 4232 388 4284 et
428 4245 569 4286 eam
603 4226 890 4296 castigare
921 4224 1198 4281 debuisti.
1241 4225 1455 4291 Altero,
1488 4223 1655 4297 quod
1681 4238 1888 4279 assen-

239 4331 324 4371 sor
348 4318 483 4374 t‘urti
504 4316 689 4384 fuisti,
715 4321 772 4371 et
789 4315 1053 4371 indicare
1078 4313 1338 4370 noluisti.
1361 4336 1389 4363 ››
1422 4312 1628 4371 Statim
1651 4317 1884 4368 utrum-

240 4418 342 4475 que
368 4406 595 4480 laqueo
621 4404 756 4461 fecit
785 4404 1090 4477 suspendi,
1114 4402 1459 4475 crudelique
1484 4405 1676 4458 morte
1704 4401 1881 4457 ﬁniri.

243 4490 349 4549 Hoc
379 4495 679 4565 judicium
710 4494 988 4549 exterruit
1016 4492 1382 4548 habitatores
1424 4497 1614 4548 terrae.
1656 4490 1887 4548 Nullus-

244 4596 346 4653 que
373 4600 557 4640 ausus
591 4588 681 4639 est
709 4587 921 4655 postea
950 4581 1153 4649 furari,
1185 4581 1281 4637 vel
1307 4581 1668 4637 latrocinari.
1697 4584 1885 4653 Atque

248 4670 321 4725 sic
346 4673 569 4745 quievit
590 4677 742 4729 terra
766 4687 962 4728 vacua
980 4670 1213 4727 furibus
1242 4674 1301 4727 et
1327 4669 1682 4738 latronibus,
1704 4674 1885 4741 atque

251 4757 391 4818 siluit
415 4762 651 4827 privata
678 4759 905 4817 cunctis
932 4758 1347 4817 seditionibus.

1984 3089 2011 3115 ‹‹
2042 3065 2211 3122 Modo
2256 3071 2393 3121 tuus
2444 3068 2644 3123 senior
2688 3067 2867 3123 nimis
2891 3069 3018 3126 vult
3052 3070 3343 3143 equitare,
3372 3071 3648 3144 ultraque

1983 3154 2175 3223 legem
2232 3170 2427 3223 agere.
2477 3157 2621 3220 Quae
2674 3156 2830 3227 regis
2878 3162 3017 3213 sunt
3054 3163 3290 3216 tantum
3318 3159 3648 3233 disperdat,

1984 3241 2249 3311 regimen
2299 3242 2441 3297 nolo
2494 3247 2559 3298 ut
2610 3244 2880 3316 accipiat.
2909 3267 2938 3295 »
2990 3248 3126 3301 Erat
3174 3251 3378 3304 autem
3427 3247 3651 3318 conjux

1987 3330 2142 3386 Gisla
2172 3330 2294 3386 ﬁlia
2341 3346 2497 3399 regis
2537 3332 2668 3403 jam
2719 3332 3021 3390 defuncta.
3075 3336 3229 3401 Quid
3261 3336 3479 3393 accidit
3499 3336 3653 3394 inter

1989 3418 2267 3476 Carolum
2298 3425 2355 3475 et
2380 3421 2711 3478 Robertum
2738 3422 2837 3478 hic
2865 3439 2989 3479 non
3018 3426 3475 3498 memorabitur,
3506 3425 3652 3500 quia

1988 3507 2136 3565 alias
2156 3507 2388 3577 legitur.
2424 3509 2744 3566 Rotbertus
2788 3513 3338 3571 Northmannorum
3367 3516 3653 3588 patricius

1989 3596 2315 3668 grandaeva
2346 3602 2537 3667 aetate,
2568 3599 2877 3673 nimioque
2904 3600 3112 3657 labore
3143 3603 3490 3676 praeliorum
3518 3620 3660 3660 con-
3700 3648 3708 3653 .

1991 3687 2201 3753 sultus,
2236 3690 2579 3744 convocatis
2633 3692 2930 3746 Dacorum
2976 3690 3404 3767 Britonumque
3440 3693 3659 3767 princi-

1988 3776 2128 3846 bus,
2160 3776 2325 3833 dedit
2368 3793 2613 3835 omnem
2646 3782 2862 3835 terram
2911 3795 3034 3835 sum
3072 3780 3316 3838 ditionis
3344 3783 3655 3839 Guillelmo

1989 3867 2165 3937 Popte
2226 3863 2368 3931 filio,
2428 3871 2609 3937 atque
2665 3867 2817 3921 inter
2871 3882 3090 3921 manus
3148 3868 3442 3925 Guillelmi
3507 3869 3654 3926 ado-

1990 3952 2264 4009 lescentis
2294 3969 2513 4009 manus
2535 3969 2676 4010 suas
2694 3954 2995 4011 mittentes
3017 3954 3337 4029 principes,
3360 3956 3658 4028 colligavit

1991 4042 2074 4098 illi
2128 4041 2556 4112 conjurationis
2641 4047 3038 4099 sacramento.
3098 4047 3306 4102 Postea
3374 4060 3497 4102 uno
3568 4045 3655 4104 lu-

1996 4134 2119 4186 stro
2167 4129 2401 4201 vivens,
2456 4130 2646 4186 aetatis
2718 4146 2843 4186 sum
2888 4130 3173 4202 defectu,
3222 4132 3521 4207 eﬁ‘etoque
3573 4135 3657 4192 vi-

1992 4220 2160 4276 ribus
2213 4236 2483 4292 corpore,
2542 4219 2809 4293 equitare
2883 4236 3006 4278 non
3083 4221 3310 4292 valens,
3372 4239 3656 4295 regnum-

1997 4326 2117 4383 que
2140 4309 2524 4383 paciﬁcatum
2554 4309 2812 4366 solidum
2842 4314 2900 4366 et
2925 4311 3197 4384 quietum
3228 4318 3457 4383 tenens,
3483 4314 3655 4387 lugu-

1998 4400 2121 4456 bris
2174 4399 2383 4455 damni
2437 4415 2653 4473 passus
2716 4400 3124 4473 dispendium,
3177 4402 3654 4479 inevitabilisque

1994 4489 2202 4545 mortis
2248 4504 2461 4544 casum
2504 4489 2719 4561 plenus
2770 4489 3006 4545 dierum
3058 4491 3339 4561 migravit
3380 4492 3459 4547 ad
3491 4494 3654 4550 Chri-

1995 4583 2174 4645 stum,
2208 4578 2303 4633 cui
2356 4582 2444 4634 est
2484 4578 2679 4634 honor
2712 4583 2770 4635 et
2817 4576 3007 4648 gloria
3048 4579 3110 4635 in
3157 4577 3378 4634 saecula
3407 4581 3655 4638 saeculo-

1992 4682 2148 4723 rum.
2178 4671 2386 4723 Amen.

1756 4949 2118 5010 EPILOGUS.

262 5103 431 5165 Nauta
456 5108 621 5164 rudis
645 5107 861 5181 pelago
892 5107 1255 5164 commissus
1284 5107 1413 5164 vela
1440 5106 1762 5181 profundo,

262 5190 433 5252 Classe
460 5198 644 5253 vehor
672 5213 880 5271 parva,
915 5196 1205 5269 rimisque
1233 5196 1524 5254 foramine
1552 5197 1751 5271 plena,

264 5278 562 5358 Puppeque
590 5291 901 5360 quassata,
932 5302 1112 5359 prora
1144 5284 1368 5341 tumide
1408 5302 1648 5358 aequore
1680 5286 1884 5352 fracta,

267 5364 681 5442 Confractisque
709 5369 1151 5441 gubernaculis,
1182 5368 1481 5441 remisque
1511 5370 1859 5443 peremptis,

270 5447 530 5509 Omnibus
561 5459 614 5509 et
641 5454 785 5510 velis
812 5454 1071 5510 violento
1100 5452 1335 5510 turbine
1366 5453 1585 5521 scissis,

269 5535 594 5613 Naufragus,
619 5543 920 5612 attonitus,
948 5543 1247 5616 stupidus,
1277 5542 1487 5612 hebes,
1518 5542 1758 5612 anxius,
1787 5558 1890 5599 an-

1629 5632 1817 5704 [cepa

2007 5100 2281 5173 Syrtibus
2310 5099 2657 5172 implicitus,
2688 5115 2798 5171 pro
2826 5100 3029 5156 nescio
3059 5115 3225 5156 nunc
3261 5099 3409 5173 quid
3440 5107 3649 5173 agetur

1994 5189 2084 5245 Ah
2106 5190 2117 5244 !
2142 5188 2361 5244 misero
2379 5187 2648 5243 mihimet
2663 5188 2861 5243 nullus
2882 5188 3345 5260 patetexercitus
3366 5206 3628 5264 usquam

1998 5276 2298 5334 Fluctibus
2326 5276 2557 5332 incluso
2582 5276 2802 5347 nimiis,
2829 5281 3118 5350 septoque
3142 5278 3442 5351 procellis.

1995 5366 2123 5423 Ah!
2157 5365 2429 5422 mihimet
2473 5365 2693 5422 caelum
2730 5366 3018 5439 undique,
3047 5371 3106 5424 et
3130 5368 3400 5442 undique
3427 5376 3648 5443 pontus

3304 5457 3582 5528 [habetur

1995 5547 2216 5617 [Equor
2243 5557 2599 5616 permensus
2626 5542 2894 5599 medium
2922 5543 3041 5600 huc
3068 5545 3167 5601 vix
3192 5561 3385 5618 usque
3411 5550 3611 5604 natavv

1997 5636 2125 5690 Non
2152 5632 2404 5692 intrasse
2434 5630 2633 5690 salum
2659 5632 2924 5702 mallem,
2950 5648 3139 5705 quam
3166 5633 3264 5691 hic
3293 5633 3555 5706 periisse.
