4004 6178
374 183 476 234 655

1337 164 1648 222 DUDONlS
1687 161 1947 219 DECANI
1989 161 2045 215 S.
2087 155 2407 222 QUINTINI
2447 155 2834 213 VIROMAND.

3693 156 3804 210 656

372 306 574 374 Puppe
606 297 720 354 sub
749 296 964 365 exigua
988 310 1095 368 per
1121 291 1410 359 confraga
1432 291 1772 344 murmurat
1799 299 2022 359 aequor,
2063 291 2109 343 Α
2136 279 2840 374 Fluctivagartpquoreos
2852 277 3078 374 mentis
3108 291 3423 350 compesce
3453 279 3727 374 tumores

372 389 669 447 Fluctibus
695 385 919 442 infestis
945 383 1144 457 pelagi
1172 383 1492 455 spumante
1526 376 1810 451 procella,

369 484 627 552 Equora
651 477 780 548 jam
807 474 1086 530 lambunt
1114 470 1354 528 inimica
1380 484 1527 541 pace
1555 466 1844 534 carinam,

369 566 644 623 Pestifero
674 562 959 637 amplexu
988 558 1303 616 horrendis
1335 556 1538 612 ﬂabris
1571 554 1860 610 nocitura.

368 655 598 712 Viribus
624 653 786 709 iratis
817 657 1020 707 teneor
1053 649 1238 705 maris
1270 663 1411 702 ursa
1436 645 1668 717 rapina,

370 744 658 816 Undaque
689 744 966 797 curvatos
998 738 1235 794 sublata
1267 736 1432 792 sinus
1463 733 1655 807 quatit
1688 747 1843 788 acre.

369 838 572 890 Haereo
598 847 758 887 nunc
785 828 1053 885 tremulis
1081 825 1432 884 temerarius
1459 822 1678 879 arbiter
1707 820 1884 876 undis

369 922 484 980 Sed
506 927 784 994 tu,quem
803 922 1028 975 statum
1049 914 1356 981 mobilem,
1375 916 1605 967 motum
1631 908 2027 981 stabilemque

366 1009 614 1068 Veridici
643 1007 976 1083 perhibent,
1002 1021 1141 1061 cum
1173 1003 1246 1059 sit
1270 1006 1472 1058 motus
1501 1014 1745 1073 quoque
1777 1002 1986 1065 status,

2135 372 2333 442 Syrtes
2363 368 2674 441 pestiferas
2701 369 2898 424 cordis
2925 367 3234 439 disrumpe
3259 366 3549 436 vagantis,

2134 461 2325 530 Atque
2353 456 2666 529 procellosi
2695 456 2918 527 ingenii
2945 455 3189 512 sustolle
3217 454 3484 510 carinam
3510 471 3523 521 ;

2138 551 2208 604 Ut
2233 547 2677 617 gubernaculis,
2707 547 3027 619 remisque,
3053 545 3318 618 velisque
3346 543 3601 614 refectis,

2138 637 2383 708 Ingenii,
2409 652 2642 706 sensus,
2673 636 3121 709 intellectusque
3152 634 3371 708 pusilli,

2134 730 2386 799 Jamque
2415 726 2597 797 hujus
2621 727 2818 798 operis
2839 725 3056 799 pelago
3082 724 3342 780 fervente
3373 728 3596 791 meato,

2134 815 2542 889 Tranquillum
2574 815 2801 888 possim
2831 814 3237 871 conscendere
3277 814 3479 869 navita
3509 818 3764 886 portum

2135 905 2435 976 Sanguine
2465 905 2735 977 martyrii
2760 905 3036 971 ﬂuidum,
3069 904 3391 978 palmaque
3416 903 3737 970 decorum,

2134 995 2452 1052 Profusum
2479 999 2536 1050 et
2560 994 2815 1050 nitidum
2846 998 3198 1050 cunctorum
3229 993 3371 1049 ﬂore
3400 992 3736 1049 bonorum.

375 1224 3796 1254 ________________________————_——___

1265 1429 1846 1550 LIBER
2015 1425 2902 1545 TERTIUS.

1770 1698 2390 1787 PB/EFATIO.

365 2077 518 2135 Olim
547 2074 871 2147 discipulos
901 2071 1280 2144 omnipotens
1311 2071 1488 2139 Deus,

363 2169 542 2223 Sacra
571 2164 803 2234 Virgine
833 2161 1040 2218 matris
1070 2160 1265 2216 editus
1295 2164 1353 2214 et
1381 2164 1567 2224 satus,

363 2260 506 2313 Vere
532 2259 738 2311 nostra
762 2251 912 2307 ﬁdes
939 2249 1302 2318 Sarcalogon
1332 2265 1514 2320 quem
1541 2249 1640 2313 ait,

363 2343 618 2417 Puppim
648 2340 939 2398 scandare
971 2337 1274 2412 praecepit,
1307 2336 1591 2408 abireque

364 2433 522 2490 Ultra
549 2429 868 2488 velivolum
899 2432 956 2484 et
987 2427 1370 2496 ﬂuctivagum
1403 2441 1588 2480 mare.

362 2521 566 2578 Plebes
588 2520 936 2576 innumeras
959 2516 1164 2571 sedere
1193 2530 1336 2570 mox
1361 2514 1553 2584 jubet,

364 2615 429 2666 Et
453 2608 674 2666 montis
707 2606 954 2662 subiens
985 2604 1104 2660 alta
1128 2602 1467 2666 cacumina,

360 2702 591 2755 Numen
620 2695 832 2751 siderei
861 2692 1125 2766 postulat
1153 2690 1231 2747 ad
1262 2691 1464 2746 Patris.

361 2787 554 2844 Noctis
583 2783 849 2841 caaruleaa
880 2798 1020 2838 mox
1052 2795 1290 2852 erepere
1321 2779 1521 2844 obvio,

361 2877 490 2934 Dire
525 2875 870 2932 ferbuerant
897 2887 1145 2944 aequora
1171 2869 1372 2935 livida,

361 2969 532 3022 Laavo
561 2962 920 3037 praetumido
951 2958 1193 3015 ﬂamine
1221 2957 1490 3026 gurgitis,

359 3053 743 3111 Conclamata
768 3049 954 3116 salus,
987 3061 1246 3118 spesque
1276 3045 1516 3111 fiducia,

359 3142 596 3198 Cunctis
625 3137 936 3211 discipulis
967 3133 1354 3210 perstrepidis
1381 3133 1561 3189 nimis

357 3232 520 3288 Aeris
549 3228 826 3303 pestifera
851 3225 1059 3282 mortis
1089 3223 1371 3294 imagine.

357 3323 590 3387 Quartae
620 3334 764 3374 nam
800 3313 1070 3372 stationis
1101 3313 1332 3369 tumido
1365 3313 1479 3367 situ

358 3410 621 3467 Christus
655 3423 716 3461 se
747 3405 964 3478 pelago
994 3401 1314 3471 ﬂuetivago
1360 3399 1553 3455 intulit

359 3499 524 3555 Sicco
553 3494 824 3564 vestigio,
858 3508 1043 3564 seque
1071 3506 1179 3563 per
1207 3505 1455 3562 aequora

359 3591 485 3644 Fert
509 3587 692 3641 ﬂuctu
721 3581 949 3653 liquido
980 3578 1284 3652 passibilis
1315 3578 1517 3642 maris,

253 3697 258 3699 ‘
358 3677 537 3733 Oﬂ'ert
564 3669 870 3744 discipulis
900 3684 1082 3740 seque
1117 3665 1523 3722 trementibus.
1653 3725 1663 3734 ο

354 3764 514 3817 Tunc
545 3765 709 3816 artus
738 3757 1021 3813 tremulos
1051 3760 1306 3827 occupat
1336 3759 1391 3809 et
1421 3769 1624 3825 pavor,

357 3849 590 3905 Haerent
618 3846 979 3920 discipulum
1014 3844 1196 3900 corda
1227 3842 1543 3914 stupentia.

355 3927 637 4010 Ignorant
660 3937 807 4011 quid
832 3939 1016 4005 agant
1039 3934 1160 3990 fine
1191 3932 1304 3987 sub
1334 3931 1562 3986 ultimo.

353 4031 560 4083 Terror
589 4031 832 4100 pectora
863 4028 954 4080 sat
983 4023 1253 4079 verberat
1289 4020 1543 4092 algidus,

357 4115 592 4170 Clamor
616 4115 810 4169 sidera
841 4112 1039 4184 pulsat
1067 4111 1288 4167 nimius
1317 4109 1458 4182 poli.

355 4205 675 4274 Postquam
707 4217 769 4256 se
798 4200 1054 4255 innotuit
1082 4197 1390 4270 discipulis
1422 4202 1592 4265 Deus,

355 4289 651 4346 Prmsiccis
677 4288 933 4362 pedibus
965 4293 1129 4343 stans
1161 4287 1347 4342 ﬂuido
1375 4287 1527 4343 mari

352 4382 555 4436 Petrus
586 4394 730 4435 mox
753 4375 1005 4432 Domino
1034 4375 1220 4432 verba
1248 4377 1526 4432 sonantia

355 4468 616 4542 Sumptis
645 4465 876 4522 viribus
903 4469 960 4520 et
989 4464 1203 4521 robore
1231 4464 1505 4536 praetulit.

351 4559 395 4615 Ο
422 4561 485 4614 tu
517 4556 744 4612 Christe
773 4558 988 4628 potens
1015 4552 1250 4609 aetheris
1281 4557 1337 4608 et
1361 4553 1544 4610 maris

352 4647 408 4705 Si
438 4663 550 4702 nos
580 4649 784 4702 sancta
817 4643 963 4700 adiit
991 4659 1150 4698 nunc
1180 4642 1371 4716 pietas
1398 4647 1518 4706 tua,

348 4738 564 4808 Estque
595 4739 720 4790 tuta
749 4734 899 4789 tines
921 4731 1229 4800 omnibus,
1260 4736 1316 4786 et
1341 4731 1552 4803 proba,

345 4827 563 4881 Tecum
593 4839 840 4896 pergere
865 4837 963 4877 me
989 4821 1246 4893 praecipe
1277 4836 1384 4893 per
1408 4837 1594 4877 mare.

346 4912 630 4984 Praecepti
660 4911 912 4984 imperio
937 4925 1098 4965 nunc
1123 4908 1470 4979 vegetabilis

346 5001 666 5072 Indulgens
697 5001 855 5056 favet
883 4998 996 5064 his,
1029 5003 1086 5054 et
1111 4997 1342 5054 retulit:
1378 4998 1534 5055 Veni.

346 5089 556 5144 Fidens
587 5088 646 5143 in
676 5088 946 5154 Domino,
975 5087 1079 5160 qui
1108 5087 1264 5159 potis
1291 5091 1378 5142 est
1408 5086 1590 5142 maris

341 5177 548 5233 Petrus
579 5193 839 5250 moxque
864 5182 1052 5232 ratem
1083 5175 1299 5232 deserit
1327 5176 1514 5245 ocius,

342 5266 410 5320 Et
438 5263 541 5319 dat
565 5263 884 5332 vestigium
915 5264 1194 5320 ﬂuctibus
1220 5264 1498 5336 aequoris.

338 5355 585 5409 Mentem
611 5351 945 5425 perculerat
973 5369 1066 5408 res
1096 5351 1412 5408 tremulam
1439 5368 1619 5422 nova,

337 5445 484 5500 Cum
515 5441 862 5498 discrimina
891 5446 1112 5514 pontus
1143 5441 1328 5496 movit
1361 5439 1562 5507 effera,

333 5531 636 5598 Quamdiu
663 5546 784 5585 non
811 5530 1126 5586 dubitavit.
1153 5531 1170 5550 '

325 5624 565 5678 Petrum
599 5618 962 5675 sustulerant
989 5634 1234 5690 aequora
1264 5617 1522 5687 turgida,

2054 2069 2093 2122 Β
2133 2064 2538 2137 Diffidensque
2565 2063 2655 2119 sui
2685 2062 2962 2136 paenituit
2986 2061 3183 2128 nimis,

2129 2158 2348 2212 Mersus
2379 2169 2629 2227 corpore
2660 2156 2862 2208 Petrus
2891 2151 3089 2207 medio
3124 2151 3253 2206 salo

2130 2242 2393 2300 Clamat:
2425 2242 2698 2314 Deripere
2727 2240 3009 2297 ﬂuctibus
3037 2240 3150 2308 his,
3183 2243 3356 2296 Deus.

2131 2332 2342 2389 Christi
2373 2331 2617 2388 dextera
2646 2347 2786 2387 mox
2820 2347 3002 2404 quem
3033 2331 3230 2403 rapuit
3256 2346 3450 2395 sacra,

2130 2420 2315 2476 Dixit:
2352 2443 2378 2469 «
2409 2421 2500 2475 Tu
2523 2419 2776 2476 modicae
2805 2435 2910 2475 cur
2938 2419 3075 2474 ﬁdei
3104 2419 3286 2475 modo

2126 2509 2402 2566 Nutando
2433 2510 2655 2566 titubas
2687 2514 2744 2565 et
2771 2509 3013 2564 dubitas
3044 2509 3230 2565 freto?
3260 2532 3287 2559 υ

2127 2599 2553 2656 Conscendunt
2579 2599 2801 2672 pariter
2827 2615 2969 2654 mox
3005 2602 3156 2654 Deus
3184 2603 3241 2654 et
3265 2601 3465 2654 Petrus

2126 2689 2360 2758 Navim,
2388 2687 2699 2760 discipulis
2726 2687 2960 2744 turbine
2990 2687 3276 2743 tristibus.

2124 2777 2354 2834 Cedunt
2382 2777 2668 2834 continuo
2697 2777 2876 2833 noxia
2907 2777 3176 2832 ﬂamina.

2193 2866 2433 2922 Dudum
2462 2881 2573 2922 nos
2603 2865 2853 2939 pelagus
2883 2864 3309 2937 praetumidum
3342 2865 3523 2921 nimis

2125 2956 2355 3012 Summi
2385 2955 2634 3012 numine
2663 2955 2876 3010 Christi
2903 2954 3370 3027 penetravimus.

2121 3044 2343 3100 Cursus
2367 3044 2495 3115 jam
2527 3043 2761 3100 medios
2793 3042 3154 3112 contigimus
3180 3043 3318 3099 fere.

2123 3133 2477 3206 Obpansum
2506 3133 2774 3206 undique
2807 3132 3025 3188 coelum
3056 3131 3322 3205 undique
3347 3132 3620 3188 cernitur

2123 3221 2267 3277 Hinc
2292 3221 2452 3291 hinc,
2481 3226 2661 3294 atque
2691 3221 2895 3277 minax
2925 3220 3216 3276 caeruleus
3245 3221 3460 3294 liquor.

2123 3310 2324 3366 Haurit
2348 3310 2599 3382 jamque
2626 3326 2816 3382 pavor
2841 3313 3083 3382 pectora
3109 3309 3350 3376 tristius,

2121 3399 2354 3454 Tollunt
2381 3415 2628 3472 aequora
2656 3399 2880 3455 molem
2908 3398 3156 3455 inscitiae
3182 3415 3329 3455 mete
3353 3416 3365 3454 :

2120 3489 2307 3561 Coepti
2337 3490 2602 3561 paenitet,
2637 3493 2692 3545 et
2717 3489 2912 3556 tardet,
2942 3493 2998 3544 et
3027 3490 3142 3545 hoc
3173 3491 3348 3562 piget.

2122 3578 2407 3633 Summus
2439 3578 2662 3634 Christe
2694 3579 2870 3647 Deus,
2904 3594 3066 3633 nunc
3093 3578 3303 3634 faciem
3335 3581 3508 3634 tuam

2121 3663 2278 3720 Felix
2307 3665 2633 3738 poplitibus
2665 3665 3056 3738 pandeamini
3083 3672 3238 3739 peto.

2121 3755 2342 3825 Lapsas
2367 3753 2594 3826 respice
2624 3771 2762 3826 spes
2792 3754 2995 3810 fomite
3026 3755 3308 3810 numinis.

2121 3844 2399 3899 Sanctam
2431 3843 2666 3915 porrige
2694 3860 2942 3900 manum
2969 3861 3130 3900 nunc
3157 3845 3387 3918 trepido
3419 3847 3598 3914 mihi,

2118 3931 2348 3986 Possim
2379 3932 2667 3988 scandere
2695 3948 2820 4005 quo
2850 3937 3017 4002 gesta
3048 3934 3347 4005 micantia,

2121 4021 2370 4076 Summo
2398 4025 2451 4077 te
2481 4021 2655 4091 duce,
2689 4022 2774 4078 sic
2806 4026 2858 4078 te
2887 4022 3040 4078 duce
3072 4023 3309 4095 praevio,

2120 4111 2185 4164 Et
2209 4115 2356 4182 quot
2387 4115 2529 4166 sunt
2554 4111 2828 4166 mihimet
2852 4116 3022 4167 torva
3052 4112 3331 4184 pericula.

2118 4201 2367 4255 Mentem
2398 4199 2653 4273 septiﬁdi
2679 4205 2916 4256 nectare
2947 4201 3212 4273 Spiritus,

2118 4290 2184 4343 Et
2210 4305 2313 4344 cor
2340 4289 2614 4345 rethorici
2645 4289 2848 4345 fomite
2875 4290 3142 4360 gurgitis,

2116 4379 2183 4433 Et
2211 4377 2481 4447 linguam
2511 4379 2768 4434 trimodo
2798 4379 3116 4452 proloquio
3147 4385 3406 4453 struens,

2113 4469 2408 4538 Asperges
2437 4466 2691 4522 salubris
2719 4467 2879 4523 fonte
2911 4469 3166 4524 scientiae
3192 4487 3205 4534 ;

2115 4556 2399 4611 Narratus
2420 4555 2618 4612 brevis
2647 4561 2712 4612 ut
2738 4557 2928 4629 sitque
2954 4558 3306 4630 probabilis,

2113 4647 2302 4715 Atque
2334 4643 2471 4700 hinc
2498 4649 2682 4700 exstet
2708 4651 2949 4718 apertus
2974 4646 3201 4701 homini
3228 4647 3350 4702 scio

2026 4773 2069 4826 Β
2111 4733 2300 4826 Ilujus
2325 4733 2608 4826 historias,
2640 4750 2828 4808 quam
2858 4735 3278 4792 reserabimus.

2111 4820 2360 4876 Partitus
2387 4820 2645 4877 brevitas
2676 4822 2897 4878 famine
2924 4823 3234 4896 splendeat

2111 4912 2174 4964 In
2206 4914 2329 4966 toto
2358 4911 2541 4968 niteat
2565 4927 2822 4984 quasque
2853 4911 3068 4968 solutio
3095 4931 3106 4967 :

2110 4999 2387 5055 Nectatur
2413 5000 2614 5068 generi
2646 5000 2728 5055 sic
2753 5016 2996 5073 quoque
3029 5001 3301 5074 paucitas

2107 5087 2403 5157 Personae,
2434 5103 2627 5161 exque
2654 5088 2828 5156 datis,
2857 5095 3035 5162 atque
3063 5089 3300 5161 negotio

2109 5178 2392 5232 Sumatur
2415 5178 2565 5234 ratio
2597 5178 3029 5234 rhetoricabilis

2106 5265 2343 5336 Septem
2365 5281 2527 5322 nunc
2553 5266 2857 5323 elementis
2881 5268 3034 5324 bene
3065 5267 3340 5337 cognitis,

2103 5354 2480 5427 Decretisque
2510 5355 2910 5412 simultatibus
2937 5357 3240 5424 omnibus,

2102 5439 2183 5495 Te
2213 5441 2475 5498 donante
2509 5447 2660 5499 Deus
2685 5445 2919 5514 Virgine
2950 5461 3073 5518 qua
3109 5453 3292 5514 satus,

2098 5528 2246 5583 Cum
2277 5532 2444 5586 Patre
2470 5530 2753 5601 ingenito,
2783 5539 2838 5588 et
2868 5533 3127 5588 Flamine
3155 5551 3291 5588 cum
3323 5551 3526 5605 sacro,

2097 5616 2379 5689 Regnans
2410 5624 2736 5693 perpetuus
2767 5628 2983 5679 cuncta
3011 5623 3220 5678 videns
3257 5625 3429 5679 Deus.
