4004 6178
310 152 414 205 659

307 273 518 330 Desine
541 278 696 341 vota,
727 288 970 329 necesse
1003 272 1106 329 tibi
1135 272 1431 345 nobisque
1458 272 1669 328 frueris

308 363 541 422 Semine
564 378 827 435 namque
853 366 955 419 tuo
984 366 1265 418 nascetur
1287 362 1412 417 dux
1434 362 1791 431 luculentus,

305 442 621 510 Ornandus
640 451 814 507 donis
844 451 1181 508 coelestibus
1210 451 1457 525 insuper
1474 450 1725 508 haustis.

303 541 545 598 Francia
576 540 825 597 miriﬁco
842 542 1015 612 cujus
1042 541 1155 597 sub
1175 541 1387 614 pollice
1416 542 1648 597 vultum

302 633 501 697 Ducet,
529 634 806 702 agetque,
839 635 1062 700 movet,
1096 630 1425 703 ﬂectetque,
1459 629 1664 686 citabit
1688 632 1953 697 ovanter,

297 720 498 774 Fretus
522 717 809 790 martyrio
834 722 1159 791 postquam
1182 718 1473 787 migrabis
1506 718 1781 790 Olympo.

294 806 525 863 Arbiter
551 806 820 877 egregias
848 807 1187 863 moderabit
1213 808 1505 875 habenas,

295 895 492 966 Equa
510 894 751 951 librabit
773 896 1068 952 trutinans
1098 900 1155 952 et
1182 895 1350 952 lance
1376 895 1653 967 querelas
1687 912 1698 949 :

291 981 521 1038 Judicio
548 987 841 1040 tormenta
867 984 983 1040 reis
1014 983 1277 1055 impellet
1306 989 1361 1038 et
1381 999 1579 1054 aequo,

294 1072 573 1142 Largiﬂui
603 1072 749 1128 doni
771 1073 946 1143 justis
972 1078 1028 1129 et
1056 1072 1307 1145 praemia
1336 1073 1533 1128 dedet.

292 1160 581 1217 Virtutum
608 1166 1035 1233 quaternarum
1066 1161 1292 1233 passim
1319 1177 1538 1230 aggere
1568 1166 1756 1232 actus,

292 1248 642 1305 Distinctum
670 1249 869 1305 nitidis
896 1249 1145 1306 rutilans
1167 1250 1449 1306 diadema
1480 1250 1702 1305 bet-illis

289 1337 543 1392 Emerito
573 1337 783 1409 capitis
814 1342 1055 1408 gestans
1084 1338 1144 1393 in
1170 1339 1387 1395 vertice
1417 1339 1626 1403 sancti,

289 1425 545 1482 Scandet
573 1426 651 1482 ad
678 1426 958 1499 Elyseum
1000 1427 1241 1497 dignus,
1270 1428 1501 1489 Christo
1549 1428 1721 1497 duce,
1784 1443 1946 1482 cam-

1680 1515 1846 1588 [pum
1860 1558 1870 1568 .

1274 148 1582 205 DUDONIS
1624 149 1881 205 DECANI
1924 146 1983 204 S.
2020 144 2331 210 QUINTINI
2370 148 2748 206 VIBOMAND.

1990 276 2039 330 Α
2070 269 2348 342 princeps
2370 270 2587 326 militiae
2613 276 2830 329 nostrte
2860 275 2924 329 ut
2971 270 3161 329 ﬁlium
3213 271 3508 339 educavit,
3547 272 3733 328 mori-

3618 151 3731 206 600

2065 359 2303 430 busque
2331 364 2385 414 et
2413 360 2625 415 studiis
2654 360 2791 415 belli
2815 359 3175 418 sufﬁcienter
3197 361 3490 421 instruxit.
3528 362 3730 431 Illum,

2061 465 2295 521 precor,
2323 449 2515 520 eligite
2554 449 2772 507 ducem
2806 449 2978 507 vobis
3010 453 3068 507 et
3095 454 3515 522 protectorem,
3544 451 3732 523 patri-

2061 538 2221 593 cium
2274 544 2330 593 et
2383 539 2684 593 comitem.
2742 538 3066 596 Subveniat
3105 539 3279 595 vobis
3322 540 3623 609 sagaciter
3666 540 3733 595 in

2060 627 2340 695 consiliis,
2369 628 2679 700 prositque
2702 628 2876 685 vobis
2894 633 3234 687 constanter
3252 628 3315 685 in
3335 630 3576 701 proeliis.
3635 629 3732 684 Ab

2061 717 2419 773 adversariis
2448 734 2555 773 vos
2583 717 2870 772 hostiliter
2893 722 3183 790 protegat,
3214 734 3552 791 pacemque
3572 718 3735 774 inter

2057 823 2167 862 vos
2206 807 2555 863 continuam
2600 806 2871 877 legaliter
2918 806 3113 865 faciat.
3147 808 3483 867 Monasticis
3514 808 3729 875 rebus,

1974 960 1977 963 Α
2057 899 2123 950 ut
2150 895 2377 950 dictum
2400 900 2487 951 est
2508 896 2675 966 mihi,
2706 896 2833 953 vult
2855 912 2918 952 se
2947 896 3296 968 mancipari,
3322 896 3733 969 theoricisque

2057 989 2287 1040 mutato
2314 985 2521 1040 habitu
2548 985 2842 1042 subnecti.
2880 1008 2908 1034 »
2939 989 3097 1043 Tunc
3123 986 3367 1043 comites
3394 987 3586 1058 hujus
3609 1002 3735 1041 res-

2054 1073 2365 1146 ponsionis
2396 1074 2680 1129 affamine
2736 1074 2974 1141 hilares,
3023 1075 3465 1148 responderunt
3520 1074 3733 1130 dicen-

2059 1167 2140 1217 tes
2174 1180 2185 1216 :
2218 1186 2244 1209 ‹‹
2282 1162 2378 1218 Ille
2400 1163 2575 1218 nobis
2608 1163 2716 1218 erit
2742 1162 2867 1218 dux
2898 1164 3304 1221 hmreditarius
3330 1168 3390 1221 et
3432 1169 3734 1238 opportu-

2054 1268 2190 1321 nus,
2231 1252 2481 1325 ejusque
2538 1252 2856 1322 dignanter
2901 1253 3453 1325 obtemperabimus
3498 1271 3732 1328 praece-

2053 1345 2177 1413 pto,
2214 1342 2527 1414 gentisque
2555 1342 2884 1400 Franciscae
2912 1358 3168 1413 regnum
3219 1344 3511 1401 faciemus
3544 1345 3601 1399 ei
3631 1360 3733 1400 ac-

2054 1429 2316 1486 clivium.
2352 1454 2378 1480 »
2416 1434 2545 1486 Dux
2594 1436 2796 1487 autem
2829 1448 3078 1489 suorum
3123 1432 3381 1492 militum
3410 1432 3615 1490 verbis
3645 1432 3733 1488 fa-

2052 1521 2320 1575 ventium
2362 1520 2484 1576 suis
2546 1520 2957 1579 voluntatibus
3004 1522 3227 1588 hilaris,
3280 1522 3568 1595 praecepit
3625 1524 3731 1577 Bo—

355 1605 504 1660 Cum
533 1604 1155 1677 autem,praeveniente
1176 1606 1368 1675 gratia
1388 1605 1945 1675 divinitatis,secun-
1983 1625 2025 1679 Β
2053 1610 2219 1664 thoni
2256 1609 2477 1665 militiae
2499 1610 2774 1682 princxpi,
2809 1617 2872 1666 ut
2901 1610 3223 1669 adduceret
3274 1627 3447 1683 spem
3485 1610 3725 1685 populi,

281 1692 428 1747 dum
456 1692 608 1748 vires
629 1693 817 1749 aetatis
842 1693 1092 1765 polleret
1119 1694 1299 1750 titulis
1328 1694 1499 1753 istius
1520 1694 1801 1750 bonitatis
1823 1694 1944 1749 eni-

281 1785 547 1853 teretque
573 1780 887 1838 afﬂuenter
912 1782 1124 1839 studiis
1183 1784 1508 1841 sanctitatis
1537 1802 1549 1838 :
1585 1784 1761 1839 North
1774 1799 1944 1838 man-

278 1885 500 1925 norum
527 1870 1065 1944 Britannorumque
1093 1872 1782 1945 comitas,principesque
1799 1888 1946 1927 una-

279 1958 517 2014 nimiter
544 1957 606 2013 in
648 1975 840 2015 unum
896 1966 1323 2027 convenerunt,
1380 1961 1648 2034 quidque
1701 1965 1946 2030 agerent

279 2046 574 2102 decreturi
600 2047 677 2104 ad
708 2048 965 2104 invicem
996 2049 1275 2109 dixerunt
1306 2068 1319 2105 :
1356 2053 1483 2106 Dux
1538 2054 1759 2113 noster,
1793 2049 1942 2104 scili-

278 2141 371 2193 cet
398 2136 586 2208 Rollo,
617 2137 720 2211 qui
743 2142 799 2194 et
826 2138 1162 2208 Rotbertus,
1193 2139 1381 2199 nimio
1408 2139 1707 2196 bellorum
1736 2138 1941 2194 labore

274 2225 644 2282 incessanter
669 2226 923 2298 attritus,
954 2226 1348 2300 plurimisque
1400 2227 1705 2283 aestuantis
1758 2227 1940 2282 maris

275 2315 555 2388 periculis
577 2315 882 2387 fatigatus,
916 2333 1309 2389 aerumnaque
1360 2317 1583 2372 crebrae
1614 2316 1941 2386 navigatio-

276 2404 370 2460 nis
401 2404 679 2473 aﬁlictus,
738 2405 1190 2479 innumerisque
1239 2405 1790 2478 pernoctationibus
1836 2405 1940 2461 de-

276 2493 484 2563 fectus,
518 2494 900 2567 pluriumque
917 2495 1235 2568 plagarum
1265 2495 1554 2551 livoribus
1580 2495 1937 2561 inﬁrmatus,

274 2582 503 2639 viribus
530 2583 871 2642 inﬁrmitate
892 2585 1199 2645 evacuatis
1232 2583 1738 2656 exhaustus,quin
1759 2584 1941 2647 etiam

276 2668 549 2737 grandivi
574 2668 722 2727 situs
753 2668 1137 2727 diuturnitate
1166 2673 1584 2741 consumptus,
1632 2684 1755 2729 non
1785 2667 1944 2729 valet

273 2772 461 2827 regno
509 2758 750 2817 alterius
795 2758 1067 2819 auxiliari
1108 2763 1164 2817 et
1217 2758 1557 2827 defendere,
1604 2757 1837 2830 sibique
1886 2760 1944 2817 et

273 2846 450 2904 nobis
471 2847 840 2905 conﬁdenter
860 2864 1123 2920 praeesse
1153 2852 1210 2906 et
1235 2848 1541 2920 prodesse.
1563 2846 1942 2907 Sciscitemur

2054 1697 2277 1753 scilicet
2307 1698 2684 1757 Guillelmum
2709 1699 3147 1757 adolescentem
3180 1699 3313 1757 sibi.
3360 1701 3549 1759 Botho
3578 1716 3729 1756 vero

2052 1786 2129 1842 ad
2158 1793 2391 1860 patrem
2422 1788 2686 1844 celeriter
2717 1788 3097 1846 Guillelmum
3119 1789 3388 1855 adduxit,
3414 1790 3729 1847 accersitis

2051 1876 2421 1949 principibus
2449 1877 2627 1932 totius
2656 1878 2843 1947 regni.
2868 1881 3029 1935 Tunc
3050 1878 3471 1937 charissimum
3499 1879 3729 1951 pignus

2050 1969 2280 2038 excepit
2308 1967 2643 2022 amabiliter
2670 1968 2968 2037 benignus
3006 1972 3197 2040 pater,
3252 1975 3433 2040 utque
3464 1968 3556 2024 fas
3594 1974 3731 2024 erat

2050 2056 2365 2129 amplexus
2392 2061 2479 2113 est
2508 2056 2778 2123 dulciter,
2806 2058 3209 2131 prtesagitque
3237 2058 3529 2130 spirituali
3556 2074 3729 2115 men-

2050 2150 2102 2201 te
2135 2163 2329 2202 annos
2362 2147 2627 2219 pueritiae
2655 2147 2822 2202 illum
2853 2163 2976 2207 non
3004 2148 3382 2206 mediocriter
3411 2153 3726 2206 transcen-

2049 2235 2209 2291 dere.

2050 2323 2404 2380 Gaudebant
2429 2324 2634 2392 ambo,
2670 2324 3017 2381 Guillelmus
3039 2325 3265 2381 honore
3296 2330 3569 2398 paterno,

2050 2416 2115 2468 Et
2138 2418 2308 2485 pater
2336 2412 2588 2483 insignis
2618 2414 2912 2470 Guillelmi
2937 2430 3009 2469 ex
3031 2414 3262 2470 actibus
3283 2414 3479 2470 almis.

2049 2505 2316 2559 Cernuus
2349 2503 2444 2557 hic
2476 2503 2644 2558 senio
2674 2502 2987 2575 probitatis
3017 2503 3183 2576 prole
3210 2503 3534 2573 gaudebat,

2048 2594 2116 2647 Et
2138 2590 2375 2649 soboles
2400 2591 2703 2651 luculenta
2731 2591 2919 2651 aetatis
2958 2596 3127 2667 patre
3158 2596 3427 2651 vetustae.

2048 2679 2148 2737 Hic
2175 2679 2289 2735 cito
2317 2695 2644 2737 scansurus
2674 2678 2891 2737 omium
2921 2678 2997 2737 de
3028 2684 3173 2739 teste
3203 2678 3424 2739 futuro.

2049 2767 2148 2823 Hic
2180 2773 2496 2825 renaturus
2522 2768 2753 2829 mundo
2776 2767 3042 2839 genitore
3056 2768 3258 2825 beato.

2050 2857 2498 2930 Amplexusque
2527 2873 2732 2915 seems
2761 2873 2835 2915 a-~
2868 2856 3146 2929 plexibus
3176 2858 3234 2917 hi
3262 2855 3650 2929 repﬁcanms,

275 2952 463 3034 quem
492 2936 556 2994 in
583 2952 772 3006 regno
798 2936 1258 3034 prteliisadepto
1286 2936 1940 3034 haeredem‘sibi‘elege-
1978 2977 2021 3034 ο
2052 2945 2181 3002 Oris
2211 2944 2479 3005 mellitlui
2506 2944 2779 3003 libabant
2806 2944 3016 3005 osenla
3045 2961 3300 3018 semper.

275 3025 369 3093 rit,
402 3042 709 3099 quemque
732 3026 909 3084 nobis
940 3027 1206 3084 habilem
1222 3026 1632 3102 praeposuerit.
1654 3029 1751 3083 Est
1774 3042 1945 3089 nam.

275 3130 395 3186 que
423 3114 477 3170 ei
504 3114 660 3172 ﬁlius
688 3115 1069 3175 nobilissima
1119 3119 1482 3174 Francorum
1518 3116 1695 3188 stirpe
1726 3131 1942 3189 proge-

276 3202 455 3271 nitus,
499 3203 604 3277 qui
632 3209 691 3263 et
720 3221 971 3278 corpore
999 3204 1318 3275 vegetabili
1359 3204 1641 3277 sospitate
1672 3208 1944 3274 vigorate

275 3293 778 3365 elegantissimus.
808 3311 1112 3368 sensuque
1156 3295 1554 3368 plurimarum
1605 3294 1816 3353 studiis
1860 3310 1948 3350 re-

275 3399 414 3442 rum
441 3385 764 3443 informato
792 3385 1208 3458 peritissimus.
1240 3387 1499 3447 Favente
1524 3389 1714 3457 patre,
1769 3384 1946 3445 nobis

275 3472 513 3542 ducem,
570 3490 834 3547 eumque
887 3474 1276 3547 praferamus
1330 3474 1507 3533 nobis
1539 3473 1855 3545 patricium
1889 3479 1948 3535 et

276 3562 576 3618 comitem.
619 3563 806 3632 Hujus
842 3561 1022 3631 igitur
1068 3561 1300 3621 consilii
1352 3562 1798 3633 dispensatione
1852 3579 1945 3623 re~

275 3656 467 3723 perte,
497 3650 644 3723 quin
670 3650 793 3709 imo
818 3650 1243 3722 omnipotentis
1270 3652 1373 3711 Dei
1408 3650 1800 3722 dispensante
1826 3651 1945 3709 cle-

278 3740 521 3808 mentia,
553 3743 847 3800 venerunt
870 3740 1189 3801 unanimes
1217 3740 1295 3799 ad
1326 3740 1694 3807 Rotbertum,
1729 3742 1944 3800 Rotho-

278 3829 551 3901 magensi
576 3829 716 3885 sede
746 3845 995 3887 annosa?
1044 3830 1256 3891 atatis.
1287 3830 1454 3889 senio
1507 3831 1755 3900 fessum,
1795 3830 1943 3891 leni-

277 3934 397 3992 quo
424 3935 726 3991 sermone,
780 3918 1205 3991 submissoque
1262 3919 1429 3978 vultu
1486 3919 1563 3976 ad
1594 3935 1734 3976 eum
1781 3919 1946 3979 dixe-

278 4013 417 4065 runt
444 4026 459 4066 :
489 4031 517 4059 «
547 4009 799 4066 Domine
823 4009 949 4066 dux
980 4009 1541 4081 praepotentissime,
1575 4008 1773 4069 senilis
1804 4014 1945 4071 icta-

278 4098 353 4154 tis
384 4099 734 4167 aggravaris
759 4098 1245 4170 importunitate,
1278 4098 1505 4170 tibique
1530 4101 1587 4157 et
1616 4097 1789 4157 nobis
1818 4112 1946 4153 non

280 4190 452 4259 potes
478 4185 798 4245 salubriter
825 4186 1160 4245 subvenire.
1211 4190 1431 4249 Extare:
1485 4192 1692 4257 gentes
1724 4186 1946 4245 idcirco

278 4274 407 4345 jam
435 4290 549 4330 nos
578 4275 876 4346 afﬂigunt,
903 4281 1228 4349 nostraque
1240 4277 1477 4348 penitus
1496 4275 1610 4335 sibi
1635 4275 1942 4348 diripiunt.

284 4366 438 4419 inter
463 4377 573 4419 nos
609 4364 932 4423 divortium
989 4369 1170 4437 atque
1218 4364 1487 4425 duellum
1541 4364 1754 4433 agitur,
1806 4382 1945 4431 con-

284 4467 533 4524 sorsque
562 4457 627 4509 ut
652 4453 728 4510 sit
755 4469 1011 4524 regnum
1032 4470 1156 4511 non
1184 4452 1497 4519 stabilitur,
1528 4452 1785 4525 ideoque
1829 4471 1942 4529 pu-

281 4540 440 4597 blica
463 4557 558 4598 res
582 4542 894 4600 annullata
909 4542 1264 4615 dissipatur;
1298 4541 1448 4611 elige
1462 4541 1641 4611 igitur
1660 4542 1769 4615 qui
1787 4560 1942 4617 pras-

284 4631 360 4687 sit
377 4634 433 4686 et
460 4632 648 4704 prosit
672 4631 849 4691 nobis
868 4646 1206 4703 precamur,
1223 4630 1437 4703 cuique
1463 4630 1775 4700 diligenter
1801 4632 1943 4691 sub-

279 4718 563 4791 jiciamur
594 4724 697 4787 ;ut
724 4725 784 4776 et
803 4719 935 4792 ipse
964 4720 1039 4777 sit
1065 4720 1262 4788 nobis,
1293 4720 1709 4779 advocationis
1748 4720 1945 4790 gradu

284 4808 409 4864 dux
436 4812 495 4865 et
518 4808 823 4882 patricius,
848 4824 1085 4882 nosque
1111 4808 1510 4882 obsequenter
1547 4815 1605 4867 et
1621 4809 1945 4882 personaliv

285 4901 372 4953 ter
403 4897 456 4954 ei
486 4897 829 4956 militamus.
866 4921 895 4949 »
944 4901 1106 4959 Tunc
1160 4897 1327 4959 ΒοΠο
1381 4898 1757 4961 humillimus
1808 4915 1943 4961 suo-

283 5002 419 5042 rum
443 4987 640 5043 verbis
669 4992 930 5055 coactus,
962 4987 1311 5059 hujusmodi
1339 4987 1831 5060 responsionibus
1859 4993 1947 5044 est

285 5087 537 5132 exorsus
568 5094 580 5131 :
611 5076 954 5143 «Quoniam
977 5093 1225 5139 omnem
1252 5076 1653 5141 valetudinem
1670 5077 1947 5149 longaeva

285 5168 457 5225 aetate
484 5164 703 5221 auferri
727 5182 852 5224 non
875 5166 1184 5243 ignoratis,
1208 5182 1431 5239 meque
1460 5182 1584 5229 non
1622 5167 1946 5239 praevalere

287 5252 571 5325 amplius,
624 5269 820 5326 neque
873 5257 1163 5329 prodesse
1220 5256 1395 5319 vobis
1448 5256 1704 5327 cernitis,
1750 5262 1945 5317 vestro

287 5340 556 5412 consilio,
583 5346 902 5418 vestroque
923 5345 1150 5416 judicio
1181 5346 1574 5409 constituatur
1601 5345 1727 5405 dux
1750 5345 1945 5421 vobis,

286 5431 394 5506 qui
422 5433 623 5504 praesit
645 5435 908 5493 studiose
937 5441 995 5494 et
1042 5437 1248 5509 prosit,
1278 5442 1343 5493 ut
1398 5437 1777 5509 usquemOdo
1830 5452 1945 5507 ego

286 5521 583 5581 vobis.Est
608 5541 875 5597 namque
902 5525 1053 5583 mihi
1079 5526 1240 5587 titius
1270 5526 1636 5597 Francigeno
1654 5525 1947 5589 nobilissiw

288 5628 401 5669 mae
459 5613 868 5685 generositatis
921 5616 1149 5675 semine
1202 5621 1469 5685 exortus.
1522 5631 1712 5690 quem
1749 5614 1940 5681 ,Botho

2051 3037 2358 3093 Gratantes
2383 3034 2604 3106 pariter
2634 3033 2864 3104 genitor
2894 3034 3255 3108 sobolesque
3275 3032 3518 3095 resedit.

2124 3127 2285 3183 Tunc
2325 3122 2512 3192 Bello,
2566 3123 2940 3196 principibus
2994 3123 3337 3183 convocatis
3404 3127 3725 3190 secretius,

2051 3210 2592 3286 dixitpostulativis
2650 3212 2846 3269 verbis
2889 3212 3220 3274 omnibus:
3275 3215 3480 3271 «Ecce
3537 3228 3727 3287 quem

2048 3302 2367 3374 requiritis,
2401 3318 2535 3359 ecce
2593 3302 2783 3357 haeres
2835 3307 3054 3361 nostra;
3106 3300 3532 3375 possessionis,
3584 3316 3726 3361 ecce

2051 3390 2158 3462 qui
2187 3390 2422 3462 praeerit
2448 3389 2639 3447 vobis.
2672 3389 2787 3453 isti,
2816 3389 2988 3449 vobis
3018 3390 3379 3456 faventibus,
3424 3389 3607 3447 trado
3632 3405 3723 3447 re-

2051 3494 2262 3549 gnum.
2294 3478 2496 3537 labore
2526 3481 2942 3545 certaminum,
2975 3479 3316 3552 sudoreque
3370 3478 3723 3554 praeliorum

2052 3568 2359 3640 adeptum.
2398 3572 2509 3625 iste
2534 3567 2660 3625 vice
2685 3568 2805 3629 mei
2833 3567 3245 3631 dominabitur
3289 3569 3478 3640 hujus
3505 3568 3723 3639 gentis,

2050 3657 2365 3728 haeresque
2421 3656 2528 3715 erit
2586 3657 2934 3730 praedignus
2990 3662 3207 3717 nostra
3260 3656 3719 3719 dominationis.

2052 3746 2224 3802 Istius
2253 3745 2531 3805 virtutem
2580 3745 2918 3811 imitamini,
2952 3750 3336 3821 quantusque
3363 3746 3474 3802 erit
3504 3761 3726 3819 praesa-

2053 3852 2131 3905 go
2188 3834 2399 3907 spiritu
2446 3834 2778 3894 intuemini.
2837 3834 3092 3909 Legibus
3136 3841 3192 3891 et
3230 3835 3465 3890 statutis
3504 3836 3728 3895 nostris

2053 3929 2397 3983 constanter
2428 3924 2831 3991 auxiliabitur,
2882 3925 3105 3998 jusque
3134 3930 3189 3981 et
3237 3925 3556 3985 decretum
3584 3942 3727 3987 nos-

2057 4020 2236 4086 trum,
2268 4015 2384 4075 hoc
2410 4014 2742 4088 superstite,
2776 4031 2899 4077 non
2948 4014 3241 4071 delebitur
3273 4032 3285 4075 :
3318 4031 3429 4071 vos
3473 4031 3729 4089 quoque

2055 4111 2230 4175 terra,
2253 4120 2440 4177 quam
2458 4109 2614 4169 sorte
2645 4104 2779 4167 dedi
2801 4104 2973 4166 vobis
2999 4120 3119 4163 non
3143 4104 3731 4181 frustrabitdnsuper

2056 4193 2336 4261 algendo
2395 4193 2726 4265 ampliabii.
2796 4194 3171 4266 Quapropter
3213 4208 3439 4252 manus
3498 4198 3725 4253 vestras

2056 4282 2247 4351 gratia
2276 4281 2583 4341 servandis
2641 4280 2941 4345 fidelitatis
2988 4281 3271 4341 manibus
3330 4281 3522 4357 hujus
3564 4281 3718 4346 date,

2054 4374 2397 4443 nostrasque
2424 4368 2562 4429 fidei
2594 4375 2970 4433 sacramento
2998 4370 3180 4433 ﬁdem
3208 4369 3485 4433 continui
3506 4368 3727 4431 insolu-

2052 4458 2310 4531 bilisque
2341 4457 2579 4527 servitii,
2612 4462 2669 4513 et
2687 4457 3057 4521 militationis
3080 4458 3191 4519 isti.
3221 4473 3455 4531 precor,
3490 4458 3726 4521 facite,»

2057 4548 2155 4607 His
2184 4547 2356 4604 dictis
2386 4550 2752 4621 Berengerus
2805 4563 3031 4615 comes,
3065 4552 3123 4609 et
3170 4546 3440 4611 Alannus
3480 4548 3726 4623 pariter,

2056 4636 2370 4709 caeteritu
2391 4635 2676 4701 Britones,
2707 4652 2816 4695 nec
2842 4652 2963 4693 non
2987 4637 3545 4699 Northmannorum
3567 4636 3730 4711 prin-

2057 4724 2238 4796 cipes,
2263 4723 2661 4785 subdiderunt
2682 4741 2741 4781 se
2763 4724 3031 4787 volentes
3054 4723 3363 4785 Guillelmo
3376 4729 3728 4796 unanimes,

2050 4813 2396 4885 juramento
2423 4828 2608 4875 sacrae
2636 4812 2778 4873 ﬁdei
2804 4812 2884 4873 illi
2915 4829 2976 4873 se
3000 4813 3454 4891 colligaverunt,
3478 4830 3734 4877 manus-

2054 4916 2173 4973 que
2193 4917 2334 4959 suas
2354 4901 2639 4965 manibus
2685 4901 2843 4963 illius
2886 4902 3010 4961 vice
3036 4902 3231 4959 cordis
3257 4900 3578 4965 dederunt.
3624 4905 3736 4958 Vo,

2054 4995 2387 5068 verumque
2419 5007 2480 5053 se
2510 4990 2889 5058 militaturos,
2916 4996 3246 5063 contraque
3278 4990 3732 5061 ﬁnitimasgen-

2055 5085 2142 5137 tes
2172 5078 2592 5145 debellaturos.
2628 5081 2715 5143 Ab
2742 5080 2881 5143 hinc
2942 5096 3209 5155 namque
3242 5085 3489 5157 peracto
3547 5081 3733 5143 unius

2054 5168 2223 5231 lustri
2256 5168 2468 5241 spatio,
2500 5169 2745 5233 Bollone
2769 5169 3074 5239 defuncto,
3118 5175 3177 5227 et
3198 5170 3263 5229 in
3308 5168 3534 5231 scelesti
3574 5171 3732 5235 solio

2056 5257 2319 5325 feliciter,
2349 5262 2414 5321 ut
2456 5258 2779 5327 credimus,
2824 5263 3132 5332 coronato,
3187 5259 3589 5323 Northmanni
3618 5276 3731 5341 ρας

2054 5348 2195 5409 riter
2218 5352 2275 5403 et
2302 5348 2568 5409 Britanni
2589 5348 2652 5403 in
2702 5364 2895 5411 unum
2939 5352 3361 5415 convenerunt,
3418 5353 3730 5413 tenorem-

2055 5451 2175 5508 que
2203 5436 2343 5499 ﬁdei
2370 5436 2679 5499 GniliBImo
2706 5436 3252 5509 przecellentissimo
3281 5436 3423 5497 duci
3452 5442 3511 5493 et
3535 5438 3730 5513 patri.

2055 5525 2168 5594 cio,
2197 5528 2579 5591 ﬁrmamento
2607 5543 2727 5585 suae
2762 5527 2898 5591 ﬁdei
2931 5528 3147 5587 iterum
3173 5532 3522 5589 sanxerunt.
3566 5528 3726 5589 Ade-

2052 5620 2191 5690 ptus
2247 5615 2552 5692 siquidem
2593 5616 2834 5681 culmen
2891 5616 3039 5679 tanti
3091 5616 3360 5689 honoris,
3399 5620 3460 5679 et
3524 5616 3728 5700 digni-
