  <div class='ocr_page' id='page_1' title='image "/cluster/home/n/w/nwhite01/storage/ocr_20150623/141/hvd.32044054760012/336.png"; bbox 0 0 4004 6178; ppageno 0'>
   <div class='ocr_carea' id='block_1_1' title="bbox 153 166 2992 228">
    <p class='ocr_par' dir='ltr' id='par_1_1' title="bbox 153 166 2992 228">
     <span class='ocr_line' id='line_1_1' title="bbox 153 166 2992 228; baseline -0.002 0"><span class='ocrx_word' id='word_1_1' title='bbox 153 176 245 228; x_wconf 78' lang='lat' dir='ltr'><strong>66i</strong></span> <span class='ocrx_word' id='word_1_2' title='bbox 692 167 787 220; x_wconf 89' lang='lat' dir='ltr'>DE</span> <span class='ocrx_word' id='word_1_3' title='bbox 833 166 1085 224; x_wconf 86' lang='lat' dir='ltr'>GESTIS</span> <span class='ocrx_word' id='word_1_4' title='bbox 1124 166 1548 225; x_wconf 70' lang='lat' dir='ltr'>NORMANNDE</span> <span class='ocrx_word' id='word_1_5' title='bbox 1589 166 1828 222; x_wconf 78' lang='lat' dir='ltr'>DUCUM</span> <span class='ocrx_word' id='word_1_6' title='bbox 1870 167 2049 222; x_wconf 82' lang='lat' dir='ltr'>LIBRI</span> <span class='ocrx_word' id='word_1_7' title='bbox 2089 169 2288 225; x_wconf 75' lang='lat' dir='ltr'>&#39;I‘RES.</span> <span class='ocrx_word' id='word_1_8' title='bbox 2330 201 2400 211; x_wconf 87' lang='lat'>—-</span> <span class='ocrx_word' id='word_1_9' title='bbox 2432 170 2633 225; x_wconf 79' lang='lat' dir='ltr'><strong>LIBER</strong></span> <span class='ocrx_word' id='word_1_10' title='bbox 2673 169 2992 226; x_wconf 82' lang='lat' dir='ltr'>TERTIUS.</span> 
     </span>
    </p>
   </div>
   <div class='ocr_carea' id='block_1_2' title="bbox 3495 168 3597 219">
    <p class='ocr_par' dir='ltr' id='par_1_2' title="bbox 3495 168 3597 219">
     <span class='ocr_line' id='line_1_2' title="bbox 3495 168 3597 219; baseline 0 0"><span class='ocrx_word' id='word_1_11' title='bbox 3495 168 3597 219; x_wconf 82' lang='lat'>662</span> 
     </span>
    </p>
   </div>
   <div class='ocr_carea' id='block_1_3' title="bbox 152 289 3600 366">
    <p class='ocr_par' dir='ltr' id='par_1_3' title="bbox 152 289 3600 366">
     <span class='ocr_line' id='line_1_3' title="bbox 152 289 3600 366; baseline -0.002 -14"><span class='ocrx_word' id='word_1_12' title='bbox 152 296 296 359; x_wconf 87' lang='lat' dir='ltr'>tatis,</span> <span class='ocrx_word' id='word_1_13' title='bbox 324 292 698 365; x_wconf 87' lang='lat' dir='ltr'>constipatus</span> <span class='ocrx_word' id='word_1_14' title='bbox 723 289 1101 360; x_wconf 81' lang='lat' dir='ltr'>dignissime</span> <span class='ocrx_word' id='word_1_15' title='bbox 1130 290 1450 347; x_wconf 79' lang='lat' dir='ltr'>comitibus</span> <span class='ocrx_word' id='word_1_16' title='bbox 1513 289 1826 346; x_wconf 84' lang='lat' dir='ltr'>militibus-</span> <span class='ocrx_word' id='word_1_17' title='bbox 1864 297 1911 347; x_wconf 80' lang='grc' dir='ltr'>Α</span> <span class='ocrx_word' id='word_1_18' title='bbox 1941 291 2162 347; x_wconf 81' lang='lat' dir='ltr'>vimus.</span> <span class='ocrx_word' id='word_1_19' title='bbox 2199 294 2300 348; x_wconf 84' lang='lat' dir='ltr'>His</span> <span class='ocrx_word' id='word_1_20' title='bbox 2334 310 2471 361; x_wconf 82' lang='lat' dir='ltr'>rege</span> <span class='ocrx_word' id='word_1_21' title='bbox 2500 293 2760 349; x_wconf 75' lang='lat' dir='ltr'>Alstcmo</span> <span class='ocrx_word' id='word_1_22' title='bbox 2796 293 3045 366; x_wconf 85' lang='lat' dir='ltr'>paciﬁce</span> <span class='ocrx_word' id='word_1_23' title='bbox 3092 291 3336 357; x_wconf 82' lang='lat' dir='ltr'>sedatis,</span> <span class='ocrx_word' id='word_1_24' title='bbox 3394 289 3600 346; x_wconf 82' lang='lat' dir='ltr'>nobis-</span> 
     </span>
    </p>
   </div>
   <div class='ocr_carea' id='block_1_4' title="bbox 150 378 1827 460">
    <p class='ocr_par' dir='ltr' id='par_1_4' title="bbox 150 378 1827 460">
     <span class='ocr_line' id='line_1_4' title="bbox 150 378 1827 460; baseline -0.005 -18"><span class='ocrx_word' id='word_1_25' title='bbox 150 403 262 460; x_wconf 90' lang='lat' dir='ltr'>que</span> <span class='ocrx_word' id='word_1_26' title='bbox 283 382 626 453; x_wconf 79' lang='lat' dir='ltr'>condignis,</span> <span class='ocrx_word' id='word_1_27' title='bbox 660 380 838 438; x_wconf 85' lang='lat' dir='ltr'>vovit</span> <span class='ocrx_word' id='word_1_28' title='bbox 871 382 1103 438; x_wconf 81' lang='lat' dir='ltr'>Christo</span> <span class='ocrx_word' id='word_1_29' title='bbox 1127 398 1187 437; x_wconf 89' lang='lat' dir='ltr'>se</span> <span class='ocrx_word' id='word_1_30' title='bbox 1215 396 1470 450; x_wconf 83' lang='lat' dir='ltr'>regnum</span> <span class='ocrx_word' id='word_1_31' title='bbox 1512 378 1827 435; x_wconf 80' lang='lat' dir='ltr'>auxiliatu-</span> 
     </span>
    </p>
   </div>
   <div class='ocr_carea' id='block_1_5' title="bbox 150 468 1833 545">
    <p class='ocr_par' dir='ltr' id='par_1_5' title="bbox 150 468 1833 545">
     <span class='ocr_line' id='line_1_5' title="bbox 150 468 1833 545; baseline -0.005 -13"><span class='ocrx_word' id='word_1_32' title='bbox 150 492 303 544; x_wconf 89' lang='lat' dir='ltr'>rum,</span> <span class='ocrx_word' id='word_1_33' title='bbox 336 473 608 545; x_wconf 84' lang='lat' dir='ltr'>nullique</span> <span class='ocrx_word' id='word_1_34' title='bbox 637 485 929 542; x_wconf 87' lang='lat' dir='ltr'>unquam</span> <span class='ocrx_word' id='word_1_35' title='bbox 960 471 1253 528; x_wconf 56' lang='lat' dir='ltr'>facturum</span> <span class='ocrx_word' id='word_1_36' title='bbox 1285 470 1700 541; x_wconf 69' lang='lat' dir='ltr'>preejudicium</span> <span class='ocrx_word' id='word_1_37' title='bbox 1749 468 1833 524; x_wconf 87' lang='lat' dir='ltr'>ul-</span> 
     </span>
    </p>
   </div>
   <div class='ocr_carea' id='block_1_6' title="bbox 150 558 1832 631">
    <p class='ocr_par' dir='ltr' id='par_1_6' title="bbox 150 558 1832 631">
     <span class='ocr_line' id='line_1_6' title="bbox 150 558 1832 631; baseline -0.004 -11"><span class='ocrx_word' id='word_1_38' title='bbox 150 566 293 621; x_wconf 92' lang='lat' dir='ltr'>lum.</span> <span class='ocrx_word' id='word_1_39' title='bbox 332 567 472 619; x_wconf 82' lang='lat' dir='ltr'>Erat</span> <span class='ocrx_word' id='word_1_40' title='bbox 498 575 765 631; x_wconf 80' lang='lat' dir='ltr'>namque</span> <span class='ocrx_word' id='word_1_41' title='bbox 799 560 1034 617; x_wconf 82' lang='lat' dir='ltr'>ditatus</span> <span class='ocrx_word' id='word_1_42' title='bbox 1065 558 1394 617; x_wconf 79' lang='lat' dir='ltr'>honoribus</span> <span class='ocrx_word' id='word_1_43' title='bbox 1425 559 1832 617; x_wconf 64' lang='lat' dir='ltr'>sanctimoniae</span> 
     </span>
    </p>
   </div>
   <div class='ocr_carea' id='block_1_7' title="bbox 150 649 1838 722">
    <p class='ocr_par' dir='ltr' id='par_1_7' title="bbox 150 649 1838 722">
     <span class='ocr_line' id='line_1_7' title="bbox 150 649 1838 722; baseline -0.004 -12"><span class='ocrx_word' id='word_1_44' title='bbox 150 661 203 710; x_wconf 89' lang='lat' dir='ltr'>et</span> <span class='ocrx_word' id='word_1_45' title='bbox 233 651 717 721; x_wconf 58' lang='lat' dir='ltr'>magnificentius,</span> <span class='ocrx_word' id='word_1_46' title='bbox 774 649 1117 707; x_wconf 75' lang='lat' dir='ltr'>illustratus</span> <span class='ocrx_word' id='word_1_47' title='bbox 1148 650 1521 705; x_wconf 88' lang='lat' dir='ltr'>commerciis</span> <span class='ocrx_word' id='word_1_48' title='bbox 1578 649 1838 722; x_wconf 89' lang='lat' dir='ltr'>pruden-</span> 
     </span>
    </p>
   </div>
   <div class='ocr_carea' id='block_1_8' title="bbox 150 738 1837 812">
    <p class='ocr_par' dir='ltr' id='par_1_8' title="bbox 150 738 1837 812">
     <span class='ocr_line' id='line_1_8' title="bbox 150 738 1837 812; baseline -0.004 -13"><span class='ocrx_word' id='word_1_49' title='bbox 150 745 240 800; x_wconf 63' lang='lat' dir='ltr'>tiae</span> <span class='ocrx_word' id='word_1_50' title='bbox 266 748 327 799; x_wconf 92' lang='lat' dir='ltr'>et</span> <span class='ocrx_word' id='word_1_51' title='bbox 353 742 626 811; x_wconf 70' lang='lat' dir='ltr'>cautelte,</span> <span class='ocrx_word' id='word_1_52' title='bbox 666 743 869 797; x_wconf 79' lang='lat' dir='ltr'>sancti</span> <span class='ocrx_word' id='word_1_53' title='bbox 925 739 1174 812; x_wconf 79' lang='lat' dir='ltr'>Spiritus</span> <span class='ocrx_word' id='word_1_54' title='bbox 1227 738 1542 795; x_wconf 87' lang='lat' dir='ltr'>clementia</span> <span class='ocrx_word' id='word_1_55' title='bbox 1570 754 1837 811; x_wconf 72' lang='lat' dir='ltr'>prireun-</span> 
     </span>
    </p>
   </div>
   <div class='ocr_carea' id='block_1_9' title="bbox 152 827 1833 900">
    <p class='ocr_par' dir='ltr' id='par_1_9' title="bbox 152 827 1833 900">
     <span class='ocr_line' id='line_1_9' title="bbox 152 827 1833 900; baseline -0.005 -11"><span class='ocrx_word' id='word_1_56' title='bbox 152 838 223 889; x_wconf 88' lang='lat' dir='ltr'>te.</span> <span class='ocrx_word' id='word_1_57' title='bbox 252 835 521 887; x_wconf 82' lang='lat' dir='ltr'>Terrena</span> <span class='ocrx_word' id='word_1_58' title='bbox 567 830 749 899; x_wconf 85' lang='lat' dir='ltr'>hujus</span> <span class='ocrx_word' id='word_1_59' title='bbox 816 828 1026 885; x_wconf 69' lang='lat' dir='ltr'>smculi</span> <span class='ocrx_word' id='word_1_60' title='bbox 1082 828 1286 884; x_wconf 88' lang='lat' dir='ltr'>animo</span> <span class='ocrx_word' id='word_1_61' title='bbox 1338 827 1833 900; x_wconf 86' lang='lat' dir='ltr'>parvipendebat,</span> 
     </span>
    </p>
   </div>
   <div class='ocr_carea' id='block_1_10' title="bbox 150 914 1837 990">
    <p class='ocr_par' dir='ltr' id='par_1_10' title="bbox 150 914 1837 990">
     <span class='ocr_line' id='line_1_10' title="bbox 150 914 1837 990; baseline -0.003 -16"><span class='ocrx_word' id='word_1_62' title='bbox 150 919 324 974; x_wconf 79' lang='lat' dir='ltr'>sicuti</span> <span class='ocrx_word' id='word_1_63' title='bbox 356 918 421 973; x_wconf 92' lang='lat' dir='ltr'>in</span> <span class='ocrx_word' id='word_1_64' title='bbox 447 916 700 990; x_wconf 76' lang='lat' dir='ltr'>pueritia</span> <span class='ocrx_word' id='word_1_65' title='bbox 715 914 1070 972; x_wconf 84' lang='lat' dir='ltr'>devoverat.</span> <span class='ocrx_word' id='word_1_66' title='bbox 1133 915 1385 985; x_wconf 79' lang='lat' dir='ltr'>Legibus</span> <span class='ocrx_word' id='word_1_67' title='bbox 1426 914 1686 988; x_wconf 74' lang='lat' dir='ltr'>paternis</span> <span class='ocrx_word' id='word_1_68' title='bbox 1733 930 1837 986; x_wconf 86' lang='lat' dir='ltr'>po-</span> 
     </span>
    </p>
   </div>
   <div class='ocr_carea' id='block_1_11' title="bbox 150 1012 1837 1087">
    <p class='ocr_par' dir='ltr' id='par_1_11' title="bbox 150 1012 1837 1087">
     <span class='ocr_line' id='line_1_11' title="bbox 150 1012 1837 1087; baseline -0.004 -16"><span class='ocrx_word' id='word_1_69' title='bbox 150 1016 374 1087; x_wconf 87' lang='lat' dir='ltr'>pulum</span> <span class='ocrx_word' id='word_1_70' title='bbox 432 1020 672 1070; x_wconf 81' lang='lat' dir='ltr'>strenue</span> <span class='ocrx_word' id='word_1_71' title='bbox 716 1013 994 1083; x_wconf 88' lang='lat' dir='ltr'>regebat,</span> <span class='ocrx_word' id='word_1_72' title='bbox 1049 1013 1267 1085; x_wconf 88' lang='lat' dir='ltr'>hisque</span> <span class='ocrx_word' id='word_1_73' title='bbox 1337 1030 1470 1069; x_wconf 88' lang='lat' dir='ltr'>reos</span> <span class='ocrx_word' id='word_1_74' title='bbox 1532 1012 1837 1085; x_wconf 85' lang='lat' dir='ltr'>suppliciis</span> 
     </span>
    </p>
   </div>
   <div class='ocr_carea' id='block_1_12' title="bbox 148 1102 1838 1171">
    <p class='ocr_par' dir='ltr' id='par_1_12' title="bbox 148 1102 1838 1171">
     <span class='ocr_line' id='line_1_12' title="bbox 148 1102 1838 1171; baseline -0.002 -10"><span class='ocrx_word' id='word_1_75' title='bbox 148 1105 515 1161; x_wconf 77' lang='lat' dir='ltr'>damnabat.</span> <span class='ocrx_word' id='word_1_76' title='bbox 550 1104 684 1159; x_wconf 69' lang='lat' dir='ltr'>Vitae</span> <span class='ocrx_word' id='word_1_77' title='bbox 711 1104 1058 1160; x_wconf 88' lang='lat' dir='ltr'>innocentis</span> <span class='ocrx_word' id='word_1_78' title='bbox 1087 1102 1359 1171; x_wconf 86' lang='lat' dir='ltr'>regulam</span> <span class='ocrx_word' id='word_1_79' title='bbox 1392 1103 1633 1159; x_wconf 80' lang='lat' dir='ltr'>sedulus</span> <span class='ocrx_word' id='word_1_80' title='bbox 1684 1108 1838 1158; x_wconf 89' lang='lat' dir='ltr'>tene-</span> 
     </span>
    </p>
   </div>
   <div class='ocr_carea' id='block_1_13' title="bbox 148 1191 1839 1263">
    <p class='ocr_par' dir='ltr' id='par_1_13' title="bbox 148 1191 1839 1263">
     <span class='ocr_line' id='line_1_13' title="bbox 148 1191 1839 1263; baseline -0.003 -13"><span class='ocrx_word' id='word_1_81' title='bbox 148 1195 277 1259; x_wconf 87' lang='lat' dir='ltr'>bat,</span> <span class='ocrx_word' id='word_1_82' title='bbox 313 1192 734 1249; x_wconf 66' lang='lat' dir='ltr'>ecclesiasticaa</span> <span class='ocrx_word' id='word_1_83' title='bbox 767 1192 1236 1263; x_wconf 82' lang='lat' dir='ltr'>dispensationis</span> <span class='ocrx_word' id='word_1_84' title='bbox 1275 1192 1685 1261; x_wconf 80' lang='lat' dir='ltr'>gubernacula</span> <span class='ocrx_word' id='word_1_85' title='bbox 1737 1191 1839 1246; x_wconf 90' lang='lat' dir='ltr'>lai-</span> 
     </span>
    </p>
   </div>
   <div class='ocr_carea' id='block_1_14' title="bbox 148 1280 1837 1352">
    <p class='ocr_par' dir='ltr' id='par_1_14' title="bbox 148 1280 1837 1352">
     <span class='ocr_line' id='line_1_14' title="bbox 148 1280 1837 1352; baseline -0.002 -13"><span class='ocrx_word' id='word_1_86' title='bbox 148 1283 265 1339; x_wconf 88' lang='lat' dir='ltr'>cali</span> <span class='ocrx_word' id='word_1_87' title='bbox 291 1282 512 1338; x_wconf 90' lang='lat' dir='ltr'>ordine</span> <span class='ocrx_word' id='word_1_88' title='bbox 545 1283 844 1351; x_wconf 82' lang='lat' dir='ltr'>sagaciter</span> <span class='ocrx_word' id='word_1_89' title='bbox 875 1280 1355 1336; x_wconf 87' lang='lat' dir='ltr'>administrabat.</span> <span class='ocrx_word' id='word_1_90' title='bbox 1390 1281 1584 1336; x_wconf 80' lang='lat' dir='ltr'>Animi</span> <span class='ocrx_word' id='word_1_91' title='bbox 1631 1296 1837 1352; x_wconf 90' lang='lat' dir='ltr'>corpo-</span> 
     </span>
    </p>
   </div>
   <div class='ocr_carea' id='block_1_15' title="bbox 148 1369 1836 1444">
    <p class='ocr_par' dir='ltr' id='par_1_15' title="bbox 148 1369 1836 1444">
     <span class='ocr_line' id='line_1_15' title="bbox 148 1369 1836 1444; baseline -0.001 -17"><span class='ocrx_word' id='word_1_92' title='bbox 148 1374 362 1444; x_wconf 85' lang='lat' dir='ltr'>risque</span> <span class='ocrx_word' id='word_1_93' title='bbox 389 1371 608 1427; x_wconf 87' lang='lat' dir='ltr'>virtute</span> <span class='ocrx_word' id='word_1_94' title='bbox 639 1370 929 1427; x_wconf 91' lang='lat' dir='ltr'>omnibus</span> <span class='ocrx_word' id='word_1_95' title='bbox 965 1369 1363 1441; x_wconf 66' lang='lat' dir='ltr'>prmcellebat,</span> <span class='ocrx_word' id='word_1_96' title='bbox 1410 1387 1610 1426; x_wconf 90' lang='lat' dir='ltr'>rerum</span> <span class='ocrx_word' id='word_1_97' title='bbox 1639 1371 1836 1425; x_wconf 89' lang='lat' dir='ltr'>foren—</span> 
     </span>
    </p>
   </div>
   <div class='ocr_carea' id='block_1_16' title="bbox 150 1458 1842 1531">
    <p class='ocr_par' dir='ltr' id='par_1_16' title="bbox 150 1458 1842 1531">
     <span class='ocr_line' id='line_1_16' title="bbox 150 1458 1842 1531; baseline -0.001 -15"><span class='ocrx_word' id='word_1_98' title='bbox 150 1461 315 1518; x_wconf 86' lang='lat' dir='ltr'>sium</span> <span class='ocrx_word' id='word_1_99' title='bbox 342 1459 672 1531; x_wconf 86' lang='lat' dir='ltr'>prudentia</span> <span class='ocrx_word' id='word_1_100' title='bbox 702 1475 919 1514; x_wconf 90' lang='lat' dir='ltr'>omnes</span> <span class='ocrx_word' id='word_1_101' title='bbox 949 1458 1372 1529; x_wconf 74' lang='lat' dir='ltr'>exsuperabat.</span> <span class='ocrx_word' id='word_1_102' title='bbox 1408 1462 1583 1514; x_wconf 67' lang='lat' dir='ltr'>Bonze</span> <span class='ocrx_word' id='word_1_103' title='bbox 1631 1460 1842 1514; x_wconf 87' lang='lat' dir='ltr'>volun-</span> 
     </span>
    </p>
   </div>
   <div class='ocr_carea' id='block_1_17' title="bbox 150 1547 1840 1621">
    <p class='ocr_par' dir='ltr' id='par_1_17' title="bbox 150 1547 1840 1621">
     <span class='ocr_line' id='line_1_17' title="bbox 150 1547 1840 1621; baseline -0.002 -14"><span class='ocrx_word' id='word_1_104' title='bbox 150 1550 293 1607; x_wconf 85' lang='lat' dir='ltr'>tatis</span> <span class='ocrx_word' id='word_1_105' title='bbox 322 1548 609 1619; x_wconf 81' lang='lat' dir='ltr'>exemplo</span> <span class='ocrx_word' id='word_1_106' title='bbox 640 1563 855 1603; x_wconf 91' lang='lat' dir='ltr'>omnes</span> <span class='ocrx_word' id='word_1_107' title='bbox 878 1548 1265 1617; x_wconf 88' lang='lat' dir='ltr'>informabat,</span> <span class='ocrx_word' id='word_1_108' title='bbox 1288 1547 1561 1605; x_wconf 84' lang='lat' dir='ltr'>doctrina</span> <span class='ocrx_word' id='word_1_109' title='bbox 1612 1549 1840 1621; x_wconf 84' lang='lat' dir='ltr'>patien-</span> 
     </span>
    </p>
   </div>
   <div class='ocr_carea' id='block_1_18' title="bbox 153 1636 1911 1706">
    <p class='ocr_par' dir='ltr' id='par_1_18' title="bbox 153 1636 1911 1706">
     <span class='ocr_line' id='line_1_18' title="bbox 153 1636 1911 1706; baseline -0.001 -13"><span class='ocrx_word' id='word_1_110' title='bbox 153 1640 248 1693; x_wconf 63' lang='lat' dir='ltr'>tiae</span> <span class='ocrx_word' id='word_1_111' title='bbox 276 1643 338 1696; x_wconf 90' lang='lat' dir='ltr'>et</span> <span class='ocrx_word' id='word_1_112' title='bbox 369 1636 679 1706; x_wconf 82' lang='lat' dir='ltr'>religionis</span> <span class='ocrx_word' id='word_1_113' title='bbox 705 1652 921 1692; x_wconf 91' lang='lat' dir='ltr'>omnes</span> <span class='ocrx_word' id='word_1_114' title='bbox 940 1638 1213 1704; x_wconf 78' lang='lat' dir='ltr'>cogebat.</span> <span class='ocrx_word' id='word_1_115' title='bbox 1234 1640 1533 1693; x_wconf 84' lang='lat' dir='ltr'>Constans</span> <span class='ocrx_word' id='word_1_116' title='bbox 1557 1638 1842 1693; x_wconf 88' lang='lat' dir='ltr'>defensor</span> <span class='ocrx_word' id='word_1_117' title='bbox 1872 1649 1911 1700; x_wconf 68' lang='grc' dir='ltr'><strong>Β</strong></span> 
     </span>
    </p>
   </div>
   <div class='ocr_carea' id='block_1_19' title="bbox 151 1724 1841 1799">
    <p class='ocr_par' dir='ltr' id='par_1_19' title="bbox 151 1724 1841 1799">
     <span class='ocr_line' id='line_1_19' title="bbox 151 1724 1841 1799; baseline -0.002 -15"><span class='ocrx_word' id='word_1_118' title='bbox 151 1732 284 1784; x_wconf 83' lang='lat' dir='ltr'>erat</span> <span class='ocrx_word' id='word_1_119' title='bbox 310 1728 374 1783; x_wconf 90' lang='lat' dir='ltr'>in</span> <span class='ocrx_word' id='word_1_120' title='bbox 407 1725 702 1794; x_wconf 79' lang='lat' dir='ltr'>adversis,</span> <span class='ocrx_word' id='word_1_121' title='bbox 735 1724 1085 1781; x_wconf 88' lang='lat' dir='ltr'>conciliator</span> <span class='ocrx_word' id='word_1_122' title='bbox 1115 1726 1548 1792; x_wconf 70' lang='lat' dir='ltr'>sagacissimus</span> <span class='ocrx_word' id='word_1_123' title='bbox 1580 1728 1639 1781; x_wconf 89' lang='lat' dir='ltr'>in</span> <span class='ocrx_word' id='word_1_124' title='bbox 1674 1743 1841 1799; x_wconf 88' lang='lat' dir='ltr'>pros-</span> 
     </span>
    </p>
   </div>
   <div class='ocr_carea' id='block_1_20' title="bbox 150 1812 1842 1889">
    <p class='ocr_par' dir='ltr' id='par_1_20' title="bbox 150 1812 1842 1889">
     <span class='ocr_line' id='line_1_20' title="bbox 150 1812 1842 1889; baseline -0.001 -17"><span class='ocrx_word' id='word_1_125' title='bbox 150 1816 341 1889; x_wconf 89' lang='lat' dir='ltr'>peris.</span> <span class='ocrx_word' id='word_1_126' title='bbox 368 1814 595 1870; x_wconf 88' lang='lat' dir='ltr'>Veritas</span> <span class='ocrx_word' id='word_1_127' title='bbox 622 1817 679 1871; x_wconf 91' lang='lat' dir='ltr'>et</span> <span class='ocrx_word' id='word_1_128' title='bbox 703 1812 893 1881; x_wconf 82' lang='lat' dir='ltr'>gloria</span> <span class='ocrx_word' id='word_1_129' title='bbox 916 1813 977 1868; x_wconf 89' lang='lat' dir='ltr'>in</span> <span class='ocrx_word' id='word_1_130' title='bbox 1014 1813 1200 1869; x_wconf 89' lang='lat' dir='ltr'>domo</span> <span class='ocrx_word' id='word_1_131' title='bbox 1259 1815 1414 1885; x_wconf 87' lang='lat' dir='ltr'>ejus,</span> <span class='ocrx_word' id='word_1_132' title='bbox 1473 1815 1728 1887; x_wconf 76' lang='lat' dir='ltr'>aequitas</span> <span class='ocrx_word' id='word_1_133' title='bbox 1785 1820 1842 1870; x_wconf 91' lang='lat' dir='ltr'>et</span> 
     </span>
    </p>
   </div>
   <div class='ocr_carea' id='block_1_21' title="bbox 150 1900 1840 1976">
    <p class='ocr_par' dir='ltr' id='par_1_21' title="bbox 150 1900 1840 1976">
     <span class='ocr_line' id='line_1_21' title="bbox 150 1900 1840 1976; baseline -0.001 -16"><span class='ocrx_word' id='word_1_134' title='bbox 150 1903 386 1976; x_wconf 87' lang='lat' dir='ltr'>justitia</span> <span class='ocrx_word' id='word_1_135' title='bbox 412 1903 475 1959; x_wconf 89' lang='lat' dir='ltr'>in</span> <span class='ocrx_word' id='word_1_136' title='bbox 496 1901 787 1973; x_wconf 84' lang='lat' dir='ltr'>operibus</span> <span class='ocrx_word' id='word_1_137' title='bbox 815 1900 963 1971; x_wconf 87' lang='lat' dir='ltr'>ejus.</span> <span class='ocrx_word' id='word_1_138' title='bbox 999 1903 1286 1958; x_wconf 84' lang='lat' dir='ltr'>Sermone</span> <span class='ocrx_word' id='word_1_139' title='bbox 1316 1902 1576 1958; x_wconf 78' lang='lat' dir='ltr'>veritatis</span> <span class='ocrx_word' id='word_1_140' title='bbox 1630 1920 1840 1972; x_wconf 82' lang='lat' dir='ltr'>argue-</span> 
     </span>
    </p>
   </div>
   <div class='ocr_carea' id='block_1_22' title="bbox 154 1989 1842 2064">
    <p class='ocr_par' dir='ltr' id='par_1_22' title="bbox 154 1989 1842 2064">
     <span class='ocr_line' id='line_1_22' title="bbox 154 1989 1842 2064; baseline -0.002 -14"><span class='ocrx_word' id='word_1_141' title='bbox 154 1994 266 2051; x_wconf 88' lang='lat' dir='ltr'>bat</span> <span class='ocrx_word' id='word_1_142' title='bbox 313 1992 758 2064; x_wconf 85' lang='lat' dir='ltr'>delinquentes,</span> <span class='ocrx_word' id='word_1_143' title='bbox 801 1989 1173 2062; x_wconf 85' lang='lat' dir='ltr'>correptione</span> <span class='ocrx_word' id='word_1_144' title='bbox 1218 1991 1599 2046; x_wconf 84' lang='lat' dir='ltr'>severissima</span> <span class='ocrx_word' id='word_1_145' title='bbox 1652 1993 1842 2048; x_wconf 79' lang='lat' dir='ltr'>incre~</span> 
     </span>
    </p>
   </div>
   <div class='ocr_carea' id='block_1_23' title="bbox 158 2079 1843 2155">
    <p class='ocr_par' dir='ltr' id='par_1_23' title="bbox 158 2079 1843 2155">
     <span class='ocr_line' id='line_1_23' title="bbox 158 2079 1843 2155; baseline -0.001 -17"><span class='ocrx_word' id='word_1_146' title='bbox 158 2080 629 2155; x_wconf 85' lang='lat' dir='ltr'>pabatdesides.</span> <span class='ocrx_word' id='word_1_147' title='bbox 667 2082 815 2137; x_wconf 87' lang='lat' dir='ltr'>Cum</span> <span class='ocrx_word' id='word_1_148' title='bbox 866 2083 1067 2135; x_wconf 84' lang='lat' dir='ltr'>autem</span> <span class='ocrx_word' id='word_1_149' title='bbox 1112 2079 1333 2135; x_wconf 89' lang='lat' dir='ltr'>talibus</span> <span class='ocrx_word' id='word_1_150' title='bbox 1390 2096 1669 2153; x_wconf 69' lang='lat' dir='ltr'>supernae</span> <span class='ocrx_word' id='word_1_151' title='bbox 1724 2083 1843 2137; x_wconf 86' lang='lat' dir='ltr'>dis-</span> 
     </span>
    </p>
   </div>
   <div class='ocr_carea' id='block_1_24' title="bbox 158 2168 1841 2244">
    <p class='ocr_par' dir='ltr' id='par_1_24' title="bbox 158 2168 1841 2244">
     <span class='ocr_line' id='line_1_24' title="bbox 158 2168 1841 2244; baseline 0.001 -18"><span class='ocrx_word' id='word_1_152' title='bbox 158 2171 533 2244; x_wconf 85' lang='lat' dir='ltr'>pensationis</span> <span class='ocrx_word' id='word_1_153' title='bbox 578 2168 934 2225; x_wconf 89' lang='lat' dir='ltr'>muneribus</span> <span class='ocrx_word' id='word_1_154' title='bbox 990 2168 1403 2224; x_wconf 87' lang='lat' dir='ltr'>abundantius</span> <span class='ocrx_word' id='word_1_155' title='bbox 1429 2170 1701 2241; x_wconf 89' lang='lat' dir='ltr'>polleret,</span> <span class='ocrx_word' id='word_1_156' title='bbox 1735 2172 1841 2227; x_wconf 77' lang='lat' dir='ltr'>bo-</span> 
     </span>
    </p>
   </div>
   <div class='ocr_carea' id='block_1_25' title="bbox 155 2258 1838 2331">
    <p class='ocr_par' dir='ltr' id='par_1_25' title="bbox 155 2258 1838 2331">
     <span class='ocr_line' id='line_1_25' title="bbox 155 2258 1838 2331; baseline 0.001 -16"><span class='ocrx_word' id='word_1_157' title='bbox 155 2276 376 2331; x_wconf 64' lang='lat' dir='ltr'>naeque</span> <span class='ocrx_word' id='word_1_158' title='bbox 406 2258 660 2316; x_wconf 86' lang='lat' dir='ltr'>actionis</span> <span class='ocrx_word' id='word_1_159' title='bbox 690 2274 811 2313; x_wconf 83' lang='lat' dir='ltr'>suae</span> <span class='ocrx_word' id='word_1_160' title='bbox 842 2258 1003 2315; x_wconf 80' lang='lat' dir='ltr'>fama</span> <span class='ocrx_word' id='word_1_161' title='bbox 1028 2273 1184 2329; x_wconf 91' lang='lat' dir='ltr'>pene</span> <span class='ocrx_word' id='word_1_162' title='bbox 1206 2274 1314 2329; x_wconf 91' lang='lat' dir='ltr'>per</span> <span class='ocrx_word' id='word_1_163' title='bbox 1340 2258 1700 2316; x_wconf 87' lang='lat' dir='ltr'>universum</span> <span class='ocrx_word' id='word_1_164' title='bbox 1740 2278 1838 2317; x_wconf 81' lang='lat' dir='ltr'>or-</span> 
     </span>
    </p>
   </div>
   <div class='ocr_carea' id='block_1_26' title="bbox 156 2346 1839 2418">
    <p class='ocr_par' dir='ltr' id='par_1_26' title="bbox 156 2346 1839 2418">
     <span class='ocr_line' id='line_1_26' title="bbox 156 2346 1839 2418; baseline 0.001 -14"><span class='ocrx_word' id='word_1_165' title='bbox 156 2349 301 2406; x_wconf 89' lang='lat' dir='ltr'>bem</span> <span class='ocrx_word' id='word_1_166' title='bbox 319 2347 659 2417; x_wconf 79' lang='lat' dir='ltr'>largissime</span> <span class='ocrx_word' id='word_1_167' title='bbox 681 2346 995 2418; x_wconf 87' lang='lat' dir='ltr'>propalata</span> <span class='ocrx_word' id='word_1_168' title='bbox 1016 2346 1433 2414; x_wconf 88' lang='lat' dir='ltr'>crebresceret,</span> <span class='ocrx_word' id='word_1_169' title='bbox 1466 2351 1741 2408; x_wconf 85' lang='lat' dir='ltr'>tenorem</span> <span class='ocrx_word' id='word_1_170' title='bbox 1772 2349 1839 2406; x_wconf 83' lang='lat' dir='ltr'>ﬁ-</span> 
     </span>
    </p>
   </div>
   <div class='ocr_carea' id='block_1_27' title="bbox 157 2434 1841 2513">
    <p class='ocr_par' dir='ltr' id='par_1_27' title="bbox 157 2434 1841 2513">
     <span class='ocr_line' id='line_1_27' title="bbox 157 2434 1841 2513; baseline 0.001 -19"><span class='ocrx_word' id='word_1_171' title='bbox 157 2438 254 2494; x_wconf 87' lang='lat' dir='ltr'>dei</span> <span class='ocrx_word' id='word_1_172' title='bbox 287 2454 480 2510; x_wconf 88' lang='lat' dir='ltr'>quam</span> <span class='ocrx_word' id='word_1_173' title='bbox 510 2435 913 2508; x_wconf 87' lang='lat' dir='ltr'>promiserant</span> <span class='ocrx_word' id='word_1_174' title='bbox 937 2435 1175 2507; x_wconf 87' lang='lat' dir='ltr'>penitus</span> <span class='ocrx_word' id='word_1_175' title='bbox 1207 2434 1577 2508; x_wconf 74' lang='lat' dir='ltr'>abdicantes,</span> <span class='ocrx_word' id='word_1_176' title='bbox 1639 2456 1841 2513; x_wconf 75' lang='lat' dir='ltr'>coepe-</span> 
     </span>
    </p>
   </div>
   <div class='ocr_carea' id='block_1_28' title="bbox 158 2524 1838 2599">
    <p class='ocr_par' dir='ltr' id='par_1_28' title="bbox 158 2524 1838 2599">
     <span class='ocr_line' id='line_1_28' title="bbox 158 2524 1838 2599; baseline 0.001 -17"><span class='ocrx_word' id='word_1_177' title='bbox 158 2532 303 2585; x_wconf 88' lang='lat' dir='ltr'>runt</span> <span class='ocrx_word' id='word_1_178' title='bbox 327 2532 537 2583; x_wconf 89' lang='lat' dir='ltr'>contra</span> <span class='ocrx_word' id='word_1_179' title='bbox 559 2524 941 2581; x_wconf 88' lang='lat' dir='ltr'>Guillelmum</span> <span class='ocrx_word' id='word_1_180' title='bbox 957 2524 1177 2581; x_wconf 88' lang='lat' dir='ltr'>ducem</span> <span class='ocrx_word' id='word_1_181' title='bbox 1205 2540 1336 2579; x_wconf 89' lang='lat' dir='ltr'>esse</span> <span class='ocrx_word' id='word_1_182' title='bbox 1358 2524 1632 2583; x_wconf 89' lang='lat' dir='ltr'>rebelles.</span> <span class='ocrx_word' id='word_1_183' title='bbox 1651 2530 1838 2599; x_wconf 85' lang='lat' dir='ltr'>Hujus</span> 
     </span>
    </p>
   </div>
   <div class='ocr_carea' id='block_1_29' title="bbox 156 2612 1840 2689">
    <p class='ocr_par' dir='ltr' id='par_1_29' title="bbox 156 2612 1840 2689">
     <span class='ocr_line' id='line_1_29' title="bbox 156 2612 1840 2689; baseline 0.001 -16"><span class='ocrx_word' id='word_1_184' title='bbox 156 2633 430 2689; x_wconf 86' lang='lat' dir='ltr'>namque</span> <span class='ocrx_word' id='word_1_185' title='bbox 459 2614 828 2674; x_wconf 56' lang='lat' dir='ltr'>inaestimatze</span> <span class='ocrx_word' id='word_1_186' title='bbox 859 2613 1160 2686; x_wconf 88' lang='lat' dir='ltr'>opinionis</span> <span class='ocrx_word' id='word_1_187' title='bbox 1185 2612 1405 2669; x_wconf 88' lang='lat' dir='ltr'>veritas</span> <span class='ocrx_word' id='word_1_188' title='bbox 1433 2630 1576 2672; x_wconf 90' lang='lat' dir='ltr'>cum</span> <span class='ocrx_word' id='word_1_189' title='bbox 1606 2620 1683 2673; x_wconf 84' lang='lat' dir='ltr'>ad</span> <span class='ocrx_word' id='word_1_190' title='bbox 1731 2635 1840 2674; x_wconf 78' lang='lat' dir='ltr'>no-</span> 
     </span>
    </p>
   </div>
   <div class='ocr_carea' id='block_1_30' title="bbox 158 2700 1836 2777">
    <p class='ocr_par' dir='ltr' id='par_1_30' title="bbox 158 2700 1836 2777">
     <span class='ocr_line' id='line_1_30' title="bbox 158 2700 1836 2777; baseline 0 -15"><span class='ocrx_word' id='word_1_191' title='bbox 158 2706 353 2762; x_wconf 85' lang='lat' dir='ltr'>titiam</span> <span class='ocrx_word' id='word_1_192' title='bbox 398 2703 592 2777; x_wconf 85' lang='lat' dir='ltr'>ipsius</span> <span class='ocrx_word' id='word_1_193' title='bbox 637 2702 1160 2777; x_wconf 64' lang='lat' dir='ltr'>prtepotentissimi</span> <span class='ocrx_word' id='word_1_194' title='bbox 1210 2700 1381 2756; x_wconf 91' lang='lat' dir='ltr'>ducis</span> <span class='ocrx_word' id='word_1_195' title='bbox 1439 2707 1836 2774; x_wconf 88' lang='lat' dir='ltr'>pervenisset,</span> 
     </span>
    </p>
   </div>
   <div class='ocr_carea' id='block_1_31' title="bbox 159 2791 1838 2863">
    <p class='ocr_par' dir='ltr' id='par_1_31' title="bbox 159 2791 1838 2863">
     <span class='ocr_line' id='line_1_31' title="bbox 159 2791 1838 2863; baseline -0.001 -11"><span class='ocrx_word' id='word_1_196' title='bbox 159 2795 321 2852; x_wconf 85' lang='lat' dir='ltr'>misit</span> <span class='ocrx_word' id='word_1_197' title='bbox 347 2794 580 2863; x_wconf 85' lang='lat' dir='ltr'>legatos</span> <span class='ocrx_word' id='word_1_198' title='bbox 611 2809 752 2849; x_wconf 89' lang='lat' dir='ltr'>suos</span> <span class='ocrx_word' id='word_1_199' title='bbox 781 2793 858 2848; x_wconf 93' lang='lat' dir='ltr'>ad</span> <span class='ocrx_word' id='word_1_200' title='bbox 891 2792 1176 2860; x_wconf 87' lang='lat' dir='ltr'>Britones,</span> <span class='ocrx_word' id='word_1_201' title='bbox 1213 2795 1275 2845; x_wconf 89' lang='lat' dir='ltr'>ut</span> <span class='ocrx_word' id='word_1_202' title='bbox 1299 2791 1718 2863; x_wconf 83' lang='lat' dir='ltr'>resipiscerent</span> <span class='ocrx_word' id='word_1_203' title='bbox 1746 2812 1838 2851; x_wconf 66' lang='lat' dir='ltr'>ce~</span> 
     </span>
    </p>
   </div>
   <div class='ocr_carea' id='block_1_32' title="bbox 159 2880 1840 2950">
    <p class='ocr_par' dir='ltr' id='par_1_32' title="bbox 159 2880 1840 2950">
     <span class='ocr_line' id='line_1_32' title="bbox 159 2880 1840 2950; baseline 0.001 -10"><span class='ocrx_word' id='word_1_204' title='bbox 159 2885 378 2950; x_wconf 87' lang='lat' dir='ltr'>leriter,</span> <span class='ocrx_word' id='word_1_205' title='bbox 406 2889 464 2940; x_wconf 90' lang='lat' dir='ltr'>et</span> <span class='ocrx_word' id='word_1_206' title='bbox 488 2882 760 2941; x_wconf 87' lang='lat' dir='ltr'>venirent</span> <span class='ocrx_word' id='word_1_207' title='bbox 774 2881 1052 2939; x_wconf 87' lang='lat' dir='ltr'>famulari</span> <span class='ocrx_word' id='word_1_208' title='bbox 1082 2880 1194 2937; x_wconf 89' lang='lat' dir='ltr'>sibi</span> <span class='ocrx_word' id='word_1_209' title='bbox 1228 2881 1521 2936; x_wconf 84' lang='lat' dir='ltr'>Rothomo</span> <span class='ocrx_word' id='word_1_210' title='bbox 1553 2884 1840 2941; x_wconf 83' lang='lat' dir='ltr'>festinan-</span> 
     </span>
    </p>
   </div>
   <div class='ocr_carea' id='block_1_33' title="bbox 163 2970 1914 3059">
    <p class='ocr_par' dir='ltr' id='par_1_33' title="bbox 163 2970 1914 3059">
     <span class='ocr_line' id='line_1_33' title="bbox 163 2970 1914 3059; baseline -0.001 -28"><span class='ocrx_word' id='word_1_211' title='bbox 163 2980 265 3031; x_wconf 85' lang='lat' dir='ltr'>ter.</span> <span class='ocrx_word' id='word_1_212' title='bbox 304 2974 385 3029; x_wconf 89' lang='lat' dir='ltr'>Illi</span> <span class='ocrx_word' id='word_1_213' title='bbox 428 2977 628 3031; x_wconf 88' lang='lat' dir='ltr'>autem</span> <span class='ocrx_word' id='word_1_214' title='bbox 679 2973 740 3029; x_wconf 91' lang='lat' dir='ltr'>in</span> <span class='ocrx_word' id='word_1_215' title='bbox 796 2970 1159 3029; x_wconf 85' lang='lat' dir='ltr'>inﬁdelitatis</span> <span class='ocrx_word' id='word_1_216' title='bbox 1214 2985 1339 3023; x_wconf 59' lang='lat' dir='ltr'>sure</span> <span class='ocrx_word' id='word_1_217' title='bbox 1375 2975 1841 3059; x_wconf 84' lang='lat' dir='ltr'>perseverantia</span> <span class='ocrx_word' id='word_1_218' title='bbox 1875 3008 1914 3059; x_wconf 44' lang='grc' dir='ltr'>(λ</span> 
     </span>
    </p>
   </div>
   <div class='ocr_carea' id='block_1_34' title="bbox 165 3057 1844 3128">
    <p class='ocr_par' dir='ltr' id='par_1_34' title="bbox 165 3057 1844 3128">
     <span class='ocr_line' id='line_1_34' title="bbox 165 3057 1844 3128; baseline 0.001 -11"><span class='ocrx_word' id='word_1_219' title='bbox 165 3062 451 3119; x_wconf 89' lang='lat' dir='ltr'>stultitius</span> <span class='ocrx_word' id='word_1_220' title='bbox 481 3066 945 3128; x_wconf 86' lang='lat' dir='ltr'>commorantes,</span> <span class='ocrx_word' id='word_1_221' title='bbox 976 3059 1208 3128; x_wconf 86' lang='lat' dir='ltr'>legatos</span> <span class='ocrx_word' id='word_1_222' title='bbox 1240 3057 1600 3117; x_wconf 85' lang='lat' dir='ltr'>remiserunt</span> <span class='ocrx_word' id='word_1_223' title='bbox 1630 3064 1708 3118; x_wconf 90' lang='lat' dir='ltr'>ad</span> <span class='ocrx_word' id='word_1_224' title='bbox 1733 3063 1844 3118; x_wconf 85' lang='lat' dir='ltr'>du—</span> 
     </span>
    </p>
   </div>
   <div class='ocr_carea' id='block_1_35' title="bbox 165 3147 1839 3220">
    <p class='ocr_par' dir='ltr' id='par_1_35' title="bbox 165 3147 1839 3220">
     <span class='ocr_line' id='line_1_35' title="bbox 165 3147 1839 3220; baseline 0.001 -13"><span class='ocrx_word' id='word_1_225' title='bbox 165 3170 296 3209; x_wconf 86' lang='lat' dir='ltr'>cem</span> <span class='ocrx_word' id='word_1_226' title='bbox 326 3151 733 3220; x_wconf 86' lang='lat' dir='ltr'>Guillelmum,</span> <span class='ocrx_word' id='word_1_227' title='bbox 767 3149 1031 3205; x_wconf 88' lang='lat' dir='ltr'>dicentes</span> <span class='ocrx_word' id='word_1_228' title='bbox 1064 3166 1078 3204; x_wconf 88' lang='lat'><strong>:</strong></span> <span class='ocrx_word' id='word_1_229' title='bbox 1114 3170 1141 3196; x_wconf 82' lang='lat'><strong>«</strong></span> <span class='ocrx_word' id='word_1_230' title='bbox 1167 3151 1295 3203; x_wconf 84' lang='lat' dir='ltr'>Non</span> <span class='ocrx_word' id='word_1_231' title='bbox 1318 3147 1710 3207; x_wconf 84' lang='lat' dir='ltr'>militabimus</span> <span class='ocrx_word' id='word_1_232' title='bbox 1734 3152 1839 3208; x_wconf 91' lang='lat' dir='ltr'>tibi</span> 
     </span>
    </p>
   </div>
   <div class='ocr_carea' id='block_1_36' title="bbox 166 3234 1840 3308">
    <p class='ocr_par' dir='ltr' id='par_1_36' title="bbox 166 3234 1840 3308">
     <span class='ocr_line' id='line_1_36' title="bbox 166 3234 1840 3308; baseline 0 -13"><span class='ocrx_word' id='word_1_233' title='bbox 166 3242 319 3297; x_wconf 85' lang='lat' dir='ltr'>ultra</span> <span class='ocrx_word' id='word_1_234' title='bbox 343 3256 458 3297; x_wconf 91' lang='lat' dir='ltr'>nec</span> <span class='ocrx_word' id='word_1_235' title='bbox 484 3238 939 3304; x_wconf 85' lang='lat' dir='ltr'>famulabimus,</span> <span class='ocrx_word' id='word_1_236' title='bbox 968 3236 1113 3308; x_wconf 84' lang='lat' dir='ltr'>quia</span> <span class='ocrx_word' id='word_1_237' title='bbox 1139 3235 1253 3290; x_wconf 89' lang='lat' dir='ltr'>sub</span> <span class='ocrx_word' id='word_1_238' title='bbox 1278 3234 1530 3307; x_wconf 88' lang='lat' dir='ltr'>imperio</span> <span class='ocrx_word' id='word_1_239' title='bbox 1573 3241 1840 3295; x_wconf 77' lang='lat' dir='ltr'>Francis-</span> 
     </span>
    </p>
   </div>
   <div class='ocr_carea' id='block_1_37' title="bbox 167 3323 1840 3399">
    <p class='ocr_par' dir='ltr' id='par_1_37' title="bbox 167 3323 1840 3399">
     <span class='ocr_line' id='line_1_37' title="bbox 167 3323 1840 3399; baseline 0.001 -16"><span class='ocrx_word' id='word_1_240' title='bbox 167 3346 249 3384; x_wconf 64' lang='lat' dir='ltr'>cie</span> <span class='ocrx_word' id='word_1_241' title='bbox 273 3327 714 3385; x_wconf 88' lang='lat' dir='ltr'>dominationis</span> <span class='ocrx_word' id='word_1_242' title='bbox 746 3342 983 3399; x_wconf 85' lang='lat' dir='ltr'>semper</span> <span class='ocrx_word' id='word_1_243' title='bbox 1016 3324 1295 3387; x_wconf 76' lang='lat' dir='ltr'>viximus.</span> <span class='ocrx_word' id='word_1_244' title='bbox 1332 3323 1499 3380; x_wconf 87' lang='lat' dir='ltr'>Rollo</span> <span class='ocrx_word' id='word_1_245' title='bbox 1529 3342 1671 3382; x_wconf 89' lang='lat' dir='ltr'>vero</span> <span class='ocrx_word' id='word_1_246' title='bbox 1700 3334 1840 3393; x_wconf 87' lang='lat' dir='ltr'>tuus</span> 
     </span>
    </p>
   </div>
   <div class='ocr_carea' id='block_1_38' title="bbox 168 3412 1841 3488">
    <p class='ocr_par' dir='ltr' id='par_1_38' title="bbox 168 3412 1841 3488">
     <span class='ocr_line' id='line_1_38' title="bbox 168 3412 1841 3488; baseline 0 -15"><span class='ocrx_word' id='word_1_247' title='bbox 168 3418 424 3485; x_wconf 77' lang='lat' dir='ltr'>genitor,</span> <span class='ocrx_word' id='word_1_248' title='bbox 458 3415 835 3486; x_wconf 89' lang='lat' dir='ltr'>conglobatis</span> <span class='ocrx_word' id='word_1_249' title='bbox 894 3413 1295 3469; x_wconf 89' lang='lat' dir='ltr'>barbarorum</span> <span class='ocrx_word' id='word_1_250' title='bbox 1344 3412 1841 3488; x_wconf 85' lang='lat' dir='ltr'>advenarumque</span> 
     </span>
    </p>
   </div>
   <div class='ocr_carea' id='block_1_39' title="bbox 166 3501 1839 3577">
    <p class='ocr_par' dir='ltr' id='par_1_39' title="bbox 166 3501 1839 3577">
     <span class='ocr_line' id='line_1_39' title="bbox 166 3501 1839 3577; baseline -0.001 -13"><span class='ocrx_word' id='word_1_251' title='bbox 166 3507 382 3564; x_wconf 86' lang='lat' dir='ltr'>turmis</span> <span class='ocrx_word' id='word_1_252' title='bbox 417 3505 725 3562; x_wconf 74' lang='lat' dir='ltr'>Franciam</span> <span class='ocrx_word' id='word_1_253' title='bbox 758 3504 904 3559; x_wconf 91' lang='lat' dir='ltr'>olim</span> <span class='ocrx_word' id='word_1_254' title='bbox 949 3501 1186 3572; x_wconf 86' lang='lat' dir='ltr'>invasit,</span> <span class='ocrx_word' id='word_1_255' title='bbox 1242 3506 1298 3557; x_wconf 92' lang='lat' dir='ltr'>et</span> <span class='ocrx_word' id='word_1_256' title='bbox 1355 3504 1595 3572; x_wconf 89' lang='lat' dir='ltr'>terram,</span> <span class='ocrx_word' id='word_1_257' title='bbox 1650 3522 1839 3577; x_wconf 89' lang='lat' dir='ltr'>quam</span> 
     </span>
    </p>
   </div>
   <div class='ocr_carea' id='block_1_40' title="bbox 169 3591 1840 3668">
    <p class='ocr_par' dir='ltr' id='par_1_40' title="bbox 169 3591 1840 3668">
     <span class='ocr_line' id='line_1_40' title="bbox 169 3591 1840 3668; baseline -0.001 -15"><span class='ocrx_word' id='word_1_258' title='bbox 169 3598 354 3653; x_wconf 86' lang='lat' dir='ltr'>modo</span> <span class='ocrx_word' id='word_1_259' title='bbox 386 3595 682 3668; x_wconf 88' lang='lat' dir='ltr'>possides,</span> <span class='ocrx_word' id='word_1_260' title='bbox 719 3599 786 3649; x_wconf 89' lang='lat' dir='ltr'>ut</span> <span class='ocrx_word' id='word_1_261' title='bbox 809 3591 1098 3666; x_wconf 86' lang='lat' dir='ltr'>paciﬁcus</span> <span class='ocrx_word' id='word_1_262' title='bbox 1137 3606 1322 3660; x_wconf 83' lang='lat' dir='ltr'>regno</span> <span class='ocrx_word' id='word_1_263' title='bbox 1352 3596 1530 3661; x_wconf 89' lang='lat' dir='ltr'>esset,</span> <span class='ocrx_word' id='word_1_264' title='bbox 1546 3594 1654 3649; x_wconf 91' lang='lat' dir='ltr'>tibi</span> <span class='ocrx_word' id='word_1_265' title='bbox 1681 3596 1840 3663; x_wconf 85' lang='lat' dir='ltr'>regis</span> 
     </span>
    </p>
   </div>
   <div class='ocr_carea' id='block_1_41' title="bbox 170 3684 1840 3757">
    <p class='ocr_par' dir='ltr' id='par_1_41' title="bbox 170 3684 1840 3757">
     <span class='ocr_line' id='line_1_41' title="bbox 170 3684 1840 3757; baseline -0.001 -15"><span class='ocrx_word' id='word_1_266' title='bbox 170 3686 330 3742; x_wconf 91' lang='lat' dir='ltr'>dono</span> <span class='ocrx_word' id='word_1_267' title='bbox 363 3685 703 3757; x_wconf 88' lang='lat' dir='ltr'>acquisivit.</span> <span class='ocrx_word' id='word_1_268' title='bbox 727 3686 902 3740; x_wconf 90' lang='lat' dir='ltr'>Terra</span> <span class='ocrx_word' id='word_1_269' title='bbox 930 3696 1095 3749; x_wconf 91' lang='lat' dir='ltr'>vero,</span> <span class='ocrx_word' id='word_1_270' title='bbox 1128 3696 1315 3752; x_wconf 90' lang='lat' dir='ltr'>quam</span> <span class='ocrx_word' id='word_1_271' title='bbox 1364 3684 1656 3753; x_wconf 89' lang='lat' dir='ltr'>tenemus,</span> <span class='ocrx_word' id='word_1_272' title='bbox 1716 3700 1840 3740; x_wconf 91' lang='lat' dir='ltr'>non</span> 
     </span>
    </p>
   </div>
   <div class='ocr_carea' id='block_1_42' title="bbox 171 3770 1836 3841">
    <p class='ocr_par' dir='ltr' id='par_1_42' title="bbox 171 3770 1836 3841">
     <span class='ocr_line' id='line_1_42' title="bbox 171 3770 1836 3841; baseline -0.001 -13"><span class='ocrx_word' id='word_1_273' title='bbox 171 3773 219 3829; x_wconf 89' lang='lat' dir='ltr'>ei</span> <span class='ocrx_word' id='word_1_274' title='bbox 268 3774 415 3831; x_wconf 89' lang='lat' dir='ltr'>data</span> <span class='ocrx_word' id='word_1_275' title='bbox 444 3774 555 3837; x_wconf 79' lang='lat' dir='ltr'>fuit</span> <span class='ocrx_word' id='word_1_276' title='bbox 592 3772 653 3828; x_wconf 90' lang='lat' dir='ltr'>in</span> <span class='ocrx_word' id='word_1_277' title='bbox 692 3770 1003 3833; x_wconf 67' lang='lat' dir='ltr'>haeredum</span> <span class='ocrx_word' id='word_1_278' title='bbox 1062 3785 1311 3825; x_wconf 91' lang='lat' dir='ltr'>suorum</span> <span class='ocrx_word' id='word_1_279' title='bbox 1364 3772 1836 3841; x_wconf 86' lang='lat' dir='ltr'>possessionem,</span> 
     </span>
    </p>
   </div>
   <div class='ocr_carea' id='block_1_43' title="bbox 172 3857 1839 3925">
    <p class='ocr_par' dir='ltr' id='par_1_43' title="bbox 172 3857 1839 3925">
     <span class='ocr_line' id='line_1_43' title="bbox 172 3857 1839 3925; baseline 0 -9"><span class='ocrx_word' id='word_1_280' title='bbox 172 3863 275 3918; x_wconf 89' lang='lat' dir='ltr'>sed</span> <span class='ocrx_word' id='word_1_281' title='bbox 306 3861 597 3917; x_wconf 88' lang='lat' dir='ltr'>attributa</span> <span class='ocrx_word' id='word_1_282' title='bbox 624 3861 835 3917; x_wconf 88' lang='lat' dir='ltr'>tandiu</span> <span class='ocrx_word' id='word_1_283' title='bbox 864 3864 927 3914; x_wconf 90' lang='lat' dir='ltr'>ut</span> <span class='ocrx_word' id='word_1_284' title='bbox 949 3875 1023 3914; x_wconf 81' lang='lat' dir='ltr'>ex</span> <span class='ocrx_word' id='word_1_285' title='bbox 1049 3874 1119 3914; x_wconf 90' lang='lat' dir='ltr'>ea</span> <span class='ocrx_word' id='word_1_286' title='bbox 1140 3857 1381 3925; x_wconf 88' lang='lat' dir='ltr'>viveret,</span> <span class='ocrx_word' id='word_1_287' title='bbox 1413 3858 1605 3914; x_wconf 89' lang='lat' dir='ltr'>donec</span> <span class='ocrx_word' id='word_1_288' title='bbox 1635 3860 1839 3916; x_wconf 72' lang='lat' dir='ltr'>reiedi-</span> 
     </span>
    </p>
   </div>
   <div class='ocr_carea' id='block_1_44' title="bbox 172 3947 1842 4021">
    <p class='ocr_par' dir='ltr' id='par_1_44' title="bbox 172 3947 1842 4021">
     <span class='ocr_line' id='line_1_44' title="bbox 172 3947 1842 4021; baseline 0 -17"><span class='ocrx_word' id='word_1_289' title='bbox 172 3949 451 4007; x_wconf 85' lang='lat' dir='ltr'>ﬁcaretur</span> <span class='ocrx_word' id='word_1_290' title='bbox 482 3956 654 4016; x_wconf 88' lang='lat' dir='ltr'>terra,</span> <span class='ocrx_word' id='word_1_291' title='bbox 682 3964 868 4021; x_wconf 89' lang='lat' dir='ltr'>quam</span> <span class='ocrx_word' id='word_1_292' title='bbox 901 3948 1064 4003; x_wconf 90' lang='lat' dir='ltr'>dono</span> <span class='ocrx_word' id='word_1_293' title='bbox 1085 3947 1242 4018; x_wconf 87' lang='lat' dir='ltr'>regis</span> <span class='ocrx_word' id='word_1_294' title='bbox 1294 3953 1598 4019; x_wconf 88' lang='lat' dir='ltr'>receperat</span> <span class='ocrx_word' id='word_1_295' title='bbox 1646 3955 1842 4004; x_wconf 80' lang='lat' dir='ltr'>vasta-</span> 
     </span>
    </p>
   </div>
   <div class='ocr_carea' id='block_1_45' title="bbox 176 4036 1835 4107">
    <p class='ocr_par' dir='ltr' id='par_1_45' title="bbox 176 4036 1835 4107">
     <span class='ocr_line' id='line_1_45' title="bbox 176 4036 1835 4107; baseline -0.002 -11"><span class='ocrx_word' id='word_1_296' title='bbox 176 4045 315 4096; x_wconf 87' lang='lat' dir='ltr'>tam.</span> <span class='ocrx_word' id='word_1_297' title='bbox 346 4040 503 4095; x_wconf 79' lang='lat' dir='ltr'>Nihil</span> <span class='ocrx_word' id='word_1_298' title='bbox 522 4039 698 4097; x_wconf 84' lang='lat' dir='ltr'>nobis</span> <span class='ocrx_word' id='word_1_299' title='bbox 723 4044 780 4093; x_wconf 91' lang='lat' dir='ltr'>et</span> <span class='ocrx_word' id='word_1_300' title='bbox 810 4037 931 4103; x_wconf 89' lang='lat' dir='ltr'>tibi,</span> <span class='ocrx_word' id='word_1_301' title='bbox 962 4037 1081 4093; x_wconf 91' lang='lat' dir='ltr'>nisi</span> <span class='ocrx_word' id='word_1_302' title='bbox 1106 4036 1369 4093; x_wconf 90' lang='lat' dir='ltr'>amicitia</span> <span class='ocrx_word' id='word_1_303' title='bbox 1404 4040 1460 4090; x_wconf 90' lang='lat' dir='ltr'>et</span> <span class='ocrx_word' id='word_1_304' title='bbox 1490 4038 1835 4107; x_wconf 89' lang='lat' dir='ltr'>concordia,</span> 
     </span>
    </p>
   </div>
   <div class='ocr_carea' id='block_1_46' title="bbox 172 4124 1839 4200">
    <p class='ocr_par' dir='ltr' id='par_1_46' title="bbox 172 4124 1839 4200">
     <span class='ocr_line' id='line_1_46' title="bbox 172 4124 1839 4200; baseline -0.002 -15"><span class='ocrx_word' id='word_1_305' title='bbox 172 4129 423 4200; x_wconf 83' lang='lat' dir='ltr'>paribus</span> <span class='ocrx_word' id='word_1_306' title='bbox 454 4126 860 4185; x_wconf 84' lang='lat' dir='ltr'>voluntatibus</span> <span class='ocrx_word' id='word_1_307' title='bbox 890 4126 1228 4199; x_wconf 61' lang='lat' dir='ltr'>aequalique</span> <span class='ocrx_word' id='word_1_308' title='bbox 1255 4124 1501 4181; x_wconf 89' lang='lat' dir='ltr'>consilio</span> <span class='ocrx_word' id='word_1_309' title='bbox 1550 4124 1839 4183; x_wconf 87' lang='lat' dir='ltr'>delibera-</span> 
     </span>
    </p>
   </div>
   <div class='ocr_carea' id='block_1_47' title="bbox 172 4213 1839 4289">
    <p class='ocr_par' dir='ltr' id='par_1_47' title="bbox 172 4213 1839 4289">
     <span class='ocr_line' id='line_1_47' title="bbox 172 4213 1839 4289; baseline 0 -17"><span class='ocrx_word' id='word_1_310' title='bbox 172 4220 250 4273; x_wconf 89' lang='lat' dir='ltr'>to.</span> <span class='ocrx_word' id='word_1_311' title='bbox 287 4222 509 4287; x_wconf 77' lang='lat' dir='ltr'>Regem</span> <span class='ocrx_word' id='word_1_312' title='bbox 543 4215 919 4289; x_wconf 90' lang='lat' dir='ltr'>usquemodo</span> <span class='ocrx_word' id='word_1_313' title='bbox 949 4215 1297 4284; x_wconf 86' lang='lat' dir='ltr'>habuimus,</span> <span class='ocrx_word' id='word_1_314' title='bbox 1328 4213 1481 4269; x_wconf 90' lang='lat' dir='ltr'>duce</span> <span class='ocrx_word' id='word_1_315' title='bbox 1530 4219 1587 4270; x_wconf 91' lang='lat' dir='ltr'>et</span> <span class='ocrx_word' id='word_1_316' title='bbox 1612 4220 1839 4286; x_wconf 89' lang='lat' dir='ltr'>protec-</span> 
     </span>
    </p>
   </div>
   <div class='ocr_carea' id='block_1_48' title="bbox 174 4304 1840 4367">
    <p class='ocr_par' dir='ltr' id='par_1_48' title="bbox 174 4304 1840 4367">
     <span class='ocr_line' id='line_1_48' title="bbox 174 4304 1840 4367; baseline -0.001 -3"><span class='ocrx_word' id='word_1_317' title='bbox 174 4315 296 4367; x_wconf 87' lang='lat' dir='ltr'>tore</span> <span class='ocrx_word' id='word_1_318' title='bbox 327 4325 447 4365; x_wconf 91' lang='lat' dir='ltr'>non</span> <span class='ocrx_word' id='word_1_319' title='bbox 481 4307 807 4365; x_wconf 85' lang='lat' dir='ltr'>caruimus.</span> <span class='ocrx_word' id='word_1_320' title='bbox 844 4305 1068 4362; x_wconf 85' lang='lat' dir='ltr'>Nullius</span> <span class='ocrx_word' id='word_1_321' title='bbox 1097 4310 1266 4362; x_wconf 70' lang='lat' dir='ltr'>terrae</span> <span class='ocrx_word' id='word_1_322' title='bbox 1298 4304 1410 4361; x_wconf 85' lang='lat' dir='ltr'>nisi</span> <span class='ocrx_word' id='word_1_323' title='bbox 1444 4304 1704 4361; x_wconf 77' lang='lat' dir='ltr'>Franciae</span> <span class='ocrx_word' id='word_1_324' title='bbox 1752 4307 1840 4363; x_wconf 92' lang='lat' dir='ltr'>in-</span> 
     </span>
    </p>
   </div>
   <div class='ocr_carea' id='block_1_49' title="bbox 169 4394 1839 4466">
    <p class='ocr_par' dir='ltr' id='par_1_49' title="bbox 169 4394 1839 4466">
     <span class='ocr_line' id='line_1_49' title="bbox 169 4394 1839 4466; baseline -0.003 -11"><span class='ocrx_word' id='word_1_325' title='bbox 169 4400 383 4457; x_wconf 88' lang='lat' dir='ltr'>cubuit</span> <span class='ocrx_word' id='word_1_326' title='bbox 409 4397 707 4453; x_wconf 88' lang='lat' dir='ltr'>Britannia</span> <span class='ocrx_word' id='word_1_327' title='bbox 736 4396 993 4461; x_wconf 88' lang='lat' dir='ltr'>servitio,</span> <span class='ocrx_word' id='word_1_328' title='bbox 1026 4411 1136 4450; x_wconf 91' lang='lat' dir='ltr'>nec</span> <span class='ocrx_word' id='word_1_329' title='bbox 1159 4394 1505 4464; x_wconf 87' lang='lat' dir='ltr'>subjugavit</span> <span class='ocrx_word' id='word_1_330' title='bbox 1533 4411 1595 4450; x_wconf 90' lang='lat' dir='ltr'>se</span> <span class='ocrx_word' id='word_1_331' title='bbox 1644 4396 1839 4466; x_wconf 90' lang='lat' dir='ltr'>cujus-</span> 
     </span>
    </p>
   </div>
   <div class='ocr_carea' id='block_1_50' title="bbox 167 4482 1838 4561">
    <p class='ocr_par' dir='ltr' id='par_1_50' title="bbox 167 4482 1838 4561">
     <span class='ocr_line' id='line_1_50' title="bbox 167 4482 1838 4561; baseline -0.002 -17"><span class='ocrx_word' id='word_1_332' title='bbox 167 4505 362 4561; x_wconf 88' lang='lat' dir='ltr'>quam</span> <span class='ocrx_word' id='word_1_333' title='bbox 385 4486 695 4557; x_wconf 80' lang='lat' dir='ltr'>imperio.»</span> <span class='ocrx_word' id='word_1_334' title='bbox 751 4483 1013 4541; x_wconf 85' lang='lat' dir='ltr'>Audiens</span> <span class='ocrx_word' id='word_1_335' title='bbox 1071 4487 1271 4538; x_wconf 90' lang='lat' dir='ltr'>autem</span> <span class='ocrx_word' id='word_1_336' title='bbox 1317 4482 1661 4540; x_wconf 80' lang='lat' dir='ltr'>Guillelmus</span> <span class='ocrx_word' id='word_1_337' title='bbox 1713 4484 1838 4541; x_wconf 86' lang='lat' dir='ltr'>dux</span> 
     </span>
    </p>
   </div>
   <div class='ocr_carea' id='block_1_51' title="bbox 171 4571 1835 4645">
    <p class='ocr_par' dir='ltr' id='par_1_51' title="bbox 171 4571 1835 4645">
     <span class='ocr_line' id='line_1_51' title="bbox 171 4571 1835 4645; baseline -0.002 -13"><span class='ocrx_word' id='word_1_338' title='bbox 171 4580 476 4633; x_wconf 86' lang='lat' dir='ltr'>Dacorum</span> <span class='ocrx_word' id='word_1_339' title='bbox 506 4575 686 4645; x_wconf 88' lang='lat' dir='ltr'>hujus</span> <span class='ocrx_word' id='word_1_340' title='bbox 716 4572 1063 4629; x_wconf 62' lang='lat' dir='ltr'>Britannica:</span> <span class='ocrx_word' id='word_1_341' title='bbox 1088 4571 1403 4639; x_wconf 84' lang='lat' dir='ltr'>legationis</span> <span class='ocrx_word' id='word_1_342' title='bbox 1455 4572 1835 4643; x_wconf 88' lang='lat' dir='ltr'>mandatum,</span> 
     </span>
    </p>
   </div>
   <div class='ocr_carea' id='block_1_52' title="bbox 165 4659 1841 4735">
    <p class='ocr_par' dir='ltr' id='par_1_52' title="bbox 165 4659 1841 4735">
     <span class='ocr_line' id='line_1_52' title="bbox 165 4659 1841 4735; baseline -0.002 -14"><span class='ocrx_word' id='word_1_343' title='bbox 165 4668 471 4721; x_wconf 89' lang='lat' dir='ltr'>convocat</span> <span class='ocrx_word' id='word_1_344' title='bbox 498 4662 796 4735; x_wconf 86' lang='lat' dir='ltr'>principes</span> <span class='ocrx_word' id='word_1_345' title='bbox 828 4660 1373 4716; x_wconf 83' lang='lat' dir='ltr'>Northmannorum</span> <span class='ocrx_word' id='word_1_346' title='bbox 1395 4659 1563 4715; x_wconf 89' lang='lat' dir='ltr'>istius</span> <span class='ocrx_word' id='word_1_347' title='bbox 1590 4660 1673 4716; x_wconf 89' lang='lat' dir='ltr'>rei</span> <span class='ocrx_word' id='word_1_348' title='bbox 1700 4677 1841 4717; x_wconf 86' lang='lat' dir='ltr'>cau-</span> 
     </span>
    </p>
   </div>
   <div class='ocr_carea' id='block_1_53' title="bbox 166 4749 1833 4816">
    <p class='ocr_par' dir='ltr' id='par_1_53' title="bbox 166 4749 1833 4816">
     <span class='ocr_line' id='line_1_53' title="bbox 166 4749 1833 4816; baseline -0.001 -7"><span class='ocrx_word' id='word_1_349' title='bbox 166 4772 240 4811; x_wconf 89' lang='lat' dir='ltr'>sa</span> <span class='ocrx_word' id='word_1_350' title='bbox 290 4752 373 4810; x_wconf 88' lang='lat' dir='ltr'>ad</span> <span class='ocrx_word' id='word_1_351' title='bbox 417 4751 874 4809; x_wconf 84' lang='lat' dir='ltr'>consulendum.</span> <span class='ocrx_word' id='word_1_352' title='bbox 923 4750 1150 4814; x_wconf 87' lang='lat' dir='ltr'>Quibus</span> <span class='ocrx_word' id='word_1_353' title='bbox 1192 4749 1568 4816; x_wconf 87' lang='lat' dir='ltr'>coadunatis,</span> <span class='ocrx_word' id='word_1_354' title='bbox 1619 4751 1833 4808; x_wconf 77' lang='lat' dir='ltr'>seriem</span> 
     </span>
    </p>
   </div>
   <div class='ocr_carea' id='block_1_54' title="bbox 166 4838 1837 4911">
    <p class='ocr_par' dir='ltr' id='par_1_54' title="bbox 166 4838 1837 4911">
     <span class='ocr_line' id='line_1_54' title="bbox 166 4838 1837 4911; baseline -0.002 -11"><span class='ocrx_word' id='word_1_355' title='bbox 166 4845 344 4900; x_wconf 89' lang='lat' dir='ltr'>istius</span> <span class='ocrx_word' id='word_1_356' title='bbox 375 4841 668 4898; x_wconf 67' lang='lat' dir='ltr'>mirandae</span> <span class='ocrx_word' id='word_1_357' title='bbox 697 4839 1009 4911; x_wconf 82' lang='lat' dir='ltr'>legationis</span> <span class='ocrx_word' id='word_1_358' title='bbox 1040 4839 1101 4894; x_wconf 92' lang='lat' dir='ltr'>in</span> <span class='ocrx_word' id='word_1_359' title='bbox 1151 4838 1402 4897; x_wconf 72' lang='lat' dir='ltr'>auribus</span> <span class='ocrx_word' id='word_1_360' title='bbox 1444 4854 1655 4895; x_wconf 85' lang='lat' dir='ltr'>eorum</span> <span class='ocrx_word' id='word_1_361' title='bbox 1683 4846 1837 4896; x_wconf 89' lang='lat' dir='ltr'>retu-</span> 
     </span>
    </p>
   </div>
   <div class='ocr_carea' id='block_1_55' title="bbox 164 4929 1834 5004">
    <p class='ocr_par' dir='ltr' id='par_1_55' title="bbox 164 4929 1834 5004">
     <span class='ocr_line' id='line_1_55' title="bbox 164 4929 1834 5004; baseline -0.003 -15"><span class='ocrx_word' id='word_1_362' title='bbox 164 4934 253 4989; x_wconf 88' lang='lat' dir='ltr'>lit.</span> <span class='ocrx_word' id='word_1_363' title='bbox 278 4937 446 4989; x_wconf 89' lang='lat' dir='ltr'>Tunc</span> <span class='ocrx_word' id='word_1_364' title='bbox 469 4931 719 5004; x_wconf 88' lang='lat' dir='ltr'>quidam</span> <span class='ocrx_word' id='word_1_365' title='bbox 753 4929 1085 4985; x_wconf 88' lang='lat' dir='ltr'>Bernardus</span> <span class='ocrx_word' id='word_1_366' title='bbox 1121 4931 1483 4984; x_wconf 88' lang='lat' dir='ltr'>secretorum</span> <span class='ocrx_word' id='word_1_367' title='bbox 1542 4929 1834 4985; x_wconf 85' lang='lat' dir='ltr'>Guillelmi</span> 
     </span>
    </p>
   </div>
   <div class='ocr_carea' id='block_1_56' title="bbox 166 5016 1832 5092">
    <p class='ocr_par' dir='ltr' id='par_1_56' title="bbox 166 5016 1832 5092">
     <span class='ocr_line' id='line_1_56' title="bbox 166 5016 1832 5092; baseline -0.002 -13"><span class='ocrx_word' id='word_1_368' title='bbox 166 5022 349 5079; x_wconf 88' lang='lat' dir='ltr'>ducis</span> <span class='ocrx_word' id='word_1_369' title='bbox 376 5022 678 5089; x_wconf 88' lang='lat' dir='ltr'>conscius,</span> <span class='ocrx_word' id='word_1_370' title='bbox 710 5019 1012 5092; x_wconf 89' lang='lat' dir='ltr'>Bothoque</span> <span class='ocrx_word' id='word_1_371' title='bbox 1036 5016 1313 5090; x_wconf 85' lang='lat' dir='ltr'>princeps</span> <span class='ocrx_word' id='word_1_372' title='bbox 1342 5016 1581 5083; x_wconf 87' lang='lat' dir='ltr'>domus,</span> <span class='ocrx_word' id='word_1_373' title='bbox 1639 5019 1832 5075; x_wconf 88' lang='lat' dir='ltr'>admi-</span> 
     </span>
    </p>
   </div>
   <div class='ocr_carea' id='block_1_57' title="bbox 166 5104 1830 5183">
    <p class='ocr_par' dir='ltr' id='par_1_57' title="bbox 166 5104 1830 5183">
     <span class='ocr_line' id='line_1_57' title="bbox 166 5104 1830 5183; baseline -0.002 -16"><span class='ocrx_word' id='word_1_374' title='bbox 166 5111 285 5169; x_wconf 85' lang='lat' dir='ltr'>rati</span> <span class='ocrx_word' id='word_1_375' title='bbox 335 5125 517 5183; x_wconf 89' lang='lat' dir='ltr'>super</span> <span class='ocrx_word' id='word_1_376' title='bbox 560 5108 653 5165; x_wconf 90' lang='lat' dir='ltr'>his</span> <span class='ocrx_word' id='word_1_377' title='bbox 705 5107 1122 5179; x_wconf 88' lang='lat' dir='ltr'>legationibus,</span> <span class='ocrx_word' id='word_1_378' title='bbox 1180 5104 1460 5160; x_wconf 84' lang='lat' dir='ltr'>dixerunt</span> <span class='ocrx_word' id='word_1_379' title='bbox 1504 5107 1830 5164; x_wconf 89' lang='lat' dir='ltr'>omnibus:</span> 
     </span>
    </p>
   </div>
   <div class='ocr_carea' id='block_1_58' title="bbox 169 5194 1835 5268">
    <p class='ocr_par' dir='ltr' id='par_1_58' title="bbox 169 5194 1835 5268">
     <span class='ocr_line' id='line_1_58' title="bbox 169 5194 1835 5268; baseline 0.001 -17"><span class='ocrx_word' id='word_1_380' title='bbox 169 5224 197 5251; x_wconf 77' lang='grc'><em>‹‹</em></span> <span class='ocrx_word' id='word_1_381' title='bbox 236 5199 471 5265; x_wconf 76' lang='lat' dir='ltr'>Mirum,</span> <span class='ocrx_word' id='word_1_382' title='bbox 498 5204 556 5254; x_wconf 89' lang='lat' dir='ltr'>et</span> <span class='ocrx_word' id='word_1_383' title='bbox 592 5198 953 5266; x_wconf 85' lang='lat' dir='ltr'>inauditum,</span> <span class='ocrx_word' id='word_1_384' title='bbox 1011 5200 1191 5268; x_wconf 88' lang='lat' dir='ltr'>atque</span> <span class='ocrx_word' id='word_1_385' title='bbox 1238 5194 1412 5252; x_wconf 89' lang='lat' dir='ltr'>nobis</span> <span class='ocrx_word' id='word_1_386' title='bbox 1468 5196 1835 5268; x_wconf 87' lang='lat' dir='ltr'>stupendum</span> 
     </span>
    </p>
   </div>
   <div class='ocr_carea' id='block_1_59' title="bbox 168 5285 1833 5361">
    <p class='ocr_par' dir='ltr' id='par_1_59' title="bbox 168 5285 1833 5361">
     <span class='ocr_line' id='line_1_59' title="bbox 168 5285 1833 5361; baseline -0.002 -15"><span class='ocrx_word' id='word_1_387' title='bbox 168 5291 361 5361; x_wconf 83' lang='lat' dir='ltr'>hujus</span> <span class='ocrx_word' id='word_1_388' title='bbox 413 5288 683 5344; x_wconf 87' lang='lat' dir='ltr'>mandati</span> <span class='ocrx_word' id='word_1_389' title='bbox 730 5302 1111 5360; x_wconf 90' lang='lat' dir='ltr'>responsum.</span> <span class='ocrx_word' id='word_1_390' title='bbox 1171 5287 1318 5343; x_wconf 86' lang='lat' dir='ltr'>Cum</span> <span class='ocrx_word' id='word_1_391' title='bbox 1347 5288 1514 5357; x_wconf 86' lang='lat' dir='ltr'>patre</span> <span class='ocrx_word' id='word_1_392' title='bbox 1561 5290 1660 5341; x_wconf 90' lang='lat' dir='ltr'>tuo</span> <span class='ocrx_word' id='word_1_393' title='bbox 1690 5285 1833 5342; x_wconf 88' lang='lat' dir='ltr'>olim</span> 
     </span>
    </p>
   </div>
   <div class='ocr_carea' id='block_1_60' title="bbox 170 5375 1833 5447">
    <p class='ocr_par' dir='ltr' id='par_1_60' title="bbox 170 5375 1833 5447">
     <span class='ocr_line' id='line_1_60' title="bbox 170 5375 1833 5447; baseline -0.002 -10"><span class='ocrx_word' id='word_1_394' title='bbox 170 5380 424 5437; x_wconf 81' lang='lat' dir='ltr'>Bellone</span> <span class='ocrx_word' id='word_1_395' title='bbox 482 5378 658 5435; x_wconf 88' lang='lat' dir='ltr'>Dacia</span> <span class='ocrx_word' id='word_1_396' title='bbox 713 5375 1103 5447; x_wconf 83' lang='lat' dir='ltr'>exterminati,</span> <span class='ocrx_word' id='word_1_397' title='bbox 1154 5375 1424 5447; x_wconf 86' lang='lat' dir='ltr'>ﬁnesque</span> <span class='ocrx_word' id='word_1_398' title='bbox 1506 5376 1833 5445; x_wconf 76' lang='lat' dir='ltr'>Anglorum</span> 
     </span>
    </p>
   </div>
   <div class='ocr_carea' id='block_1_61' title="bbox 173 5464 1835 5543">
    <p class='ocr_par' dir='ltr' id='par_1_61' title="bbox 173 5464 1835 5543">
     <span class='ocr_line' id='line_1_61' title="bbox 173 5464 1835 5543; baseline -0.002 -17"><span class='ocrx_word' id='word_1_399' title='bbox 173 5485 501 5543; x_wconf 86' lang='lat' dir='ltr'>permenso</span> <span class='ocrx_word' id='word_1_400' title='bbox 530 5468 712 5524; x_wconf 87' lang='lat' dir='ltr'>maris</span> <span class='ocrx_word' id='word_1_401' title='bbox 740 5466 954 5539; x_wconf 88' lang='lat' dir='ltr'>pelago</span> <span class='ocrx_word' id='word_1_402' title='bbox 986 5466 1082 5520; x_wconf 84' lang='lat' dir='ltr'>vix</span> <span class='ocrx_word' id='word_1_403' title='bbox 1122 5465 1373 5535; x_wconf 78' lang='lat' dir='ltr'>aggresi,</span> <span class='ocrx_word' id='word_1_404' title='bbox 1416 5464 1584 5536; x_wconf 90' lang='lat' dir='ltr'>ipsos</span> <span class='ocrx_word' id='word_1_405' title='bbox 1614 5465 1673 5520; x_wconf 91' lang='lat' dir='ltr'>in</span> <span class='ocrx_word' id='word_1_406' title='bbox 1722 5481 1835 5522; x_wconf 88' lang='lat' dir='ltr'>nos</span> 
     </span>
    </p>
   </div>
   <div class='ocr_carea' id='block_1_62' title="bbox 173 5552 1832 5628">
    <p class='ocr_par' dir='ltr' id='par_1_62' title="bbox 173 5552 1832 5628">
     <span class='ocr_line' id='line_1_62' title="bbox 173 5552 1832 5628; baseline -0.004 -14"><span class='ocrx_word' id='word_1_407' title='bbox 173 5559 488 5628; x_wconf 85' lang='lat' dir='ltr'>insurgere</span> <span class='ocrx_word' id='word_1_408' title='bbox 514 5557 776 5612; x_wconf 88' lang='lat' dir='ltr'>volentes</span> <span class='ocrx_word' id='word_1_409' title='bbox 806 5554 1133 5611; x_wconf 88' lang='lat' dir='ltr'>resistendo</span> <span class='ocrx_word' id='word_1_410' title='bbox 1158 5552 1443 5609; x_wconf 86' lang='lat' dir='ltr'>hostiliter</span> <span class='ocrx_word' id='word_1_411' title='bbox 1472 5552 1832 5623; x_wconf 80' lang='lat' dir='ltr'>deviximus,</span> 
     </span>
    </p>
   </div>
   <div class='ocr_carea' id='block_1_63' title="bbox 178 5642 1837 5723">
    <p class='ocr_par' dir='ltr' id='par_1_63' title="bbox 178 5642 1837 5723">
     <span class='ocr_line' id='line_1_63' title="bbox 178 5642 1837 5723; baseline -0.003 -19"><span class='ocrx_word' id='word_1_412' title='bbox 178 5664 413 5723; x_wconf 84' lang='lat' dir='ltr'>eosque</span> <span class='ocrx_word' id='word_1_413' title='bbox 438 5662 631 5722; x_wconf 87' lang='lat' dir='ltr'>usque</span> <span class='ocrx_word' id='word_1_414' title='bbox 661 5645 740 5703; x_wconf 87' lang='lat' dir='ltr'>ad</span> <span class='ocrx_word' id='word_1_415' title='bbox 764 5643 1231 5705; x_wconf 87' lang='lat' dir='ltr'>internecionem</span> <span class='ocrx_word' id='word_1_416' title='bbox 1260 5642 1538 5701; x_wconf 86' lang='lat' dir='ltr'>severiter</span> <span class='ocrx_word' id='word_1_417' title='bbox 1574 5645 1837 5717; x_wconf 60' lang='lat' dir='ltr'>prostrew</span> 
     </span>
    </p>
   </div>
   <div class='ocr_carea' id='block_1_64' title="bbox 1943 379 3600 453">
    <p class='ocr_par' dir='ltr' id='par_1_64' title="bbox 1943 379 3600 453">
     <span class='ocr_line' id='line_1_64' title="bbox 1943 379 3600 453; baseline -0.002 -18"><span class='ocrx_word' id='word_1_418' title='bbox 1943 398 2064 453; x_wconf 90' lang='lat' dir='ltr'>que</span> <span class='ocrx_word' id='word_1_419' title='bbox 2088 382 2147 436; x_wconf 91' lang='lat' dir='ltr'>vi</span> <span class='ocrx_word' id='word_1_420' title='bbox 2172 390 2493 439; x_wconf 88' lang='lat' dir='ltr'>ventorum</span> <span class='ocrx_word' id='word_1_421' title='bbox 2524 383 3119 453; x_wconf 83' lang='lat' dir='ltr'>terramWalgrorum</span> <span class='ocrx_word' id='word_1_422' title='bbox 3150 379 3453 449; x_wconf 84' lang='lat' dir='ltr'>ingressis,</span> <span class='ocrx_word' id='word_1_423' title='bbox 3484 379 3600 451; x_wconf 91' lang='lat' dir='ltr'>ipsi</span> 
     </span>
    </p>
   </div>
   <div class='ocr_carea' id='block_1_65' title="bbox 1946 468 3597 545">
    <p class='ocr_par' dir='ltr' id='par_1_65' title="bbox 1946 468 3597 545">
     <span class='ocr_line' id='line_1_65' title="bbox 1946 468 3597 545; baseline -0.001 -20"><span class='ocrx_word' id='word_1_424' title='bbox 1946 471 2432 545; x_wconf 82' lang='lat' dir='ltr'>conglobatoque</span> <span class='ocrx_word' id='word_1_425' title='bbox 2463 474 2724 528; x_wconf 82' lang='lat' dir='ltr'>exercitu</span> <span class='ocrx_word' id='word_1_426' title='bbox 2752 472 3069 527; x_wconf 86' lang='lat' dir='ltr'>voluerunt</span> <span class='ocrx_word' id='word_1_427' title='bbox 3094 473 3364 526; x_wconf 73' lang='lat' dir='ltr'>resistere</span> <span class='ocrx_word' id='word_1_428' title='bbox 3402 468 3597 525; x_wconf 89' lang='lat' dir='ltr'>nobis.</span> 
     </span>
    </p>
   </div>
   <div class='ocr_carea' id='block_1_66' title="bbox 1945 557 3601 634">
    <p class='ocr_par' dir='ltr' id='par_1_66' title="bbox 1945 557 3601 634">
     <span class='ocr_line' id='line_1_66' title="bbox 1945 557 3601 634; baseline -0.001 -20"><span class='ocrx_word' id='word_1_429' title='bbox 1945 561 2107 622; x_wconf 82' lang='lat' dir='ltr'>Quos</span> <span class='ocrx_word' id='word_1_430' title='bbox 2137 568 2475 634; x_wconf 84' lang='lat' dir='ltr'>opportune</span> <span class='ocrx_word' id='word_1_431' title='bbox 2507 561 2859 625; x_wconf 80' lang='lat' dir='ltr'>invasimus,</span> <span class='ocrx_word' id='word_1_432' title='bbox 2887 576 3107 632; x_wconf 90' lang='lat' dir='ltr'>eosque</span> <span class='ocrx_word' id='word_1_433' title='bbox 3154 559 3326 614; x_wconf 92' lang='lat' dir='ltr'>nobis</span> <span class='ocrx_word' id='word_1_434' title='bbox 3382 557 3601 629; x_wconf 65' lang='lat' dir='ltr'>prmliis</span> 
     </span>
    </p>
   </div>
   <div class='ocr_carea' id='block_1_67' title="bbox 1945 646 3601 722">
    <p class='ocr_par' dir='ltr' id='par_1_67' title="bbox 1945 646 3601 722">
     <span class='ocr_line' id='line_1_67' title="bbox 1945 646 3601 722; baseline -0.001 -19"><span class='ocrx_word' id='word_1_435' title='bbox 1945 648 2743 722; x_wconf 82' lang='lat' dir='ltr'>subjugaviinus,totamque</span> <span class='ocrx_word' id='word_1_436' title='bbox 2761 648 3338 722; x_wconf 76' lang='lat' dir='ltr'>praetermunitiones</span> <span class='ocrx_word' id='word_1_437' title='bbox 3360 646 3601 702; x_wconf 90' lang='lat' dir='ltr'>urbium</span> 
     </span>
    </p>
   </div>
   <div class='ocr_carea' id='block_1_68' title="bbox 1944 736 3598 811">
    <p class='ocr_par' dir='ltr' id='par_1_68' title="bbox 1944 736 3598 811">
     <span class='ocr_line' id='line_1_68' title="bbox 1944 736 3598 811; baseline -0.002 -19"><span class='ocrx_word' id='word_1_438' title='bbox 1944 739 2474 811; x_wconf 82' lang='lat' dir='ltr'>depopulavimus.</span> <span class='ocrx_word' id='word_1_439' title='bbox 2510 741 2773 811; x_wconf 89' lang='lat' dir='ltr'>Denique</span> <span class='ocrx_word' id='word_1_440' title='bbox 2804 737 3195 793; x_wconf 84' lang='lat' dir='ltr'>Badebodum</span> <span class='ocrx_word' id='word_1_441' title='bbox 3273 736 3598 804; x_wconf 84' lang='lat' dir='ltr'>Frisonem,</span> 
     </span>
    </p>
   </div>
   <div class='ocr_carea' id='block_1_69' title="bbox 1946 823 3598 899">
    <p class='ocr_par' dir='ltr' id='par_1_69' title="bbox 1946 823 3598 899">
     <span class='ocr_line' id='line_1_69' title="bbox 1946 823 3598 899; baseline -0.003 -18"><span class='ocrx_word' id='word_1_442' title='bbox 1946 827 2210 899; x_wconf 85' lang='lat' dir='ltr'>hincque</span> <span class='ocrx_word' id='word_1_443' title='bbox 2270 831 2582 885; x_wconf 79' lang='lat' dir='ltr'>Rainerum</span> <span class='ocrx_word' id='word_1_444' title='bbox 2624 828 3070 883; x_wconf 79' lang='lat' dir='ltr'>Hasbacensem</span> <span class='ocrx_word' id='word_1_445' title='bbox 3118 823 3598 897; x_wconf 88' lang='lat' dir='ltr'>penetravimus;</span> 
     </span>
    </p>
   </div>
   <div class='ocr_carea' id='block_1_70' title="bbox 1946 911 3602 974">
    <p class='ocr_par' dir='ltr' id='par_1_70' title="bbox 1946 911 3602 974">
     <span class='ocr_line' id='line_1_70' title="bbox 1946 911 3602 974; baseline -0.003 -4"><span class='ocrx_word' id='word_1_446' title='bbox 1946 916 2083 971; x_wconf 85' lang='lat' dir='ltr'>illos</span> <span class='ocrx_word' id='word_1_447' title='bbox 2105 918 2280 973; x_wconf 87' lang='lat' dir='ltr'>nobis</span> <span class='ocrx_word' id='word_1_448' title='bbox 2304 918 2641 974; x_wconf 87' lang='lat' dir='ltr'>tributarios</span> <span class='ocrx_word' id='word_1_449' title='bbox 2671 917 2942 972; x_wconf 87' lang='lat' dir='ltr'>fecimus.</span> <span class='ocrx_word' id='word_1_450' title='bbox 2976 915 3078 969; x_wconf 85' lang='lat' dir='ltr'>His</span> <span class='ocrx_word' id='word_1_451' title='bbox 3117 918 3197 969; x_wconf 79' lang='lat' dir='ltr'>ita</span> <span class='ocrx_word' id='word_1_452' title='bbox 3246 928 3306 967; x_wconf 91' lang='lat' dir='ltr'>se</span> <span class='ocrx_word' id='word_1_453' title='bbox 3335 911 3602 966; x_wconf 87' lang='lat' dir='ltr'>habenti-</span> 
     </span>
    </p>
   </div>
   <div class='ocr_carea' id='block_1_71' title="bbox 1952 1002 3608 1075">
    <p class='ocr_par' dir='ltr' id='par_1_71' title="bbox 1952 1002 3608 1075">
     <span class='ocr_line' id='line_1_71' title="bbox 1952 1002 3608 1075; baseline -0.004 -16"><span class='ocrx_word' id='word_1_454' title='bbox 1952 1005 2086 1073; x_wconf 85' lang='lat' dir='ltr'>bus,</span> <span class='ocrx_word' id='word_1_455' title='bbox 2122 1007 2427 1061; x_wconf 43' lang='lat' dir='ltr'>lt‘ranciam</span> <span class='ocrx_word' id='word_1_456' title='bbox 2462 1007 2755 1073; x_wconf 74' lang='lat' dir='ltr'>venimus,</span> <span class='ocrx_word' id='word_1_457' title='bbox 2782 1020 3040 1075; x_wconf 90' lang='lat' dir='ltr'>eamque</span> <span class='ocrx_word' id='word_1_458' title='bbox 3086 1002 3255 1057; x_wconf 89' lang='lat' dir='ltr'>bellis</span> <span class='ocrx_word' id='word_1_459' title='bbox 3305 1015 3608 1073; x_wconf 64' lang='lat' dir='ltr'>praeoccu-</span> 
     </span>
    </p>
   </div>
   <div class='ocr_carea' id='block_1_72' title="bbox 1948 1087 3609 1166">
    <p class='ocr_par' dir='ltr' id='par_1_72' title="bbox 1948 1087 3609 1166">
     <span class='ocr_line' id='line_1_72' title="bbox 1948 1087 3609 1166; baseline -0.005 -16"><span class='ocrx_word' id='word_1_460' title='bbox 1948 1095 2250 1166; x_wconf 79' lang='lat' dir='ltr'>pavimus.</span> <span class='ocrx_word' id='word_1_461' title='bbox 2286 1097 2466 1151; x_wconf 66' lang='lat' dir='ltr'>Nobis</span> <span class='ocrx_word' id='word_1_462' title='bbox 2490 1112 2631 1151; x_wconf 77' lang='lat' dir='ltr'>vero</span> <span class='ocrx_word' id='word_1_463' title='bbox 2657 1094 3033 1150; x_wconf 88' lang='lat' dir='ltr'>morantibus</span> <span class='ocrx_word' id='word_1_464' title='bbox 3061 1093 3122 1146; x_wconf 92' lang='lat' dir='ltr'>in</span> <span class='ocrx_word' id='word_1_465' title='bbox 3164 1090 3476 1147; x_wconf 85' lang='lat' dir='ltr'>obsidione</span> <span class='ocrx_word' id='word_1_466' title='bbox 3502 1087 3609 1142; x_wconf 40' lang='lat' dir='ltr'>cir‘</span> 
     </span>
    </p>
   </div>
   <div class='ocr_carea' id='block_1_73' title="bbox 1950 1178 3606 1259">
    <p class='ocr_par' dir='ltr' id='par_1_73' title="bbox 1950 1178 3606 1259">
     <span class='ocr_line' id='line_1_73' title="bbox 1950 1178 3606 1259; baseline -0.004 -20"><span class='ocrx_word' id='word_1_467' title='bbox 1950 1200 2022 1240; x_wconf 90' lang='lat' dir='ltr'>ca</span> <span class='ocrx_word' id='word_1_468' title='bbox 2052 1185 2329 1255; x_wconf 89' lang='lat' dir='ltr'>Parisios,</span> <span class='ocrx_word' id='word_1_469' title='bbox 2361 1191 2606 1259; x_wconf 83' lang='lat' dir='ltr'>propter</span> <span class='ocrx_word' id='word_1_470' title='bbox 2632 1200 2899 1241; x_wconf 90' lang='lat' dir='ltr'>amorem</span> <span class='ocrx_word' id='word_1_471' title='bbox 2926 1183 3082 1251; x_wconf 85' lang='lat' dir='ltr'>regis</span> <span class='ocrx_word' id='word_1_472' title='bbox 3109 1180 3351 1236; x_wconf 84' lang='lat' dir='ltr'>Alstemi</span> <span class='ocrx_word' id='word_1_473' title='bbox 3382 1178 3606 1248; x_wconf 76' lang='lat' dir='ltr'>Anglos</span> 
     </span>
    </p>
   </div>
   <div class='ocr_carea' id='block_1_74' title="bbox 1945 1267 3608 1348">
    <p class='ocr_par' dir='ltr' id='par_1_74' title="bbox 1945 1267 3608 1348">
     <span class='ocr_line' id='line_1_74' title="bbox 1945 1267 3608 1348; baseline -0.005 -20"><span class='ocrx_word' id='word_1_474' title='bbox 1945 1273 2162 1330; x_wconf 88' lang='lat' dir='ltr'>iterum</span> <span class='ocrx_word' id='word_1_475' title='bbox 2194 1276 2639 1348; x_wconf 82' lang='lat' dir='ltr'>repedavimus,</span> <span class='ocrx_word' id='word_1_476' title='bbox 2672 1273 2920 1344; x_wconf 89' lang='lat' dir='ltr'>injurios</span> <span class='ocrx_word' id='word_1_477' title='bbox 2949 1271 3337 1341; x_wconf 87' lang='lat' dir='ltr'>inﬁdelesque</span> <span class='ocrx_word' id='word_1_478' title='bbox 3369 1268 3498 1338; x_wconf 91' lang='lat' dir='ltr'>ejus</span> <span class='ocrx_word' id='word_1_479' title='bbox 3549 1267 3608 1321; x_wconf 89' lang='lat' dir='ltr'>vi</span> 
     </span>
    </p>
   </div>
   <div class='ocr_carea' id='block_1_75' title="bbox 1949 1356 3610 1436">
    <p class='ocr_par' dir='ltr' id='par_1_75' title="bbox 1949 1356 3610 1436">
     <span class='ocr_line' id='line_1_75' title="bbox 1949 1356 3610 1436; baseline -0.005 -18"><span class='ocrx_word' id='word_1_480' title='bbox 1949 1368 2007 1419; x_wconf 89' lang='lat' dir='ltr'>et</span> <span class='ocrx_word' id='word_1_481' title='bbox 2035 1368 2328 1436; x_wconf 88' lang='lat' dir='ltr'>potestate</span> <span class='ocrx_word' id='word_1_482' title='bbox 2359 1364 2748 1435; x_wconf 80' lang='lat' dir='ltr'>subjecimus.</span> <span class='ocrx_word' id='word_1_483' title='bbox 2789 1361 2995 1431; x_wconf 77' lang='lat' dir='ltr'>Anglis</span> <span class='ocrx_word' id='word_1_484' title='bbox 3026 1376 3163 1415; x_wconf 85' lang='lat' dir='ltr'>vero</span> <span class='ocrx_word' id='word_1_485' title='bbox 3192 1363 3411 1413; x_wconf 70' lang='lat' dir='ltr'>nostrae</span> <span class='ocrx_word' id='word_1_486' title='bbox 3441 1356 3610 1411; x_wconf 86' lang='lat' dir='ltr'>ditio-</span> 
     </span>
    </p>
   </div>
   <div class='ocr_carea' id='block_1_76' title="bbox 1948 1445 3608 1523">
    <p class='ocr_par' dir='ltr' id='par_1_76' title="bbox 1948 1445 3608 1523">
     <span class='ocr_line' id='line_1_76' title="bbox 1948 1445 3608 1523; baseline -0.006 -14"><span class='ocrx_word' id='word_1_487' title='bbox 1948 1454 2041 1508; x_wconf 90' lang='lat' dir='ltr'>nis</span> <span class='ocrx_word' id='word_1_488' title='bbox 2081 1454 2326 1509; x_wconf 84' lang='lat' dir='ltr'>arbitrio</span> <span class='ocrx_word' id='word_1_489' title='bbox 2381 1455 2505 1523; x_wconf 87' lang='lat' dir='ltr'>regi</span> <span class='ocrx_word' id='word_1_490' title='bbox 2556 1453 2755 1508; x_wconf 35' lang='lat' dir='ltr'>Alstei.</span> <span class='ocrx_word' id='word_1_491' title='bbox 2788 1468 2824 1506; x_wconf 94' lang='lat' dir='ltr'>o</span> <span class='ocrx_word' id='word_1_492' title='bbox 2882 1449 3133 1516; x_wconf 89' lang='lat' dir='ltr'>subacti,</span> <span class='ocrx_word' id='word_1_493' title='bbox 3185 1464 3327 1503; x_wconf 90' lang='lat' dir='ltr'>cum</span> <span class='ocrx_word' id='word_1_494' title='bbox 3380 1445 3608 1515; x_wconf 87' lang='lat' dir='ltr'>majore</span> 
     </span>
    </p>
   </div>
   <div class='ocr_carea' id='block_1_77' title="bbox 1950 1534 3611 1615">
    <p class='ocr_par' dir='ltr' id='par_1_77' title="bbox 1950 1534 3611 1615">
     <span class='ocr_line' id='line_1_77' title="bbox 1950 1534 3611 1615; baseline -0.006 -18"><span class='ocrx_word' id='word_1_495' title='bbox 1950 1542 2148 1615; x_wconf 89' lang='lat' dir='ltr'>priore</span> <span class='ocrx_word' id='word_1_496' title='bbox 2223 1544 2487 1599; x_wconf 83' lang='lat' dir='ltr'>exercitu</span> <span class='ocrx_word' id='word_1_497' title='bbox 2548 1541 2858 1597; x_wconf 60' lang='lat' dir='ltr'>l’ranciam</span> <span class='ocrx_word' id='word_1_498' title='bbox 2937 1537 3362 1611; x_wconf 87' lang='lat' dir='ltr'>repedavimus</span> <span class='ocrx_word' id='word_1_499' title='bbox 3413 1534 3611 1590; x_wconf 86' lang='lat' dir='ltr'>bellis-</span> 
     </span>
    </p>
   </div>
   <div class='ocr_carea' id='block_1_78' title="bbox 1948 1626 3610 1705">
    <p class='ocr_par' dir='ltr' id='par_1_78' title="bbox 1948 1626 3610 1705">
     <span class='ocr_line' id='line_1_78' title="bbox 1948 1626 3610 1705; baseline -0.005 -18"><span class='ocrx_word' id='word_1_500' title='bbox 1948 1649 2066 1703; x_wconf 88' lang='lat' dir='ltr'>que</span> <span class='ocrx_word' id='word_1_501' title='bbox 2146 1648 2279 1687; x_wconf 90' lang='lat' dir='ltr'>eam</span> <span class='ocrx_word' id='word_1_502' title='bbox 2362 1632 2637 1705; x_wconf 86' lang='lat' dir='ltr'>plurimis</span> <span class='ocrx_word' id='word_1_503' title='bbox 2714 1630 3124 1686; x_wconf 90' lang='lat' dir='ltr'>contrivimus.</span> <span class='ocrx_word' id='word_1_504' title='bbox 3208 1626 3425 1681; x_wconf 85' lang='lat' dir='ltr'>Videns</span> <span class='ocrx_word' id='word_1_505' title='bbox 3505 1640 3610 1680; x_wconf 84' lang='lat' dir='ltr'>au-</span> 
     </span>
    </p>
   </div>
   <div class='ocr_carea' id='block_1_79' title="bbox 1950 1715 3611 1794">
    <p class='ocr_par' dir='ltr' id='par_1_79' title="bbox 1950 1715 3611 1794">
     <span class='ocr_line' id='line_1_79' title="bbox 1950 1715 3611 1794; baseline -0.004 -19"><span class='ocrx_word' id='word_1_506' title='bbox 1950 1725 2191 1777; x_wconf 72' lang='lat' dir='ltr'>temrex</span> <span class='ocrx_word' id='word_1_507' title='bbox 2224 1722 2493 1789; x_wconf 89' lang='lat' dir='ltr'>Carolus,</span> <span class='ocrx_word' id='word_1_508' title='bbox 2533 1720 2701 1794; x_wconf 89' lang='lat' dir='ltr'>quod</span> <span class='ocrx_word' id='word_1_509' title='bbox 2726 1735 2849 1776; x_wconf 89' lang='lat' dir='ltr'>non</span> <span class='ocrx_word' id='word_1_510' title='bbox 2889 1717 3239 1792; x_wconf 79' lang='lat' dir='ltr'>praevaleret</span> <span class='ocrx_word' id='word_1_511' title='bbox 3286 1715 3611 1771; x_wconf 86' lang='lat' dir='ltr'>adversum</span> 
     </span>
    </p>
   </div>
   <div class='ocr_carea' id='block_1_80' title="bbox 1951 1805 3612 1885">
    <p class='ocr_par' dir='ltr' id='par_1_80' title="bbox 1951 1805 3612 1885">
     <span class='ocr_line' id='line_1_80' title="bbox 1951 1805 3612 1885; baseline -0.004 -20"><span class='ocrx_word' id='word_1_512' title='bbox 1951 1827 2084 1879; x_wconf 86' lang='lat' dir='ltr'>nos,</span> <span class='ocrx_word' id='word_1_513' title='bbox 2115 1829 2329 1885; x_wconf 88' lang='lat' dir='ltr'>pacem</span> <span class='ocrx_word' id='word_1_514' title='bbox 2360 1818 2417 1867; x_wconf 88' lang='lat' dir='ltr'>et</span> <span class='ocrx_word' id='word_1_515' title='bbox 2441 1811 2830 1867; x_wconf 83' lang='lat' dir='ltr'>concordiam</span> <span class='ocrx_word' id='word_1_516' title='bbox 2862 1826 2898 1865; x_wconf 90' lang='lat' dir='ltr'>a</span> <span class='ocrx_word' id='word_1_517' title='bbox 2942 1808 3121 1864; x_wconf 88' lang='lat' dir='ltr'>nobis</span> <span class='ocrx_word' id='word_1_518' title='bbox 3159 1805 3487 1878; x_wconf 86' lang='lat' dir='ltr'>requisivit,</span> <span class='ocrx_word' id='word_1_519' title='bbox 3546 1805 3612 1860; x_wconf 89' lang='lat' dir='ltr'>ﬁ-</span> 
     </span>
    </p>
   </div>
   <div class='ocr_carea' id='block_1_81' title="bbox 1951 1895 3608 1974">
    <p class='ocr_par' dir='ltr' id='par_1_81' title="bbox 1951 1895 3608 1974">
     <span class='ocr_line' id='line_1_81' title="bbox 1951 1895 3608 1974; baseline -0.003 -20"><span class='ocrx_word' id='word_1_520' title='bbox 1951 1901 2215 1974; x_wconf 88' lang='lat' dir='ltr'>liamque</span> <span class='ocrx_word' id='word_1_521' title='bbox 2243 1918 2416 1957; x_wconf 87' lang='lat' dir='ltr'>suam</span> <span class='ocrx_word' id='word_1_522' title='bbox 2449 1901 2677 1956; x_wconf 78' lang='lat' dir='ltr'>Holloni</span> <span class='ocrx_word' id='word_1_523' title='bbox 2702 1904 2805 1956; x_wconf 89' lang='lat' dir='ltr'>tuo</span> <span class='ocrx_word' id='word_1_524' title='bbox 2825 1899 2979 1972; x_wconf 89' lang='lat' dir='ltr'>patri</span> <span class='ocrx_word' id='word_1_525' title='bbox 3010 1899 3069 1953; x_wconf 90' lang='lat' dir='ltr'>in</span> <span class='ocrx_word' id='word_1_526' title='bbox 3093 1896 3377 1966; x_wconf 89' lang='lat' dir='ltr'>conjugio</span> <span class='ocrx_word' id='word_1_527' title='bbox 3426 1895 3608 1950; x_wconf 87' lang='lat' dir='ltr'>dedit.</span> 
     </span>
    </p>
   </div>
   <div class='ocr_carea' id='block_1_82' title="bbox 1954 1987 3613 2063">
    <p class='ocr_par' dir='ltr' id='par_1_82' title="bbox 1954 1987 3613 2063">
     <span class='ocr_line' id='line_1_82' title="bbox 1954 1987 3613 2063; baseline -0.003 -19"><span class='ocrx_word' id='word_1_528' title='bbox 1954 1992 2238 2063; x_wconf 86' lang='lat' dir='ltr'>Hancque</span> <span class='ocrx_word' id='word_1_529' title='bbox 2272 1998 2486 2047; x_wconf 86' lang='lat' dir='ltr'>terram</span> <span class='ocrx_word' id='word_1_530' title='bbox 2518 2007 2629 2063; x_wconf 85' lang='lat' dir='ltr'>pro</span> <span class='ocrx_word' id='word_1_531' title='bbox 2656 1990 2907 2063; x_wconf 83' lang='lat' dir='ltr'>pignore</span> <span class='ocrx_word' id='word_1_532' title='bbox 2954 1987 3120 2061; x_wconf 90' lang='lat' dir='ltr'>pacis</span> <span class='ocrx_word' id='word_1_533' title='bbox 3147 1987 3209 2041; x_wconf 89' lang='lat' dir='ltr'>in</span> <span class='ocrx_word' id='word_1_534' title='bbox 3257 1992 3613 2059; x_wconf 90' lang='lat' dir='ltr'>perpetuam</span> 
     </span>
    </p>
   </div>
   <div class='ocr_carea' id='block_1_83' title="bbox 1951 2075 3614 2153">
    <p class='ocr_par' dir='ltr' id='par_1_83' title="bbox 1951 2075 3614 2153">
     <span class='ocr_line' id='line_1_83' title="bbox 1951 2075 3614 2153; baseline -0.004 -19"><span class='ocrx_word' id='word_1_535' title='bbox 1951 2080 2259 2137; x_wconf 69' lang='lat' dir='ltr'>hieredum</span> <span class='ocrx_word' id='word_1_536' title='bbox 2290 2086 2633 2136; x_wconf 88' lang='lat' dir='ltr'>nostrorum</span> <span class='ocrx_word' id='word_1_537' title='bbox 2662 2080 3109 2153; x_wconf 77' lang='lat' dir='ltr'>pOSSessionem</span> <span class='ocrx_word' id='word_1_538' title='bbox 3137 2075 3314 2130; x_wconf 92' lang='lat' dir='ltr'>nobis</span> <span class='ocrx_word' id='word_1_539' title='bbox 3341 2076 3614 2131; x_wconf 84' lang='lat' dir='ltr'>volunta-</span> 
     </span>
    </p>
   </div>
   <div class='ocr_carea' id='block_1_84' title="bbox 1950 2166 3612 2241">
    <p class='ocr_par' dir='ltr' id='par_1_84' title="bbox 1950 2166 3612 2241">
     <span class='ocr_line' id='line_1_84' title="bbox 1950 2166 3612 2241; baseline -0.003 -18"><span class='ocrx_word' id='word_1_540' title='bbox 1950 2169 2032 2224; x_wconf 92' lang='lat' dir='ltr'>rie</span> <span class='ocrx_word' id='word_1_541' title='bbox 2063 2170 2325 2238; x_wconf 89' lang='lat' dir='ltr'>tradidit,</span> <span class='ocrx_word' id='word_1_542' title='bbox 2348 2170 2728 2241; x_wconf 87' lang='lat' dir='ltr'>Britonesque</span> <span class='ocrx_word' id='word_1_543' title='bbox 2746 2169 2823 2225; x_wconf 88' lang='lat' dir='ltr'>ad</span> <span class='ocrx_word' id='word_1_544' title='bbox 2843 2166 3247 2231; x_wconf 80' lang='lat' dir='ltr'>serviendum,</span> <span class='ocrx_word' id='word_1_545' title='bbox 3272 2170 3612 2237; x_wconf 86' lang='lat' dir='ltr'>terramque</span> 
     </span>
    </p>
   </div>
   <div class='ocr_carea' id='block_1_85' title="bbox 1950 2253 3613 2331">
    <p class='ocr_par' dir='ltr' id='par_1_85' title="bbox 1950 2253 3613 2331">
     <span class='ocr_line' id='line_1_85' title="bbox 1950 2253 3613 2331; baseline -0.003 -18"><span class='ocrx_word' id='word_1_546' title='bbox 1950 2259 2221 2331; x_wconf 87' lang='lat' dir='ltr'>ipsorum</span> <span class='ocrx_word' id='word_1_547' title='bbox 2244 2259 2323 2316; x_wconf 88' lang='lat' dir='ltr'>ad</span> <span class='ocrx_word' id='word_1_548' title='bbox 2352 2259 2679 2315; x_wconf 67' lang='lat' dir='ltr'>vivend&#39;un</span> <span class='ocrx_word' id='word_1_549' title='bbox 2724 2257 3087 2329; x_wconf 86' lang='lat' dir='ltr'>subjugavit.</span> <span class='ocrx_word' id='word_1_550' title='bbox 3144 2258 3309 2312; x_wconf 87' lang='lat' dir='ltr'>Patre</span> <span class='ocrx_word' id='word_1_551' title='bbox 3357 2259 3461 2311; x_wconf 93' lang='lat' dir='ltr'>tuo</span> <span class='ocrx_word' id='word_1_552' title='bbox 3507 2253 3613 2310; x_wconf 90' lang='lat' dir='ltr'>tibi</span> 
     </span>
    </p>
   </div>
   <div class='ocr_carea' id='block_1_86' title="bbox 1952 2344 3613 2421">
    <p class='ocr_par' dir='ltr' id='par_1_86' title="bbox 1952 2344 3613 2421">
     <span class='ocr_line' id='line_1_86' title="bbox 1952 2344 3613 2421; baseline -0.004 -18"><span class='ocrx_word' id='word_1_553' title='bbox 1952 2350 2285 2421; x_wconf 84' lang='lat' dir='ltr'>superstite,</span> <span class='ocrx_word' id='word_1_554' title='bbox 2314 2349 2417 2404; x_wconf 86' lang='lat' dir='ltr'>tibi</span> <span class='ocrx_word' id='word_1_555' title='bbox 2444 2353 2820 2403; x_wconf 89' lang='lat' dir='ltr'>sacramento</span> <span class='ocrx_word' id='word_1_556' title='bbox 2851 2362 3007 2402; x_wconf 70' lang='lat' dir='ltr'>verae</span> <span class='ocrx_word' id='word_1_557' title='bbox 3035 2344 3174 2400; x_wconf 89' lang='lat' dir='ltr'>ﬁdei</span> <span class='ocrx_word' id='word_1_558' title='bbox 3195 2350 3251 2401; x_wconf 91' lang='lat' dir='ltr'>et</span> <span class='ocrx_word' id='word_1_559' title='bbox 3281 2344 3520 2400; x_wconf 88' lang='lat' dir='ltr'>servitio</span> <span class='ocrx_word' id='word_1_560' title='bbox 3550 2356 3613 2397; x_wconf 89' lang='lat' dir='ltr'>se</span> 
     </span>
    </p>
   </div>
   <div class='ocr_carea' id='block_1_87' title="bbox 1952 2433 3613 2506">
    <p class='ocr_par' dir='ltr' id='par_1_87' title="bbox 1952 2433 3613 2506">
     <span class='ocr_line' id='line_1_87' title="bbox 1952 2433 3613 2506; baseline -0.002 -16"><span class='ocrx_word' id='word_1_561' title='bbox 1952 2437 2367 2494; x_wconf 87' lang='lat' dir='ltr'>subdiderunt.</span> <span class='ocrx_word' id='word_1_562' title='bbox 2393 2440 2529 2491; x_wconf 83' lang='lat' dir='ltr'>Post</span> <span class='ocrx_word' id='word_1_563' title='bbox 2555 2436 2811 2503; x_wconf 84' lang='lat' dir='ltr'>lugubre</span> <span class='ocrx_word' id='word_1_564' title='bbox 2841 2436 3137 2491; x_wconf 88' lang='lat' dir='ltr'>damnum</span> <span class='ocrx_word' id='word_1_565' title='bbox 3186 2433 3394 2506; x_wconf 88' lang='lat' dir='ltr'>patris,</span> <span class='ocrx_word' id='word_1_566' title='bbox 3427 2433 3613 2487; x_wconf 84' lang='lat' dir='ltr'>ﬁdem</span> 
     </span>
    </p>
   </div>
   <div class='ocr_carea' id='block_1_88' title="bbox 1951 2522 3615 2596">
    <p class='ocr_par' dir='ltr' id='par_1_88' title="bbox 1951 2522 3615 2596">
     <span class='ocr_line' id='line_1_88' title="bbox 1951 2522 3615 2596; baseline -0.004 -15"><span class='ocrx_word' id='word_1_567' title='bbox 1951 2531 2306 2582; x_wconf 88' lang='lat' dir='ltr'>renovantes</span> <span class='ocrx_word' id='word_1_568' title='bbox 2333 2524 2440 2580; x_wconf 88' lang='lat' dir='ltr'>tibi</span> <span class='ocrx_word' id='word_1_569' title='bbox 2470 2540 2664 2596; x_wconf 86' lang='lat' dir='ltr'>usque</span> <span class='ocrx_word' id='word_1_570' title='bbox 2704 2523 2888 2580; x_wconf 89' lang='lat' dir='ltr'>modo</span> <span class='ocrx_word' id='word_1_571' title='bbox 2937 2522 3284 2577; x_wconf 88' lang='lat' dir='ltr'>servierunt.</span> <span class='ocrx_word' id='word_1_572' title='bbox 3347 2525 3512 2576; x_wconf 89' lang='lat' dir='ltr'>Nunc</span> <span class='ocrx_word' id='word_1_573' title='bbox 3557 2522 3615 2575; x_wconf 91' lang='lat' dir='ltr'>et</span> 
     </span>
    </p>
   </div>
   <div class='ocr_carea' id='block_1_89' title="bbox 1951 2610 3613 2688">
    <p class='ocr_par' dir='ltr' id='par_1_89' title="bbox 1951 2610 3613 2688">
     <span class='ocr_line' id='line_1_89' title="bbox 1951 2610 3613 2688; baseline -0.005 -17"><span class='ocrx_word' id='word_1_574' title='bbox 1951 2632 2063 2670; x_wconf 92' lang='lat' dir='ltr'>nos</span> <span class='ocrx_word' id='word_1_575' title='bbox 2096 2616 2244 2688; x_wconf 86' lang='lat' dir='ltr'>quid</span> <span class='ocrx_word' id='word_1_576' title='bbox 2270 2615 2524 2670; x_wconf 87' lang='lat' dir='ltr'>facimus</span> <span class='ocrx_word' id='word_1_577' title='bbox 2553 2618 2761 2670; x_wconf 87' lang='lat' dir='ltr'>contra</span> <span class='ocrx_word' id='word_1_578' title='bbox 2793 2612 3187 2669; x_wconf 85' lang='lat' dir='ltr'>deservientes</span> <span class='ocrx_word' id='word_1_579' title='bbox 3242 2610 3613 2680; x_wconf 86' lang='lat' dir='ltr'>rebellesque</span> 
     </span>
    </p>
   </div>
   <div class='ocr_carea' id='block_1_90' title="bbox 1953 2699 3615 2777">
    <p class='ocr_par' dir='ltr' id='par_1_90' title="bbox 1953 2699 3615 2777">
     <span class='ocr_line' id='line_1_90' title="bbox 1953 2699 3615 2777; baseline -0.004 -18"><span class='ocrx_word' id='word_1_580' title='bbox 1953 2705 2286 2773; x_wconf 86' lang='lat' dir='ltr'>Britannos,</span> <span class='ocrx_word' id='word_1_581' title='bbox 2320 2704 2425 2777; x_wconf 89' lang='lat' dir='ltr'>qui</span> <span class='ocrx_word' id='word_1_582' title='bbox 2454 2708 2617 2760; x_wconf 81' lang='lat' dir='ltr'>tanta</span> <span class='ocrx_word' id='word_1_583' title='bbox 2649 2709 2705 2760; x_wconf 91' lang='lat' dir='ltr'>et</span> <span class='ocrx_word' id='word_1_584' title='bbox 2760 2703 2902 2758; x_wconf 85' lang='lat' dir='ltr'>talia</span> <span class='ocrx_word' id='word_1_585' title='bbox 2958 2700 3164 2775; x_wconf 70' lang='lat' dir='ltr'>praelia</span> <span class='ocrx_word' id='word_1_586' title='bbox 3219 2699 3560 2772; x_wconf 87' lang='lat' dir='ltr'>peregimus</span> <span class='ocrx_word' id='word_1_587' title='bbox 3586 2701 3615 2752; x_wconf 69' lang='grc' dir='ltr'><strong><em>Ρ</em></strong></span> 
     </span>
    </p>
   </div>
   <div class='ocr_carea' id='block_1_91' title="bbox 1950 2794 3614 2867">
    <p class='ocr_par' dir='ltr' id='par_1_91' title="bbox 1950 2794 3614 2867">
     <span class='ocr_line' id='line_1_91' title="bbox 1950 2794 3614 2867; baseline -0.004 -18"><span class='ocrx_word' id='word_1_588' title='bbox 1950 2795 2326 2851; x_wconf 77' lang='lat' dir='ltr'>effeminatos</span> <span class='ocrx_word' id='word_1_589' title='bbox 2375 2794 2723 2867; x_wconf 81' lang='lat' dir='ltr'>viribusque</span> <span class='ocrx_word' id='word_1_590' title='bbox 2772 2795 3092 2849; x_wconf 79' lang='lat' dir='ltr'>exhaustos</span> <span class='ocrx_word' id='word_1_591' title='bbox 3122 2807 3233 2847; x_wconf 91' lang='lat' dir='ltr'>nos</span> <span class='ocrx_word' id='word_1_592' title='bbox 3291 2806 3419 2845; x_wconf 89' lang='lat' dir='ltr'>esse</span> <span class='ocrx_word' id='word_1_593' title='bbox 3449 2804 3614 2843; x_wconf 90' lang='lat' dir='ltr'>reco-</span> 
     </span>
    </p>
   </div>
   <div class='ocr_carea' id='block_1_92' title="bbox 1956 2879 3617 2953">
    <p class='ocr_par' dir='ltr' id='par_1_92' title="bbox 1956 2879 3617 2953">
     <span class='ocr_line' id='line_1_92' title="bbox 1956 2879 3617 2953; baseline -0.004 -13"><span class='ocrx_word' id='word_1_594' title='bbox 1956 2891 2277 2953; x_wconf 75' lang='lat' dir='ltr'>gnoscant,</span> <span class='ocrx_word' id='word_1_595' title='bbox 2307 2884 2443 2939; x_wconf 87' lang='lat' dir='ltr'>ideo</span> <span class='ocrx_word' id='word_1_596' title='bbox 2474 2883 2612 2939; x_wconf 85' lang='lat' dir='ltr'>talia</span> <span class='ocrx_word' id='word_1_597' title='bbox 2642 2882 2999 2939; x_wconf 88' lang='lat' dir='ltr'>remandare</span> <span class='ocrx_word' id='word_1_598' title='bbox 3031 2881 3161 2937; x_wconf 88' lang='lat' dir='ltr'>ausi</span> <span class='ocrx_word' id='word_1_599' title='bbox 3189 2884 3345 2936; x_wconf 89' lang='lat' dir='ltr'>sunt.</span> <span class='ocrx_word' id='word_1_600' title='bbox 3398 2879 3617 2934; x_wconf 78' lang='lat' dir='ltr'>Alimo—</span> 
     </span>
    </p>
   </div>
   <div class='ocr_carea' id='block_1_93' title="bbox 1951 2972 3617 3045">
    <p class='ocr_par' dir='ltr' id='par_1_93' title="bbox 1951 2972 3617 3045">
     <span class='ocr_line' id='line_1_93' title="bbox 1951 2972 3617 3045; baseline -0.004 -16"><span class='ocrx_word' id='word_1_601' title='bbox 1951 2975 2050 3030; x_wconf 86' lang='lat' dir='ltr'>nia</span> <span class='ocrx_word' id='word_1_602' title='bbox 2084 2974 2268 3045; x_wconf 89' lang='lat' dir='ltr'>hujus</span> <span class='ocrx_word' id='word_1_603' title='bbox 2301 2980 2483 3043; x_wconf 81' lang='lat' dir='ltr'>terrae,</span> <span class='ocrx_word' id='word_1_604' title='bbox 2526 2990 2648 3045; x_wconf 86' lang='lat' dir='ltr'>qua</span> <span class='ocrx_word' id='word_1_605' title='bbox 2680 2978 3031 3043; x_wconf 89' lang='lat' dir='ltr'>vegetamur</span> <span class='ocrx_word' id='word_1_606' title='bbox 3076 2986 3347 3043; x_wconf 90' lang='lat' dir='ltr'>corpore,</span> <span class='ocrx_word' id='word_1_607' title='bbox 3401 2972 3617 3041; x_wconf 89' lang='lat' dir='ltr'>putant</span> 
     </span>
    </p>
   </div>
   <div class='ocr_carea' id='block_1_94' title="bbox 1950 3059 3614 3134">
    <p class='ocr_par' dir='ltr' id='par_1_94' title="bbox 1950 3059 3614 3134">
     <span class='ocr_line' id='line_1_94' title="bbox 1950 3059 3614 3134; baseline -0.002 -16"><span class='ocrx_word' id='word_1_608' title='bbox 1950 3079 2064 3118; x_wconf 91' lang='lat' dir='ltr'>nos</span> <span class='ocrx_word' id='word_1_609' title='bbox 2092 3062 2353 3119; x_wconf 87' lang='lat' dir='ltr'>inermes</span> <span class='ocrx_word' id='word_1_610' title='bbox 2376 3078 2525 3125; x_wconf 86' lang='lat' dir='ltr'>esse,</span> <span class='ocrx_word' id='word_1_611' title='bbox 2542 3062 2886 3134; x_wconf 88' lang='lat' dir='ltr'>viribusque</span> <span class='ocrx_word' id='word_1_612' title='bbox 2902 3061 3138 3132; x_wconf 90' lang='lat' dir='ltr'>penitus</span> <span class='ocrx_word' id='word_1_613' title='bbox 3163 3059 3434 3115; x_wconf 86' lang='lat' dir='ltr'>deﬁcere.</span> <span class='ocrx_word' id='word_1_614' title='bbox 3470 3060 3614 3115; x_wconf 90' lang='lat' dir='ltr'>Sen-</span> 
     </span>
    </p>
   </div>
   <div class='ocr_carea' id='block_1_95' title="bbox 1950 3148 3614 3223">
    <p class='ocr_par' dir='ltr' id='par_1_95' title="bbox 1950 3148 3614 3223">
     <span class='ocr_line' id='line_1_95' title="bbox 1950 3148 3614 3223; baseline -0.002 -16"><span class='ocrx_word' id='word_1_615' title='bbox 1950 3153 2104 3208; x_wconf 89' lang='lat' dir='ltr'>tiant</span> <span class='ocrx_word' id='word_1_616' title='bbox 2148 3153 2336 3207; x_wconf 90' lang='lat' dir='ltr'>robur</span> <span class='ocrx_word' id='word_1_617' title='bbox 2384 3156 2656 3207; x_wconf 86' lang='lat' dir='ltr'>nostrum</span> <span class='ocrx_word' id='word_1_618' title='bbox 2696 3152 2877 3223; x_wconf 88' lang='lat' dir='ltr'>hujus</span> <span class='ocrx_word' id='word_1_619' title='bbox 2940 3150 3109 3219; x_wconf 85' lang='lat' dir='ltr'>regni</span> <span class='ocrx_word' id='word_1_620' title='bbox 3160 3148 3614 3205; x_wconf 88' lang='lat' dir='ltr'>conversatione</span> 
     </span>
    </p>
   </div>
   <div class='ocr_carea' id='block_1_96' title="bbox 1950 3238 3617 3312">
    <p class='ocr_par' dir='ltr' id='par_1_96' title="bbox 1950 3238 3617 3312">
     <span class='ocr_line' id='line_1_96' title="bbox 1950 3238 3617 3312; baseline -0.002 -17"><span class='ocrx_word' id='word_1_621' title='bbox 1950 3257 2071 3295; x_wconf 91' lang='lat' dir='ltr'>non</span> <span class='ocrx_word' id='word_1_622' title='bbox 2114 3240 2409 3297; x_wconf 88' lang='lat' dir='ltr'>tabidum.</span> <span class='ocrx_word' id='word_1_623' title='bbox 2474 3239 2865 3312; x_wconf 88' lang='lat' dir='ltr'>vigoremque</span> <span class='ocrx_word' id='word_1_624' title='bbox 2908 3247 3180 3294; x_wconf 86' lang='lat' dir='ltr'>nostrum</span> <span class='ocrx_word' id='word_1_625' title='bbox 3233 3238 3617 3310; x_wconf 84' lang='lat' dir='ltr'>experiantur</span> 
     </span>
    </p>
   </div>
   <div class='ocr_carea' id='block_1_97' title="bbox 1948 3326 3607 3402">
    <p class='ocr_par' dir='ltr' id='par_1_97' title="bbox 1948 3326 3607 3402">
     <span class='ocr_line' id='line_1_97' title="bbox 1948 3326 3607 3402; baseline -0.002 -19"><span class='ocrx_word' id='word_1_626' title='bbox 1948 3330 2462 3385; x_wconf 86' lang='lat' dir='ltr'>robustissimum.</span> <span class='ocrx_word' id='word_1_627' title='bbox 2537 3328 3136 3402; x_wconf 87' lang='lat' dir='ltr'>Comprehendantur</span> <span class='ocrx_word' id='word_1_628' title='bbox 3206 3327 3268 3382; x_wconf 91' lang='lat' dir='ltr'>in</span> <span class='ocrx_word' id='word_1_629' title='bbox 3326 3326 3607 3393; x_wconf 89' lang='lat' dir='ltr'>consiliis,</span> 
     </span>
    </p>
   </div>
   <div class='ocr_carea' id='block_1_98' title="bbox 1950 3416 3615 3492">
    <p class='ocr_par' dir='ltr' id='par_1_98' title="bbox 1950 3416 3615 3492">
     <span class='ocr_line' id='line_1_98' title="bbox 1950 3416 3615 3492; baseline -0.002 -19"><span class='ocrx_word' id='word_1_630' title='bbox 1950 3419 2173 3490; x_wconf 87' lang='lat' dir='ltr'>quibus</span> <span class='ocrx_word' id='word_1_631' title='bbox 2201 3420 2486 3490; x_wconf 85' lang='lat' dir='ltr'>cogitant,</span> <span class='ocrx_word' id='word_1_632' title='bbox 2516 3435 2815 3492; x_wconf 87' lang='lat' dir='ltr'>superque</span> <span class='ocrx_word' id='word_1_633' title='bbox 2847 3416 3155 3491; x_wconf 86' lang='lat' dir='ltr'>responsis</span> <span class='ocrx_word' id='word_1_634' title='bbox 3185 3416 3328 3487; x_wconf 90' lang='lat' dir='ltr'>suis,</span> <span class='ocrx_word' id='word_1_635' title='bbox 3362 3417 3441 3473; x_wconf 90' lang='lat' dir='ltr'>ad</span> <span class='ocrx_word' id='word_1_636' title='bbox 3470 3416 3615 3471; x_wconf 83' lang='lat' dir='ltr'>inte—</span> 
     </span>
    </p>
   </div>
   <div class='ocr_carea' id='block_1_99' title="bbox 1949 3505 3613 3582">
    <p class='ocr_par' dir='ltr' id='par_1_99' title="bbox 1949 3505 3613 3582">
     <span class='ocr_line' id='line_1_99' title="bbox 1949 3505 3613 3582; baseline -0.002 -19"><span class='ocrx_word' id='word_1_637' title='bbox 1949 3508 2131 3563; x_wconf 88' lang='lat' dir='ltr'>ritum</span> <span class='ocrx_word' id='word_1_638' title='bbox 2162 3515 2220 3564; x_wconf 84' lang='lat' dir='ltr'>et</span> <span class='ocrx_word' id='word_1_639' title='bbox 2246 3510 2324 3564; x_wconf 90' lang='lat' dir='ltr'>ad</span> <span class='ocrx_word' id='word_1_640' title='bbox 2382 3509 2817 3582; x_wconf 89' lang='lat' dir='ltr'>correptionem</span> <span class='ocrx_word' id='word_1_641' title='bbox 2867 3508 2959 3563; x_wconf 92' lang='lat' dir='ltr'>sui</span> <span class='ocrx_word' id='word_1_642' title='bbox 3009 3507 3427 3580; x_wconf 89' lang='lat' dir='ltr'>nequidquam</span> <span class='ocrx_word' id='word_1_643' title='bbox 3474 3505 3613 3561; x_wconf 90' lang='lat' dir='ltr'>resi-</span> 
     </span>
    </p>
   </div>
   <div class='ocr_carea' id='block_1_100' title="bbox 1950 3595 3614 3671">
    <p class='ocr_par' dir='ltr' id='par_1_100' title="bbox 1950 3595 3614 3671">
     <span class='ocr_line' id='line_1_100' title="bbox 1950 3595 3614 3671; baseline -0.001 -18"><span class='ocrx_word' id='word_1_644' title='bbox 1950 3598 2201 3670; x_wconf 88' lang='lat' dir='ltr'>piscant.</span> <span class='ocrx_word' id='word_1_645' title='bbox 2234 3599 2581 3671; x_wconf 89' lang='lat' dir='ltr'>Disperdam</span> <span class='ocrx_word' id='word_1_646' title='bbox 2593 3616 2661 3653; x_wconf 91' lang='lat' dir='ltr'>us</span> <span class='ocrx_word' id='word_1_647' title='bbox 2690 3597 3098 3668; x_wconf 86' lang='lat' dir='ltr'>arrogantiam</span> <span class='ocrx_word' id='word_1_648' title='bbox 3144 3596 3383 3653; x_wconf 91' lang='lat' dir='ltr'>illorum</span> <span class='ocrx_word' id='word_1_649' title='bbox 3413 3596 3475 3652; x_wconf 91' lang='lat' dir='ltr'>in</span> <span class='ocrx_word' id='word_1_650' title='bbox 3498 3595 3614 3652; x_wconf 87' lang='lat' dir='ltr'>vir-</span> 
     </span>
    </p>
   </div>
   <div class='ocr_carea' id='block_1_101' title="bbox 1950 3687 3610 3761">
    <p class='ocr_par' dir='ltr' id='par_1_101' title="bbox 1950 3687 3610 3761">
     <span class='ocr_line' id='line_1_101' title="bbox 1950 3687 3610 3761; baseline -0.001 -18"><span class='ocrx_word' id='word_1_651' title='bbox 1950 3692 2073 3743; x_wconf 85' lang='lat' dir='ltr'>tute</span> <span class='ocrx_word' id='word_1_652' title='bbox 2130 3694 2356 3756; x_wconf 87' lang='lat' dir='ltr'>nostra,</span> <span class='ocrx_word' id='word_1_653' title='bbox 2407 3705 2739 3761; x_wconf 89' lang='lat' dir='ltr'>eorumque</span> <span class='ocrx_word' id='word_1_654' title='bbox 2797 3687 3184 3760; x_wconf 90' lang='lat' dir='ltr'>supercilium</span> <span class='ocrx_word' id='word_1_655' title='bbox 3229 3692 3610 3744; x_wconf 73' lang='lat' dir='ltr'>conteremus</span> 
     </span>
    </p>
   </div>
   <div class='ocr_carea' id='block_1_102' title="bbox 1948 3776 2504 3847">
    <p class='ocr_par' dir='ltr' id='par_1_102' title="bbox 1948 3776 2504 3847">
     <span class='ocr_line' id='line_1_102' title="bbox 1948 3776 2504 3847; baseline 0.002 -16"><span class='ocrx_word' id='word_1_656' title='bbox 1948 3776 2216 3847; x_wconf 87' lang='lat' dir='ltr'>potentia</span> <span class='ocrx_word' id='word_1_657' title='bbox 2243 3783 2504 3833; x_wconf 85' lang='lat' dir='ltr'>nostra.»</span> 
     </span>
    </p>
   </div>
   <div class='ocr_carea' id='block_1_103' title="bbox 2592 3879 2977 3920">
    <p class='ocr_par' dir='ltr' id='par_1_103' title="bbox 2592 3879 2977 3920">
     <span class='ocr_line' id='line_1_103' title="bbox 2592 3879 2977 3920; baseline -0.005 0"><span class='ocrx_word' id='word_1_658' title='bbox 2592 3879 2977 3920; x_wconf 77' lang='lat' dir='ltr'>APOSTROPHA.</span> 
     </span>
    </p>
   </div>
   <div class='ocr_carea' id='block_1_104' title="bbox 1950 3952 3160 4020">
    <p class='ocr_par' dir='ltr' id='par_1_104' title="bbox 1950 3952 3160 4020">
     <span class='ocr_line' id='line_1_104' title="bbox 1950 3952 3160 4020; baseline -0.003 -11"><span class='ocrx_word' id='word_1_659' title='bbox 1950 3955 1994 4009; x_wconf 91' lang='grc' dir='ltr'><strong>Ο</strong></span> <span class='ocrx_word' id='word_1_660' title='bbox 2022 3956 2158 4008; x_wconf 79' lang='lat' dir='ltr'>Jesu</span> <span class='ocrx_word' id='word_1_661' title='bbox 2190 3953 2350 4009; x_wconf 90' lang='lat' dir='ltr'>testis</span> <span class='ocrx_word' id='word_1_662' title='bbox 2381 3953 2591 4010; x_wconf 88' lang='lat' dir='ltr'>Christi</span> <span class='ocrx_word' id='word_1_663' title='bbox 2617 3952 2922 4008; x_wconf 83' lang='lat' dir='ltr'>Guillelme</span> <span class='ocrx_word' id='word_1_664' title='bbox 2944 3952 3160 4020; x_wconf 87' lang='lat' dir='ltr'>future,</span> 
     </span>
    </p>
   </div>
   <div class='ocr_carea' id='block_1_105' title="bbox 1954 4039 3483 4111">
    <p class='ocr_par' dir='ltr' id='par_1_105' title="bbox 1954 4039 3483 4111">
     <span class='ocr_line' id='line_1_105' title="bbox 1954 4039 3483 4111; baseline -0.002 -14"><span class='ocrx_word' id='word_1_665' title='bbox 1954 4044 2098 4097; x_wconf 86' lang='lat' dir='ltr'>Ecce</span> <span class='ocrx_word' id='word_1_666' title='bbox 2127 4042 2384 4107; x_wconf 90' lang='lat' dir='ltr'>valesce,</span> <span class='ocrx_word' id='word_1_667' title='bbox 2414 4042 2671 4111; x_wconf 85' lang='lat' dir='ltr'>vigesce,</span> <span class='ocrx_word' id='word_1_668' title='bbox 2703 4055 2875 4096; x_wconf 88' lang='lat' dir='ltr'>sacro</span> <span class='ocrx_word' id='word_1_669' title='bbox 2897 4040 3215 4096; x_wconf 89' lang='lat' dir='ltr'>conanime</span> <span class='ocrx_word' id='word_1_670' title='bbox 3236 4039 3483 4095; x_wconf 89' lang='lat' dir='ltr'>sudans.</span> 
     </span>
    </p>
   </div>
   <div class='ocr_carea' id='block_1_106' title="bbox 1952 4127 3212 4202">
    <p class='ocr_par' dir='ltr' id='par_1_106' title="bbox 1952 4127 3212 4202">
     <span class='ocr_line' id='line_1_106' title="bbox 1952 4127 3212 4202; baseline -0.002 -16"><span class='ocrx_word' id='word_1_671' title='bbox 1952 4130 2404 4202; x_wconf 77' lang='lat' dir='ltr'>Expergescitor</span> <span class='ocrx_word' id='word_1_672' title='bbox 2430 4134 2487 4184; x_wconf 89' lang='lat' dir='ltr'>et</span> <span class='ocrx_word' id='word_1_673' title='bbox 2515 4129 2878 4185; x_wconf 84' lang='lat' dir='ltr'>confortator</span> <span class='ocrx_word' id='word_1_674' title='bbox 2906 4127 3212 4195; x_wconf 88' lang='lat' dir='ltr'>violenter,</span> 
     </span>
    </p>
   </div>
   <div class='ocr_carea' id='block_1_107' title="bbox 1952 4218 3417 4292">
    <p class='ocr_par' dir='ltr' id='par_1_107' title="bbox 1952 4218 3417 4292">
     <span class='ocr_line' id='line_1_107' title="bbox 1952 4218 3417 4292; baseline -0.002 -16"><span class='ocrx_word' id='word_1_675' title='bbox 1952 4223 2015 4276; x_wconf 90' lang='lat' dir='ltr'>Et</span> <span class='ocrx_word' id='word_1_676' title='bbox 2048 4219 2275 4276; x_wconf 86' lang='lat' dir='ltr'>steriles</span> <span class='ocrx_word' id='word_1_677' title='bbox 2306 4219 2534 4275; x_wconf 88' lang='lat' dir='ltr'>ratione</span> <span class='ocrx_word' id='word_1_678' title='bbox 2564 4223 2758 4274; x_wconf 84' lang='lat' dir='ltr'>truces</span> <span class='ocrx_word' id='word_1_679' title='bbox 2787 4234 3101 4292; x_wconf 87' lang='lat' dir='ltr'>compesce</span> <span class='ocrx_word' id='word_1_680' title='bbox 3133 4218 3417 4288; x_wconf 89' lang='lat' dir='ltr'>Britones,</span> 
     </span>
    </p>
   </div>
   <div class='ocr_carea' id='block_1_108' title="bbox 1946 4308 3459 4383">
    <p class='ocr_par' dir='ltr' id='par_1_108' title="bbox 1946 4308 3459 4383">
     <span class='ocr_line' id='line_1_108' title="bbox 1946 4308 3459 4383; baseline -0.001 -18"><span class='ocrx_word' id='word_1_681' title='bbox 1946 4315 2137 4383; x_wconf 81' lang='lat' dir='ltr'>Atque</span> <span class='ocrx_word' id='word_1_682' title='bbox 2167 4308 2550 4382; x_wconf 86' lang='lat' dir='ltr'>supercilium</span> <span class='ocrx_word' id='word_1_683' title='bbox 2573 4308 2769 4364; x_wconf 86' lang='lat' dir='ltr'>feriter</span> <span class='ocrx_word' id='word_1_684' title='bbox 2789 4309 3090 4364; x_wconf 90' lang='lat' dir='ltr'>contunde</span> <span class='ocrx_word' id='word_1_685' title='bbox 3110 4308 3459 4364; x_wconf 73' lang='lat' dir='ltr'>nefandum.</span> 
     </span>
    </p>
   </div>
   <div class='ocr_carea' id='block_1_109' title="bbox 1952 4398 3601 4470">
    <p class='ocr_par' dir='ltr' id='par_1_109' title="bbox 1952 4398 3601 4470">
     <span class='ocr_line' id='line_1_109' title="bbox 1952 4398 3601 4470; baseline -0.001 -16"><span class='ocrx_word' id='word_1_686' title='bbox 1952 4402 2217 4465; x_wconf 88' lang='lat' dir='ltr'>Quorum</span> <span class='ocrx_word' id='word_1_687' title='bbox 2236 4398 2554 4453; x_wconf 90' lang='lat' dir='ltr'>concilium</span> <span class='ocrx_word' id='word_1_688' title='bbox 2572 4398 3233 4470; x_wconf 74' lang='lat' dir='ltr'>eﬂ&#39;atuans,hebetaque</span> <span class='ocrx_word' id='word_1_689' title='bbox 3246 4398 3601 4468; x_wconf 86' lang='lat' dir='ltr'>malignum.</span> 
     </span>
    </p>
   </div>
   <div class='ocr_carea' id='block_1_110' title="bbox 1954 4487 3425 4561">
    <p class='ocr_par' dir='ltr' id='par_1_110' title="bbox 1954 4487 3425 4561">
     <span class='ocr_line' id='line_1_110' title="bbox 1954 4487 3425 4561; baseline -0.001 -16"><span class='ocrx_word' id='word_1_690' title='bbox 1954 4493 2100 4545; x_wconf 88' lang='lat' dir='ltr'>Nam</span> <span class='ocrx_word' id='word_1_691' title='bbox 2132 4489 2362 4545; x_wconf 85' lang='lat' dir='ltr'>laceros</span> <span class='ocrx_word' id='word_1_692' title='bbox 2383 4487 2570 4555; x_wconf 89' lang='lat' dir='ltr'>hellis,</span> <span class='ocrx_word' id='word_1_693' title='bbox 2595 4489 2879 4545; x_wconf 78' lang='lat' dir='ltr'>contritos</span> <span class='ocrx_word' id='word_1_694' title='bbox 2907 4492 3093 4561; x_wconf 87' lang='lat' dir='ltr'>peste,</span> <span class='ocrx_word' id='word_1_695' title='bbox 3124 4489 3425 4560; x_wconf 84' lang='lat' dir='ltr'>fameque,</span> 
     </span>
    </p>
   </div>
   <div class='ocr_carea' id='block_1_111' title="bbox 1946 4575 3600 4650">
    <p class='ocr_par' dir='ltr' id='par_1_111' title="bbox 1946 4575 3600 4650">
     <span class='ocr_line' id='line_1_111' title="bbox 1946 4575 3600 4650; baseline -0.001 -19"><span class='ocrx_word' id='word_1_696' title='bbox 1946 4578 2291 4647; x_wconf 87' lang='lat' dir='ltr'>Indulgens,</span> <span class='ocrx_word' id='word_1_697' title='bbox 2326 4577 2637 4645; x_wconf 79' lang='lat' dir='ltr'>miserans,</span> <span class='ocrx_word' id='word_1_698' title='bbox 2669 4593 2944 4650; x_wconf 86' lang='lat' dir='ltr'>parcens,</span> <span class='ocrx_word' id='word_1_699' title='bbox 2976 4576 3248 4647; x_wconf 88' lang='lat' dir='ltr'>neglecta</span> <span class='ocrx_word' id='word_1_700' title='bbox 3277 4575 3600 4631; x_wconf 88' lang='lat' dir='ltr'>remittens.</span> 
     </span>
    </p>
   </div>
   <div class='ocr_carea' id='block_1_112' title="bbox 1950 4665 3273 4735">
    <p class='ocr_par' dir='ltr' id='par_1_112' title="bbox 1950 4665 3273 4735">
     <span class='ocr_line' id='line_1_112' title="bbox 1950 4665 3273 4735; baseline -0.002 -13"><span class='ocrx_word' id='word_1_701' title='bbox 1950 4671 2064 4722; x_wconf 85' lang='lat' dir='ltr'>Hos</span> <span class='ocrx_word' id='word_1_702' title='bbox 2097 4666 2292 4722; x_wconf 87' lang='lat' dir='ltr'>stabili</span> <span class='ocrx_word' id='word_1_703' title='bbox 2320 4668 2680 4722; x_wconf 79' lang='lat' dir='ltr'>sacramenti</span> <span class='ocrx_word' id='word_1_704' title='bbox 2709 4665 3027 4722; x_wconf 83' lang='lat' dir='ltr'>conamine</span> <span class='ocrx_word' id='word_1_705' title='bbox 3052 4665 3273 4735; x_wconf 82' lang='lat' dir='ltr'>ﬂectes,</span> 
     </span>
    </p>
   </div>
   <div class='ocr_carea' id='block_1_113' title="bbox 1948 4754 3296 4828">
    <p class='ocr_par' dir='ltr' id='par_1_113' title="bbox 1948 4754 3296 4828">
     <span class='ocr_line' id='line_1_113' title="bbox 1948 4754 3296 4828; baseline -0.001 -18"><span class='ocrx_word' id='word_1_706' title='bbox 1948 4759 2013 4810; x_wconf 80' lang='lat' dir='ltr'>Et</span> <span class='ocrx_word' id='word_1_707' title='bbox 2031 4756 2449 4828; x_wconf 79' lang='lat' dir='ltr'>resipiscentes</span> <span class='ocrx_word' id='word_1_708' title='bbox 2474 4754 2926 4811; x_wconf 86' lang='lat' dir='ltr'>famulabuntur</span> <span class='ocrx_word' id='word_1_709' title='bbox 2943 4759 3296 4809; x_wconf 81' lang='lat' dir='ltr'>reverenter.</span> 
     </span>
    </p>
   </div>
   <div class='ocr_carea' id='block_1_114' title="bbox 2016 4842 3606 4915">
    <p class='ocr_par' dir='ltr' id='par_1_114' title="bbox 2016 4842 3606 4915">
     <span class='ocr_line' id='line_1_114' title="bbox 2016 4842 3606 4915; baseline -0.001 -17"><span class='ocrx_word' id='word_1_710' title='bbox 2016 4844 2203 4915; x_wconf 86' lang='lat' dir='ltr'>Hujus</span> <span class='ocrx_word' id='word_1_711' title='bbox 2234 4844 2658 4899; x_wconf 83' lang='lat' dir='ltr'>exhortationis</span> <span class='ocrx_word' id='word_1_712' title='bbox 2679 4842 2942 4914; x_wconf 90' lang='lat' dir='ltr'>alloquio</span> <span class='ocrx_word' id='word_1_713' title='bbox 2972 4842 3315 4897; x_wconf 88' lang='lat' dir='ltr'>Guillelmus</span> <span class='ocrx_word' id='word_1_714' title='bbox 3333 4842 3606 4899; x_wconf 90' lang='lat' dir='ltr'>atrociter</span> 
     </span>
    </p>
   </div>
   <div class='ocr_carea' id='block_1_115' title="bbox 1950 4929 3605 5000">
    <p class='ocr_par' dir='ltr' id='par_1_115' title="bbox 1950 4929 3605 5000">
     <span class='ocr_line' id='line_1_115' title="bbox 1950 4929 3605 5000; baseline -0.001 -12"><span class='ocrx_word' id='word_1_715' title='bbox 1950 4938 2148 4988; x_wconf 88' lang='lat' dir='ltr'>motus</span> <span class='ocrx_word' id='word_1_716' title='bbox 2180 4937 2237 4987; x_wconf 90' lang='lat' dir='ltr'>et</span> <span class='ocrx_word' id='word_1_717' title='bbox 2265 4932 2599 4999; x_wconf 82' lang='lat' dir='ltr'>instigatus.</span> <span class='ocrx_word' id='word_1_718' title='bbox 2634 4930 3014 4999; x_wconf 84' lang='lat' dir='ltr'>congregavit</span> <span class='ocrx_word' id='word_1_719' title='bbox 3032 4929 3289 4985; x_wconf 89' lang='lat' dir='ltr'>universi</span> <span class='ocrx_word' id='word_1_720' title='bbox 3314 4931 3482 5000; x_wconf 85' lang='lat' dir='ltr'>regni</span> <span class='ocrx_word' id='word_1_721' title='bbox 3513 4931 3605 4987; x_wconf 91' lang='lat' dir='ltr'>sui</span> 
     </span>
    </p>
   </div>
   <div class='ocr_carea' id='block_1_116' title="bbox 1947 5016 3600 5089">
    <p class='ocr_par' dir='ltr' id='par_1_116' title="bbox 1947 5016 3600 5089">
     <span class='ocr_line' id='line_1_116' title="bbox 1947 5016 3600 5089; baseline -0.001 -13"><span class='ocrx_word' id='word_1_722' title='bbox 1947 5022 2174 5076; x_wconf 89' lang='lat' dir='ltr'>concite</span> <span class='ocrx_word' id='word_1_723' title='bbox 2196 5020 2507 5079; x_wconf 78' lang='lat' dir='ltr'>exercitus,</span> <span class='ocrx_word' id='word_1_724' title='bbox 2531 5018 2753 5089; x_wconf 83' lang='lat' dir='ltr'>ivitque</span> <span class='ocrx_word' id='word_1_725' title='bbox 2778 5034 2959 5089; x_wconf 89' lang='lat' dir='ltr'>super</span> <span class='ocrx_word' id='word_1_726' title='bbox 2992 5016 3246 5072; x_wconf 88' lang='lat' dir='ltr'>ﬂuvium</span> <span class='ocrx_word' id='word_1_727' title='bbox 3298 5021 3600 5088; x_wconf 84' lang='lat' dir='ltr'>Coysnon,</span> 
     </span>
    </p>
   </div>
   <div class='ocr_carea' id='block_1_117' title="bbox 1946 5100 3621 5177">
    <p class='ocr_par' dir='ltr' id='par_1_117' title="bbox 1946 5100 3621 5177">
     <span class='ocr_line' id='line_1_117' title="bbox 1946 5100 3621 5177; baseline -0.002 -13"><span class='ocrx_word' id='word_1_728' title='bbox 1946 5110 2254 5165; x_wconf 90' lang='lat' dir='ltr'>Britonum</span> <span class='ocrx_word' id='word_1_729' title='bbox 2278 5108 2716 5164; x_wconf 89' lang='lat' dir='ltr'>dominaturus.</span> <span class='ocrx_word' id='word_1_730' title='bbox 2752 5106 2938 5177; x_wconf 86' lang='lat' dir='ltr'>Hujus</span> <span class='ocrx_word' id='word_1_731' title='bbox 2988 5106 3167 5176; x_wconf 90' lang='lat' dir='ltr'>igitur</span> <span class='ocrx_word' id='word_1_732' title='bbox 3196 5105 3459 5160; x_wconf 90' lang='lat' dir='ltr'>adventu</span> <span class='ocrx_word' id='word_1_733' title='bbox 3490 5100 3621 5162; x_wconf 65' lang='lat' dir='ltr'>Bri-~</span> 
     </span>
    </p>
   </div>
   <div class='ocr_carea' id='block_1_118' title="bbox 1945 5192 3601 5268">
    <p class='ocr_par' dir='ltr' id='par_1_118' title="bbox 1945 5192 3601 5268">
     <span class='ocr_line' id='line_1_118' title="bbox 1945 5192 3601 5268; baseline -0.001 -15"><span class='ocrx_word' id='word_1_734' title='bbox 1945 5203 2113 5254; x_wconf 90' lang='lat' dir='ltr'>tones</span> <span class='ocrx_word' id='word_1_735' title='bbox 2134 5198 2410 5261; x_wconf 71' lang='lat' dir='ltr'>exterriti,</span> <span class='ocrx_word' id='word_1_736' title='bbox 2437 5196 2828 5268; x_wconf 87' lang='lat' dir='ltr'>nolentesque</span> <span class='ocrx_word' id='word_1_737' title='bbox 2857 5194 3167 5252; x_wconf 85' lang='lat' dir='ltr'>Guillelmo</span> <span class='ocrx_word' id='word_1_738' title='bbox 3191 5192 3488 5261; x_wconf 87' lang='lat' dir='ltr'>famulari,</span> <span class='ocrx_word' id='word_1_739' title='bbox 3521 5194 3601 5252; x_wconf 88' lang='lat' dir='ltr'>la-</span> 
     </span>
    </p>
   </div>
   <div class='ocr_carea' id='block_1_119' title="bbox 1946 5283 3602 5358">
    <p class='ocr_par' dir='ltr' id='par_1_119' title="bbox 1946 5283 3602 5358">
     <span class='ocr_line' id='line_1_119' title="bbox 1946 5283 3602 5358; baseline 0 -16"><span class='ocrx_word' id='word_1_740' title='bbox 1946 5290 2185 5342; x_wconf 88' lang='lat' dir='ltr'>tuerunt</span> <span class='ocrx_word' id='word_1_741' title='bbox 2213 5286 2501 5358; x_wconf 80' lang='lat' dir='ltr'>praesidiis</span> <span class='ocrx_word' id='word_1_742' title='bbox 2519 5284 2762 5343; x_wconf 84' lang='lat' dir='ltr'>urbium</span> <span class='ocrx_word' id='word_1_743' title='bbox 2790 5284 3030 5357; x_wconf 89' lang='lat' dir='ltr'>recepti.</span> <span class='ocrx_word' id='word_1_744' title='bbox 3074 5285 3237 5341; x_wconf 85' lang='lat' dir='ltr'>Tunc</span> <span class='ocrx_word' id='word_1_745' title='bbox 3257 5283 3602 5342; x_wconf 88' lang='lat' dir='ltr'>Guillelmus</span> 
     </span>
    </p>
   </div>
   <div class='ocr_carea' id='block_1_120' title="bbox 1948 5374 3601 5447">
    <p class='ocr_par' dir='ltr' id='par_1_120' title="bbox 1948 5374 3601 5447">
     <span class='ocr_line' id='line_1_120' title="bbox 1948 5374 3601 5447; baseline 0.001 -17"><span class='ocrx_word' id='word_1_746' title='bbox 1948 5374 2263 5447; x_wconf 85' lang='lat' dir='ltr'>occupavit</span> <span class='ocrx_word' id='word_1_747' title='bbox 2290 5375 2545 5429; x_wconf 81' lang='lat' dir='ltr'>exercitu</span> <span class='ocrx_word' id='word_1_748' title='bbox 2563 5390 2675 5428; x_wconf 88' lang='lat' dir='ltr'>suo</span> <span class='ocrx_word' id='word_1_749' title='bbox 2691 5388 2935 5430; x_wconf 83' lang='lat' dir='ltr'>omnem</span> <span class='ocrx_word' id='word_1_750' title='bbox 2948 5379 3168 5430; x_wconf 88' lang='lat' dir='ltr'>terram</span> <span class='ocrx_word' id='word_1_751' title='bbox 3183 5375 3601 5432; x_wconf 86' lang='lat' dir='ltr'>Britannorum</span> 
     </span>
    </p>
   </div>
   <div class='ocr_carea' id='block_1_121' title="bbox 1947 5460 3601 5535">
    <p class='ocr_par' dir='ltr' id='par_1_121' title="bbox 1947 5460 3601 5535">
     <span class='ocr_line' id='line_1_121' title="bbox 1947 5460 3601 5535; baseline -0.002 -16"><span class='ocrx_word' id='word_1_752' title='bbox 1947 5469 2003 5519; x_wconf 92' lang='lat' dir='ltr'>et</span> <span class='ocrx_word' id='word_1_753' title='bbox 2032 5463 2318 5519; x_wconf 87' lang='lat' dir='ltr'>subvertit</span> <span class='ocrx_word' id='word_1_754' title='bbox 2337 5462 2598 5535; x_wconf 85' lang='lat' dir='ltr'>plurima</span> <span class='ocrx_word' id='word_1_755' title='bbox 2624 5462 2754 5518; x_wconf 88' lang='lat' dir='ltr'>loca</span> <span class='ocrx_word' id='word_1_756' title='bbox 2806 5463 3230 5520; x_wconf 90' lang='lat' dir='ltr'>munitionum.</span> <span class='ocrx_word' id='word_1_757' title='bbox 3292 5460 3601 5519; x_wconf 87' lang='lat' dir='ltr'>Guillelmo</span> 
     </span>
    </p>
   </div>
   <div class='ocr_carea' id='block_1_122' title="bbox 1944 5550 3598 5623">
    <p class='ocr_par' dir='ltr' id='par_1_122' title="bbox 1944 5550 3598 5623">
     <span class='ocr_line' id='line_1_122' title="bbox 1944 5550 3598 5623; baseline -0.002 -16"><span class='ocrx_word' id='word_1_758' title='bbox 1944 5568 2084 5607; x_wconf 91' lang='lat' dir='ltr'>vero</span> <span class='ocrx_word' id='word_1_759' title='bbox 2116 5568 2150 5607; x_wconf 90' lang='lat' dir='ltr'>a</span> <span class='ocrx_word' id='word_1_760' title='bbox 2177 5551 2481 5608; x_wconf 78' lang='lat' dir='ltr'>Britannia</span> <span class='ocrx_word' id='word_1_761' title='bbox 2503 5566 2779 5620; x_wconf 88' lang='lat' dir='ltr'>regresso</span> <span class='ocrx_word' id='word_1_762' title='bbox 2797 5552 3339 5623; x_wconf 84' lang='lat' dir='ltr'>Rothomagensem</span> <span class='ocrx_word' id='word_1_763' title='bbox 3362 5550 3598 5615; x_wconf 90' lang='lat' dir='ltr'>urbem,</span> 
     </span>
    </p>
   </div>
   <div class='ocr_carea' id='block_1_123' title="bbox 1945 5640 3600 5716">
    <p class='ocr_par' dir='ltr' id='par_1_123' title="bbox 1945 5640 3600 5716">
     <span class='ocr_line' id='line_1_123' title="bbox 1945 5640 3600 5716; baseline -0.001 -19"><span class='ocrx_word' id='word_1_764' title='bbox 1945 5642 2212 5698; x_wconf 91' lang='lat' dir='ltr'>Britones</span> <span class='ocrx_word' id='word_1_765' title='bbox 2236 5640 2541 5699; x_wconf 80' lang='lat' dir='ltr'>subsecuti</span> <span class='ocrx_word' id='word_1_766' title='bbox 2564 5644 2623 5698; x_wconf 84' lang='lat' dir='ltr'>et</span> <span class='ocrx_word' id='word_1_767' title='bbox 2644 5640 3027 5698; x_wconf 79' lang='lat' dir='ltr'>devastantes</span> <span class='ocrx_word' id='word_1_768' title='bbox 3080 5658 3313 5716; x_wconf 87' lang='lat' dir='ltr'>pagum</span> <span class='ocrx_word' id='word_1_769' title='bbox 3360 5641 3600 5698; x_wconf 87' lang='lat' dir='ltr'>invase-</span> 
     </span>
    </p>
   </div>
  </div>
