4004 6178
339 164 442 218 663

1301 154 1610 210 DUDONIS
1651 155 1906 210 DECANI
1956 154 2013 210 S.
2055 153 2376 220 QUINTINI
2413 156 2798 212 VIROMAND.

3668 153 3784 206 664

339 290 479 342 runt
517 283 1000 354 bajocacensem.
1067 279 1248 349 Igitur
1301 277 1667 347 Guillelmus,
1722 281 2002 334 revocato
2027 281 2072 334 Α
2115 282 2386 352 Namque
2421 278 2730 352 voluptatis
2759 278 2941 350 hujus
2967 277 3312 332 commixtio
3337 292 3546 343 sacre,

341 380 556 434 cuncto
585 371 865 440 exercitu,
888 369 1335 444 preoccupavit
1370 385 1716 439 regressum
1744 368 2002 432 illorum,

340 463 751 539 pugnavitque
784 460 1007 516 fortiter
1033 464 1242 515 contra
1267 459 1422 528 illos,
1475 458 1767 531 cecisque
1822 456 2007 529 pluri-

343 555 458 610 mis
488 551 860 625 principibus
885 551 1330 618 Britannorum,
1365 549 1621 604 obtinuit
1648 547 1722 603 de
1752 546 2008 604 inimicis

342 642 737 714 triumphum.
773 640 1040 712 Hincque
1099 637 1431 695 devastavit
1476 643 1691 694 terram
1744 636 2004 702 illorum,

343 731 618 801 afﬂigens
645 729 778 784 illos
808 728 967 785 fame
999 733 1056 784 et
1077 728 1351 800 penuria,
1383 731 1438 783 et
1468 725 1818 799 opprimens
1847 725 2008 781 cede

345 819 761 895 premaxima.
793 818 1067 874 Videntes
1098 821 1298 872 autem
1329 819 1692 884 Berengerus
1734 820 1790 870 et
1836 815 2012 870 Alan-

348 926 486 977 nus,
516 907 830 979 ceterique
862 907 1146 974 Britones,
1171 905 1333 978 quod
1361 921 1484 960 non
1514 903 1870 972 sufﬁcerent,
1904 918 2014 958 nec

352 997 750 1071 prevalerent
788 995 1082 1051 adversus
1141 994 1539 1059 Guillelmum,
1592 993 1888 1049 miserunt
1936 991 2015 1048 ad

354 1103 495 1142 eum
517 1085 712 1141 verbis
737 1083 1136 1156 depracativis
1165 1083 1430 1152 legatum
1463 1101 1474 1138 :
1511 1107 1536 1132 «
1562 1083 1716 1139 Patri
1745 1088 1849 1139 tuo
1879 1081 2018 1138 obe-

353 1177 574 1240 diente,
607 1174 981 1241 servivimus,
1005 1173 1234 1246 tibique
1263 1173 1682 1229 incumbentes
1737 1171 2017 1228 famulari

356 1263 652 1335 cupimus.
689 1265 768 1317 Ne
798 1262 1095 1334 despicias
1120 1278 1232 1317 nos
1265 1278 1638 1334 quesumus,
1664 1277 1861 1335 neque
1879 1260 2020 1316 abo-

354 1351 599 1409 mineris
628 1350 933 1406 servitium
968 1355 1242 1406 nostrum
1274 1351 1592 1418 ullatenus,
1656 1351 1761 1406 sed
1793 1351 2020 1423 respice

353 1457 487 1507 nos,
520 1446 584 1496 ut
612 1456 814 1496 servos
845 1440 1110 1496 offensos
1154 1441 1292 1513 pius
1355 1441 1662 1497 Dominus.
1697 1445 2022 1497 Pravorum

357 1529 620 1587 consiliis
668 1529 976 1599 obcecati,
1028 1529 1403 1598 negleximus
1452 1531 1744 1586 mandata
1792 1529 2024 1603 imperii

2113 372 2229 424 Nec
2259 369 2482 425 intacta
2507 368 2680 435 ﬁdes,
2710 367 2911 424 labem
2941 383 3063 422 non
3093 383 3273 439 passa
3302 365 3576 439 pudoris,

2114 462 2316 530 Neque
2342 458 2529 514 libido
2551 458 2703 514 sacri
2732 457 3009 513 meritum
3034 457 3231 512 cordis
3263 457 3596 512 temeravit.

2117 550 2352 606 Semine
2384 565 2646 621 namque
2677 552 2778 604 tuo
2804 547 3081 603 succedet
3103 548 3227 602 dux
3263 546 3610 602 luculentus

2114 641 2350 695 Munere
2379 639 2662 695 virtutum
2689 641 2940 703 mactus,
2973 636 3317 708 meritisque
3341 651 3665 690 coruscus.

2116 729 2268 783 More
2293 727 2477 800 patris
2503 725 2795 800 populum
2822 725 2956 780 forti
2984 724 3206 780 ditione
3233 724 3578 778 subactum.

2119 817 2228 883 Qui
2259 822 2422 889 reget
2449 817 2816 890 imperitans,
2851 814 3087 870 extollet
3106 814 3212 870 rite
3245 814 3623 884 gubernans,

2118 907 2356 962 Nisibus
2384 911 2440 962 et
2470 906 2690 962 faciens
2721 904 2855 960 totis
2884 903 3232 959 incumbere
3260 902 3514 967 Christo,

2120 995 2465 1052 Multiﬂuam
2495 999 2733 1066 gentem
2760 993 2936 1065 justis
2968 991 3306 1048 moderabit
3329 990 3612 1046 habenis.

2125 1084 2365 1158 Subque
2413 1099 2600 1139 manu
2658 1083 2828 1154 cujus
2867 1098 3006 1154 pax,
3052 1098 3193 1154 pax,
3239 1080 3592 1149 concordia,
3645 1095 3797 1151 pax,

3509 1169 3685 1241 [pax.

2195 1353 2291 1408 His
2322 1369 2506 1427 supra
2535 1353 2786 1426 scriptis,
2818 1359 2875 1409 et
2902 1351 3323 1424 hujuscemodi
3368 1349 3594 1408 talibus
3657 1349 3805 1406 ruti-

2122 1441 2255 1498 lans
2287 1442 2509 1499 athleta
2541 1442 2747 1499 Christi
2787 1443 3166 1498 beatissimus
3182 1441 3623 1515 propalabatur
3651 1455 3807 1512 pre—

2127 1537 2301 1587 eunte
2322 1531 2604 1588 bonitatis
2637 1531 2818 1596 fama,
2852 1532 2912 1586 in
2942 1532 3168 1587 cunctis
3200 1535 3497 1586 terrarum
3525 1529 3802 1594 finibus;

365 1620 469 1676 tui.
492 1624 804 1674 Avertatur
834 1618 999 1673 furor
1026 1623 1162 1674 tuus
1193 1635 1228 1674 a
1251 1619 1436 1674 servis
1470 1619 1605 1688 tuis,
1653 1624 1711 1674 et
1762 1620 2022 1675 concede
2049 1635 2092 1687 Β
2128 1621 2604 1694 locupletabatur
2635 1621 2994 1677 sufﬁcienter
3023 1621 3295 1677 labilium
3337 1636 3542 1675 rerum
3596 1619 3806 1691 copia,

356 1708 534 1766 nobis
565 1707 983 1764 omnimodam
1015 1707 1350 1764 felicitatem
1380 1709 1564 1780 pacis.
1600 1709 1822 1764 lnclina
1848 1708 2013 1765 beni-

359 1813 545 1868 gnam
567 1813 778 1852 aurem
809 1799 924 1850 tue
954 1796 1292 1866 magniﬁce
1334 1797 1566 1869 pietatis
1629 1797 1706 1853 ad
1763 1813 2026 1871 nequam

361 1901 563 1941 servos
593 1883 864 1940 scandali
895 1888 952 1939 et
989 1883 1354 1940 offensionis.
1390 1887 1559 1952 Quod
1615 1886 1774 1942 enim
1833 1902 2026 1942 sacra-

360 1978 565 2030 mento
597 1972 942 2029 Christiane
969 1972 1274 2041 religionis
1307 1974 1408 2030 tibi
1430 1975 1838 2047 promisimus,
1871 1975 2024 2032 male

360 2061 673 2134 operando
703 2061 993 2116 hactenus
1021 2067 1227 2118 contra
1257 2067 1310 2117 te
1340 2063 1565 2119 mentiti
1609 2081 1837 2120 sumus.
1904 2067 2025 2120 Pe-

374 2151 521 2207 nitet
548 2166 660 2206 nos
689 2155 896 2206 contra
919 2155 976 2205 te
1001 2165 1254 2218 errasse,
1272 2156 1563 2224 tuumque
1592 2153 1897 2210 servitium
1925 2153 2025 2209 de-

364 2239 678 2297 seruisse.»
711 2239 902 2310 Hujus
932 2254 1198 2311 namque
1227 2241 1510 2311 neglecte
1555 2242 1921 2299 militationis
1971 2247 2029 2298 et

365 2329 743 2396 obedientie,
785 2328 1309 2402 denominateque
1339 2331 1693 2386 humilitatis
1732 2332 2029 2402 legatione

367 2418 693 2474 Guillemus
714 2417 839 2472 dux
860 2422 1194 2491 prepetens
1222 2435 1392 2489 usus,
1416 2421 1703 2476 consultis
1737 2425 2032 2477 Dacorum

364 2506 740 2581 principibus
769 2522 952 2579 super
980 2507 1073 2561 his
1120 2507 1322 2577 rebus,
1371 2511 1768 2579 Berengerum
1816 2511 2034 2566 ducem

363 2597 782 2653 Britannorum
805 2595 1173 2663 offensionis,
1235 2597 1609 2671 neglectique
1667 2600 1907 2670 servitii,
1955 2606 2038 2656 at-

365 2700 486 2756 que
515 2683 911 2756 impetrande
959 2683 1384 2740 misericordie
1431 2687 1698 2758 pondere
1746 2693 2033 2744 onustum

365 2771 625 2842 gratuita
645 2772 864 2844 pietate
891 2772 1132 2844 recepit,
1163 2789 1424 2846 cumque
1473 2781 1850 2832 sacramento
1901 2791 2033 2849 per-

367 2861 718 2916 severande
771 2860 1074 2916 ﬁdelitatis
1130 2866 1188 2918 et
1239 2863 1457 2919 servitii
1515 2864 1626 2920 sibi
1690 2867 2032 2924 connexuit.

365 2947 862 3047 manuum-vero,
895 2949 1000 3022 qui
1028 2950 1210 3021 hujus
1237 2951 1379 3007 rixe
1410 2957 1466 3008 et
1491 2953 1673 3024 jurgii
1721 2960 1928 3011 auctor
1980 2961 2036 3012 et
2058 2991 2099 3047 ρ

367 3037 644 3092 incentor
673 3037 801 3105 fuit,
836 3043 1193 3111 aspernatus
1217 3045 1304 3097 est
1331 3046 1387 3098 et
1411 3042 1734 3115 abdicavit,
1774 3059 2035 3118 eumque

379 3124 719 3183 Britannica
743 3127 986 3198 regione
1011 3145 1151 3184 cum
1182 3129 1304 3186 suis
1329 3131 1604 3188 extrudit.
1641 3137 1771 3206 Ipse
1792 3149 1931 3190 vero
1974 3134 2035 3190 in

376 3216 703 3284 Britannia,
731 3232 843 3272 nec
871 3215 935 3272 in
960 3222 1084 3275 tota
1116 3219 1361 3277 Francia
1387 3237 1646 3295 usquam
1685 3222 1908 3279 morari
1954 3223 2033 3280 ob

371 3308 603 3362 metum
631 3305 930 3362 Guillelmi
959 3306 1130 3363 ducis
1160 3310 1460 3382 nequivit;
1489 3311 1593 3368 sed
1624 3311 1917 3385 profugus
1942 3330 2040 3369 ex-

372 3393 582 3466 petivit
635 3393 928 3450 auxilium
982 3396 1207 3452 Alsteni
1261 3399 1589 3470 Anglorum
1641 3402 1816 3473 regis.
1875 3405 2036 3460 Tunc

373 3481 724 3538 Guillelmus
739 3483 1052 3555 utriusque
1082 3486 1252 3555 regni
1273 3489 1568 3561 populum
1600 3496 1837 3548 strenue
1863 3492 2035 3565 rexit,

373 3571 762 3643 potentiaque
817 3576 876 3627 et
918 3572 1132 3631 virtute
1208 3576 1409 3647 vigere
1467 3580 1780 3637 afﬂuenter
1835 3583 2032 3656 cepit.

371 3657 783 3731 Populabatur
810 3674 1077 3734 namque
1107 3662 1273 3720 fama
1300 3665 1584 3724 bonitatis
1637 3685 1745 3742 per
1799 3670 2038 3728 climata

369 3745 607 3811 mundi,
637 3747 1139 3820 promulgabatur
1187 3754 1494 3825 profusius
1542 3757 1902 3814 abstinentia
1944 3776 2038 3816 ca-

371 3834 600 3902 stitatis,
629 3850 740 3891 nec
767 3834 1160 3896 incumbebat
1187 3839 1480 3898 illecebris
1503 3844 1818 3914 gignende
1835 3852 2035 3920 poste-

370 3922 581 3980 ritatis.
645 3925 1010 3994 Cogentibus
1063 3927 1242 3998 igitur
1295 3932 1615 3988 comitibus
1687 3934 1833 4004 suis,
1912 3953 2036 3993 non

374 4016 626 4084 urgente
659 4030 809 4070 sexu
838 4015 1122 4074 humane
1150 4019 1500 4091 fragilitatis,
1534 4023 1640 4079 sed
1687 4041 1761 4080 ne
1818 4025 2036 4084 deﬁce-

369 4108 478 4169 ret,
531 4118 726 4175 neque
785 4103 1025 4162 abesset
1078 4108 1269 4166 heres
1301 4114 1481 4166 tante
1513 4115 1838 4185 progeniei,
1871 4118 2040 4174 tanti-

373 4206 492 4263 que
517 4189 764 4247 honoris
804 4198 861 4248 et
918 4193 1280 4268 ducaminis,
1339 4202 1661 4259 connexuit
1713 4219 1776 4260 se
1825 4206 2040 4276 geniali

371 4279 506 4350 jure
536 4283 963 4340 conservande
991 4287 1410 4357 successionis,
1456 4290 1697 4349 cuidam
1745 4295 2050 4354 nobilissi-‘

372 4384 490 4459 me
530 4367 752 4459 virgini
783 4371 1260 4459 elegantissime
1307 4376 1534 4448 forme,
1603 4384 1853 4441 consilio
1902 4403 2038 4459 pro-
2062 4353 2105 4407 Β

371 4453 562 4510 fusius
590 4457 876 4529 provide,
900 4458 1229 4518 forensium
1255 4478 1458 4522 rerum
1511 4469 1764 4539 negotiis
1795 4453 2040 4529 afﬂuen-

374 4542 498 4632 tius
525 4546 906 4614 cautissime,
959 4552 1413 4610 conversatione
1460 4557 1656 4630 aptius
1707 4576 2041 4632 congruen-

375 4631 644 4720 tissime,
678 4635 979 4708 colloquio
1004 4639 1330 4710 prudenter
1378 4631 1850 4720 facundissime,
1902 4668 2039 4708 mu-

373 4719 545 4777 liebri
569 4723 846 4780 exercitio
868 4731 1106 4800 compte
1145 4733 1202 4785 et
1239 4731 1620 4792 artiﬁcialiter
1646 4719 2040 4809 peritissime.

1006 4885 1370 4928 APOSTROPHA
1380 4917 1392 4930 .

375 4988 655 5045 Innocuis
688 4989 953 5062 ﬂagrans
979 4995 1181 5066 rebus,
1213 5005 1446 5073 martyr
1466 5003 1722 5078 Clionee,

377 5078 680 5168 l’resagio
704 5097 968 5138 vernans
999 5084 1304 5144 luculento
1334 5092 1550 5149 mercis
1580 5095 1814 5168 opime,

377 5165 604 5223 Divine
635 5169 870 5239 fulgens
903 5181 1231 5245 augmento
1261 5165 1694 5257 prosperitatis,

376 5257 556 5348 Pege
585 5258 980 5348 resplendens
1007 5272 1245 5340 compte
1274 5270 1569 5342 probitate
1597 5274 1827 5348 futurae,

380 5342 942 5440 Biffuseque‘luens
969 5352 1253 5412 bonitatis
1284 5357 1416 5416 luce
1445 5376 1729 5434 perenne.

565 5435 790 5493 meritis
820 5439 1001 5530 digne
1031 5442 1390 5505 luculentior
1419 5432 1723 5522 omnibus,
1755 5461 1934 5530 atque

377 5521 459 5574 Ne
488 5535 715 5591 paucas
745 5529 1070 5601 trepidans,
1100 5532 1434 5595 formidans
1461 5545 1518 5596 et
1545 5521 1824 5604 verearis.

375 5607 485 5662 Jus
505 5607 644 5671 liciti
668 5630 794 5688 quo
827 5621 888 5673 tu
913 5619 1191 5693 pepigisti
1215 5624 1443 5687 foedera
1464 5629 1620 5690 lecti.

2129 1710 2430 1766 ditabatur
2459 1709 2761 1782 profusius
2787 1709 2998 1764 divine
3021 1707 3526 1778 augmentationis
3582 1705 3807 1777 gratia.

2130 1798 2418 1854 Amabilis
2447 1798 2672 1871 quippe
2709 1802 2836 1854 erat
2889 1797 3118 1853 cunctis
3169 1796 3504 1868 terrigenis,
3565 1795 3810 1851 amabi-

2130 1887 2244 1943 lior
2273 1887 2602 1960 quinetiam
2633 1890 2746 1942 Deo
2777 1892 2832 1942 et
2862 1886 3160 1943 coelicolis.
3196 1886 3459 1957 Hugonis
3492 1885 3686 1956 igitur
3733 1899 3810 1939 eo

2132 1981 2401 2049 tempore
2427 1974 2599 2032 ducis
2629 1975 2902 2031 amicitie
2933 1982 3144 2032 mutua
3172 1975 3477 2032 voluntate
3523 1979 3584 2030 et
3643 1989 3814 2029 com-

2134 2064 2396 2138 petentia
2446 2064 2767 2120 connexuit
2818 2081 2879 2119 se
2929 2080 3050 2120 non
3098 2078 3499 2137 permansura
3551 2061 3808 2117 foedere.

2139 2155 2361 2211 Dehinc
2387 2159 2568 2227 atque
2615 2153 2920 2210 Heriberto
2979 2161 3232 2226 satrape
3290 2153 3661 2224 conjunctus
3723 2155 3814 2207 est

2137 2249 2314 2317 pacto
2344 2242 2539 2298 labilis
2570 2242 2864 2298 amicitiae.
2898 2241 3112 2297 Videns
3141 2247 3339 2297 autem
3363 2241 3623 2313 quidam
3652 2238 3812 2295 Riul-

2137 2332 2233 2388 fus
2259 2332 2521 2404 perfidiae
2549 2331 2814 2404 nequitia
2835 2330 3108 2386 atrociter
3121 2330 3380 2403 repletus
3412 2329 3810 2385 Guillelmum

2137 2421 2377 2491 ducem,
2407 2421 2630 2478 scilicet
2650 2418 2966 2476 dominum
3031 2432 3210 2474 suum
3266 2416 3603 2475 amicorum
3655 2430 3815 2490 pre-

2138 2511 2291 2567 sidio
2322 2511 2644 2566 confortari
2676 2511 2850 2566 valde
2881 2515 2937 2565 et
2961 2509 3402 2573 convalescere,
3459 2507 3815 2564 convocatis

2139 2601 2412 2674 plurimis
2439 2600 2777 2673 principum
2809 2601 3378 2667 Northmannorum,
3411 2597 3814 2654 fraudulenta

2141 2689 2336 2745 retulit
2360 2706 2507 2746 voce
2541 2707 2554 2743 :
2587 2713 2613 2738 ‹‹
2638 2693 2842 2746 Noster
2872 2689 3070 2744 senior
3104 2688 3450 2745 Guillelmus
3510 2686 3817 2743 nobilissi-

2139 2793 2241 2835 mo
2274 2776 2599 2835 Francisce
2628 2775 2825 2851 stirpis
2855 2772 3082 2834 semine
3114 2773 3364 2848 genitus,
3398 2773 3815 2846 Francigenas

2140 2869 2365 2925 amicos
2387 2869 2644 2941 acquirit
2673 2868 2802 2935 sibi,
2832 2873 3036 2924 nostro
3067 2868 3316 2924 consilio
3345 2868 3643 2941 privatus,
3668 2883 3815 2923 nos-

2141 2963 2367 3031 treque
2403 2957 2739 3014 aﬂlictionis
2787 2958 3164 3014 animositate
3215 2957 3632 3028 investigatus.
3699 2961 3815 3013 Nos

2139 3063 2281 3104 vero
2310 3051 2562 3104 conatur
2609 3063 2800 3118 regno
2839 3047 3077 3120 penitus
3107 3047 3439 3117 extrudere,
3487 3062 3816 3102 remanen-

2142 3136 2412 3209 tiumque
2445 3135 2600 3192 colla
2639 3137 2787 3207 jugo
2818 3136 3113 3192 servitutis
3158 3136 3380 3192 duriter
3438 3135 3808 3209 opprimere.

2141 3229 2380 3283 Terram
2404 3231 2604 3283 autem
2633 3241 2821 3300 quam
2851 3223 3236 3300 possidemus
3276 3224 3638 3300 parentibus
3689 3225 3809 3280 suis

2140 3315 2201 3371 in
2232 3315 2541 3371 heredum
2568 3332 2815 3372 suorum
2844 3315 3287 3389 possessionem
3311 3312 3501 3380 dabit,
3574 3329 3806 3387 eosque

2142 3405 2497 3461 muneribus
2528 3406 2744 3462 nostris
2769 3404 3082 3461 afﬂuenter
3105 3403 3332 3461 ditabit.
3361 3406 3585 3460 Contra
3630 3403 3810 3474 igitur

2143 3494 2299 3550 illius
2325 3494 2670 3551 modiminis
2701 3495 3046 3565 cogitatum,
3105 3511 3450 3568 queramus
3509 3493 3812 3563 sagaciter

2144 3584 2381 3640 salubre
2407 3585 2582 3640 nobis
2621 3584 2958 3655 consilium,
3017 3584 3431 3657 faciamusque
3477 3583 3640 3640 inter
3694 3598 3808 3638 nos

2143 3675 2383 3732 foederis
2408 3675 2753 3749 sempiterni
2783 3681 3048 3749 pactum,
3081 3680 3138 3732 et
3167 3681 3478 3732 teneamus
3522 3674 3672 3731 illud
3728 3679 3811 3729 te-

2143 3765 2312 3820 nacis
2343 3763 2666 3821 voluntatis
2693 3765 2958 3822 anchora
2995 3763 3433 3821 inconvulsum.
3478 3762 3811 3821 Subveniat

2142 3853 2400 3927 quisque
2430 3859 2726 3924 nostrum,
2752 3855 2802 3911 si
2829 3871 3013 3927 quem
3052 3871 3126 3911 ex
3156 3854 3373 3910 nostris
3431 3853 3658 3908 viderit
3712 3864 3812 3925 op—

2141 3959 2438 4018 pressum,
2471 3949 2862 4017 protegatque
2893 3961 3032 4000 eum
3057 3945 3186 4016 jugi
3203 3943 3518 4016 juvamine
3542 3949 3811 3999 utseme-

2142 4033 2390 4106 tipsum.
2428 4033 2579 4099 Quin
2611 4033 2790 4090 etiam
2822 4033 2870 4090 si
2891 4050 3103 4090 omnes
3133 4049 3242 4090 nos
3263 4049 3386 4088 una
3401 4031 3667 4088 voluerit
3681 4047 3813 4106 per-

2142 4122 2304 4190 dere,
2338 4123 2467 4194 ejus
2499 4123 2786 4180 hostiliter
2799 4123 3149 4179 resistamus
3171 4121 3461 4178 audacie.
3481 4121 3660 4187 Quod
3692 4136 3814 4176 mo—

2144 4211 2284 4267 litur
2309 4210 2604 4267 subdolus
2635 4212 2802 4268 vafra
2839 4212 3158 4268 calliditate
3209 4211 3584 4267 incessanter
3633 4209 3817 4264 nobis

2147 4300 2362 4367 facere,
2391 4301 2684 4358 faciamus
2717 4302 2770 4358 ei
2801 4302 2971 4358 citius
2997 4318 3183 4375 quam
3222 4300 3561 4373 poterimus
3610 4299 3818 4371 inspe-

2148 4394 2292 4446 rate.
2325 4391 2619 4447 Mittamus
2649 4390 2725 4446 ad
2754 4407 2891 4446 eum
2921 4391 3250 4463 quemdam
3270 4388 3826 4450 internuntiummt

2149 4479 2199 4535 si
2218 4479 2472 4536 voluerit
2500 4495 2610 4536 nos
2634 4485 2948 4554 promptos
2986 4479 3207 4536 habere
3257 4479 3369 4534 sibi
3414 4479 3493 4534 ad
3562 4479 3822 4534 servien-

2149 4567 2318 4637 dum,
2348 4568 2637 4640 largiatur
2660 4569 2836 4626 nobis
2863 4575 3079 4626 terram
3111 4585 3301 4641 usque
3328 4568 3406 4623 ad
3437 4568 3675 4624 flumen
3710 4567 3820 4623 Ris-

2148 4658 2295 4715 lum.
2325 4661 2440 4715 Nos
2480 4658 2814 4732 frequentia
2871 4659 3150 4728 militum,
3201 4658 3248 4713 si
3291 4657 3544 4724 dederit,
3600 4657 3819 4713 ditabi-

2149 4765 2306 4806 mur.
2339 4747 2438 4804 llle
2465 4748 2784 4806 frustratus
2811 4749 2993 4805 milite
3023 4747 3454 4816 annullabitur,
3495 4763 3613 4803 nec
3667 4747 3820 4802 ultra

2149 4837 2293 4894 viris
2319 4838 2748 4908 indignationis
2779 4855 2898 4894 suae
2928 4839 2988 4893 in
3039 4853 3151 4893 nos
3200 4837 3522 4894 extendere
3576 4837 3820 4893 conabi-

2149 4931 2264 4983 tur.
2300 4928 2565 5001 Hincque
2595 4927 2960 5000 potentiores
2985 4943 3056 4983 eo
3085 4927 3308 4982 erimus
3339 4926 3584 4982 fortuna
3617 4932 3679 4982 et
3716 4927 3825 4981 vir-

2153 5021 2292 5085 tute,
2324 5016 2419 5072 ille
2451 5021 2687 5074 tantum
2732 5017 2909 5073 nobis
2960 5017 3226 5074 nomine.
3255 5037 3281 5065 ι
3341 5016 3534 5087 Hujus
3589 5015 3821 5071 fraudis

2147 5111 2383 5180 reperto
2405 5107 2676 5173 consilio,
2708 5105 3000 5162 miserunt
3027 5106 3106 5162 ad
3131 5105 3534 5174 Guillelmum,
3575 5106 3688 5178 qui
3742 5104 3826 5159 di-

2149 5199 2351 5251 cerent
2377 5194 2645 5252 nefanda
2665 5195 3180 5252 adinventionum‘.
3197 5195 3486 5250 Adstante
3515 5200 3659 5250 ante
3677 5193 3831 5250 Guil-

2148 5283 2399 5340 lelmum
2431 5284 2818 5351 internuntio,
2853 5284 3209 5358 expletoque
3240 5283 3560 5355 legationis
3605 5282 3826 5345 ofﬁcio,

2150 5371 2278 5445 ipse
2299 5372 2607 5446 obstupuit
2627 5389 2808 5447 super
2832 5373 3124 5430 mirande
3154 5372 3653 5447 presumptionis
3705 5387 3830 5426 ver-

2149 5460 2253 5517 bo.
2285 5462 2598 5518 Accersitis
2654 5463 2835 5533 igitur
2887 5463 3264 5536 principibus
3319 5462 3463 5531 suis,
3521 5460 3831 5517 consultu-

2150 5564 2254 5605 rus
2279 5567 2459 5624 super
2497 5553 2715 5610 talibus
2773 5553 3101 5621 mandatis,
3153 5551 3378 5609 remisit
3426 5551 3507 5606 ad
3563 5550 3824 5606 Riulfum

2151 5637 2354 5695 verbis
2385 5639 2650 5712 paciﬁcis
2673 5639 2942 5716 legatum
2973 5638 3418 5714 subsequentia
3471 5638 3781 5695 dicturum
3809 5654 3822 5692 :
