4002 6186
251 195 345 248 ῧ65
727 196 818 251 DE
860 196 1102 254 GES'I'IS
1141 170 1568 256 NORMANNI/E
1609 201 1849 256 DUCUM
1888 201 2066 257 LIBRI
2103 203 2298 259 TRES.
2342 235 2412 244 —
2451 204 2580 258 LIB.
2624 205 2714 258 III.
2753 201 3182 257 WILLELMUS.

249 338 277 365 «
309 319 550 374 Terram
583 334 770 391 quam
799 336 834 376 a
864 336 961 376 me
991 322 1242 394 requiris
1272 339 1395 378 non
1421 341 1668 397 possum
1701 324 1902 394 largiri
1933 330 1978 381 A

243 406 434 476 vobis,
467 424 711 464 omnem
744 413 974 466 tantum
1007 412 1434 486 supellectilem
1481 431 1668 486 quam
1716 414 1906 487 possi-

243 495 360 552 deo
383 497 712 554 concedam
745 499 996 556 libenter
1021 503 1193 558 vobis
1227 523 1239 558 :
1291 503 1563 560 videlicet
1617 505 1902 573 armillas,

240 590 300 641 et
326 585 573 656 balteos,
605 587 841 656 loricas,
903 594 960 645 et
1016 591 1244 661 galeas,
1296 597 1474 666 atque
1522 594 1904 664 cambitores,

238 689 450 747 equos,
481 693 740 747 secures,
770 695 1061 752 ensesque
1089 681 1429 754 praecipuos
1467 699 1616 740 auro
1669 682 1908 739 mirabi-

237 763 372 820 liter
400 771 658 822 ornatos.
690 769 886 825 Gratia
915 786 1051 826 mea
1076 772 1381 842 continua,
1403 772 1748 846 militiaeque
1780 773 1906 845 pal-

237 869 343 909 ma
374 854 432 910 in
463 855 646 912 domo
677 873 812 913 mea
850 859 1150 926 fruemini,
1210 860 1257 916 si
1308 861 1725 918 incumbentes
1770 878 1905 918 meo

237 943 478 1000 servitio
507 945 838 1003 voluntarie
870 948 1113 1004 fueritis.
1151 950 1474 1006 Consilium
1495 968 1643 1007 meae
1666 951 1906 1008 ditionis

235 1032 475 1088 mittam
501 1034 562 1089 in
588 1051 688 1091 ore
709 1041 923 1101 vestro,
957 1042 1014 1093 et
1038 1038 1336 1111 quidquid
1363 1040 1666 1096 volueritis
1712 1047 1905 1096 vestro

228 1120 411 1191 jussu
435 1123 706 1195 explebo.
744 1127 928 1191 Quem
961 1127 1301 1199 opprimere
1325 1128 1654 1196 volueritis,
1707 1129 1906 1202 oppri-

232 1224 404 1266 mam
430 1212 642 1268 acriter
667 1231 680 1281 ;
709 1230 1012 1287 quemque
1039 1215 1318 1286 abjicere,
1336 1217 1575 1290 penitus
1599 1219 1904 1289 abjiciam.

233 1301 381 1365 Quae
434 1305 830 1376 praeceperitis
888 1306 1148 1362 exaltare
1178 1351 1192 1375 ,
1248 1312 1522 1381 potenter
1577 1309 1901 1376 exaltabo;

230 1404 539 1463 quemque
594 1393 920 1464 humiliari,
972 1396 1247 1452 atrociter
1290 1397 1647 1454 humiliabo.
1703 1401 1906 1454 Vestro

232 1479 483 1535 consilio
540 1481 665 1538 haec
720 1484 916 1556 patria
963 1489 1201 1555 regetur
1252 1491 1310 1542 et
1347 1487 1797 1554 dominabitur;
1850 1501 1910 1553 et

230 1567 370 1624 ideo
396 1575 593 1627 vestra
624 1577 886 1644 potestas
915 1573 974 1628 in
1001 1576 1169 1630 omni
1199 1576 1535 1632 excelletur.
1594 1580 1786 1633 Meum
1813 1577 1900 1632 vi-

3569 203 3674 257 660

2089 327 2270 398 Hujus
2327 327 2621 400 pestiferae
2679 325 3106 382 exhortationis
3180 325 3364 380 verbo
3415 325 3673 382 exercitu

2013 415 2393 485 conglobato,
2427 421 2864 472 transmeantes
2896 414 3052 470 clam
3085 414 3376 487 Sequana
3409 413 3668 480 alveum,

2007 504 2178 574 juxta
2229 506 2767 575 Rothomagensem
2824 503 3034 559 urbem
3091 503 3154 558 in
3202 502 3471 575 quodam
3504 507 3673 574 prato

2013 599 2205 649 castra
2234 594 2434 650 metati
2475 599 2630 651 sunt.
2691 596 2851 650 Tunc
2900 591 3250 648 Guillelmus
3296 590 3672 663 repentinum

2012 698 2304 754 perversae
2337 683 2728 739 multitudinis
2751 687 3023 738 metuens
3053 681 3369 754 impetum,
3414 679 3573 735 misit
3598 680 3674 735 ad

2015 787 2116 827 eos
2145 772 2493 828 humillimis
2523 773 2720 829 verbis
2748 773 3011 841 legatum
3041 787 3178 843 qua;
3209 770 3394 825 modo
3421 768 3674 824 audietis

2014 860 2314 916 dicturum
2349 879 2361 914 :
2392 881 2421 913 ‹
2454 864 2658 917 Noster
2712 861 2907 916 senior
2963 859 3329 928 Guillelmus,
3373 857 3674 928 juvenalis

2014 949 2199 1004 aetatis
2230 948 2374 1004 ﬂore
2404 949 2646 1019 nitidus,
2677 949 2800 1004 vult
2821 948 2992 1004 vobis
3021 963 3148 1002 esse
3179 963 3286 1019 per
3323 947 3530 1001 omnia
3568 961 3675 1018 pa-

2014 1038 2220 1093 cificus
2254 1043 2310 1092 et
2336 1037 2680 1092 benevolus.
2714 1037 2948 1092 Mandat
2975 1052 3116 1091 vero
3141 1035 3311 1091 vobis
3372 1039 3436 1089 ut
3484 1034 3672 1089 hono-

2014 1143 2140 1182 rem
2172 1129 2348 1183 totius
2372 1127 2580 1199 patriae
2612 1143 2816 1181 secum
2847 1125 3314 1192 communicetis,
3347 1139 3576 1196 suoque
3607 1123 3666 1178 in

2014 1217 2264 1273 consilio
2291 1217 2486 1289 primi,
2519 1222 2576 1272 et
2600 1214 2994 1289 praemaximi.
3027 1213 3254 1269 cunctis
3298 1213 3665 1286 praecellens.

2013 1309 2252 1362 Terram
2282 1311 2502 1373 autem,
2534 1322 2722 1378 quam
2749 1305 2881 1360 dari
2907 1303 3074 1358 vobis
3099 1302 3313 1374 petitis,
3333 1317 3454 1358 non
3475 1301 3669 1356 solum

2016 1412 2206 1469 usque
2231 1395 2308 1452 ad
2334 1394 2571 1462 Biﬂum,
2603 1411 2814 1450 verum
2847 1392 3023 1448 etiam
3066 1406 3259 1462 usque
3315 1389 3392 1444 ad
3451 1391 3672 1460 Sequa-

2013 1503 2156 1542 nam
2186 1486 2436 1541 libenter
2465 1486 2752 1541 concedet
2770 1483 2962 1540 vobis.
2993 1480 3248 1539 Conﬁdit
3273 1479 3432 1535 enim
3463 1494 3524 1532 se
3554 1484 3675 1533 tue-

2011 1577 2060 1632 ri
2085 1581 2276 1632 vestro
2302 1575 2602 1646 adjutorio
2635 1592 2647 1629 :
2677 1591 2784 1629 vos
2831 1577 3033 1628 autem
3084 1586 3207 1626 non
3256 1566 3542 1623 diﬂidatis
3584 1565 3671 1621 fo-

229 1673 391 1726 vere,
424 1675 751 1734 meumque
778 1679 1007 1735 sapere,
1041 1664 1116 1720 sit
1146 1665 1364 1721 abhinc
1394 1667 1456 1721 in
1499 1671 1700 1722 vestra
1741 1671 1905 1740 pote-
1937 1679 1976 1731 B
2010 1665 2134 1719 veri
2165 1664 2503 1737 munirique
2529 1680 2638 1718 suo
2662 1661 3013 1735 patrocinio.
3063 1659 3364 1731 Quidquid
3393 1656 3674 1728 concupi-

233 1751 403 1804 state.
439 1772 468 1798 ››
501 1753 771 1824 Cumque
801 1753 1045 1808 nuntius
1074 1755 1254 1825 hujus
1299 1756 1648 1812 humilitatis
1696 1772 1902 1828 perve-

230 1836 423 1892 nisset
451 1837 530 1893 ad
557 1838 815 1894 Riulfum
873 1841 1048 1896 totius
1101 1844 1614 1915 praesumptionis,
1667 1861 1903 1900 narras.

234 1930 448 1998 setque
505 1927 553 1982 ei
613 1926 968 1996 legationem
1027 1935 1202 1986 tantze
1253 1933 1603 1989 humilitatis
1635 1937 1689 1990 et
1729 1950 1900 1989 man-

234 2013 615 2083 suetudinis;
672 2016 897 2073 illectus
945 2020 1286 2089 arrogantia
1343 2038 1468 2077 suae
1523 2022 1897 2090 temeritatis,

231 2103 798 2178 parvipendensque
829 2107 1115 2164 mandata
1146 2109 1497 2165 humillimae
1524 2111 1897 2184 deprecatio-

230 2191 325 2244 nis
358 2192 646 2247 Guillelmi
676 2194 867 2265 ducis,
900 2198 1245 2253 convocatis
1273 2200 1647 2272 principibus
1691 2217 1902 2274 sequa-

228 2277 400 2333 cibus
451 2297 571 2335 suae
626 2285 1067 2356 praesumptivze
1115 2286 1459 2355 voluntatis,
1521 2290 1716 2346 retulit
1761 2307 1898 2362 quae

228 2367 501 2424 audierat
525 2377 842 2442 perorante
870 2373 1087 2444 legato,
1139 2392 1239 2432 ore
1295 2377 1690 2435 fraudulentae
1742 2380 1900 2436 calli-

228 2455 446 2512 ditatis.
475 2462 635 2515 Tunc
665 2477 897 2518 veneno
923 2464 1190 2536 perﬁdiae
1231 2466 1519 2534 suffusus,
1577 2474 1897 2541 menteque

227 2549 568 2604 contumaci
597 2551 893 2621 turgibus,
920 2555 1237 2611 temerario
1267 2573 1369 2612 ore
1425 2557 1606 2627 garrit
1663 2559 1791 2614 hanc
1836 2559 1896 2614 in

229 2637 573 2711 principum
623 2641 914 2697 auribus:
968 2666 994 2693 «
1045 2644 1236 2700 Verbo
1291 2650 1468 2701 tantm
1523 2647 1894 2714 humilitatis,

226 2742 416 2798 quam
448 2727 722 2797 audistis,
755 2732 1035 2804 praesagit
1062 2749 1174 2788 nos
1199 2734 1582 2806 acquiescere
1632 2741 1689 2791 et
1720 2753 1897 2809 sopo-

226 2816 385 2878 rari;
422 2817 625 2889 sicque
654 2819 990 2890 prolixitate
1030 2826 1208 2877 tautze
1253 2823 1619 2880 dilatationis
1664 2827 1899 2881 Franci-

225 2921 449 2975 genam
498 2909 872 2979 parentelam
923 2927 1046 2965 suae
1101 2913 1512 2980 generositatis
1570 2915 1895 2986 conjuratis

221 2988 601 3067 principibus
629 3002 684 3052 et
714 2998 936 3068 ascitis,
995 3015 1176 3072 super
1206 3017 1319 3056 nos
1353 3001 1556 3057 nititur
1585 3003 1894 3060 coaduna-
1927 3029 1968 3084 ρ

219 3083 288 3138 ri.
323 3083 892 3142 Animadvertamus
923 3087 1120 3160 igitur,
1168 3105 1242 3145 ne
1293 3090 1686 3164 decipiamur,
1746 3109 1896 3149 neve

223 3175 556 3230 Franciscis
585 3177 862 3245 gentibus
893 3183 1293 3236 conteramur.
1329 3185 1457 3237 Non
1499 3199 1610 3238 nos
1637 3188 1899 3255 proterat

220 3263 542 3320 calliditate
573 3282 695 3321 suae
719 3269 1252 3337 argumentationis
1284 3270 1530 3332 diutius,
1563 3288 1774 3327 verum
1802 3289 1896 3328 oc-

221 3369 540 3408 curramus
559 3353 610 3409 ei
634 3355 994 3425 conglobato
1016 3357 1093 3414 ad
1118 3359 1663 3428 Rothomagensem
1683 3362 1896 3416 urbem

222 3442 487 3497 exercitu
518 3443 711 3514 citius,
746 3450 810 3500 ut
837 3445 934 3518 ipe
963 3451 1020 3502 et
1045 3447 1367 3504 consiliarii
1417 3450 1546 3520 ejus
1601 3451 1896 3507 Rothomo

221 3531 559 3587 tradantur.
616 3533 881 3606 Hincque
934 3537 1151 3607 majori
1201 3554 1305 3610 spe
1367 3538 1710 3612 fiduciaque
1768 3545 1896 3596 tue-

224 3619 451 3689 bimur,
509 3622 822 3694 securique
880 3625 1243 3682 seditionum
1296 3627 1420 3682 sine
1472 3633 1744 3701 respectu
1789 3630 1896 3685 eri-

227 3725 385 3764 mus.
432 3732 461 3759 υ

174 3792 177 3794 ’
678 3817 1042 3857 APOSTROPHA
1084 3819 1155 3856 AD
1194 3820 1452 3859 murum.

227 3887 488 3956 Viribus,
511 3889 589 3943 ah
618 3889 630 3943 ι
664 3890 897 3956 nocuis,
922 3890 1308 3947 meditatibus
1339 3897 1518 3964 atque
1547 3893 1825 3951 nefandis

228 3976 500 4032 Perﬁdim
530 3977 888 4050 invidiaeque
909 3979 1037 4034 lues
1063 3997 1246 4052 quem
1274 3982 1458 4037 foedat
1484 3983 1701 4038 acerba
1726 3985 1754 4039 ?

228 4064 487 4120 Crimine
513 4066 644 4136 jam
672 4067 793 4121 vitii
825 4074 1152 4134 crassante,
1185 4067 1372 4124 Riulfe
1400 4070 1681 4142 superbe,

228 4155 345 4210 Cur
375 4169 497 4209 non
525 4154 838 4211 baccharis
873 4156 1108 4223 frustra,
1141 4173 1247 4213 cur
1272 4157 1497 4230 perﬁde
1529 4159 1699 4214 saevis
1727 4159 1755 4213 ?

229 4241 487 4297 Infectus
517 4243 688 4313 vitiis,
721 4244 937 4299 mentis
959 4261 1139 4300 curru
1159 4245 1430 4313 falerato,

229 4331 464 4386 Viribus
494 4333 854 4388 exhaustum
885 4350 991 4388 cur
1021 4339 1074 4389 te
1101 4335 1294 4405 jactas
1319 4335 1603 4391 bonitatis
1632 4337 1660 4391 ?

230 4422 350 4476 Cur
380 4419 588 4476 timido
619 4419 773 4476 fastu
803 4422 1058 4478 nimium
1088 4429 1416 4495 pompante
1449 4425 1722 4496 superbis
1746 4426 1774 4480 ?

230 4509 469 4580 Curque
497 4509 788 4566 voluntati
820 4511 1051 4566 Domini
1081 4528 1262 4584 super
1291 4517 1454 4568 astra
1479 4514 1782 4570 manentis

234 4598 449 4654 Sistere
479 4598 714 4654 conaris
737 4615 929 4655 vacuo
959 4601 1275 4656 conamine
1308 4601 1537 4657 sudans
1562 4603 1589 4657 ?

231 4684 337 4739 Dic
366 4683 563 4752 sodes,
591 4685 827 4741 inimice
855 4686 978 4758 Dei,
1015 4703 1307 4760 quorsum
1339 4690 1694 4762 properabis
1720 4691 1749 4744 ‘I

233 4773 536 4838 Quorsum
548 4780 741 4829 castra
755 4774 1208 4845 feres,gressum
1225 4795 1640 4851 quorsumque
1654 4779 1902 4836 citabis?

232 4864 471 4929 Agmen
500 4861 833 4931 seductum,
855 4864 1142 4938 vafroque
1173 4867 1543 4939 sophismate
1574 4873 1765 4923 totum

233 4952 326 5006 Ire
355 4967 569 5007 mones
595 4968 887 5024 quorsum
920 4954 1086 5009 furiis
1114 4955 1443 5012 bacchatus
1473 4958 1704 5013 acerbis
1732 4960 1760 5014 ?

233 5043 426 5097 Casus
454 5041 804 5097 innumeros
837 5047 927 5098 ast
955 5041 1282 5100 infortunia
1308 5061 1553 5118 passus,

231 5128 591 5201 Judicioque
623 5131 725 5186 Dei
754 5131 1063 5204 perculsus
1093 5132 1334 5205 pestifer
1357 5134 1591 5206 ingens,

232 5219 453 5272 Vereor
481 5217 637 5272 exitii
660 5218 847 5286 ﬂuidi,
873 5235 1260 5293 princepsque
1293 5222 1616 5295 Carybdim

235 5309 481 5363 Incessu
511 5308 810 5365 acceleras
841 5309 1070 5367 tumido
1096 5327 1336 5380 gressus
1360 5313 1640 5369 ruituros.

234 5400 388 5454 Nam
420 5397 732 5470 proprium
762 5398 929 5454 elatis
961 5416 1089 5456 sese
1116 5401 1444 5469 praetollere
1474 5402 1665 5468 valde,

238 5484 512 5557 Hincque
541 5487 853 5558 repentino
883 5504 1025 5544 casu
1057 5488 1312 5544 nimium
1344 5489 1612 5544 cruciari.

235 5573 443 5628 Ardua
469 5573 632 5629 frons
659 5576 980 5649 teriturque
1012 5576 1329 5649 supercilio
1361 5583 1636 5644 vacuato,

236 5663 345 5716 Ast
374 5659 620 5718 humilis
649 5662 903 5720 nitidam
933 5668 1127 5734 gestat
1142 5663 1418 5722 redimita
1445 5679 1753 5722 coronam.

2013 1753 2168 1808 scitis
2194 1753 2484 1819 habeatis,
2512 1751 2807 1826 quidquid
2838 1767 3037 1806 rerum
3070 1748 3241 1804 vultis
3261 1749 3675 1803 incunctanter

2009 1841 2384 1914 possideatis.
2417 1844 2484 1897 Ut
2510 1841 2588 1897 ad
2610 1857 2748 1896 eum
2774 1838 3074 1894 humiliter
3101 1841 3380 1910 precatur
3421 1833 3671 1906 paciﬁce

2009 1930 2281 1995 veniatis,
2313 1931 2563 2003 ejusque
2607 1928 2996 1985 amicabiliter
3053 1923 3352 1996 colloquio
3406 1926 3668 1989 ruentes,

2011 2035 2215 2074 secum
2267 2018 2561 2074 habitetis.
2609 2040 2635 2068 ››
2699 2021 2858 2072 Tunc
2907 2014 3132 2071 Riulfus
3170 2012 3438 2068 incentor
3486 2009 3670 2079 hujus

2009 2107 2151 2164 mali
2181 2108 2605 2180 nequissimus,
2629 2105 2975 2176 fraudisque
3007 2101 3317 2158 diabolicae
3345 2098 3510 2154 furiis
3531 2098 3672 2153 bac-

2008 2198 2244 2266 chatus,
2298 2195 2492 2268 inquit
2519 2194 2714 2264 legato
2762 2210 2884 2266 prae
2937 2191 3265 2247 omnibus:
3302 2211 3329 2237 ε(
3363 2190 3670 2243 Revertere

2007 2286 2274 2353 celerius,
2307 2286 2403 2341 dic
2432 2283 2740 2340 Guillelmo
2770 2287 2827 2338 et
2855 2282 2977 2336 suis
3009 2279 3317 2348 omnibus,
3349 2282 3412 2333 ut
3433 2279 3606 2332 exeat
3634 2291 3672 2330 a

2007 2375 2309 2430 moenibus
2340 2373 2592 2429 civitatis
2621 2373 2822 2442 hujus,
2879 2374 3160 2442 petatque
3220 2371 3474 2423 Francos
3527 2379 3670 2419 suos

2007 2469 2283 2538 parentes
2309 2463 2498 2518 citius.
2535 2465 2660 2517 Non
2688 2460 2849 2516 enim
2897 2459 3005 2514 erit
3053 2459 3245 2512 haeres
3300 2453 3454 2509 ultra
3499 2458 3669 2508 terra:

2006 2555 2208 2624 hujus,
2243 2569 2352 2608 nec
2382 2551 2568 2608 nostri
2599 2549 2859 2623 amplius
2891 2545 3340 2610 dominabitur;
3372 2543 3515 2614 quia
3559 2557 3668 2596 no-

2008 2644 2102 2699 bis
2133 2648 2220 2698 est
2246 2643 2614 2709 incongruus
2646 2645 2702 2694 et
2731 2636 3049 2693 obnoxius.
3073 2637 3248 2689 Terra
3277 2647 3437 2695 vero,
3482 2646 3670 2702 quam

2006 2731 2364 2805 repromittit
2421 2729 2614 2794 nobis,
2671 2728 2832 2782 dono
2882 2726 3010 2796 ejus
3040 2739 3160 2778 non
3210 2719 3469 2785 dabitur,
3528 2719 3672 2790 quia

2008 2823 2138 2878 dari
2165 2837 2286 2876 non
2317 2825 2510 2893 potest
2538 2817 2705 2891 quod
2731 2833 2854 2873 non
2899 2815 3172 2870 habetur.
3218 2811 3275 2866 Si
3303 2824 3446 2865 vero
3478 2807 3675 2863 civita-

2007 2916 2127 2968 tem
2157 2927 2280 2966 non
2311 2910 2582 2965 deserere
2608 2906 2901 2971 maluerit,
2935 2921 3046 2960 nos
3077 2917 3316 2975 semper
3344 2916 3479 2956 eam
3509 2898 3674 2954 inva-

2007 3002 2241 3064 demus,
2272 3015 2464 3072 eaque
2491 3002 2687 3071 capta,
2745 2995 3122 3052 Guillelmum
3173 2997 3230 3047 et
3275 3006 3418 3046 suos
3469 2988 3672 3059 gladio

2006 3096 2405 3148 conteremus.
2444 3112 2469 3138 ››
2511 3093 2780 3160 Cumque
2805 3085 3204 3142 internuntius
3243 3099 3378 3156 quae
3408 3080 3674 3138 audisset

2008 3177 2318 3232 Guillelmo
2349 3175 2486 3231 duci
2513 3175 2860 3230 festinanter
2901 3173 3219 3240 retulisset,
3274 3169 3530 3225 novitate
3587 3167 3671 3222 rei

2008 3271 2256 3337 stupens
2288 3264 2550 3334 diriguit,
2581 3261 3043 3332 convocatisque
3071 3257 3462 3332 principibus,
3510 3270 3672 3309 exer-

2008 3353 2246 3426 cituque
2279 3353 2644 3420 coadunato,
2675 3351 2821 3406 urbe
2852 3349 3008 3415 exiit,
3041 3346 3381 3417 montisque
3407 3341 3674 3416 procliva

2007 3442 2225 3498 civitati
2277 3441 2737 3497 imminentioris
2794 3438 2975 3494 subiit
3010 3455 3022 3492 :
3056 3435 3304 3509 cupiens
3347 3431 3673 3488 exercitum

2005 3532 2387 3588 inimicorum
2421 3547 2669 3587 suorum
2699 3528 2933 3595 intueri,
2968 3528 3015 3583 si
3047 3528 3194 3582 forte
3223 3523 3509 3580 dimicare
3539 3537 3674 3594 pos-

2009 3627 2098 3677 set
2125 3639 2264 3678 cum
2295 3621 2661 3676 illis.Videns
2703 3625 2903 3675 autem
2936 3616 3260 3672 exercitum
3291 3612 3673 3669 inimicorum

2009 3728 2257 3767 suorum
2301 3713 2597 3781 majorem
2652 3727 2780 3777 suo,
2831 3714 2887 3764 et
2929 3708 3351 3780 copiosiorem,
3406 3702 3554 3758 dixit
3594 3700 3674 3756 ad

2009 3799 2378 3856 Bernardum
2408 3799 2770 3867 Dacigenam
2803 3797 3050 3852 militem
3086 3813 3098 3849 :
3133 3817 3160 3841 ‹‹
3192 3795 3295 3848 lbo
3321 3792 3400 3847 ad
3430 3792 3675 3845 Bernar-

2008 3889 2155 3944 dum
2188 3888 2692 3944 Silvanectensem
2723 3902 2929 3940 meum
2949 3881 3336 3946 avunculum,
3366 3878 3676 3933 morabor-

2009 3994 2126 4050 que
2152 3978 2386 4032 tamdiu
2415 3977 2579 4047 apud
2611 3974 2799 4040 illum,
2830 3974 3024 4028 donec
3054 3973 3292 4042 praestet
3339 3966 3514 4021 nobis
3567 3964 3673 4019 ali-

2010 4067 2172 4138 quod
2205 4065 2515 4120 auxilium.
2553 4064 2690 4132 Ejus
2720 4061 2968 4116 consilio
2994 4065 3050 4114 et
3076 4055 3373 4128 adjutorio
3395 4056 3552 4110 hanc
3581 4068 3674 4108 re-

2010 4155 2245 4210 vocabo
2277 4159 2515 4216 terram,
2549 4166 2881 4222 omnesque
2940 4151 3051 4204 hos
3097 4144 3386 4202 exercitus
3429 4147 3679 4199 Franco-

2010 4261 2147 4300 rum
2178 4242 2464 4298 hostiliter
2495 4245 2820 4296 conteram.
2876 4237 3094 4294 Delebo
3150 4237 3282 4306 hos,
3336 4235 3674 4305 horumque

2013 4332 2434 4404 cogitationem
2464 4329 2701 4402 penitus
2730 4346 2766 4385 a
2788 4328 2936 4385 facie
2968 4333 3156 4396 terrae,
3185 4331 3242 4382 et
3262 4341 3383 4381 non
3404 4339 3675 4380 remane-

2013 4421 2099 4476 bit
2127 4422 2344 4477 harum
2374 4433 2796 4491 progemerum
2825 4417 2979 4472 ullus
3010 4417 3067 4471 in
3103 4421 3222 4471 toto
3253 4415 3416 4471 orbe.
3454 4435 3480 4462 ››
3511 4416 3673 4468 Tunc

2015 4509 2310 4577 Dacigena
2341 4507 2678 4563 Bernardus
2709 4504 3092 4578 respondisse
3121 4502 3304 4558 fertur
3335 4519 3347 4556 :
3396 4524 3422 4549 «
3455 4503 3673 4554 Tecum

2015 4612 2204 4668 usque
2234 4597 2311 4652 ad
2362 4599 2519 4668 Eptae
2578 4594 2892 4650 ﬂuviolum
2946 4591 3407 4665 properabimus
3463 4601 3673 4639 verum

2013 4685 2326 4742 Franciam
2351 4701 2474 4740 non
2506 4684 2993 4756 penetrabimus;
3023 4681 3168 4753 quia
3193 4677 3503 4750 quondam
3533 4689 3673 4727 cum

2012 4778 2179 4846 patre
2209 4779 2311 4830 tuo
2337 4789 2474 4829 eam
2505 4788 2665 4844 saepe
2687 4771 2856 4827 bellis
2892 4767 3293 4855 repetivimus,
3328 4761 3673 4855 multosque

2012 4864 2270 4935 incmpto
2293 4863 2496 4935 praelio
2527 4856 3151 4934 prostravimus.Quin
3183 4853 3360 4908 etiam
3393 4853 3672 4920 supersti-

2015 4959 2130 5010 tem
2160 4953 2358 5008 adhuc
2388 4968 2534 5007 avos
2561 4956 2616 5006 et
2646 4947 3000 5015 avunculos,
3052 4949 3250 5017 patres
3298 4945 3352 4997 et
3399 4944 3670 5011 patruos,

2013 5049 2362 5099 materteras
2393 5046 2449 5096 et
2478 5039 2738 5107 amittas,
2767 5034 3159 5092 consobrinos
3213 5036 3267 5086 et
3311 5028 3672 5098 consangui-

2011 5147 2177 5194 neos,
2204 5137 2307 5185 aut
2334 5127 2763 5192 interemimus,
2795 5129 2897 5180 aut
2922 5120 3374 5195 captivavimus.
3419 5121 3484 5174 Et
3520 5133 3672 5192 quo-

2014 5219 2197 5274 modo
2245 5216 2614 5289 quiverimus
2670 5218 2971 5269 tantorum
3023 5209 3403 5265 inimicorum
3456 5207 3671 5264 faciem

2014 5305 2382 5365 subsistere?
2412 5304 2619 5358 Aliena
2649 5301 2840 5357 mavis
2870 5300 3107 5372 quadra
3133 5298 3284 5368 vilis,
3327 5297 3670 5370 nulliusque

2013 5394 2274 5451 utilitatis
2293 5395 2696 5464 vivere,quam
2719 5406 2973 5460 regnum
3002 5405 3204 5459 regere
3235 5395 3290 5445 et
3314 5393 3621 5461 protegere
3642 5387 3671 5442 ‘2

2013 5489 2134 5556 Ego
2163 5489 2218 5540 et
2243 5487 2549 5539 consortes
2578 5481 2693 5537 mei
2722 5486 2776 5536 te
2806 5496 2928 5536 non
2956 5495 3296 5552 sequemur,
3328 5492 3521 5548 neque
3548 5491 3671 5548 quo

2011 5593 2100 5630 VIS
2130 5574 2597 5648 proﬁciscemur.
2623 5571 2868 5640 Navigio
2898 5586 3040 5640 erga
3063 5569 3305 5624 Daciam
3327 5571 3544 5621 nostrae
3567 5580 3669 5620 na-

2012 5664 2252 5722 tivitatis
2278 5669 2498 5720 terram
2525 5666 2882 5736 repetemus,
2932 5660 3076 5733 quia
3103 5658 3257 5714 duce
3295 5660 3352 5712 et
3379 5654 3670 5712 advocato
