4002 6186
349 164 452 217 687

1316 159 1622 220 DUDONIS
1663 159 1922 220 DECANI
1961 159 2016 214 St
2055 156 2366 224 QUINTlNl
2403 157 2791 214 VIROMAND.

3667 157 3780 208 668

347 300 640 344 caremus.
673 289 798 342 Non
830 285 990 340 vales
1019 283 1193 340 nobis
1225 285 1376 342 ultra
1417 285 1643 342 viribus
1687 284 1993 341 effemina-
2039 289 2084 338 A
2113 281 2167 334 i":
2205 295 2328 352 quo
2355 279 2582 334 bellum
2613 278 2885 334 mirabile
2911 276 3039 344 fuit,
3069 275 3282 332 dicitur
3315 291 3502 348 usque
3533 275 3588 332 in
3623 292 3782 350 prie-

347 375 442 428 tus
472 389 745 444 praeesse,
776 373 920 444 quia
945 377 1201 430 mortem
1233 375 1448 430 metuis
1477 375 1569 431 his
1599 373 1870 430 hostibus
1894 371 2000 428 im—

346 461 592 518 minere.
633 484 662 514 η
705 463 800 516 His
831 463 1174 534 asperrimis
1204 463 1802 520 sermocinationibus
1843 459 1999 518 Guil-

344 549 558 610 lelmus
584 549 920 621 instigatae,
953 551 1100 609 dixit
1127 553 1426 610 Bernardo
1460 555 1766 621 Dacigenae
1797 567 1999 607 coram

345 639 568 696 caeteris
625 640 994 712 principibus
1029 659 1040 698 :
1077 661 1106 694 ‹
1133 643 1306 700 Duris
1363 647 1422 698 et
1467 642 1766 699 obscoenis
1804 639 2001 696 verbis

343 743 441 788 me
467 729 713 800 turpiter
729 729 1184 797 lacessisti,cum
1209 749 1304 788 me
1334 732 1762 796 effeminatum,
1791 730 2000 786 armis-

342 835 461 892 que
497 819 803 890 frigidum,
859 821 1005 893 quin
1035 823 1214 880 etiam
1255 823 1508 880 nihilum
1563 821 1806 878 vocasti.
1856 823 2001 876 Ecce

341 908 570 980 praeibo
600 909 844 979 signifer
867 909 1210 969 festinanter
1239 913 1314 969 ad
1367 911 1660 984 praelium,
1707 916 1764 967 et
1795 914 2000 967 conte-

343 1013 473 1054 ram
507 1003 847 1056 constanter
875 1001 1198 1056 exercitum
1230 1000 1630 1058 inimicorum.
1687 998 2002 1055 Devorabit

318 1087 580 1158 gladius
609 1104 783 1147 meus
813 1105 1024 1146 carnes
1050 1091 1450 1162 perjurorum,
1498 1091 1998 1164 disrumpamque

345 1179 401 1234 et
440 1175 753 1248 dissipabo
783 1183 978 1234 castra
999 1193 1230 1236 eorum.
1284 1183 1409 1238 Non
1439 1179 1662 1235 diutius
1691 1193 1904 1242 segnes
1944 1180 2001 1236 et

342 1264 534 1323 timidi
561 1265 1130 1335 moramini,verum
1157 1284 1252 1324 me
1279 1268 1626 1326 festinanter
1655 1265 1995 1340 sequimini,

343 1358 401 1410 et
423 1354 781 1412 invadamus
811 1371 914 1412 eos
944 1361 1008 1414 ut
1031 1373 1221 1428 agnos
1247 1357 1395 1430 lupi.
1443 1382 1467 1406 n
1497 1361 1753 1414 Gemens
1795 1363 1997 1412 autem

343 1443 680 1502 Bernardus
709 1445 1170 1517 animos1tatem,
1204 1449 1724 1521 constantiamque
1773 1446 1996 1504 virilem

343 1533 632 1591 Guillelmi
656 1535 850 1603 ducis,
883 1536 1029 1594 dixit
1057 1538 1134 1595 ad
1162 1555 1301 1594 eum
1351 1538 1549 1594 verbis
1599 1536 1948 1596 humillimis
1981 1553 1994 1591 :

345 1645 374 1673 «
405 1623 653 1680 Domine
683 1625 804 1682 dux
834 1627 1388 1700 praepotentissime,
1417 1627 1540 1684 noli
1563 1627 1744 1684 irasci
1794 1632 1997 1683 nostra
2027 1639 2067 1692 Β

341 1712 717 1785 allocutione,
749 1716 893 1787 quia
922 1733 1296 1788 consequens
1327 1721 1414 1772 est
1439 1723 1498 1773 et
1527 1717 1666 1773 utile
1693 1717 1854 1790 quod
1887 1732 1996 1772 no-

341 1801 434 1858 bis
454 1801 634 1872 jubes
661 1802 873 1860 facere.
909 1807 1160 1862 Tantum
1191 1806 1570 1877 experiamur
1616 1805 1752 1878 quis
1801 1811 1996 1862 tecum

341 1887 448 1946 ibit
473 1889 551 1947 ad
580 1891 874 1963 praelium,
902 1893 1128 1965 quique
1159 1893 1516 1952 subvenient
1554 1893 1657 1950 tibi
1705 1893 1767 1949 in
1825 1893 1995 1949 auxi-

340 1976 508 2036 lium.
540 1997 570 2036 »
599 1981 830 2051 Reperti
859 1987 999 2038 sunt
1029 1983 1328 2039 Bernardo
1375 1983 1708 2055 inquirente
1757 1982 1996 2038 trecenti

339 2065 470 2133 viri,
501 2069 696 2140 parati
730 2085 872 2128 cum
903 2069 1213 2126 Guillelmo
1251 2071 1505 2143 praeliari
1555 2077 1612 2128 et
1666 2072 1838 2128 mori.
1887 2073 1992 2136 Qui

339 2156 656 2212 unanimes
685 2162 821 2214 ante
849 2157 1017 2216 illum
1050 2165 1356 2224 venerunt,
1368 2159 1786 2232 judiciumque
1817 2159 1996 2214 foede-

341 2242 444 2310 ris,
475 2243 754 2316 ﬁdeique,
779 2250 835 2304 et
862 2245 1229 2316 adiutorium
1258 2263 1424 2304 more
1453 2251 1749 2304 Dacorum
1776 2247 1994 2308 facien-

337 2331 565 2396 tes,tela
588 2337 812 2390 mutuae
842 2333 1158 2392 voluntatis
1185 2339 1361 2407 pacto
1393 2351 1514 2391 una
1543 2342 1992 2392 concusserunt.

341 2421 562 2478 Caetera
591 2437 733 2479 vero
755 2438 900 2491 gens
949 2425 1132 2482 armis
1171 2425 1386 2494 frigida
1406 2425 1647 2482 recessit
1688 2426 1767 2481 ad
1797 2425 1996 2500 praesi-

340 2506 509 2568 dium
536 2509 702 2568 urbis
731 2511 899 2570 celeri
931 2511 1094 2582 fuga.

977 2617 1360 2660 APOSTROPHA.

339 2686 596 2747 Moribus
623 2693 680 2748 et
707 2689 929 2748 meritis
959 2689 1228 2760 celebris,
1261 2691 1570 2750 Guillelme
1601 2693 1832 2766 patrici,

337 2775 559 2846 Jurgia,
591 2777 768 2846 dicta,
795 2778 1013 2848 minas,
1041 2779 1190 2847 lites,
1225 2780 1497 2849 divortia,
1529 2782 1708 2848 rixas,

340 2863 514 2931 Bella,
549 2867 952 2937 supercilium,
987 2866 1366 2940 fraudesque,
1399 2869 1639 2936 duellia,
1671 2869 1876 2928 telum.

339 2953 526 3022 Hujus
549 2953 815 3024 perfidiae
845 2956 1048 3028 populi
1079 2958 1462 3029 spurcamine
1493 2959 1670 3031 pleni.

341 3045 421 3098 Ne
446 3040 656 3100 timeas
683 3043 1009 3115 trepidans,
1043 3046 1328 3102 formides
1359 3063 1434 3104 ne
1463 3049 1897 3106 verecundans.

341 3133 608 3204 Namque
635 3131 698 3192 in
728 3137 782 3190 te
808 3133 1003 3192 feritat
1029 3135 1155 3195 dire
1187 3152 1335 3207 gens
1363 3139 1491 3196 haec
1518 3138 1644 3196 sine
1671 3155 1876 3206 causa,

337 3223 548 3291 Torva,
579 3221 764 3294 ferox,
787 3229 1056 3297 ventosa,
1086 3243 1332 3300 procax,
1364 3229 1624 3299 incauta,
1656 3230 1912 3301 rebellis,

339 3310 705 3376 Inconstans,
737 3313 1066 3388 disparque
1097 3317 1206 3372 sibi
1230 3317 1508 3376 novitatis
1540 3335 1744 3376 amore
1774 3339 1786 3374 :

337 3400 590 3470 Prodiga
618 3401 964 3472 verborum,
996 3421 1206 3465 verum
1236 3422 1358 3461 non
1383 3407 1638 3478 prodiga
1657 3407 1813 3470 facti,

337 3491 541 3557 Prava,
577 3492 857 3563 superba,
884 3494 1171 3562 maligna,
1203 3495 1450 3564 nefaria,
1485 3495 1798 3563 ﬂagitiosa.

337 3579 601 3644 Letifera.
629 3586 686 3642 et
709 3598 832 3648 rea,
862 3583 1156 3655 pestifera,
1185 3589 1243 3640 et
1271 3583 1577 3652 scelerata,
1609 3584 1883 3656 profana,

334 3668 549 3730 Toxica
573 3670 792 3743 viperei
821 3671 1165 3730 diffundens
1191 3671 1450 3744 plurima
1475 3672 1606 3738 viri,

333 3757 688 3830 Tranquillus
707 3761 874 3832 pacis
897 3761 1173 3816 stabilem
1202 3763 1456 3831 pertaesa
1487 3764 1774 3819 tenorem.

331 3847 608 3909 Jeroboal
636 3849 898 3910 Gedeum
927 3847 1202 3908 contrivit
1229 3847 1648 3916 concutiendo,

334 3935 545 3996 Divino
573 3937 837 3997 monitus
859 3937 1052 4008 jussu,
1083 3943 1354 4010 nutuque
1384 3953 1666 4010 superno,

332 4028 439 4083 Ter
456 4031 668 4098 quater
692 4025 1002 4095 armigeris
1030 4025 1330 4098 praeclaris
1360 4032 1629 4100 quinque
1657 4027 1864 4098 viginti

331 4114 556 4170 Judicis
585 4114 808 4170 aetherii
829 4115 1006 4186 jussu
1037 4116 1332 4174 sumendo
1359 4117 1646 4190 probatis.

335 4201 502 4258 Haud
531 4217 702 4258 secus
728 4203 1050 4262 auxiliante
1081 4209 1200 4262 Deo
1227 4205 1635 4264 annullabitur
1661 4207 1786 4264 istis

333 4288 515 4359 Digne
543 4291 878 4362 promeritis
905 4299 957 4351 te
983 4294 1344 4366 tripudiante
1373 4295 1665 4354 trecentis.

401 4380 562 4439 Tunc
615 4379 961 4440 Guillelmus
1019 4400 1156 4440 cum
1205 4384 1475 4446 trecentis
1531 4384 1986 4464 ferrojndutis,

328 4467 499 4527 irruit
524 4474 767 4540 repente
797 4487 976 4544 super
999 4473 1243 4532 inimica
1271 4479 1466 4530 castra
1497 4474 1820 4532 temerariae
1842 4475 1991 4532 mul-

331 4557 616 4625 titudinis,
645 4565 958 4621 conterens
991 4579 1113 4629 eos,
1145 4567 1203 4620 et
1233 4563 1567 4622 dilacerans
1595 4563 1989 4620 mucronibus

331 4651 388 4709 et
416 4647 656 4709 lanceis.
691 4651 948 4723 Disrupit
994 4652 1243 4712 tentoria
1282 4653 1642 4725 principum,
1697 4652 1990 4710 incendit—

329 4753 448 4810 que
495 4739 762 4809 magalia
807 4741 1064 4801 militum
1121 4758 1391 4800 suorum.
1467 4743 1788 4812 Prosternit
1836 4759 1990 4815 quos

331 4827 531 4897 gladio
557 4829 794 4902 reperit,
853 4831 1283 4904 obstantesque
1316 4831 1430 4890 sibi
1462 4834 1611 4890 Orco
1643 4832 1986 4891 transmisit.

331 4915 643 4978 Obtinente
700 4918 879 4988 igitur
929 4919 1240 4980 Guillelmo
1309 4919 1384 4976 de
1454 4920 1710 4978 inimicis
1783 4919 1988 4978 trium-

328 5004 544 5075 phum,
601 5006 827 5068 Biulfus
883 5007 1170 5078 fugiendo
1218 5009 1480 5068 evanuit.
1513 5010 1700 5076 Quem
1733 5024 1992 5081 sequens

330 5107 471 5164 pars
519 5095 809 5156 exercitus
877 5098 1387 5174 comprehendere
1461 5097 1766 5170 nequivit,
1847 5097 1992 5171 quia

330 5178 618 5242 densitate
649 5184 812 5242 silvai
855 5187 1132 5248 occuluit.
1165 5187 1456 5248 Plurimos
1507 5193 1706 5248 autem
1752 5187 1991 5244 illorum

329 5268 648 5330 absorbuit
699 5274 998 5346 Sequana,
1053 5275 1397 5349 multosque
1450 5276 1744 5336 laceratos
1797 5279 1993 5334 conte-

333 5357 416 5428 git
466 5364 522 5419 et
560 5360 728 5420 silva.
779 5365 939 5422 Tunc
991 5365 1336 5424 Guillelmus
1393 5366 1651 5426 lustrans
1703 5381 1990 5438 campum

333 5449 714 5517 cadaverum,
765 5455 824 5507 et
877 5467 1000 5510 non
1055 5455 1365 5514 inveniens
1433 5458 1738 5512 mortuum
1799 5453 1989 5512 ullum

334 5555 602 5608 suci-tun,
634 5540 987 5611 gloriﬁcavit
1013 5560 1152 5602 cum
1185 5545 1308 5600 suis
1333 5546 1543 5613 Deum,
1574 5543 1680 5612 qui
1712 5542 1990 5600 subvenit

333 5630 713 5703 sperantibus
767 5630 830 5692 in
881 5647 942 5689 se
991 5632 1053 5692 in
1110 5633 1496 5704 adiutorium.
1544 5635 1730 5693 Locus
1759 5636 1984 5700 autem,

2113 374 2342 424 sentem
2399 367 2558 424 diem
2607 367 2684 424 ad
2741 363 3166 423 Pratum-Belli.
3229 365 3552 421 Revertenti
3593 365 3780 434 igitur

2110 457 2421 514 Guillelmo
2452 457 2526 512 de
2557 455 2782 531 praelio,
2817 455 3072 512 occurrit
3119 454 3173 512 ei
3219 453 3387 509 miles
3417 454 3679 526 quidam
3711 471 3780 510 ex

2108 545 2402 613 ﬁscanno,
2430 547 2718 602 nuntians
2749 545 2912 617 quod
2945 549 3098 600 esset
3121 544 3172 600 ei
3203 543 3362 598 filius
3396 560 3469 600 ex
3513 545 3778 616 conjuge

2108 635 2493 691 dilectissime
2518 640 2716 691 natus.
2755 634 2960 690 Laetior
3005 633 3205 706 itaque
3261 637 3504 706 peracto
3541 633 3778 706 praelio,
3828 672 3834 676 -

2107 725 2568 798 Ιίριίεεὶωυεᾳυθ
2619 725 2761 792 ﬁlio,
2819 724 2979 780 misit
3031 723 3327 778 Heiricum
3355 723 3778 794 Bajocacensis

2109 814 2370 870 ecclesiae
2419 815 2792 888 episcopum,
2851 813 3121 868 omnium
3171 812 3396 886 quippe
3441 812 3781 886 praesulum

2110 903 2580 970 sanctissimum,
2637 909 2694 959 et
2745 904 3077 958 Bothonem
3127 907 3478 957 cunctorum
3514 901 3780 958 militum

2107 991 2743 1064 praecellentissimum,
2777 991 2928 1047 sacri
2956 989 3332 1063 baptismatis
3361 1005 3494 1046 rore
3527 989 3693 1055 oleo,
3728 994 3781 1046 et

2108 1081 2428 1137 chrismate
2456 1081 2710 1152 renasci,
2749 1085 2807 1136 et
2831 1079 3106 1136 innovari
3136 1079 3349 1136 ﬁlium.

2754 1237 3135 1278 APOSTROPHA.

2107 1331 2303 1384 Haeres
2335 1345 2470 1384 ecce
2504 1329 2606 1384 tibi
2637 1329 2880 1401 dignus,
2914 1328 3220 1384 Guillelme
3250 1327 3479 1402 patrici,

2107 1417 2218 1484 Qui
2247 1423 2530 1476 strenuus
2549 1418 2842 1490 populum
2863 1418 3039 1489 justis
3061 1416 3399 1473 moderabit
3422 1415 3708 1473 habenis.

2104 1507 2422 1576 Sanguinis
2455 1513 2518 1563 ut
2536 1507 2777 1564 dabitur
2809 1523 3036 1562 merces
3059 1507 3163 1562 tibi
3192 1505 3378 1578 (ligna
3409 1522 3662 1562 corona.

2106 1599 2367 1654 Occasus
2398 1612 2622 1652 nomen
2651 1595 2831 1667 digne
2859 1595 3162 1652 laudabile
3189 1597 3366 1666 cujus

2106 1691 2420 1756 Agnoscet,
2453 1685 2745 1758 probitate
2774 1685 3178 1758 promulgata,
3213 1691 3268 1742 et
3303 1688 3481 1750 Eous,

2105 1779 2171 1831 Et
2202 1792 2310 1848 par
2335 1775 2413 1830 sis
2441 1775 2660 1848 pariter
2688 1775 2912 1830 meritis
2945 1775 3288 1848 septentrio,
3321 1778 3377 1830 et
3402 1779 3632 1830 auster.

2176 1885 2336 1939 Tunc
2363 1881 2707 1938 Guillelmus
2735 1886 3038 1938 tantorum
3061 1882 3224 1938 cmde
3255 1888 3434 1954 atque
3469 1881 3656 1938 ruina
3683 1897 3771 1936 su-

2104 1971 2364 2027 blimiter
2392 1970 2685 2026 exaltatus
2719 1971 2974 2029 obtinuit
3001 1977 3320 2044 utrumque
3362 1987 3627 2040 regnum
3660 1970 3770 2026 Bri-

2107 2065 2429 2116 tannorum
2483 2063 3109 2132 Nortmannorumque
3157 2059 3452 2116 bellorum
3502 2076 3768 2126 securus,

2105 2165 2214 2204 nec
2245 2164 2427 2207 ausus
2458 2154 2545 2204 est
2575 2153 2782 2204 contra
2801 2165 2943 2204 eum
2972 2147 3202 2219 litigare
3231 2148 3403 2204 ullus.
3439 2148 3768 2204 Franciscze

2106 2238 2294 2307 gentis
2339 2239 2660 2312 principes,
2723 2238 3338 2312 Burgundionumque
3393 2241 3648 2294 comites
3688 2238 3766 2295 fa-

2105 2327 2494 2384 mulabantur
2523 2327 2595 2383 ei.
2645 2326 2955 2397 Dacigenae
3003 2333 3060 2383 et
3105 2327 3514 2394 Flandrenses,
3571 2325 3765 2398 Angli-

2105 2433 2244 2489 que,
2273 2422 2330 2472 et
2361 2416 2753 2473 Hibernenses
2779 2417 3074 2490 parebant
3103 2417 3175 2472 ei.
3221 2420 3585 2492 Caeteraeque
3629 2433 3761 2488 gen-

2104 2511 2191 2561 tes
2215 2506 2276 2561 in
2307 2505 2592 2562 afﬁnitate
2619 2507 2786 2577 regni
2817 2506 2910 2561 sui
2936 2512 3382 2563 commorantes
3399 2505 3762 2564 obediebant

2105 2597 2234 2668 ejus
2263 2597 2514 2674 imperio
2539 2597 2873 2654 unanimes.
2902 2600 3190 2670 Tempore
3239 2613 3505 2671 namque
3549 2597 3758 2672 praedi-

2105 2701 2238 2756 gnaa
2301 2685 2652 2754 venationis,
2729 2703 2852 2759 quo
2909 2687 3064 2743 servi
3117 2687 3406 2763 petulanti
3469 2687 3620 2744 luxu
3677 2705 3760 2744 ur-

2106 2779 2277 2846 gente
2333 2775 2825 2846 congredmntur,
2881 2777 3068 2832 cervis
3146 2775 3363 2847 geniali
3405 2771 3539 2848 jure
3595 2779 3755 2834 fretos

2105 2865 2482 2938 concepturis
2509 2884 2522 2932 ;
2552 2881 2762 2921 scenas
2791 2865 3066 2940 spatiosae
3093 2865 3511 2940 amplitu-I'inis
3543 2867 3606 2926 in
3632 2867 3753 2923 loco

2104 2953 2209 3027 qui
2239 2954 2452 3010 dicitur
2486 2957 2672 3010 Leons
2698 2954 3011 3010 mandavit
3051 2955 3166 3011 sibi
3211 2956 3559 3028 praeparari.
3613 2955 3752 3012 Heri-

2103 3043 2306 3100 bertus
2337 3045 2450 3100 hoc
2498 3043 2702 3100 audito
2747 3061 2966 3106 comes,
3022 3045 3315 3118 Hugoque
3369 3047 3548 3104 totius
3595 3047 3742 3115 regni

2104 3134 2229 3188 dux
2280 3136 2338 3188 et
2379 3132 2677 3206 princeps,
2731 3149 2966 3190 necnon
3011 3134 3358 3190 Liuillelmus
3411 3133 3732 3194 Pictavensis

2105 3239 2326 3290 comes,
2360 3228 2650 3279 venerunt
2695 3223 2832 3280 illuc
2885 3224 2965 3279 ad
3023 3241 3163 3280 eum
3211 3226 3566 3282 festinanter.
3589 3229 3733 3290 Quos

2105 3311 2470 3381 Guillelmus,
2517 3312 2798 3368 adventui
2856 3311 3096 3370 illorum
3140 3315 3582 3384 congratulans,
3613 3328 3741 3368 cum

2103 3417 2328 3471 magno
2381 3409 2676 3474 apparatu
2731 3408 3064 3458 reverenter
3108 3405 3391 3476 suscepit,
3437 3417 3744 3476 secumque

2101 3489 2386 3545 diuturno
2417 3489 2782 3546 delectabilis
2815 3492 3146 3548 venationis
3203 3498 3465 3566 tempore
3511 3492 3743 3562 morari,

2099 3576 2365 3648 luxuque
2395 3578 2584 3646 regali
2628 3579 2858 3652 epulari
2911 3580 3221 3654 splendide
3281 3581 3428 3638 fecit.
3478 3581 3741 3648 Quadam

2098 3682 2365 3738 namque
2397 3667 2490 3722 die
2517 3667 2863 3723 Guillelmus
2895 3670 3252 3726 Pictavensis
3279 3669 3420 3726 dixit
3441 3669 3740 3726 Guillelmo

2099 3755 2563 3825 Rothomagensi
2597 3773 2609 3811 :
2639 3776 2669 3810 «
2703 3757 2950 3813 Domine
2997 3759 3140 3827 dux,
3193 3760 3386 3816 scisne
3431 3775 3610 3832 quare
3633 3760 3748 3814 huc

2097 3842 2437 3900 venerimus
2471 3845 2498 3899 ?
2537 3867 2564 3893 »
2597 3845 2940 3918 Respondit,
2971 3868 2996 3896 ‹‹
3029 3847 3314 3918 ignoro.»
3344 3851 3408 3904 Et
3435 3848 3528 3906 ille
3555 3866 3568 3904 :
3605 3851 3752 3904 »Νο-

2096 3933 2284 3988 lentes
2309 3933 2538 3989 mittere
2566 3933 2797 4004 legatos
2837 3935 2942 3991 tibi
2973 3941 3095 3992 tam
3150 3937 3336 4008 digno
3379 3939 3598 4006 comiti,
3631 3939 3752 4012 ipse

2096 4021 2410 4091 legationis
2441 4023 2681 4093 negotio
2710 4023 2879 4095 fungi
2905 4025 3111 4082 malui.
3161 4029 3223 4082 Et
3256 4034 3320 4083 ut
3347 4028 3456 4084 des
3495 4045 3750 4084 sororem

2097 4117 2266 4168 tuam
2287 4129 2536 4169 uxorem
2565 4113 2728 4180 mihi,
2763 4115 2930 4182 veni;
2974 4121 3156 4188 utque
3210 4124 3642 4174 connectamur
3668 4117 3752 4173 in-

2097 4201 2287 4256 vicem
2321 4201 2541 4258 foedere
2571 4201 2906 4258 insolubilis
2936 4204 3210 4260 amicitia:
3249 4211 3306 4262 et
3334 4205 3685 4264 dilectionis.
3723 4230 3749 4254 η

2097 4293 2258 4346 Tunc
2312 4291 2806 4361 Rothomagensis
2856 4292 3202 4349 Guillelmus
3247 4297 3633 4370 respondisse
3669 4297 3752 4352 lu-

2097 4379 2296 4435 dendo
2351 4380 2570 4437 fertur:
2609 4402 2636 4428 ‹‹
2668 4381 3040 4438 Pictavenses
3095 4400 3332 4456 semper
3386 4391 3530 4444 sunt
3573 4385 3754 4444 timidi

2097 4469 2416 4541 {rigidique
2446 4471 2649 4538 armis,
2683 4476 2740 4526 et
2764 4471 2950 4526 avari.
2980 4475 3107 4530 Non
3136 4471 3308 4530 decet
3360 4475 3542 4532 talem
3598 4475 3754 4550 puel-

2096 4559 2220 4614 lam
2251 4561 2328 4614 ab
2360 4561 2443 4614 eis
2471 4561 2700 4618 haberi.
2737 4584 2764 4610 »
2816 4561 3126 4620 Guillelmo
3187 4564 3519 4622 Pictavensi
3578 4566 3756 4622 verbo

2099 4650 2566 4722 exasperationis
2590 4651 2651 4706 in
2682 4667 2803 4708 uno
2833 4652 3045 4709 obtutu
3071 4654 3338 4726 haerenti,
3363 4655 3566 4714 intulit
3605 4655 3755 4713 Guil-

2097 4738 2312 4796 lelnius
2344 4739 2874 4809 Rothomagensis:
2901 4764 2928 4790 ‹‹
2957 4743 3226 4800 Crastina
3248 4744 3364 4808 die,
3383 4761 3455 4800 ne
3481 4746 3754 4812 turberis,

2097 4829 2348 4885 reddam
2398 4828 2504 4884 tibi
2549 4829 2858 4904 utriusque
2907 4831 2989 4890 rei
3036 4848 3420 4906 responsum,
3483 4835 3758 4894 consultu

2097 4934 2371 4976 meorum
2403 4917 2689 4976 fidelium.
2725 4942 2752 4970 ››
2787 4923 3065 4994 Sequenti
3095 4939 3359 4997 namque
3384 4924 3480 4982 die
3508 4925 3758 4982 consilio

2100 5008 2363 5078 Hugonis
2385 5009 2596 5081 Magni,
2628 5015 2686 5064 et
2713 5011 2999 5068 Heriberti
3029 5014 3352 5086 concitum,
3385 5029 3757 5088 suorumque

2097 5097 2384 5163 ﬁdelium,
2412 5097 2576 5153 dedit
2607 5115 2874 5156 sororem
2900 5117 3073 5159 suam
3097 5103 3408 5160 Guillelmo
3445 5105 3588 5162 duci
3640 5105 3754 5161 Pic-

2097 5187 2346 5244 tavensi.
2377 5189 2570 5252 Qu'im
2597 5204 2732 5244 vero
2760 5189 3124 5264 nuptialium
3154 5208 3352 5248 rerum
3375 5193 3551 5266 copia
3572 5195 3760 5250 hono-

2097 5274 2258 5330 rifice
2292 5274 2653 5346 redimitam,
2675 5277 2966 5352 equisque
3009 5279 3280 5336 femineis
3314 5281 3580 5355 phaleris
3614 5298 3758 5338 onu-

2099 5363 2220 5430 stis,
2242 5379 2390 5419 auro
2411 5363 2744 5438 electroque
2774 5367 3152 5426 artificialiter
3182 5370 3585 5444 praebalteatis
3615 5371 3756 5426 sub-

2097 5457 2498 5518 vectam,cum
2515 5453 3239 5514 nimiainnumerabilium
3253 5459 3562 5532 utriusque
3580 5476 3756 5518 sexus

2096 5541 2517 5615 manciporum
2547 5543 2895 5616 frequentia,
2925 5546 3247 5620 multisque
3279 5549 3529 5618 scriniis,
3555 5549 3756 5605 sericis

2101 5631 2366 5690 vestibus
2395 5649 2543 5692 auro
2571 5633 2808 5693 intextis
2831 5635 3068 5712 repletis
3113 5641 3172 5696 et
3220 5639 3500 5710 oneratis,
3533 5639 3756 5696 consti-
