4004 6178
125 129 225 183 669

595 124 684 179 DE
722 123 983 182 GESTIS
1026 125 1456 183 NORHANNIE
1496 126 1739 182 DUCUM
1780 127 1783 173 Ι

1905 124 1973 177 RF
2004 123 2199 180 TRES.
2242 157 2312 169 ———
2349 125 2487 183 LIB.
2529 129 2618 187 ΙΠ.
2660 132 3086 189 WILLELMUS.

3467 143 3576 197 670

125 254 323 323 petam
369 248 616 304 deduxit
643 252 1001 305 reverenter
1025 250 1103 305 ad
1130 250 1539 305 Pictavensem
1565 248 1794 305 aulam.
1824 251 1873 302 Α
1914 246 2077 301 urbis
2124 249 2391 315 sedibus,
2431 252 2669 325 illicque
2715 271 2855 312 eum
2904 257 3229 315 honoriﬁce
3272 262 3573 318 multoties

124 340 334 394 Videas
385 343 583 398 autem
638 335 1001 394 Heribertus
1048 338 1422 397 Guillelmum
1476 337 1799 393 Rothomav

122 444 365 497 gensem
414 425 722 482 confortari
768 430 838 480 et
876 428 1318 493 convalescere,
1348 427 1653 498 animique
1686 422 1797 478 vir-

121 524 237 576 tute
285 524 344 574 et
386 519 669 591 corporis,
700 519 1127 591 operibusque
1168 518 1578 591 praemaximis
1625 513 1793 569 suffi-

120 607 342 662 cienter
369 607 431 661 in
464 607 682 662 Christo
718 605 980 673 enitere,
1009 606 1257 662 consilio
1302 606 1571 675 Hugonis
1599 604 1792 675 Magni

118 696 289 752 ducis
315 695 483 750 dedit
514 694 694 751 tiliam
721 709 913 749 suam
941 695 1042 750 illi.
1065 697 1256 760 Quam
1287 695 1631 751 Guillelmus
1651 710 1790 748 cum

116 784 503 840 mirabilibus
553 782 872 851 fescennis,
928 785 1341 856 apparatibus,
1389 784 1792 855 inauditisque

112 873 442 931 indicibilis
472 872 712 928 honoris
738 878 796 927 et
822 873 1134 943 dignitatis
1152 875 1472 929 ornatibus
1495 873 1793 945 comptius

114 964 424 1032 sutfultus,
470 962 1104 1035 inaestimabiliumque
1150 963 1423 1035 equitum
1467 962 1794 1021 multitudi-

109 1068 184 1107 ne
220 1052 497 1122 undique
526 1067 699 1106 secus
726 1050 1126 1122 constipatus,
1155 1051 1445 1106 conduxit
1473 1049 1793 1119 magniﬁce

108 1141 624 1208 Rothomagensu
680 1138 852 1192 urbis
905 1138 1165 1197 arcibus.
1213 1138 1567 1209 Refulgebat
1612 1138 1674 1192 in
1719 1153 1790 1192 eo

107 1228 410 1284 sanctitas
477 1234 533 1282 et
598 1227 941 1299 prudentia,
1002 1227 1356 1299 praenitebat
1422 1227 1792 1282 incessanter

103 1318 375 1389 tequitas
400 1320 461 1372 et
485 1316 732 1387 justitia.
774 1316 1168 1387 Opprimebat
1198 1316 1492 1388 superbos
1522 1322 1580 1372 et
1608 1316 1791 1371 male.

101 1406 285 1461 volos
313 1404 612 1471 severiter,
644 1403 951 1459 exaltabat
974 1404 1233 1459 humiles
1262 1410 1320 1461 et
1344 1404 1672 1461 benevolos
1703 1420 1788 1459 re-

102 1499 407 1549 verenter.
469 1496 746 1561 Paganos
796 1496 854 1546 et
910 1492 1250 1548 incredulos
1314 1495 1670 1549 muneribus
1733 1499 1792 1549 et

1906 337 2161 392 detinuit
2203 355 2345 394 cum
2377 342 2502 397 suis
2530 344 2835 401 omnibus.
2869 347 3208 403 Merebatur
3236 356 3436 407 autem
3463 368 3572 409 rex

1902 425 1965 481 in
1996 426 2184 482 domo
2214 429 2512 486 Guillelmi
2542 432 2714 488 ducis
2759 440 2825 490 ut
2860 435 3187 506 demigena
3217 445 3274 495 et
3304 445 3557 498 vernula

1903 515 2157 587 ejusque
2187 518 2647 587 praestolabatur
2672 522 2935 594 supplex
2964 524 3268 595 suffragia.

2546 625 2931 667 APOSTHOPHA.

1902 692 2164 748 Marchio
2191 694 2325 764 jure
2349 701 2564 769 potens
2598 699 2820 755 meritis
2850 700 3153 773 digneque
3184 704 3506 775 refulgens,

1902 782 2066 837 Ultro
2096 784 2261 839 natio
2290 802 2547 860 quaeque
2572 789 2677 844 tibi
2706 790 2891 845 modo
2916 790 3157 847 subdita
3186 794 3362 863 cedit,

1901 871 2100 941 Diligit
2124 872 2504 945 incumbens,
2534 878 2731 945 servit,
2765 879 3110 947 famulatur,
3139 881 3407 940 inhaeret.

1902 961 2057 1026 Quin
2087 978 2263 1034 prece
2288 981 2391 1021 rex
2421 968 2633 1023 humili
2660 969 2915 1041 supplex
2943 984 3296 1043 pronusque
3325 972 3573 1045 requirit

1904 1050 2203 1119 Sutfragia
2235 1059 2421 1109 semet
2452 1054 2663 1111 virtute
2693 1060 2919 1130 tuaque
2948 1058 3117 1113 tueri.

1899 1138 2358 1212 Pontiﬁcesque,
2379 1142 2586 1213 duces,
2610 1144 2877 1211 comites,
2905 1160 3185 1217 proceres
3208 1152 3567 1216 reverentur,

1900 1229 1966 1281 Et
1992 1226 2204 1294 clerus,
2238 1230 2581 1304 vulgusque
2614 1233 2795 1288 simul
2820 1250 2994 1288 secus
3024 1234 3359 1307 utriusque,

1901 1318 1970 1371 Ut
2000 1318 2271 1386 gerulam
2301 1321 2490 1392 pacis,
2524 1338 3088 1395 prrecursoremque
3120 1324 3353 1397 salutis,

1896 1406 2091 1461 Armis
2121 1414 2178 1461 et
2208 1424 2385 1479 prece
2418 1415 2471 1465 te
2499 1410 2611 1465 sibi
2636 1416 2895 1484 poscunt
2923 1412 3220 1468 auxiliari.

1971 1496 2296 1551 Confestim
2351 1498 2700 1554 Guillelmus
2748 1501 3080 1573 quemdam
3118 1504 3575 1572 Tetgerum,tyv

101 1583 309 1639 verbis
340 1581 690 1637 adducebat
719 1580 797 1634 ad
828 1580 1057 1635 cultum
1087 1597 1241 1635 veras
1290 1581 1452 1649 ﬁdei,
1481 1583 1789 1638 credentes
1822 1606 1858 1657 Β
1894 1600 2106 1639 ronem
2133 1585 2357 1641 domus
2386 1604 2508 1641 suae
2534 1589 2868 1662 principem
2917 1590 3077 1645 misit
3126 1590 3206 1645 ad
3244 1590 3569 1648 Henricum

102 1672 369 1741 urgebat
422 1670 501 1725 ad
551 1670 797 1724 laudem
849 1669 1081 1725 Christi.
1130 1673 1258 1725 Non
1305 1671 1501 1726 solum
1550 1688 1789 1727 monar-

100 1762 307 1817 chiam
333 1776 525 1833 quam
560 1759 798 1815 tenebat
827 1759 1093 1826 regebat,
1125 1775 1337 1815 verum
1368 1762 1552 1817 etiam
1582 1762 1787 1818 aiﬁnia

100 1868 293 1920 regna
320 1855 567 1905 strenuo
601 1848 852 1904 consilio
882 1849 1259 1905 moderabat.
1293 1850 1467 1919 Angli
1492 1853 1787 1923 parebant

105 1942 243 2010 ejus
270 1938 605 2003 mandatis,
642 1937 849 1993 Franci
873 1942 930 1992 et
952 1938 1413 2006 Burgundiones
1435 1941 1487 2009 ej
1499 1957 1567 1995 us
1591 1941 1783 1997 dictis.

106 2030 487 2100 Ubicumque
536 2031 834 2082 terrarum
879 2042 1105 2081 nomen
1139 2027 1268 2097 ejus
1297 2028 1677 2095 audiebatur,
1706 2031 1785 2086 ab

108 2114 401 2169 omnibus
428 2114 957 2183 magniﬁcabiliter
984 2115 1365 2171 laudabatur.
1389 2118 1653 2173 Audiens
1683 2135 1785 2174 au-

106 2207 229 2258 tem
248 2203 545 2259 Alstemus
565 2220 669 2259 rex
690 2203 1019 2272 Anglorum
1040 2205 1331 2276 pacificus
1356 2206 1527 2277 quod
1544 2208 1787 2278 praecel-

103 2292 269 2347 lebat
299 2292 647 2349 Guillelmus
678 2294 889 2348 virtute
920 2298 976 2348 et
1019 2293 1286 2365 potentia
1316 2295 1646 2352 Franciscte
1674 2314 1783 2353 na-

108 2382 289 2437 tionis
321 2382 633 2445 omnibus,
667 2382 828 2437 misit
858 2382 938 2438 ad
988 2398 1125 2437 eum
1180 2383 1405 2451 legatos
1455 2402 1597 2441 suos
1644 2403 1784 2442 cum

106 2472 286 2528 donis
336 2471 746 2543 prtemaximis
804 2476 862 2527 et
920 2471 1293 2542 muneribus,
1335 2472 1671 2545 deprecans
1721 2482 1787 2532 ut

110 2561 483 2617 Ludovicum
548 2565 834 2634 nepotem
891 2578 1096 2627 suum,
1154 2562 1344 2617 Caroli
1408 2566 1567 2636 capti
1626 2567 1783 2635 regis

110 2656 304 2707 morte
329 2652 460 2721 jam
482 2650 540 2706 in
572 2652 851 2724 captione
882 2651 1287 2723 praeoccupati
1309 2650 1517 2719 filium,
1549 2672 1788 2712 revoca-

111 2746 196 2796 ret
252 2740 335 2795 ad
391 2741 646 2796 Francia
694 2756 972 2811 regnum.
1016 2739 1284 2811 illudque
1342 2746 1627 2800 statueret
1679 2746 1782 2815 illi,

112 2848 249 2886 cum
263 2830 519 2886 consilio
532 2833 903 2888 Francorum
920 2829 1306 2886 sublimanda
1323 2830 1382 2884 in
1402 2839 1780 2904 perpetuum,

114 2925 293 2992 atque
323 2920 737 2977 misericordia
768 2924 970 2975 motus
1002 2936 1112 2991 pro
1143 2935 1347 2974 amore
1379 2920 1469 2975 sui
1498 2923 1787 2994 reciperet
1814 2959 1855 3011 C

115 3009 413 3065 Alannum
442 3008 763 3064 Britanniae
789 3008 1139 3064 offensionis
1166 3008 1343 3081 culpa
1369 3010 1645 3079 ejectum,
1668 3013 1787 3067 sui-

117 3113 229 3168 que
251 3097 483 3152 amoris
512 3097 703 3165 gratia
721 3098 1047 3170 privatum.
1073 3097 1227 3152 Illico
1254 3099 1527 3154 consultu
1555 3101 1787 3155 Guillel-

119 3187 197 3240 mi
251 3186 431 3241 ducis
491 3188 1063 3251 Northmannorum,
1123 3189 1289 3254 Hugo
1346 3204 1609 3255 magnus
1661 3190 1785 3245 dux

118 3276 694 3349 praepotentissimus
724 3279 1089 3332 Francorum
1122 3281 1300 3347 atque
1326 3278 1661 3334 Heribertus
1687 3297 1784 3335 sa-

124 3370 287 3436 trapa
313 3365 659 3438 principum
683 3364 886 3420 ascitis
914 3364 1213 3436 episcopis
1231 3380 1369 3420 cum
1387 3367 1634 3423 coasilio
1662 3386 1785 3424 me-

123 3452 617 3525 tropolitanorum
670 3458 1099 3509 revocaverunt
1146 3453 1496 3511 festinanter
1536 3454 1788 3509 Ludovi-

124 3558 277 3611 cum,
329 3558 592 3614 eumque
640 3548 944 3597 unxerunt
992 3541 1109 3597 sibi
1164 3558 1365 3611 regem
1420 3543 1785 3615 populorum

124 3630 367 3685 Francia
398 3630 867 3702 Burgundiaque
896 3631 1281 3685 morantium.
1313 3630 1613 3685 Alannum
1641 3647 1784 3686 vero

122 3738 253 3776 cum
289 3721 590 3776 Ludovico
630 3737 993 3791 regressum,
1028 3721 1375 3777 Guillelmus
1422 3738 1534 3794 pro
1578 3738 1783 3777 amore

122 3811 274 3879 regis
306 3810 552 3868 Alstemi
582 3810 822 3883 recepit,
852 3816 910 3865 et
956 3810 1253 3883 quidquid
1302 3810 1651 3866 Britannica:
1693 3828 1782 3861 re-

123 3900 314 3963 gionis
340 3900 691 3971 possidebat
719 3900 995 3956 reddidit.
1022 3905 1271 3971 Ipseque
1288 3900 1553 3955 Alannus
1579 3908 1787 3970 postea

124 3989 417 4043 Guillelmi
444 3988 746 4044 mandatis
772 3989 1179 4045 indesinenter
1199 3989 1787 4044 inheesit.Traus:;cto

126 4092 263 4131 vero
295 4081 433 4147 post
465 4077 808 4132 unctionem
830 4077 985 4145 regis
1013 4077 1193 4132 unius
1222 4077 1395 4132 lustri
1422 4076 1638 4149 spatio,
1665 4093 1787 4132 cm-

124 4169 340 4235 perunt
370 4164 581 4219 Franci
610 4169 818 4220 contra
846 4181 989 4220 eum
1017 4165 1265 4235 litigare,
1302 4165 1623 4238 multisque
1654 4182 1787 4221 mo-

126 4253 213 4308 dis
235 4269 382 4307 eum
411 4254 770 4325 opprimere,
790 4254 1117 4326 quinetiam
1139 4255 1336 4310 conati
1366 4260 1506 4310 sunt
1535 4272 1570 4310 a
1598 4270 1785 4324 regno

125 4341 461 4396 extrudere.
496 4342 709 4397 Videris
738 4347 941 4399 autem
973 4359 1077 4400 rex
1108 4360 1169 4398 se
1196 4342 1453 4412 destitui,
1485 4348 1542 4398 et
1566 4359 1677 4415 pro
1702 4344 1789 4398 ni—

124 4430 244 4485 hilo
276 4446 315 4485 a
345 4431 719 4499 Francigenis
740 4432 898 4498 duci,
919 4433 1077 4487 misit
1098 4433 1325 4503 legatos
1357 4432 1429 4487 ad
1466 4432 1785 4489 Henricum

122 4535 332 4585 regem
394 4517 949 4589 Transrlienanum,
1010 4522 1317 4593 requirens
1374 4521 1503 4590 ejus
1555 4522 1787 4592 adjuto-

121 4608 566 4679 rium,insuper
584 4613 640 4664 et
661 4609 920 4669 amicitia
937 4610 1215 4679 colligare
1234 4611 1403 4669 illum
1426 4610 1538 4666 sibi
1567 4610 1626 4669 in
1653 4627 1784 4682 per-

122 4704 398 4771 petuum.
434 4699 660 4766 Quibus
708 4716 1067 4772 responsum
1106 4704 1193 4759 est
1245 4716 1368 4759 non
1417 4716 1477 4755 se
1508 4700 1786 4758 foederari

122 4805 265 4849 cum
296 4803 437 4857 rege
466 4790 852 4860 Francorum,
885 4789 995 4847 nisi
1025 4805 1128 4861 per
1158 4789 1533 4851 Guillelmum
1565 4790 1783 4849 ducem

122 4878 696 4938 Northmauuorum.
733 4879 829 4939 His
854 4878 1033 4948 igitur
1064 4880 1432 4953 renuntiatis,
1465 4896 1567 4939 rex
1600 4881 1786 4939 Ludo-

122 4966 294 5025 vicus
315 4966 637 5029 multarum
659 4967 1111 5029 tribulationum
1131 4968 1504 5027 contumeliis
1529 4969 1780 5035 attritus,

124 5054 648 5129 plurimarumqne
702 5056 1283 5128 inopportunitatum
1344 5056 1784 5118 calamitatibus

123 5142 408 5208 afﬂictus,
440 5146 599 5200 venit
626 5144 705 5203 ad
736 5145 976 5205 Balonis
1017 5150 1284 5205 montem
1313 5150 1521 5206 contra
1546 5146 1782 5205 Guillel—

122 5249 298 5295 mum
311 5232 526 5291 ducem
537 5235 715 5291 North
726 5234 1446 5307 mannorum,deprecans
1462 5239 1525 5293 ut
1540 5252 1602 5291 se
1615 5236 1711 5305 adj
1725 5253 1788 5291 u~

125 5326 294 5385 varet
312 5326 372 5377 et
388 5321 732 5381 defenderet
755 5330 961 5381 contra
992 5324 1252 5383 Francos
1273 5323 1382 5381 sibi
1408 5324 1782 5396 rebellantes,

126 5410 575 5484 amicitiamque
599 5413 831 5471 Henrici
858 5414 1014 5483 regis
1040 5413 1447 5471 Transhenani
1473 5419 1530 5468 et
1552 5415 1785 5485 adjuto-

126 5500 283 5561 rium
331 5500 447 5559 sibi
494 5501 842 5574 acquireret.
876 5506 1035 5559 Tunc
1068 5502 1434 5570 Guillelmus,
1466 5499 1783 5557 aﬁlictione

127 5590 284 5659 regis
313 5590 527 5663 pietate
554 5595 774 5659 motus.
801 5592 1092 5655 conduxit
1117 5608 1259 5653 eum
1292 5589 1786 5661 Rothomagensi,

1897 1674 2434 1731 Transhrenanum
2487 1694 2712 1745 regem,
2748 1684 2812 1734 ut
2856 1678 3023 1750 quod
3080 1678 3421 1734 Ludovicus
3468 1697 3573 1738 rex

1896 1763 1974 1817 ab
2014 1780 2083 1818 eo
2130 1764 2492 1836 requirebat,
2525 1782 2634 1838 per
2674 1783 2925 1824 manum
2975 1783 3154 1823 suam
3203 1766 3404 1824 facere
3447 1786 3571 1826 non

1896 1852 2176 1908 differret.
2216 1857 2395 1908 Erant
2423 1855 2582 1913 enim
2634 1856 2924 1910 Henricus
2970 1872 3097 1923 rex,
3131 1855 3381 1927 duxque
3413 1859 3571 1914 Guil-

1895 1938 2131 2007 lelmus,
2191 1941 2624 1999 indissolubilis
2679 1943 2956 2001 amicitiae
3012 1947 3190 2015 pacto
3238 1945 3568 2016 conjuncti,

1896 2031 2430 2103 competentiisque
2494 2037 2720 2087 mutuae
2772 2033 3099 2089 voluntatis
3164 2031 3245 2088 ad
3312 2036 3570 2092 invicem

1895 2118 2038 2173 olim
2068 2119 2360 2176 fcederati.
2398 2120 2688 2176 Henricus
2715 2139 2858 2177 vero
2884 2138 2988 2177 rex
3022 2122 3342 2189 Tetgerum
3376 2126 3569 2182 hono-

1892 2208 2055 2263 riﬁce
2103 2209 2346 2281 recepit,
2380 2213 2437 2264 et
2483 2209 2751 2269 diuturni
2796 2211 3084 2283 temporis
3123 2212 3319 2282 spatio
3362 2232 3568 2272 secum

1894 2300 2117 2354 morari
2159 2298 2313 2354 fecit.
2352 2301 2563 2353 Postea
2593 2316 2736 2355 vero
2781 2299 3137 2355 muneribus
3166 2302 3343 2358 variis
3371 2309 3429 2360 et
3456 2304 3568 2360 do-

1893 2388 1988 2442 nis
2016 2388 2268 2443 diversis
2294 2387 2572 2451 ditatum,
2600 2389 2826 2445 remisit
2855 2388 3025 2443 illum
3055 2387 3134 2444 ad
3162 2389 3383 2449 ducem
3412 2393 3569 2450 Guil-

1894 2476 2142 2532 lelmum
2182 2483 2240 2532 et
2284 2493 2423 2532 cum
2471 2492 2543 2531 eo
2584 2480 2892 2534 Cononem
2923 2477 3163 2546 ducem,
3196 2489 3564 2539 secretorum

1896 2581 2142 2620 suorum
2173 2565 2504 2621 conscium.
2540 2568 2732 2631 Quem
2758 2566 3106 2623 Guillelmus
3136 2583 3278 2626 cum
3310 2571 3563 2626 miriﬁco

1895 2654 2331 2710 inmstimabilis
2361 2657 2704 2713 reverentiae
2753 2656 2918 2711 cultu
2954 2656 3234 2727 suscepit,
3266 2660 3563 2731 cujusque

1893 2744 1975 2798 rei
2003 2760 2190 2801 causa
2219 2749 2399 2799 tanta;
2425 2743 2731 2814 dignitatis
2758 2745 3025 2817 tantique
3054 2745 3300 2802 honoris
3327 2748 3453 2803 dux
3484 2748 3564 2803 ad

1896 2850 1959 2888 se
1993 2833 2233 2899 veniret,
2267 2834 2673 2903 interrogavit.
2727 2835 2832 2891 Cui
2877 2840 3074 2891 Cono:
3118 2857 3145 2883 ‹‹
3171 2838 3371 2894 Misisti
3401 2838 3562 2893 enim

1896 2923 1973 2977 ad
2049 2923 2369 2977 Henricum
2446 2928 2718 2979 nostrum
2791 2939 3016 2991 regem,
3070 2929 3187 2979 tute
3265 2926 3562 2983 facultatis

1896 3012 2288 3082 prosperitate
2340 3012 2612 3080 hilarem,
2663 3017 2729 3068 ut
2783 3013 2913 3086 ipse
2961 3017 3018 3067 et
3076 3013 3411 3072 Ludovicus
3456 3031 3562 3071 rex

1898 3099 2160 3154 Francius
2180 3100 2442 3158 vicissim
2475 3116 2581 3171 per
2610 3101 2927 3156 consilium
2957 3101 3291 3172 prudentiae
3317 3109 3433 3159 tuae
3457 3104 3562 3159 fm-

1895 3189 2265 3254 derarentur,
2307 3194 2364 3244 et
2404 3205 2586 3261 quem
2634 3190 2850 3244 horum
2896 3190 3220 3245 necessitas
3260 3196 3558 3260 urgueret,

1895 3277 2134 3333 alterius
2185 3277 2397 3333 solatio
2445 3278 2797 3335 muniretur.
2836 3281 3166 3333 Decernens
3213 3285 3413 3335 autem
3456 3296 3561 3335 rex

1893 3367 2010 3422 hoc
2038 3358 2355 3421 Consilium
2385 3367 2495 3421 sibi
2534 3372 2591 3422 et
2630 3366 2751 3421 suis
2780 3365 3175 3437 salutiferum,
3208 3373 3266 3422 et
3292 3383 3400 3440 per
3428 3383 3559 3423 ma-

1894 3472 2044 3511 num
2075 3460 2242 3511 tuam
2272 3456 2518 3527 insuper
2550 3456 2761 3511 stabile
2791 3461 2848 3511 et
2890 3456 3157 3524 firmum,
3187 3456 3349 3512 misit
3372 3473 3469 3511 me
3499 3457 3562 3511 ti-

1894 3545 1977 3610 bi,
2010 3549 2077 3600 ut
2105 3546 2411 3602 conducas
2462 3561 2664 3614 regem
2697 3545 2774 3601 ad
2818 3545 3126 3617 placitum,
3156 3546 3560 3619 praecepitque

1897 3650 1993 3689 me
2023 3635 2245 3689 morari
2283 3652 2394 3708 pro
2424 3635 2636 3691 obside
2669 3651 2791 3706 quo
2821 3634 3013 3689 mavis
3042 3636 3335 3706 positum,
3366 3636 3560 3691 donec

1894 3723 2210 3778 revertaris
2240 3724 2614 3794 reducesque
2646 3738 2850 3789 regem
2900 3721 2978 3775 ab
3009 3722 3175 3776 omni
3204 3723 3559 3780 adversitate

1899 3826 2253 3866 securum.»
2312 3811 2574 3864 Audiens
2624 3813 2827 3863 autem
2872 3807 3217 3863 Guillelmus
3264 3810 3556 3864 mirandas

1897 3902 2077 3969 atque
2101 3897 2534 3953 inaestimandae
2558 3895 2872 3965 legationis
2894 3895 3273 3961 mandatum,
3296 3896 3455 3951 misit
3478 3895 3557 3950 ad

1896 4002 2099 4057 regem
2133 3986 2519 4054 Ludovicum,
2556 3989 2613 4039 et
2654 3984 2893 4039 redditit
2943 3982 3074 4038 talis
3115 3983 3429 4049 legationis
3459 3999 3559 4039 ne-

1899 4074 2059 4145 gotio
2080 4075 2441 4146 jucundum.
2483 4075 2724 4128 Statutee
2756 4071 3137 4144 profectionis
3180 4073 3276 4129 die
3305 4088 3556 4141 congre-

1898 4168 2038 4233 gata
2079 4162 2608 4219 innumerabilium
2639 4160 3019 4216 multitudine
3049 4160 3376 4230 legionum,
3410 4162 3559 4219 dixit

1898 4253 2244 4309 Guillelmus
2283 4253 2361 4306 ad
2399 4254 2703 4307 Cononem
2746 4250 2964 4305 ducem
2995 4251 3324 4321 Saxonum,
3353 4250 3556 4307 volens

1897 4342 2149 4413 experiri
2203 4341 2251 4395 si
2301 4340 2450 4412 quid
2497 4339 2676 4395 corde
2728 4340 2858 4409 ejus
2922 4338 3131 4397 lateret
3182 4340 3551 4396 obscurum:

1899 4452 1925 4480 (ι
1957 4434 2229 4503 Ριυιιερειιεθ.
2278 4434 2332 4484 te
2372 4428 2582 4495 itineri,
2616 4433 2673 4484 et
2702 4428 2925 4483 instrue
2950 4432 3006 4483 te
3034 4427 3296 4483 celeriter
3342 4427 3551 4494 ocreis,

1897 4520 2041 4592 quia
2080 4519 2311 4575 mittam
2342 4523 2397 4575 te
2426 4518 2557 4572 urbi
2602 4518 3007 4589 Bajocacensi,
3040 4517 3230 4577 donec
3259 4521 3325 4571 ut
3352 4516 3555 4572 dixisti

1896 4615 2267 4665 revertamur
2302 4607 2469 4664 illesi.
2503 4608 2671 4662 Tunc
2698 4610 2898 4663 Cono:
2947 4608 3096 4663 Mitte
3135 4622 3232 4663 me
3275 4621 3399 4677 quo
3444 4605 3550 4672 vis,

1898 4697 2076 4752 etiam
2110 4696 2278 4752 Dacis
2307 4700 2425 4752 tua)
2477 4695 2686 4751 ditioni
2716 4696 3038 4751 subditis.»
3073 4698 3137 4750 Et
3165 4693 3511 4750 Guillelmus
3537 4710 3549 4749 :

1901 4809 1928 4835 α
1952 4790 2176 4842 Mecum
2206 4786 2285 4842 ad
2313 4785 2600 4857 placitum
2627 4785 2759 4851 ibis,
2783 4786 2927 4858 quia
2953 4802 3076 4842 non
3113 4801 3247 4840 sum
3274 4782 3555 4840 difﬁdens

1901 4876 2004 4931 tui.
2030 4898 2059 4927 υ
2104 4880 2170 4931 Et
2203 4878 2396 4931 Ceno:
2444 4897 2471 4924 «ι
2504 4875 2560 4933 Si
2606 4875 3064 4943 Bajocasensem
3096 4875 3393 4931 civitatem
3423 4889 3556 4946 per-

1898 4981 2124 5033 rexero,
2157 4970 2295 5020 tuus
2335 4963 2528 5020 ﬁdelis
2558 4963 2970 5019 incunctanter
3001 4965 3205 5019 existo.
3250 4963 3350 5021 Sin
3386 4980 3551 5033 vero,

1895 5056 2060 5127 quod
2090 5070 2211 5109 non
2243 5054 2444 5122 credo,
2477 5058 2674 5108 tecum
2720 5052 3022 5122 profectus
3064 5053 3252 5120 fuero,
3290 5058 3427 5111 tuus
3466 5070 3557 5109 ar»

1896 5144 2087 5211 miger
2128 5129 2286 5196 ﬁdus
2326 5146 2646 5212 custosque
2692 5139 2825 5194 vita:
2856 5143 2968 5193 tuae
3012 5143 3293 5194 constans
3344 5145 3553 5197 contra

1896 5233 2157 5291 hostium
2188 5230 2435 5289 insidias
2464 5243 2877 5302 permansero.
2896 5251 2923 5279 ››

1968 5322 2067 5378 His
2096 5320 2620 5385 dictis,occurrunt
2641 5316 2957 5373 unanimes
2979 5333 3115 5375 cum
3144 5317 3404 5377 exercitu
3424 5332 3553 5375 ma-

1897 5428 2016 5481 gno
2040 5409 2339 5470 Ludovico
2365 5407 2508 5477 regi.
2533 5406 2915 5463 Laudunensi
2946 5422 3104 5479 pago
3134 5424 3271 5465 cum
3300 5407 3550 5475 Hugone

1896 5505 2106 5569 Magno
2127 5500 2279 5556 duce
2301 5504 2355 5557 et
2378 5496 2683 5555 Heriberto
2708 5494 2921 5551 comite
2949 5512 3050 5552 eos
3079 5496 3433 5569 expectanti.
3463 5495 3550 5557 Vi.

1898 5590 2108 5651 dentes
2136 5592 2305 5659 Hugo
2326 5588 2451 5649 dux
2472 5599 2795 5658 comesque
2808 5583 3623 5767 Heribertustamimm?
