4004 6178
403 164 503 220 671
1378 161 1685 218 DUBONIS
1723 157 1981 216 DECANI
2019 159 2074 213 S.
2118 158 2432 224 QUINTINI
2467 162 2864 221 WBOMAND.

3739 158 3860 214 672

407 302 488 341 sae
533 283 927 340 multitudinis
967 283 1232 354 legiones
1276 284 1580 340 Britonum
1629 283 2065 338 Northmanno-
2103 285 2152 338 Α
2183 300 2325 339 vero
2357 299 2465 356 per
2487 283 2793 340 Daciscam
2815 281 3108 353 linguam,
3131 297 3268 354 quin
3288 279 3568 337 dicebant
3584 278 3865 336 subsan-

407 390 665 446 rumque
714 372 1000 428 militibus
1031 374 1451 446 praecellentes,
1484 377 1840 446 stupuerunt
1868 370 1944 426 ad
1975 370 2069 424 in~

409 464 600 519 vicem
647 461 948 518 dicentes:
1007 486 1033 512 «
1064 464 1215 528 Quid
1261 463 1448 519 nostri
1477 462 1759 519 exercitui
1796 465 1854 516 et
1881 459 2019 516 huic
2042 459 2070 514 ‘?

413 551 471 608 Si
501 551 647 606 forte
685 550 838 606 inter
867 568 979 608 nos
1004 557 1061 608 et
1088 553 1218 609 illos
1243 553 1512 624 jurgium
1542 551 1788 620 venerit,
1815 549 2068 606 devora-

409 641 561 697 bunt
603 655 713 696 nos
760 644 827 695 ut
863 657 1054 712 agnos
1086 641 1230 714 lupi.
1258 664 1286 692 »
1332 641 1420 698 Ab
1450 641 1590 697 hinc
1620 641 1792 711 Hugo
1824 643 2071 708 Magnus

410 732 468 785 et
495 728 831 784 Heribertus
871 746 1074 786 comes
1114 731 1421 802 jusserunt
1467 746 1740 787 seorsum
1782 727 2065 801 equitare.

413 821 594 889 atque
619 815 1051 874 interdixerunt
1072 819 1353 874 exercitui
1374 817 1664 875 Guillelmi
1685 817 1918 873 nullum
1939 831 2050 870 suo

413 921 550 960 rum
581 904 988 962 commiscere.
1041 909 1174 962 Erat
1203 923 1344 962 vero
1375 923 1515 962 cum
1544 903 2074 962 innumerabilium

415 992 748 1066 frequentia
779 995 1148 1050 exercituum
1176 1011 1278 1050 rex
1309 994 1618 1050 Heinricus
1644 995 1704 1049 in
1732 993 1864 1049 loco
1895 1007 2075 1065 super

417 1083 640 1138 Mosam
687 1082 793 1154 qui
832 1083 1046 1138 dicitur
1098 1086 1396 1154 Veusegus
1438 1085 1743 1154 (Vouziers
1783 1083 1863 1138 ad
1903 1083 2066 1137 Axo-

416 1171 600 1240 nam).
639 1170 1170 1244 Appropinquante
1213 1187 1350 1227 vero
1392 1188 1530 1243 rege
1575 1171 1939 1229 Luthdovico
1988 1168 2068 1225 ad

415 1259 768 1331 praedictum
788 1259 988 1332 placiti
1002 1260 1224 1329 locum,
1239 1263 1554 1318 antecessit
1570 1261 1916 1318 Guillelmus
1931 1275 2072 1316 cum

415 1347 758 1418 quingentis
783 1347 1090 1419 militibus,
1111 1367 1222 1406 suo
1251 1351 1485 1407 monitu
1499 1351 1872 1425 praecedente
1889 1353 2076 1406 Cono-

416 1449 492 1488 ne
521 1433 674 1489 duce
699 1440 756 1490 et
778 1437 1217 1508 praenuntiante
1247 1440 1371 1510 regi
1401 1440 1494 1495 his
1525 1440 1716 1495 verbis
1747 1439 2076 1495 adventum

417 1523 547 1592 ejus
578 1541 591 1576 :
625 1545 651 1571 ‹‹
678 1525 936 1581 Marchio
966 1527 1212 1600 duxque
1244 1530 1793 1585 Northmannorum
1823 1533 1880 1584 et
1898 1527 2079 1583 Brito-

417 1627 566 1667 num
597 1613 942 1670 Guillelmus
971 1616 1178 1673 ﬁdeles
1219 1618 1324 1674 tibi
1366 1619 1428 1674 in
1473 1619 1700 1676 Christo
1730 1618 2074 1674 famulatus.
2108 1639 2148 1691 Β

423 1699 642 1756 Nolens
673 1718 770 1757 me
817 1703 1068 1760 retinere
1097 1721 1207 1778 pro
1255 1705 1484 1772 obside,
1518 1710 1912 1762 sacrosanctae
1942 1704 2083 1760 ﬁdei

419 1790 536 1843 tuae
562 1791 766 1845 tenore
793 1790 955 1846 venit
984 1791 1062 1846 ad
1096 1798 1169 1861 te,
1202 1793 1485 1866 cupitque
1509 1795 1657 1867 quid
1682 1794 1987 1865 agendum
2009 1793 2082 1849 sit

419 1876 570 1932 inter
601 1882 654 1932 te
681 1886 738 1934 et
763 1894 968 1948 regem
1000 1881 1368 1938 Ludovicum
1389 1883 1706 1955 inquirere.
1730 1907 1757 1932 »
1789 1887 1949 1939 Tunc
1975 1899 2080 1938 rex

421 1965 726 2022 Heinricus
751 1985 765 2023 :
801 1991 827 2015 ‹‹
847 1969 1029 2039 Cujus
1055 1971 1362 2042 potestatis
1392 1973 1638 2043 cujusve
1666 1973 1972 2043 dignitatis
1990 1971 2081 2027 vel

421 2054 666 2110 honoris
692 2061 872 2129 atque
897 2057 1181 2114 bonitatis
1206 2065 1293 2116 est
1321 2061 1429 2116 iste
1457 2061 1822 2127 Guillelmus,
1840 2061 1945 2133 qui
1969 2061 2080 2116 mi-

421 2143 482 2199 hi
505 2145 694 2213 gratia
719 2145 994 2202 amicitiae
1021 2153 1108 2203 est
1127 2152 1506 2206 connexus?»
1537 2151 1860 2224 Respondit
1884 2167 1896 2205 :
1927 2173 1952 2198 ι(
1973 2153 2084 2206 Ma-

423 2249 557 2304 gnae
587 2234 882 2305 patientiae
913 2241 971 2292 et
993 2237 1257 2308 justiﬁes,
1290 2255 1649 2313 magnaeque
1697 2239 2002 2312 potestatis
2027 2245 2087 2296 et

367 2394 376 2403 _
425 2320 816 2391 suﬁicientiee,
850 2325 1177 2398 magnique
1220 2333 1278 2383 et
1305 2327 1558 2384 inauditi
1585 2328 1832 2385 honoris
1862 2334 1920 2385 et
1947 2345 2086 2402 pru-

425 2411 662 2468 dentite.
697 2412 1024 2487 Nullusque
1054 2431 1178 2486 rex,
1209 2416 1323 2473 nisi
1363 2422 1444 2484 tu,
1474 2418 1792 2492 nullusque
1821 2418 1944 2474 dux
1983 2435 2083 2475 co-

424 2516 629 2556 mesve
660 2506 784 2558 tam
832 2505 1194 2574 magniﬁcus
1243 2511 1308 2563 ut
1352 2507 1714 2564 Guillelmus.
1745 2508 2084 2581 Principum

424 2593 828 2664 tyronumque
858 2592 1191 2665 frequentia
1220 2596 1430 2653 sedula
1456 2598 1850 2670 constipatus,
1888 2598 2084 2653 aureis

423 2678 586 2733 vasis
608 2680 962 2753 poculisque
988 2683 1300 2754 splendide
1322 2686 1618 2758 epulatur,
1642 2702 2086 2758 vernarumque

425 2769 720 2825 nobilium
751 2777 930 2842 atque
963 2788 1275 2828 servorum
1304 2775 1662 2832 multimoda
1683 2777 2090 2846 exaggeratio-

428 2874 504 2913 ne
535 2859 1228 2932 circumseptus,exercet
1251 2864 1391 2934 jura
1420 2865 1777 2938 decretaque
1803 2866 2087 2921 hortodo-

426 2962 643 3002 xorum
665 2950 905 3004 Patrum
933 2950 1196 3006 sedulus.
1231 2956 1415 3009 Nemo
1437 2954 1653 3024 justior
1674 2955 1733 3010 in
1762 2954 1951 3022 factis,
1983 2971 2088 3010 ne-

429 3051 531 3091 mo
562 3037 823 3092 sanctior
870 3037 928 3093 in
973 3039 1164 3105 dictis,
1197 3057 1376 3098 nemo
1425 3043 1722 3114 potentior
1767 3044 1826 3099 in
1879 3044 2086 3099 armis.

433 3123 638 3180 Nullus
669 3126 852 3182 audet
896 3127 990 3183 alii
1040 3128 1100 3183 in
1130 3145 1318 3199 regno
1349 3147 1461 3187 suo
1489 3132 1908 3204 prae-judicium
1939 3131 2091 3188 face-

427 3228 509 3277 re,
543 3214 744 3270 nullus
796 3215 1022 3272 furtum
1073 3223 1128 3273 et
1177 3219 1556 3289 sacrilegium
1607 3226 1970 3294 perpetrare.
2005 3221 2092 3276 Vi-

428 3308 578 3359 vunt
619 3305 829 3360 incolae
860 3310 1027 3362 terrm
1059 3306 1214 3362 illius
1244 3309 1478 3379 legibus
1506 3309 1708 3366 afﬂicti
1738 3311 2089 3380 concordes,

428 3391 803 3467 decretisque
833 3401 1179 3452 sanctorum
1228 3401 1467 3454 Patrum
1515 3399 1750 3454 coerciti
1781 3406 2092 3456 morantur

427 3482 805 3538 unanimes.»
831 3487 1100 3556 Cumque
1121 3487 1362 3541 aiternis
1384 3487 1989 3544 sermocinationibus
2011 3489 2090 3544 vi-

429 3569 627 3624 cissim
656 3570 1064 3642 loquerentur,
1097 3573 1340 3629 advenit
1368 3575 1716 3632 Guillelmus
1746 3593 1884 3632 cum
1918 3578 2091 3650 quin-

429 3657 620 3726 gentis
649 3658 954 3714 militibus.
999 3663 1161 3716 Cono
1209 3662 1333 3718 dux
1388 3667 1452 3719 ut
1501 3664 1729 3720 audivit
1767 3665 2090 3738 adventum

428 3746 578 3816 ejus,
605 3747 776 3802 citius
807 3748 1040 3818 exsiliit,
1073 3766 1400 3824 ensemque
1444 3753 1574 3823 ejus
1617 3754 1889 3826 ﬁdeliter.
1935 3771 2093 3811 rece-

426 3835 536 3907 pit,
565 3840 622 3891 et
663 3836 742 3892 ad
788 3837 1111 3893 Henricum
1155 3855 1358 3909 regem
1396 3847 1733 3898 reverenter
1783 3844 2088 3901 conduxit.

426 3924 736 3980 Heiuricus
791 3931 993 3982 autem
1049 3944 1152 3983 rex
1209 3929 1379 3984 citius
1437 3931 1708 3998 surrexit,
1765 3936 1822 3986 et
1884 3937 2092 3988 contra

428 4014 809 4071 Guillelmum
866 4016 1084 4073 ducem
1150 4018 1366 4075 obvius
1432 4021 1708 4092 perrexit,
1763 4021 2092 4094 osculoque

427 4104 570 4159 dato
622 4109 869 4176 uterque
925 4107 1160 4162 resedit.
1213 4112 1372 4166 Tunc
1417 4109 1800 4166 Guillelmus:
1862 4134 1888 4159 ‹‹
1917 4115 2092 4167 Inter-

429 4208 524 4248 naa
553 4193 883 4249 dilectionis
915 4202 969 4251 et
997 4198 1220 4254 amoris
1250 4215 1352 4254 rex
1381 4199 1780 4255 Luthdovicus
1812 4200 1918 4256 tibi
1944 4201 2091 4257 ﬁde-

429 4281 560 4336 liter
609 4298 854 4338 munus.
908 4285 1106 4342 Misisti
1153 4291 1458 4343 Cononem
1506 4288 1724 4343 ducem
1769 4289 1849 4344 ad
1878 4305 1996 4360 me,
2029 4295 2096 4346 ut

430 4371 698 4426 venirem
742 4373 819 4428 ad
869 4379 944 4441 te,
973 4376 1151 4448 quasi
1180 4392 1290 4448 pro
1318 4378 1570 4449 pignore
1618 4382 1676 4432 et
1715 4377 1942 4432 obside.
1978 4350 2094 4434 Sed
2126 4350 2168 4403 Β

431 4477 556 4516 non
581 4461 665 4516 tui
697 4461 996 4530 difﬁdens,
1025 4481 1164 4520 cum
1213 4481 1283 4519 eo
1327 4482 1441 4536 ego
1467 4482 1623 4521 ecce.
1660 4467 1860 4522 Dixisti
1887 4482 2010 4522 non
2041 4473 2094 4524 te

433 4549 707 4605 amicitiae
737 4556 794 4606 et
821 4551 1098 4622 adjutorii
1125 4552 1344 4626 copula
1373 4554 1732 4626 vinculoque
1773 4555 2094 4610 Luthdovi-

432 4653 502 4693 co
568 4639 692 4709 regi
744 4640 1052 4709 conjungi,
1104 4641 1217 4696 nisi
1272 4641 1617 4698 interessem
1673 4642 1860 4699 factor
1913 4644 2095 4715 hujus

431 4728 673 4798 negotii.
705 4728 1015 4784 Remanda
1058 4730 1180 4799 regi
1229 4730 1378 4802 quid
1409 4732 1521 4787 hac
1548 4749 1610 4787 re
1639 4733 1978 4803 praescitum
2009 4737 2098 4789 est

435 4815 559 4872 tibi.
588 4841 615 4866 »
665 4819 826 4872 Tunc
866 4833 969 4872 rex
1001 4819 1345 4874 Heinricus:
1399 4843 1426 4869 «
1453 4824 1569 4876 Rex
1612 4821 2014 4878 Luthdovicus
2043 4827 2097 4878 te

433 4907 587 4962 duce
637 4908 836 4964 veniat
877 4909 1136 4966 crastina
1181 4910 1297 4977 die,
1347 4915 1568 4984 tuoque
1620 4917 1861 4968 strenuo
1915 4913 2096 4969 inter-

433 5001 618 5051 ventu
643 4996 1025 5069 perficientur
1054 4998 1278 5065 omnia,
1311 5015 1712 5073 quiscumque
1740 5007 1876 5056 sunt
1903 5018 2097 5072 praeo-

435 5089 622 5156 ptata,
671 5087 887 5143 nostris
939 5092 996 5143 et
1042 5087 1252 5142 vestris
1302 5087 1581 5145 ﬁdelibus
1637 5089 1951 5146 salubriter
1998 5099 2099 5147 de-

438 5181 616 5230 creta.
646 5200 672 5225 υ

513 5282 752 5338 Interim
764 5287 1176 5342 Lotharienses
1189 5291 1245 5343 et
1259 5289 1526 5344 Saxones
1545 5289 2102 5361 cmperuntinvecti-

441 5384 513 5424 ve
530 5373 586 5425 et
601 5370 819 5428 ironice
837 5373 1061 5447 alloqui
1083 5379 1410 5446 Cononem,
1429 5376 1691 5434 dicentes
1711 5395 1722 5431 :
1750 5380 1977 5443 «Quam
1996 5377 2102 5433 mi-

440 5474 522 5514 rae
540 5459 881 5519 sufﬁcentiae
900 5466 1274 5536 etpotestatis
1293 5466 1481 5522 etdux
1497 5467 1974 5522 Northmannicae
1989 5467 2104 5521 Bri-

443 5549 774 5622 tonicaeque
804 5552 1088 5620 regionis,
1108 5554 1211 5625 qui
1243 5555 1359 5610 huc
1382 5554 1625 5610 advenit
1645 5571 1793 5610 auro
1825 5560 2102 5627 comptus

442 5641 499 5694 et
527 5643 776 5696 ornatus
810 5656 950 5695 cum
980 5640 1264 5698 militibus
1292 5642 1636 5715 quingentis
1661 5644 1723 5698 1»
1755 5641 2100 5700 Guillelmus

2181 380 2415 445 nantes,
2444 373 2826 444 intelligendo
2871 371 3178 436 subaudit,
3211 386 3664 444 parumperque
3688 385 3866 425 com-

2182 468 2384 520 motus
2423 464 2513 521 ira
2543 463 2815 530 discedit,
2846 467 2904 518 et
2931 477 3329 534 quaecumque
3375 477 3513 532 rege
3560 463 3866 517 narrante

2183 553 2432 625 audivit,
2491 552 2618 624 regi
2671 549 2963 626 exposuit.
3021 550 3290 608 Crastina
3336 566 3476 606 vero
3533 549 3635 605 die
3696 548 3867 618 regis

2185 639 2488 708 Ludovici,
2520 640 2821 714 pergentis
2866 640 2945 696 ad
2994 639 3283 714 placitum
3325 655 3465 695 cum
3510 635 3868 694 incredibili

2186 732 2244 784 et
2288 728 2710 787 innumerabili
2756 729 3037 797 exercitu,
3071 728 3416 785 Guillelmus
3456 742 3870 802 praeoccupa-

2185 818 2270 874 vit
2290 819 2635 876 adventum.
2662 818 3028 875 Willelmidaa
3050 834 3191 874 vero
3216 818 3626 891 praecedentes
3658 815 3870 872 hostia

2186 907 2428 979 domus,
2479 926 2602 982 qua
2657 925 2759 965 rex
2818 907 3126 964 Heinricus
3174 907 3490 973 residebat,
3534 909 3871 978 coeperunt

2187 996 2460 1067 frangere
2484 997 2758 1071 parietes,
2791 996 3165 1069 disrumpere
3215 1000 3271 1052 et
3312 994 3621 1060 divellere,
3676 998 3871 1064 atque

2189 1086 2348 1142 intus
2388 1086 2442 1142 vi
2477 1091 2534 1142 et
2576 1089 2863 1160 potestate
2901 1084 3176 1140 residere.
3211 1088 3330 1140 Rex
3362 1099 3500 1139 vero
3534 1079 3872 1138 Heinricus

2189 1175 2427 1232 illorum
2455 1179 2726 1232 metuens
2753 1175 3068 1247 impetum,
3090 1173 3324 1230 divertit
3347 1188 3408 1228 se
3435 1170 3749 1246 profugus
3788 1168 3874 1224 ad

2189 1263 2370 1321 aliam
2421 1264 2695 1331 domum,
2741 1263 3010 1336 dixitque
3058 1263 3136 1320 ad
3177 1263 3482 1318 Cononem
3539 1258 3876 1316 conscium

2193 1359 2558 1410 secretorum
2587 1369 2837 1408 suorum
2865 1371 2878 1409 ε
2912 1374 2938 1401 ‹‹
2965 1355 3104 1419 Hoc,
3135 1355 3200 1408 ut
3218 1366 3371 1421 reor,
3403 1349 3710 1422 placitum
3739 1361 3876 1403 non

2192 1443 2368 1500 nobis
2395 1441 2608 1500 efﬁcax
2630 1457 2826 1514 neque
2855 1456 3213 1513 congruum,
3234 1455 3446 1496 verum
3461 1441 3738 1494 vertetur
3756 1451 3874 1491 no-

2187 1531 2280 1587 bis
2311 1531 2388 1587 ad
2417 1529 2864 1604 corruptionem
2905 1533 2963 1584 et
3004 1528 3083 1584 ad
3125 1527 3448 1598 interitum,
3481 1525 3639 1600 quin
3680 1525 3875 1580 etiam

2188 1621 2268 1676 ad
2287 1620 2558 1676 deducus
2579 1619 2934 1675 inauditum.
2951 1618 3129 1685 Vade,
3148 1617 3249 1673 dic
3270 1615 3558 1672 Willelmo
3581 1613 3876 1670 omnium

2189 1709 2482 1766 ditissimo
2525 1706 2686 1778 duci,
2719 1713 2784 1764 ut
2812 1706 2952 1776 fide,
2984 1723 3170 1780 quam
3215 1707 3366 1763 inter
3395 1721 3511 1761 nos
3559 1707 3876 1766 tenemus,

2191 1798 2566 1854 stomachato
2594 1797 2832 1852 resistat
2855 1796 3156 1863 exercitui,
3190 1812 3264 1852 ne
3295 1795 3560 1869 amplius
3604 1793 3879 1850 disrum-

2190 1891 2340 1960 pant
2367 1885 2621 1959 parietes
2649 1888 3074 1958 conterantque
3123 1885 3318 1940 hostia
3364 1883 3498 1940 tecti
3526 1881 3759 1948 nostri;
3797 1896 3875 1935 ne

2194 1974 2342 2030 forte
2394 1979 2676 2030 nascatur
2711 1974 2981 2045 jurgium
3031 1972 3182 2028 inter
3222 1973 3494 2045 dispares
3540 1969 3874 2041 variosque

2193 2063 2413 2134 linguis
2439 2064 2766 2136 habituque
2789 2067 2846 2120 et
2873 2062 3076 2119 armis.
3105 2085 3133 2112 »
3164 2065 3294 2119 Mox
3321 2064 3482 2119 Cono
3515 2058 3873 2134 prosiliens,

2194 2151 2460 2208 obviavit
2507 2152 2646 2208 duci
2691 2151 3005 2208 Guillelmo
3030 2151 3286 2207 venienti
3315 2149 3392 2206 ad
3422 2148 3740 2222 placitum,
3783 2163 3876 2202 re-

2195 2240 2442 2314 tulitque
2493 2243 2546 2297 ei
2593 2258 2726 2315 quae
2773 2241 2865 2296 sui
2908 2240 3314 2314 praecedentes
3357 2239 3648 2295 fecerunt.
3698 2239 3876 2292 Tunc

2197 2329 2542 2386 Guillelmus
2587 2331 2728 2387 duci
2778 2330 3038 2388 Cononi:
3101 2352 3129 2379 ‹‹
3162 2333 3238 2386 [te
3281 2333 3356 2396 et,
3398 2332 3466 2384 ut
3499 2343 3639 2384 meo
3677 2327 3881 2398 jussu

2199 2418 2531 2489 discedant,
2595 2420 2676 2476 eis
2739 2419 2934 2476 dicite.
2956 2442 2984 2469 »
3061 2418 3147 2474 llli
3215 2421 3418 2474 autem
3483 2414 3878 2473 advenientis

2202 2508 2462 2564 Cononis
2494 2508 2688 2576 ducis,
2729 2512 2786 2564 et
2829 2508 3128 2582 precantis
3176 2510 3240 2562 ut
3281 2504 3672 2574 discederent,
3703 2520 3880 2576 prae-

2199 2602 2441 2670 ceptum
2505 2613 2628 2653 non
2695 2596 2891 2653 solum
2958 2598 3336 2668 respuerunt,
3395 2609 3610 2649 verum
3678 2592 3876 2648 etiam

2198 2685 2340 2741 foris
2387 2685 2492 2758 qui
2536 2685 2837 2752 astabant,
2888 2689 3135 2740 caeteras
3175 2684 3394 2739 domus
3442 2698 3584 2738 cum
3634 2697 3875 2751 magno

2197 2775 2428 2847 impetu
2457 2781 2514 2831 et
2542 2790 2850 2830 murmure
2899 2773 3258 2846 dissipantes
3302 2772 3678 2827 invaserunt.
3713 2772 3875 2836 Qua-

2199 2869 2442 2936 propter
2493 2867 2656 2920 Cono
2708 2862 2908 2919 statim
2954 2862 3170 2934 rapido
3201 2860 3509 2932 velocique
3550 2876 3741 2914 cursu
3768 2861 3873 2914 ite-

2199 2969 2336 3008 rum
2367 2952 2606 3025 expetiit
2641 2952 2858 3008 ducem
2889 2950 3288 3017 Guillelmum,
3322 2965 3462 3005 cum
3512 2948 3771 3020 reliquis
3801 2948 3876 3002 le-

2201 3041 2480 3111 gionibus
2502 3040 3092 3114 adpropinquantem
3118 3039 3196 3095 ad
3221 3037 3528 3111 placitum,
3560 3036 3871 3109 dixitque:

2201 3153 2228 3179 «
2259 3130 2567 3187 Guillelme
2624 3130 2749 3186 dux
2803 3128 3355 3202 praepotentissime,
3408 3126 3748 3182 noluerunt
3793 3124 3867 3180 tui

2199 3238 2337 3277 meo
2389 3221 2564 3292 jussu
2637 3220 2854 3276 domos
2929 3219 3244 3290 dimittere,
3297 3233 3513 3272 verum
3588 3215 3871 3272 festinant

2201 3315 2446 3366 caeteras
2505 3310 2899 3382 disrumpere.
2959 3312 3171 3364 Precor
3226 3308 3598 3362 humotenus
3660 3305 3869 3371 ﬂexus,

2199 3415 2276 3456 ne
2327 3399 2488 3456 sinas
2553 3398 2696 3455 talia
2760 3397 2908 3465 ﬁeri,
2977 3414 3052 3452 ne
3109 3397 3255 3452 forte
3321 3400 3615 3451 nascatur
3682 3394 3873 3449 laedes

2199 3490 2470 3546 inaudita
2509 3489 2569 3544 in
2623 3488 2817 3561 plebe.
2840 3511 2868 3537 »
2923 3490 3088 3542 Tunc
3139 3483 3487 3542 Guillelmus
3545 3500 3766 3539 ensem
3803 3499 3872 3538 ex

2201 3579 2331 3636 auri
2385 3595 2488 3634 sex
2547 3577 2712 3632 libris
2773 3576 2834 3632 in
2910 3575 3128 3648 capulo
3190 3573 3628 3645 bratteolisque
3695 3577 3873 3644 atque

2199 3669 2382 3724 bullis
2413 3665 2796 3723 artiﬁcialiter
2837 3665 3304 3736 mirabiliterque
3344 3662 3676 3734 sculptum,
3709 3661 3875 3716 dedit

2203 3757 2448 3824 Cononi,
2479 3761 2541 3812 ut
2568 3755 2789 3811 indicio
2818 3754 3078 3811 exeundi
3107 3752 3360 3809 deferret
3405 3768 3546 3808 eum
3597 3757 3656 3807 et
3683 3757 3874 3807 osten-

2201 3848 2368 3903 deret
2410 3845 2630 3915 legioni
2670 3844 2954 3901 domibus
2983 3843 3268 3900 residenti
3296 3842 3643 3914 domosque
3675 3841 3872 3896 adhuc

2203 3934 2539 4008 dissipanti.
2597 3937 2745 3992 Cum
2808 3939 3010 3990 autem
3081 3936 3244 3990 Cono
3302 3932 3520 3987 iterum
3580 3929 3871 3985 festinans

2202 4025 2316 4081 illis
2369 4029 2724 4092 occurreret,
2775 4039 3102 4095 ensemque
3154 4021 3437 4076 Willelmi
3498 4020 3677 4076 ducis
3731 4034 3873 4074 auro

2204 4113 2582 4186 gemmisque
2621 4111 3045 4184 praefulgidum
3092 4110 3204 4167 illis
3232 4110 3700 4174 demonstraret,
3735 4123 3874 4162 con-

2203 4203 2371 4259 tinuo
2423 4218 2547 4258 non
2599 4201 3021 4274 adquiescunt,
3069 4216 3276 4256 verum
3329 4198 3665 4254 summisso
3706 4196 3876 4252 vultu

2205 4291 2454 4364 proclivi
2484 4295 2692 4347 contra
2722 4307 2950 4356 ensem,
2973 4290 3188 4345 domos
3211 4288 3590 4351 dimiserunt,
3615 4299 3880 4357 seseque

2203 4381 2461 4436 nimium
2515 4380 2576 4434 in
2628 4378 2789 4434 exitu
2837 4378 3264 4452 opprimentes,
3298 4376 3425 4432 sine
3452 4390 3772 4431 murmure
3803 4371 3881 4428 ad

2205 4485 2385 4524 suum
2413 4469 2629 4524 ducem
2660 4471 3044 4524 reverterunt.

2277 4577 2626 4634 Guillelmus
2660 4580 2861 4631 autem
2891 4590 3138 4631 veniens
3164 4573 3242 4628 ad
3267 4588 3473 4643 regem
3507 4573 3874 4632 Heinricum,

2203 4665 2352 4722 dixit
2377 4666 2587 4721 adesse
2613 4679 2817 4734 regem
2843 4663 3228 4719 Ludovicum.
3250 4664 3379 4718 Mox
3409 4677 3516 4716 rex
3540 4661 3877 4728 Heinricus,

2205 4760 2454 4824 cogente
2469 4752 3050 4819 Guillelmo,obviam
3073 4751 3126 4806 ei
3140 4751 3402 4818 incessit,
3418 4749 3695 4822 datoque
3714 4766 3879 4805 oscu-

2205 4842 2285 4908 lo,
2313 4842 2712 4914 manibusque
2744 4841 2824 4896 ad
2852 4840 3104 4895 invicem
3133 4837 3486 4910 complosis,
3510 4837 3777 4894 domum
3797 4839 3880 4892 in-

2207 4931 2669 5003 gressi,uterque
2690 4929 2925 4985 resedit.
2948 4928 3256 5000 Multisque
3278 4927 3707 4999 competentiis
3719 4926 3882 4983 varii-

2208 5036 2356 5092 sque
2368 5019 2543 5075 donis
2559 5024 2617 5075 et
2631 5019 2982 5074 muneribus
3000 5017 3260 5072 vicissim
3281 5016 3448 5070 ditati
3459 5015 3880 5085 ,inextricabili

2207 5108 2461 5166 amicitaa
2480 5108 2794 5180 solatiique
2807 5113 2864 5163 et
2879 5106 2974 5177 adj
2986 5105 3158 5162 utorii
3174 5105 3415 5160 vinculo
3432 5121 3542 5177 per
3559 5106 3878 5161 consilium

2207 5197 2735 5272 praecellentissimi
2755 5196 3029 5252 omnium
3050 5196 3276 5250 ducum
3292 5189 3468 5249 ducis
3483 5195 3793 5250 Guillelmi
3808 5193 3880 5250 ad

2206 5287 2463 5343 invicem
2485 5287 2739 5343 connexi
2760 5291 2899 5341 sunt
2917 5290 2974 5341 et
2990 5284 3275 5350 fmderati;
3293 5288 3577 5356 presente
3605 5284 3881 5354 Hugone,

2209 5375 2315 5431 sed
2335 5391 2458 5431 non
2479 5377 2611 5446 conj
2622 5379 2804 5430 urataa
2831 5373 3159 5429 dilectionis
3179 5371 3423 5438 factore,
3443 5372 3604 5428 duce
3630 5375 3886 5428 Franco-

2209 5481 2365 5534 rum,
2389 5470 2445 5520 et
2471 5465 2772 5520 Heriberto
2801 5463 3036 5519 nolente
3067 5463 3350 5517 interesse
3382 5463 3662 5535 principe
3702 5471 3888 5519 satra-

2209 5571 2446 5629 parum.
2467 5555 2725 5624 Regibus
2738 5554 3020 5609 secretius
3034 5551 3736 5625 colloquentibus,cuapit
3748 5553 3887 5610 aﬂa-

2211 5644 2264 5702 ri
2288 5644 2532 5702 Dacisca
2550 5644 2758 5714 lingua
2772 5643 2991 5700 ducem
3013 5641 3394 5700 Guillelmum
3419 5644 3742 5700 Saxonum
3764 5644 3887 5700 dux
