4004 6178
160 134 256 187 673

647 123 740 180 DE
788 121 1034 180 GESTIS
1074 111 1494 178 NORMANNlA-J
1533 109 1794 169 DUCUM
1833 111 1850 166 1

1964 111 2022 165 31
2061 111 2255 170 TRES.
2299 149 2368 158 —-
2407 115 2538 178 LIB.
2584 119 2674 180 ΙΙΙ.
2718 127 3149 188 WILLELMUS.

3525 131 3632 192 674-

161 254 579 312 Herimannus.
637 248 816 302 Tunc
901 247 1028 303 dux
1075 245 1611 302 Northmannorum
1698 234 1847 328 duci
1876 234 1928 288 Α
1968 238 2387 298 Laudunensis
2421 245 2579 301 sedis
2607 250 2924 324 omnisque
2950 254 3213 326 populus
3241 273 3379 313 cum
3406 257 3632 328 ingenti

158 349 468 402 Saxonum
494 335 858 395 Guillelmus
896 356 909 392 :
947 359 974 385 «
1007 335 1143 401 Quis
1179 333 1275 389 tibi
1325 330 1606 388 Dasciscae
1637 327 1848 396 regio-

157 435 247 492 nis
269 434 548 502 linguam
567 426 932 483 Saxonibus
959 426 1319 496 inexpertem
1347 420 1546 477 docuit
1570 417 1598 472 ?
1630 440 1660 464 ››
1701 419 1847 472 Res-

157 523 371 597 pondit
405 539 416 575 :
454 542 479 568 «
514 516 893 574 Bellicosum
927 512 1350 584 egregiumque
1381 523 1568 578 genus
1602 508 1852 597 tuaaar-

159 594 508 684 mipotentis
551 604 881 681 progeniei
917 619 1012 658 me
1051 601 1344 657 nolentem
1373 598 1690 654 Daciscam
1746 594 1851 650 lin-

161 717 350 772 guam
416 695 688 754 docuit.»
744 691 1113 748 Guillelmus
1154 706 1166 744 :
1210 687 1576 754 «Quomodo
1632 684 1850 740 nolen-

161 791 329 846 tem?
365 808 395 840 ›
432 785 879 842 Herimannus:
929 803 955 829 ‹‹
987 779 1135 844 Quia
1181 777 1470 833 invadens
1519 773 1850 846 saepissime

161 877 428 952 plurima
459 878 641 930 castra
663 870 798 926 mei
829 866 1193 938 ducaminis,
1217 863 1676 921 innumerabilia
1697 877 1850 934 prae-

161 951 240 1023 lia
270 967 334 1021 in
358 981 458 1020 me
485 960 769 1024 exercuit,
811 973 1032 1030 meque
1090 955 1295 1028 praelio
1326 959 1571 1027 captum
1617 951 1699 1008 ad
1743 968 1852 1007 sua

162 1055 472 1120 detraxit;
521 1056 574 1108 et
607 1049 750 1106 ideo
789 1047 1068 1104 nolenter
1121 1061 1258 1100 eam
1307 1043 1508 1100 didici.
1548 1067 1574 1092 »
1623 1043 1854 1098 Interea

167 1144 302 1200 dux
347 1147 508 1200 Cono
537 1141 687 1197 fatur
722 1135 1073 1194 Saxonibus
1113 1132 1589 1190 subsannando:
1637 1155 1664 1182 ‹‹
1700 1131 1853 1198 Quid

163 1233 350 1289 vobis
377 1230 604 1286 videtur
626 1227 703 1283 de
740 1227 901 1282 duce
955 1223 1511 1280 Northmannorum
1541 1221 1852 1277 Britanno-

163 1336 435 1393 rumque
482 1316 797 1375 Guillelmo
829 1316 858 1371 ?
904 1317 1109 1371 Nonne
1137 1313 1305 1367 mirae
1345 1311 1652 1384 potestatis
1681 1315 1737 1366 et
1764 1309 1854 1366 fa-

165 1405 1018 1478 cultatisinnumerabilisque
1069 1402 1194 1458 dux
1243 1401 1699 1458 multitudinis?
1749 1404 1854 1457 Ex-

167 1507 355 1573 cepto
383 1515 515 1570 rege
539 1502 773 1566 nostro,
806 1494 943 1568 quis
971 1492 1292 1567 potentior,
1323 1492 1460 1566 quis
1489 1491 1683 1559 ditior,
1712 1492 1850 1565 quis

1960 334 2265 399 apparatu
2286 334 2638 402 monastico,
2669 353 2806 393 cum
2824 339 3120 414 episcopis
3142 346 3632 418 praepollentibus

1960 424 2305 474 reverenter
2337 423 2617 494 suscepit,
2649 441 3024 500 puerumque
3073 439 3488 506 nuncupatum
3520 451 3630 490 no-

1963 505 2129 562 mine
2189 509 2554 579 Lhotarium,
2611 524 2994 574 sacrosancto
3069 538 3200 577 rore
3259 505 3509 597 oleoque
3576 530 3634 580 et

1963 596 2248 654 crismate
2279 600 2634 658 innovatum
2688 611 2745 660 et
2794 607 3203 679 puriﬁcatum,
3237 612 3311 668 de
3340 596 3500 670 fonte
3535 631 3634 670 ex-

1961 685 2163 742 traxit.
2197 689 2464 763 Hincque
2484 691 2652 748 illum
2709 696 3062 752 muneribus
3125 701 3528 770 praemaximis
3577 706 3634 759 et

1963 775 2143 831 donis
2198 780 2748 850 praecellentissimi,
2805 783 3085 850 ditatum,
3139 789 3424 846 Lauduno
3491 809 3632 847 cum

1964 871 2157 922 matre
2252 870 2547 942 Gerberga
2620 873 2864 929 nomine
2942 875 3198 948 reliquit.
3293 883 3420 950 Ipse
3489 898 3634 936 vero

1964 955 2089 1010 suis
2154 957 2233 1012 ad
2298 974 2500 1029 regem
2571 960 2742 1016 citius
2800 963 2988 1031 rediit,
3060 969 3118 1019 et
3172 967 3466 1039 quidquid
3531 970 3636 1024 ho-

1964 1045 2212 1101 nestatis
2243 1063 2314 1103 eo
2343 1048 2660 1116 acciderat,
2692 1051 2817 1121 regi
2842 1052 3057 1108 retulit.
3093 1056 3212 1109 Rex
3243 1060 3443 1111 autem
3475 1057 3634 1113 Guil-

1961 1132 2212 1190 lelmum
2248 1152 2357 1208 pro
2386 1138 2670 1194 omnibus
2700 1139 3004 1196 beneficiis
3026 1141 3326 1198 honorare
3355 1144 3636 1202 decenter

1962 1222 2170 1290 voluit,
2205 1225 2308 1280 sed
2331 1225 2456 1297 ipse
2487 1226 2634 1282 nihil
2660 1228 2880 1283 horum
2922 1230 3148 1301 recepit
3179 1249 3191 1298 ;
3223 1248 3434 1288 verum
3491 1251 3632 1291 cum

1963 1313 2291 1383 gratiarum
2315 1315 2547 1372 actione
2576 1318 2699 1386 regi
2730 1318 2935 1374 omnia
2955 1319 3202 1375 remisit.

2606 1423 2989 1463 APOSTROPHA.

1966 1495 2114 1562 Dux,
2147 1508 2339 1562 genus
2368 1495 2676 1566 egregium
2734 1496 3084 1568 preecellens
3115 1513 3333 1554 norma
3366 1504 3629 1575 tuorum,

167 1587 393 1645 melior
419 1587 515 1643 illo
539 1587 567 1641 ‘I
600 1609 626 1636 ››
649 1582 1116 1656 Responderunt
1162 1581 1438 1638 Saxones
1468 1597 1480 1635 :
1537 1602 1563 1630 α
1613 1585 1851 1650 Ignora—
1887 1589 1930 1646 Β
1962 1582 2204 1638 Foedere
2235 1581 2593 1656 complacito
2622 1601 2795 1656 reges
2824 1585 3145 1658 stabilique
3174 1586 3414 1657 ligatus,

167 1678 402 1734 bamus
440 1692 638 1732 rerum
693 1670 1113 1730 sufﬁcientiam
1157 1669 1346 1736 illius,
1401 1669 1657 1743 ideoque
1682 1669 1851 1726 illum

167 1765 415 1840 pridem
445 1764 604 1821 falsae
642 1760 948 1836 opinionis
977 1758 1161 1815 verbo
1217 1757 1470 1829 indigne
1497 1758 1853 1832 vituperavi-

173 1872 343 1912 mus.
387 1877 412 1903 ››
443 1857 724 1909 Narrante
762 1853 1009 1908 Conone
1039 1847 1192 1904 duce
1223 1845 1385 1903 facta
1414 1847 1714 1905 mirabilia
1735 1848 1853 1904 suf-

172 1944 586 2016 ﬁcientiasque
615 1940 950 2014 locupletes
977 1936 1271 1993 Guillelmi
1304 1935 1494 2005 ducis,
1543 1942 1854 2011 cmperunt

181 2035 448 2089 Saxones
475 2028 788 2101 cmterique
824 2030 1088 2082 astantes
1142 2040 1285 2080 eum
1325 2023 1712 2095 magniﬁcare
1743 2043 1851 2101 pa-

178 2121 334 2176 riter
354 2117 718 2175 sermonibus
745 2115 1014 2172 alternis.

259 2207 362 2263 His
391 2208 467 2262 ita
490 2204 922 2262 rationabiliter
951 2201 1221 2257 diﬂlnitis
1273 2204 1330 2256 et
1350 2201 1619 2274 expletis,
1658 2204 1851 2260 Ludo-

175 2297 321 2352 vico
352 2295 492 2365 regi,
523 2312 658 2351 cum
686 2291 1005 2348 Guillelmo
1034 2291 1190 2346 duce
1238 2290 1583 2362 caaterisque
1631 2293 1852 2365 princi-

173 2386 365 2458 pibus
394 2384 470 2440 ad
493 2383 847 2440 Laudunum
875 2378 1213 2444 revertenti,
1237 2379 1493 2435 occurrit
1518 2379 1736 2450 legatio
1766 2383 1854 2438 di-

173 2490 318 2546 gnm
358 2471 789 2540 exsultationis,
823 2468 1193 2525 denuntians
1247 2483 1374 2522 esse
1431 2469 1483 2524 ei
1535 2469 1726 2527 ﬁlium
1779 2487 1852 2526 ex

172 2564 441 2634 conjuge
471 2561 854 2618 dilectissima
883 2558 1132 2613 nomine
1155 2556 1451 2627 Gerberga
1469 2563 1701 2616 natum.
1722 2563 1852 2626 Quo

169 2651 388 2709 audito
418 2650 654 2707 hilarior
680 2646 1110 2715 eﬂectus,dixit
1139 2645 1448 2702 Guillelmo
1476 2647 1616 2704 duci
1645 2666 1848 2706 coram

172 2740 530 2798 memoratis
554 2738 926 2813 principibus
957 2754 969 2792 :
1003 2754 1034 2789 ‹
1067 2739 1151 2792 Me
1184 2751 1376 2807 usque
1408 2737 1592 2794 modo
1647 2739 1852 2795 multis

173 2828 558 2886 contumeliis
584 2827 872 2884 infectum
923 2824 1220 2897 nequiter,
1252 2822 1564 2881 afﬂuenter
1608 2828 1849 2898 juvasti,

173 2918 330 2974 mihi
355 2917 627 2990 plurimis
655 2911 1274 2989 inopportunitatibus
1314 2919 1663 2986 aggravato,
1714 2933 1853 2972 con.
1888 2943 1929 3000 ρ

170 3008 480 3064 venienter
508 3004 866 3063 succurristi.
898 3002 1052 3069 Quin
1087 3001 1266 3057 etiam
1304 3001 1643 3073 largissimo
1670 3005 1851 3061 facul-

170 3102 369 3154 tatum
401 3101 639 3152 tuarum
690 3093 952 3166 dapidus
1003 3090 1324 3148 educando
1377 3096 1435 3147 et
1473 3109 1508 3148 a
1550 3099 1850 3151 conventu

175 3184 640 3256 malignantium
669 3180 1044 3256 protegendo
1083 3178 1303 3235 fovisti.
1367 3179 1590 3238 Idcirco
1616 3199 1848 3255 precor,

176 3280 242 3330 ut
273 3274 465 3330 ﬁlium
497 3290 702 3329 meum
735 3273 1014 3328 hesterna
1055 3268 1151 3324 die
1178 3273 1407 3335 natum,
1436 3271 1852 3344 nuncupando

178 3370 237 3420 et
257 3363 630 3420 testiﬁcando
654 3365 899 3418 nomine
927 3358 1294 3428 Lhotarium,
1329 3359 1481 3416 sacri
1519 3360 1851 3434 baptisma-

179 3454 254 3509 tis
284 3454 359 3510 de
389 3453 546 3509 fonte
575 3451 868 3523 suscipias
898 3453 1340 3521 regeneratum,
1391 3455 1688 3521 quatenus
1721 3467 1851 3507 ma-

179 3543 330 3614 joris
362 3543 577 3616 copula
606 3541 937 3597 dilectionis
967 3538 1278 3612 amplioris
1324 3540 1578 3596 nexibus
1629 3542 1852 3597 amoris

183 3633 464 3700 colligati,
510 3631 677 3704 quod
730 3647 942 3686 meum.
988 3633 1077 3684 est
1108 3631 1330 3698 tuapte,
1359 3629 1524 3700 quod
1552 3634 1721 3685 tuum
1766 3635 1855 3687 est

183 3727 444 3793 meapte,
477 3720 701 3775 mutuis
731 3716 1146 3791 competentiis
1177 3713 1449 3772 fruamur
1471 3718 1648 3773 unius
1683 3734 1852 3774 men-

183 3809 280 3865 tis.
317 3833 344 3858 »
379 3812 501 3864 Dux
529 3825 667 3864 vero
719 3807 1067 3864 Guillelmus
1118 3805 1294 3873 regiae
1336 3805 1447 3861 sibi
1500 3808 1853 3876 congruenti

185 3898 394 3953 favens
422 3897 710 3969 petitioni,
751 3894 1138 3968 respondisse
1190 3892 1374 3948 fertur
1421 3893 1546 3963 regi
1578 3911 1590 3948 :
1627 3914 1657 3947 α
1688 3898 1854 3950 Nunc

183 4004 351 4055 vero,
387 3992 444 4043 et
481 3986 774 4060 quamdiu
833 3988 1134 4057 superstes
1193 3981 1380 4051 fuero,
1420 3999 1556 4055 quae
1603 3983 1853 4054 jusseris

184 4076 501 4146 diligenter
531 4074 805 4148 explebo.
853 4073 1110 4130 Franciae
1140 4071 1329 4142 regni,
1383 4076 1855 4145 caeterorumque

184 4179 533 4233 regnorum,
553 4179 814 4236 quarum
837 4161 1184 4217 dominatus
1206 4163 1297 4216 est
1323 4163 1492 4231 pater
1519 4165 1676 4229 tuus,
1705 4177 1855 4216 avus

184 4260 242 4310 et
266 4271 554 4327 proavus,
587 4253 766 4309 etiam
795 4257 1054 4318 attavus,
1103 4266 1199 4305 me
1229 4250 1402 4319 duce,
1435 4266 1530 4306 me
1582 4251 1852 4324 juvante,
1887 4296 1930 4349 Β

185 4361 284 4399 me
315 4344 378 4398 in
392 4342 676 4399 omnibus
705 4346 1032 4415 praeeunte,
1058 4338 1553 4406 dominaberis,et
1575 4355 1856 4411 arrogan-

183 4434 339 4489 tium
371 4432 522 4488 colla
543 4432 932 4502 subjiciemus
962 4430 1025 4485 in
1049 4434 1101 4485 te
1132 4428 1465 4494 rebellium,
1488 4429 1712 4501 tibique
1738 4447 1856 4486 ser-

182 4522 311 4577 vire
345 4521 776 4584 abdicantium,
801 4537 897 4576 me
937 4523 1192 4584 astante,
1225 4517 1644 4574 cxarmaveris.
1689 4520 1851 4584 Quos

183 4610 517 4667 sublimare
547 4609 996 4683 praeoptaveris,
1029 4607 1307 4663 extollam
1344 4626 1356 4674 ;
1398 4623 1552 4680 quos
1581 4607 1854 4664 detrude-

181 4715 268 4770 re,
303 4703 635 4756 terratenus
665 4696 1148 4771 proteram.Quin
1170 4696 1348 4752 etiam
1384 4695 1680 4768 quidquid
1705 4696 1854 4752 velle

181 4789 290 4844 tibi
314 4787 508 4854 fuerit,
540 4804 576 4844 a
606 4804 700 4843 me
733 4787 877 4843 scito
903 4786 1050 4842 ﬁeri.
1087 4809 1114 4835 »
1146 4785 1240 4840 His
1270 4784 1350 4840 ita
1371 4783 1449 4839 ab
1472 4790 1725 4857 utroque
1746 4801 1851 4857 pe-

176 4877 425 4945 roratis,
451 4877 538 4932 ira
567 4876 766 4942 corde,
798 4891 922 4932 non
942 4874 1134 4944 vultu,
1162 4873 1466 4942 commoti,
1499 4877 1856 4946 stupuerunt

177 4966 488 5041 principes
509 4982 688 5038 super
701 4967 816 5021 hoc
849 4963 1174 5020 Franciscae
1203 4962 1655 5032 gentis.Abhinc
1676 4979 1850 5019 nam-

177 5072 304 5132 que
327 5055 582 5112 subdolo
599 5056 777 5112 corde
799 5053 1299 5124 fraudulentaque
1323 5052 1646 5108 intentione
1671 5057 1850 5125 atque

177 5144 512 5218 sophistica
555 5143 1054 5201 sermonicatione
1093 5146 1396 5215 casperunt
1447 5141 1846 5212 Guillelmum,

175 5251 432 5291 omnem
462 5235 832 5307 pestiferum,
865 5233 1138 5306 nequiter
1166 5237 1436 5288 tractare.

253 5323 602 5380 Guillelmus
633 5340 797 5393 vero,
827 5337 967 5392 rege
1025 5320 1405 5393 exercituque
1469 5335 1578 5376 suo
1618 5319 1849 5377 Laudu-

179 5413 354 5468 nensi
383 5428 542 5485 pago
571 5411 794 5480 relicto,
849 5411 1206 5467 Laudunum
1265 5409 1594 5477 Clavatum,
1636 5408 1741 5480 qui
1793 5412 1850 5465 et

180 5502 401 5557 Bibrax
427 5501 661 5571 dicitur,
689 5501 896 5574 petivit
925 5501 1060 5570 cito,
1107 5499 1490 5555 antecedente
1540 5497 1846 5570 episcopo-

177 5607 319 5648 rum
345 5591 677 5648 Franciscaa
705 5591 896 5662 gentis
941 5591 1145 5647 choro.
1199 5591 1388 5654 Quem
1417 5587 1613 5644 omnis
1655 5585 1848 5642 clerus

1960 1671 2488 1745 'l‘ranquillamque
2517 1677 2681 1730 satus
2709 1690 2922 1746 pacem
2953 1691 3061 1747 per
3101 1676 3365 1748 compita
3395 1681 3629 1750 mundi,

1960 1763 2112 1827 Quin
2128 1767 2185 1818 et
2213 1762 2561 1834 adoptivam
2587 1763 2820 1835 prolem
2851 1769 3167 1836 susceptus
3193 1765 3272 1820 ab
3303 1766 3485 1841 alma,

1962 1851 2377 1924 Extollensque
2405 1851 2687 1908 salutiferi
2719 1853 3104 1925 baptismatis
3128 1853 3312 1910 unda.

1963 1944 2208 1998 Gressus
2238 1945 2394 1996 verte
2425 1945 2579 2010 tuos,
2601 1940 2823 1998 celeres
2849 1946 3188 2014 torqueque
3216 1943 3502 2019 caballos,

1964 2035 2028 2087 Et
2045 2031 2233 2102 glebas
2256 2046 2456 2085 remea
2497 2030 2668 2086 citius
2700 2031 2916 2088 natalis
2943 2031 3017 2088 ad
3053 2047 3217 2098 oras,

1965 2123 2095 2187 Qua
2125 2137 2298 2176 sacra
2328 2119 2592 2192 populus
2621 2120 2848 2177 ditione
2875 2126 2977 2176 tua
2997 2121 3348 2178 moderatur

1963 2207 2198 2278 Spectat
2224 2206 2484 2280 praesidii
2510 2206 2733 2276 jugiter
2764 2209 2976 2266 solatia
2994 2208 3181 2278 digni.

1965 2296 2170 2351 Omnis
2195 2311 2339 2352 nam
2371 2295 2496 2350 sine
2537 2299 2591 2350 te
2617 2312 2816 2353 rerum
2848 2313 2941 2353 res
2972 2297 3120 2352 forte
3145 2299 3400 2357 vacillat.

2035 2384 2135 2438 His
2159 2385 2239 2441 ita
2269 2385 2376 2440 rite
2401 2385 2770 2455 compositis,
2804 2401 2962 2455 rege.
3001 2427 3014 2440 .
3047 2429 3058 2440 .
3086 2429 3098 2441 .
3128 2428 3140 2440 .
3169 2427 3182 2440 .
3201 2389 3423 2459 pariter
3452 2409 3626 2450 oscu-

1961 2473 2114 2540 latis,
2146 2475 2453 2546 nimiaque
2513 2475 3031 2544 congratulatione
3087 2475 3167 2531 ad
3192 2477 3444 2538 invicem
3495 2500 3628 2539 am-

1961 2563 2240 2636 plexatis,
2303 2577 2443 2632 rege
2521 2564 2877 2619 Laudunum
2959 2569 3214 2637 petente,
3283 2569 3628 2628 Guillelmus

1963 2652 2041 2707 ad
2090 2652 2398 2722 regionem
2458 2665 2581 2704 suae
2640 2651 2882 2708 ditionis
2931 2652 3110 2725 cmpit
3140 2654 3387 2712 celerius
3442 2661 3627 2732 proﬁ-

1963 2758 2121 2798 ClSCl.

2599 2848 2982 2889 APOSTROPBA.

1961 2917 2005 2972 Ο
2042 2917 2352 2988 Rothome,
2380 2920 2520 2971 tuus
2550 2914 2654 2971 tibi
2680 2917 2803 2972 dux
2829 2918 2986 2974 venit
3021 2935 3092 2974 en
3123 2921 3498 2996 recolendus,

1916 3031 1936 3039 σι
1964 3006 2293 3078 Regnaque
2323 3005 2629 3061 Gallorum
2649 3007 2828 3077 justis
2849 3008 3194 3065 moderatus
3220 3011 3496 3071 habenis.

1965 3097 2204 3152 Semina
2229 3096 2469 3166 justitias
2502 3097 2925 3153 Northmannis
2958 3106 3200 3171 sparget
3225 3101 3466 3159 abunde

1961 3184 2181 3242 Callem
2213 3189 2270 3240 et
2290 3185 2499 3256 judicii
2527 3187 2750 3242 meritis
2773 3187 3081 3244 vivacibus
3110 3189 3237 3258 ibit,

1962 3279 2160 3331 Donec
2190 3275 2456 3348 martyrii
2486 3275 2795 3332 redimitus
2815 3293 3062 3333 munere
3092 3278 3279 3348 digni,

1963 3363 2219 3420 Scandet
2240 3364 2318 3420 ad
2351 3364 2590 3420 Elisium
2616 3364 2876 3420 donatus
2934 3372 3248 3424 stemmate
3307 3385 3619 3442 campum,

1963 3456 2027 3508 In
2046 3469 2407 3526 summoque
2437 3453 2600 3509 bono
2622 3453 2838 3510 deitate
2867 3455 3190 3511 merebitur
3221 3458 3322 3514 uti.

1963 3547 2282 3598 Armorum
2312 3549 2366 3599 te
2399 3558 2559 3599 nunc
2592 3543 2818 3614 passim
2854 3544 3066 3600 virtute
3094 3549 3310 3602 tuetur.

1962 3634 2125 3687 Tunc
2153 3632 2434 3705 precibus
2458 3631 2654 3700 dignis
2685 3632 3026 3705 meritisque
3066 3634 3329 3691 tuebitur
3357 3635 3550 3692 almis.

2036 3723 2182 3775 Cum
2213 3726 2414 3776 autem
2444 3720 2605 3775 fama
2654 3721 2808 3776 celer
2835 3721 3240 3778 habitantium
3293 3724 3354 3779 in
3402 3725 3626 3780 ﬁnibus

1964 3809 2444 3865 Northmannicis
2503 3813 2730 3864 mentes
2755 3809 2952 3864 subito
2989 3810 3064 3864 de
3094 3817 3302 3883 optato
3334 3813 3626 3868 Guillelmi

1964 3898 2134 3953 ducis
2163 3899 2356 3953 reditu
2383 3897 2744 3970 percelleret,
2769 3898 3107 3969 ducemque
3139 3916 3318 3955 suum
3347 3907 3468 3956 tam
3498 3917 3625 3957 ma-

1964 3986 2251 4055 gniﬁcum
2303 3985 2512 4042 adesse
2564 3990 2956 4056 praemoneret
2997 4004 3010 4054 ;
3065 3994 3370 4044 commota
3434 3989 3622 4044 nimio

1948 4074 2186 4144 gaudio
2215 4079 2339 4130 tota
2395 4073 2964 4142 Rothomagensium
3018 4073 3224 4131 civitas
3257 4077 3453 4132 subito
3481 4094 3623 4150 pro-

1964 4181 2136 4220 cessu
2161 4168 2367 4220 contra
2389 4162 2555 4218 illum
2587 4162 2814 4229 exsiliit,
2845 4163 3205 4238 diversaque
3254 4165 3618 4238 diverticula,

1963 4259 2029 4310 ut
2055 4270 2192 4310 eum
2212 4253 2414 4310 videre
2461 4255 2665 4326 posset
2713 4253 2976 4325 requirit.
3027 4254 3421 4328 Femineoque
3475 4273 3622 4314 scxu

1964 4348 2153 4399 stante
2178 4341 2331 4398 muri
2359 4341 2419 4396 in
2449 4341 2938 4413 propugnaculis,
2974 4342 3172 4398 senilis
3224 4345 3407 4401 aetatis
3437 4346 3620 4416 vulgo

1962 4428 2024 4484 in
2048 4427 2246 4494 biviis,
2270 4425 2550 4497 juvenilis
2577 4425 2912 4498 mediaeque
2934 4427 3120 4483 aetatis
3148 4428 3322 4500 plebe
3348 4436 3620 4486 currente

1962 4517 2206 4573 obviam
2237 4517 2289 4572 ei
2324 4533 2336 4570 :
2371 4515 2572 4572 Clerus
2622 4507 3001 4587 praestolatus
3057 4517 3224 4572 illum
3281 4518 3342 4572 in
3380 4523 3618 4589 portam

1961 4606 2211 4662 civitatis
2267 4622 2405 4661 cum
2462 4605 2792 4660 reverentia
2839 4606 3186 4660 monasticae
3237 4605 3619 4662 institutionis

1961 4700 2204 4751 ovantes
2230 4692 2507 4766 suscepit.
2540 4692 2868 4764 Statimque
2916 4693 3094 4765 caepit
3141 4708 3414 4748 exercere
3455 4692 3614 4764 leges

1959 4789 2015 4840 et
2038 4786 2196 4855 jura,
2252 4788 2620 4855 paternaque
2673 4781 2930 4847 decreta,
2986 4797 3122 4852 quas
3153 4786 3338 4845 erant,
3369 4780 3468 4836 illo
3509 4782 3616 4838 ab-

1963 4879 2146 4940 sente,
2177 4872 2467 4942 neglecta.
2510 4871 2714 4939 Jurgia
2733 4875 2790 4925 et
2819 4869 3092 4941 querelas
3142 4869 3270 4940 lege
3321 4869 3616 4927 deﬁniens

1957 4959 2750 5030 determinabat,omnesque
2779 4957 3010 5027 legibus
3031 4961 3133 5012 aut
3163 4956 3484 5014 concordia
3512 4975 3618 5032 pa-

1959 5049 2252 5106 ciﬁcabat.
2285 5051 2445 5103 Tunc
2471 5045 2800 5101 construxit
2827 5044 3145 5115 Gimegias,
3194 5044 3468 5101 mirabile
3495 5048 3618 5104 dic-

1959 5146 2043 5211 tu,
2085 5137 2338 5208 mirique
2401 5133 2721 5190 schematis
2765 5133 3057 5206 templum
3084 5133 3439 5191 monachilis
3488 5135 3617 5194 reli-

1958 5227 2148 5299 gionis
2176 5225 2334 5281 clero
2359 5222 2664 5296 profusius
2705 5222 3037 5280 suffultum.
3093 5225 3230 5281 Erat
3257 5229 3456 5282 autem
3486 5227 3616 5301 qui-

1955 5319 2098 5375 dam
2130 5315 2407 5373 Martinus
2439 5312 2853 5369 sanctissimus
2879 5312 3070 5369 abbas
3113 5314 3268 5370 illius
3318 5321 3616 5374 monaste-

1953 5407 2022 5464 rii
2053 5402 2395 5462 custodiens
2425 5403 2758 5458 monachos
2810 5401 2922 5458 sub
2947 5402 3223 5474 palaestra
3271 5404 3611 5475 praestricta;

1953 5495 2174 5566 regulae
2205 5491 2477 5549 theoricw
2536 5491 3073 5565 contemplationis.
3131 5492 3401 5556 Quadam
3441 5509 3611 5548 nam-

1953 5601 2072 5658 que
2102 5583 2199 5640 die
2225 5597 2414 5640 causa
2441 5579 2730 5638 orationis
2759 5579 3058 5655 profectus
3085 5579 3403 5654 Gimegias,
3442 5581 3611 5655 quod
