  <div class='ocr_page' id='page_1' title='image "/cluster/home/n/w/nwhite01/storage/ocr_20150623/141/hvd.32044054760012/343.png"; bbox 0 0 4004 6178; ppageno 0'>
   <div class='ocr_carea' id='block_1_1' title="bbox 428 157 531 213">
    <p class='ocr_par' dir='ltr' id='par_1_1' title="bbox 428 157 531 213">
     <span class='ocr_line' id='line_1_1' title="bbox 428 157 531 213; baseline -0.049 -1"><span class='ocrx_word' id='word_1_1' title='bbox 428 157 531 213; x_wconf 76' lang='lat'>075</span> 
     </span>
    </p>
   </div>
   <div class='ocr_carea' id='block_1_2' title="bbox 1411 141 2878 206">
    <p class='ocr_par' dir='ltr' id='par_1_2' title="bbox 1411 141 2878 206">
     <span class='ocr_line' id='line_1_2' title="bbox 1411 141 2878 206; baseline -0.001 -2"><span class='ocrx_word' id='word_1_2' title='bbox 1411 147 1716 205; x_wconf 83' lang='lat' dir='ltr'>DUDONIS</span> <span class='ocrx_word' id='word_1_3' title='bbox 1753 142 2014 202; x_wconf 76' lang='lat' dir='ltr'>DECANI</span> <span class='ocrx_word' id='word_1_4' title='bbox 2049 142 2108 197; x_wconf 75' lang='grc'>8.</span> <span class='ocrx_word' id='word_1_5' title='bbox 2149 141 2456 206; x_wconf 77' lang='grc' dir='ltr'>οΠΙΝτῐΝΙ</span> <span class='ocrx_word' id='word_1_6' title='bbox 2494 147 2878 205; x_wconf 71' lang='lat' dir='ltr'>VIBOMAND.</span> 
     </span>
    </p>
   </div>
   <div class='ocr_carea' id='block_1_3' title="bbox 3762 154 3875 205">
    <p class='ocr_par' dir='ltr' id='par_1_3' title="bbox 3762 154 3875 205">
     <span class='ocr_line' id='line_1_3' title="bbox 3762 154 3875 205; baseline -0.009 0"><span class='ocrx_word' id='word_1_7' title='bbox 3762 154 3875 205; x_wconf 72' lang='lat'>6&#39;76</span> 
     </span>
    </p>
   </div>
   <div class='ocr_carea' id='block_1_4' title="bbox 430 268 3884 349">
    <p class='ocr_par' dir='ltr' id='par_1_4' title="bbox 430 268 3884 349">
     <span class='ocr_line' id='line_1_4' title="bbox 430 268 3884 349; baseline -0.001 -16"><span class='ocrx_word' id='word_1_8' title='bbox 430 276 619 348; x_wconf 80' lang='lat' dir='ltr'>gratia</span> <span class='ocrx_word' id='word_1_9' title='bbox 665 273 842 348; x_wconf 89' lang='lat' dir='ltr'>primi</span> <span class='ocrx_word' id='word_1_10' title='bbox 899 273 1060 331; x_wconf 80' lang='lat' dir='ltr'>ﬂoris</span> <span class='ocrx_word' id='word_1_11' title='bbox 1112 273 1295 331; x_wconf 85' lang='lat' dir='ltr'>corde</span> <span class='ocrx_word' id='word_1_12' title='bbox 1336 277 1696 349; x_wconf 81' lang='lat' dir='ltr'>conceperat</span> <span class='ocrx_word' id='word_1_13' title='bbox 1731 271 1980 327; x_wconf 86' lang='lat' dir='ltr'>volvens</span> <span class='ocrx_word' id='word_1_14' title='bbox 2022 268 2083 322; x_wconf 90' lang='lat' dir='ltr'>in</span> <span class='ocrx_word' id='word_1_15' title='bbox 2112 269 2159 321; x_wconf 84' lang='lat' dir='ltr'><strong>A</strong></span> <span class='ocrx_word' id='word_1_16' title='bbox 2196 268 2400 325; x_wconf 89' lang='lat' dir='ltr'>animo</span> <span class='ocrx_word' id='word_1_17' title='bbox 2460 276 2678 335; x_wconf 88' lang='lat' dir='ltr'>motus,</span> <span class='ocrx_word' id='word_1_18' title='bbox 2734 271 2930 327; x_wconf 89' lang='lat' dir='ltr'>renuit</span> <span class='ocrx_word' id='word_1_19' title='bbox 3001 271 3241 328; x_wconf 89' lang='lat' dir='ltr'>illorum</span> <span class='ocrx_word' id='word_1_20' title='bbox 3287 273 3715 345; x_wconf 80' lang='lat' dir='ltr'>petitionibus,</span> <span class='ocrx_word' id='word_1_21' title='bbox 3772 290 3884 329; x_wconf 72' lang='lat' dir='ltr'>nec</span> 
     </span>
    </p>
   </div>
   <div class='ocr_carea' id='block_1_5' title="bbox 428 362 2084 431">
    <p class='ocr_par' dir='ltr' id='par_1_5' title="bbox 428 362 2084 431">
     <span class='ocr_line' id='line_1_5' title="bbox 428 362 2084 431; baseline -0.007 -7"><span class='ocrx_word' id='word_1_22' title='bbox 428 366 652 431; x_wconf 87' lang='lat' dir='ltr'>animo,</span> <span class='ocrx_word' id='word_1_23' title='bbox 685 365 929 421; x_wconf 74' lang='lat' dir='ltr'>Martino</span> <span class='ocrx_word' id='word_1_24' title='bbox 953 362 1334 419; x_wconf 85' lang='lat' dir='ltr'>sanctissimo</span> <span class='ocrx_word' id='word_1_25' title='bbox 1382 362 1587 419; x_wconf 90' lang='lat' dir='ltr'>abbati</span> <span class='ocrx_word' id='word_1_26' title='bbox 1608 362 1812 417; x_wconf 89' lang='lat' dir='ltr'>dicens</span> <span class='ocrx_word' id='word_1_27' title='bbox 1858 374 2084 415; x_wconf 84' lang='lat' dir='ltr'>sermo-</span> 
     </span>
    </p>
   </div>
   <div class='ocr_carea' id='block_1_6' title="bbox 427 441 2084 522">
    <p class='ocr_par' dir='ltr' id='par_1_6' title="bbox 427 441 2084 522">
     <span class='ocr_line' id='line_1_6' title="bbox 427 441 2084 522; baseline -0.007 -10"><span class='ocrx_word' id='word_1_28' title='bbox 427 453 740 512; x_wconf 85' lang='lat' dir='ltr'>cinabatur</span> <span class='ocrx_word' id='word_1_29' title='bbox 771 470 787 506; x_wconf 86' lang='lat'><strong>:</strong></span> <span class='ocrx_word' id='word_1_30' title='bbox 820 474 847 500; x_wconf 84' lang='lat'><strong>«</strong></span> <span class='ocrx_word' id='word_1_31' title='bbox 879 456 993 508; x_wconf 82' lang='lat' dir='ltr'>Cur</span> <span class='ocrx_word' id='word_1_32' title='bbox 1020 441 1353 509; x_wconf 70' lang='lat' dir='ltr'>Christiana</span> <span class='ocrx_word' id='word_1_33' title='bbox 1380 450 1585 519; x_wconf 82' lang='lat' dir='ltr'>religio</span> <span class='ocrx_word' id='word_1_34' title='bbox 1611 448 1899 522; x_wconf 89' lang='lat' dir='ltr'>tripertito</span> <span class='ocrx_word' id='word_1_35' title='bbox 1924 446 2084 502; x_wconf 87' lang='lat' dir='ltr'>ordi-</span> 
     </span>
    </p>
   </div>
   <div class='ocr_carea' id='block_1_7' title="bbox 424 534 2083 612">
    <p class='ocr_par' dir='ltr' id='par_1_7' title="bbox 424 534 2083 612">
     <span class='ocr_line' id='line_1_7' title="bbox 424 534 2083 612; baseline -0.007 -13"><span class='ocrx_word' id='word_1_36' title='bbox 424 557 499 599; x_wconf 91' lang='lat' dir='ltr'>ne</span> <span class='ocrx_word' id='word_1_37' title='bbox 527 539 836 596; x_wconf 86' lang='lat' dir='ltr'>ecclesiam</span> <span class='ocrx_word' id='word_1_38' title='bbox 864 538 1202 612; x_wconf 78' lang='lat' dir='ltr'>frequentat</span> <span class='ocrx_word' id='word_1_39' title='bbox 1227 539 1254 594; x_wconf 72' lang='lat'>‘2</span> <span class='ocrx_word' id='word_1_40' title='bbox 1276 540 1536 597; x_wconf 87' lang='lat' dir='ltr'>Eruntne</span> <span class='ocrx_word' id='word_1_41' title='bbox 1582 538 1760 594; x_wconf 92' lang='lat' dir='ltr'>unius</span> <span class='ocrx_word' id='word_1_42' title='bbox 1792 534 2083 591; x_wconf 80' lang='lat' dir='ltr'>mercedis</span> 
     </span>
    </p>
   </div>
   <div class='ocr_carea' id='block_1_8' title="bbox 425 622 2086 699">
    <p class='ocr_par' dir='ltr' id='par_1_8' title="bbox 425 622 2086 699">
     <span class='ocr_line' id='line_1_8' title="bbox 425 622 2086 699; baseline -0.005 -15"><span class='ocrx_word' id='word_1_43' title='bbox 425 628 723 699; x_wconf 86' lang='lat' dir='ltr'>uniusque</span> <span class='ocrx_word' id='word_1_44' title='bbox 748 626 960 693; x_wconf 79' lang='lat' dir='ltr'>bravii,</span> <span class='ocrx_word' id='word_1_45' title='bbox 1012 627 1116 698; x_wconf 87' lang='lat' dir='ltr'>qui</span> <span class='ocrx_word' id='word_1_46' title='bbox 1146 627 1416 698; x_wconf 83' lang='lat' dir='ltr'>dispares</span> <span class='ocrx_word' id='word_1_47' title='bbox 1471 631 1608 681; x_wconf 86' lang='lat' dir='ltr'>sunt</span> <span class='ocrx_word' id='word_1_48' title='bbox 1636 624 1847 681; x_wconf 80' lang='lat' dir='ltr'>officiis</span> <span class='ocrx_word' id='word_1_49' title='bbox 1900 622 2086 678; x_wconf 77' lang='lat' dir='ltr'>Chris-</span> 
     </span>
    </p>
   </div>
   <div class='ocr_carea' id='block_1_9' title="bbox 424 715 2084 787">
    <p class='ocr_par' dir='ltr' id='par_1_9' title="bbox 424 715 2084 787">
     <span class='ocr_line' id='line_1_9' title="bbox 424 715 2084 787; baseline -0.006 -13"><span class='ocrx_word' id='word_1_50' title='bbox 424 717 598 774; x_wconf 79' lang='lat' dir='ltr'>tianae</span> <span class='ocrx_word' id='word_1_51' title='bbox 628 716 1022 783; x_wconf 78' lang='lat' dir='ltr'>religiositatis</span> <span class='ocrx_word' id='word_1_52' title='bbox 1050 718 1078 772; x_wconf 73' lang='lat' dir='ltr'>‘P</span> <span class='ocrx_word' id='word_1_53' title='bbox 1110 737 1138 766; x_wconf 85' lang='lat'><strong>»</strong></span> <span class='ocrx_word' id='word_1_54' title='bbox 1192 716 1519 787; x_wconf 81' lang='lat' dir='ltr'>Respondit</span> <span class='ocrx_word' id='word_1_55' title='bbox 1562 715 1755 771; x_wconf 85' lang='lat' dir='ltr'>abbas</span> <span class='ocrx_word' id='word_1_56' title='bbox 1789 732 1801 770; x_wconf 90' lang='lat'><strong>:</strong></span> <span class='ocrx_word' id='word_1_57' title='bbox 1836 736 1861 762; x_wconf 87' lang='grc'><em>‹‹</em></span> <span class='ocrx_word' id='word_1_58' title='bbox 1901 715 2084 768; x_wconf 88' lang='lat' dir='ltr'>Unus-</span> 
     </span>
    </p>
   </div>
   <div class='ocr_carea' id='block_1_10' title="bbox 422 803 2083 880">
    <p class='ocr_par' dir='ltr' id='par_1_10' title="bbox 422 803 2083 880">
     <span class='ocr_line' id='line_1_10' title="bbox 422 803 2083 880; baseline -0.005 -17"><span class='ocrx_word' id='word_1_59' title='bbox 422 808 680 880; x_wconf 85' lang='lat' dir='ltr'>quisque</span> <span class='ocrx_word' id='word_1_60' title='bbox 709 822 886 861; x_wconf 88' lang='lat' dir='ltr'>suum</span> <span class='ocrx_word' id='word_1_61' title='bbox 910 807 1244 862; x_wconf 87' lang='lat' dir='ltr'>mercedem</span> <span class='ocrx_word' id='word_1_62' title='bbox 1276 805 1523 876; x_wconf 79' lang='lat' dir='ltr'>accipiet</span> <span class='ocrx_word' id='word_1_63' title='bbox 1546 803 1881 860; x_wconf 88' lang='lat' dir='ltr'>secundum</span> <span class='ocrx_word' id='word_1_64' title='bbox 1907 817 2083 857; x_wconf 88' lang='lat' dir='ltr'>suum</span> 
     </span>
    </p>
   </div>
   <div class='ocr_carea' id='block_1_11' title="bbox 424 890 2085 959">
    <p class='ocr_par' dir='ltr' id='par_1_11' title="bbox 424 890 2085 959">
     <span class='ocr_line' id='line_1_11' title="bbox 424 890 2085 959; baseline -0.005 -7"><span class='ocrx_word' id='word_1_65' title='bbox 424 896 714 952; x_wconf 78' lang='lat' dir='ltr'>laborem.</span> <span class='ocrx_word' id='word_1_66' title='bbox 754 894 868 948; x_wconf 84' lang='lat' dir='ltr'>Sed</span> <span class='ocrx_word' id='word_1_67' title='bbox 922 894 1025 951; x_wconf 88' lang='lat' dir='ltr'>tibi</span> <span class='ocrx_word' id='word_1_68' title='bbox 1088 893 1317 950; x_wconf 86' lang='lat' dir='ltr'>nutanti</span> <span class='ocrx_word' id='word_1_69' title='bbox 1373 894 1448 948; x_wconf 91' lang='lat' dir='ltr'>de</span> <span class='ocrx_word' id='word_1_70' title='bbox 1506 893 1743 959; x_wconf 84' lang='lat' dir='ltr'>talibus,</span> <span class='ocrx_word' id='word_1_71' title='bbox 1801 890 2085 946; x_wconf 78' lang='lat' dir='ltr'>reserabo</span> 
     </span>
    </p>
   </div>
   <div class='ocr_carea' id='block_1_12' title="bbox 424 981 2087 1047">
    <p class='ocr_par' dir='ltr' id='par_1_12' title="bbox 424 981 2087 1047">
     <span class='ocr_line' id='line_1_12' title="bbox 424 981 2087 1047; baseline -0.005 -6"><span class='ocrx_word' id='word_1_72' title='bbox 424 986 552 1041; x_wconf 70' lang='lat' dir='ltr'>haec</span> <span class='ocrx_word' id='word_1_73' title='bbox 582 983 968 1040; x_wconf 83' lang='lat' dir='ltr'>enucleatius.</span> <span class='ocrx_word' id='word_1_74' title='bbox 1002 983 1345 1040; x_wconf 66' lang='lat' dir='ltr'>Christianae</span> <span class='ocrx_word' id='word_1_75' title='bbox 1377 982 1681 1047; x_wconf 73' lang='lat' dir='ltr'>religionis</span> <span class='ocrx_word' id='word_1_76' title='bbox 1722 998 1962 1037; x_wconf 89' lang='lat' dir='ltr'>summa</span> <span class='ocrx_word' id='word_1_77' title='bbox 1996 981 2087 1035; x_wconf 87' lang='lat' dir='ltr'>tri-</span> 
     </span>
    </p>
   </div>
   <div class='ocr_carea' id='block_1_13' title="bbox 424 1069 2082 1136">
    <p class='ocr_par' dir='ltr' id='par_1_13' title="bbox 424 1069 2082 1136">
     <span class='ocr_line' id='line_1_13' title="bbox 424 1069 2082 1136; baseline -0.004 -6"><span class='ocrx_word' id='word_1_78' title='bbox 424 1073 610 1130; x_wconf 87' lang='lat' dir='ltr'>modo</span> <span class='ocrx_word' id='word_1_79' title='bbox 631 1076 865 1127; x_wconf 81' lang='lat' dir='ltr'>constat</span> <span class='ocrx_word' id='word_1_80' title='bbox 879 1070 1084 1127; x_wconf 86' lang='lat' dir='ltr'>ordine</span> <span class='ocrx_word' id='word_1_81' title='bbox 1107 1071 1383 1127; x_wconf 88' lang='lat' dir='ltr'>distincta</span> <span class='ocrx_word' id='word_1_82' title='bbox 1414 1088 1428 1126; x_wconf 89' lang='lat'><strong>:</strong></span> <span class='ocrx_word' id='word_1_83' title='bbox 1464 1069 1750 1125; x_wconf 84' lang='lat' dir='ltr'>muniﬁco</span> <span class='ocrx_word' id='word_1_84' title='bbox 1769 1070 2082 1136; x_wconf 87' lang='lat' dir='ltr'>laicorum,</span> 
     </span>
    </p>
   </div>
   <div class='ocr_carea' id='block_1_14' title="bbox 426 1158 2084 1230">
    <p class='ocr_par' dir='ltr' id='par_1_14' title="bbox 426 1158 2084 1230">
     <span class='ocr_line' id='line_1_14' title="bbox 426 1158 2084 1230; baseline -0.004 -12"><span class='ocrx_word' id='word_1_85' title='bbox 426 1161 995 1229; x_wconf 88' lang='lat' dir='ltr'>canonicorumque,</span> <span class='ocrx_word' id='word_1_86' title='bbox 1029 1164 1206 1230; x_wconf 86' lang='lat' dir='ltr'>atque</span> <span class='ocrx_word' id='word_1_87' title='bbox 1226 1159 1669 1214; x_wconf 84' lang='lat' dir='ltr'>monachorum</span> <span class='ocrx_word' id='word_1_88' title='bbox 1691 1158 1896 1213; x_wconf 86' lang='lat' dir='ltr'>labore</span> <span class='ocrx_word' id='word_1_89' title='bbox 1922 1173 2084 1213; x_wconf 87' lang='lat' dir='ltr'>exer-</span> 
     </span>
    </p>
   </div>
   <div class='ocr_carea' id='block_1_15' title="bbox 426 1246 2084 1319">
    <p class='ocr_par' dir='ltr' id='par_1_15' title="bbox 426 1246 2084 1319">
     <span class='ocr_line' id='line_1_15' title="bbox 426 1246 2084 1319; baseline -0.003 -14"><span class='ocrx_word' id='word_1_90' title='bbox 426 1250 558 1319; x_wconf 89' lang='lat' dir='ltr'>cita,</span> <span class='ocrx_word' id='word_1_91' title='bbox 592 1249 931 1305; x_wconf 84' lang='lat' dir='ltr'>Trinitatem</span> <span class='ocrx_word' id='word_1_92' title='bbox 963 1247 1023 1303; x_wconf 89' lang='lat' dir='ltr'>in</span> <span class='ocrx_word' id='word_1_93' title='bbox 1071 1246 1363 1318; x_wconf 88' lang='lat' dir='ltr'>personis,</span> <span class='ocrx_word' id='word_1_94' title='bbox 1400 1251 1585 1303; x_wconf 88' lang='lat' dir='ltr'>Deum</span> <span class='ocrx_word' id='word_1_95' title='bbox 1638 1264 1827 1303; x_wconf 90' lang='lat' dir='ltr'>unum</span> <span class='ocrx_word' id='word_1_96' title='bbox 1858 1248 1916 1303; x_wconf 90' lang='lat' dir='ltr'>in</span> <span class='ocrx_word' id='word_1_97' title='bbox 1948 1246 2084 1301; x_wconf 87' lang='lat' dir='ltr'>sub-</span> 
     </span>
    </p>
   </div>
   <div class='ocr_carea' id='block_1_16' title="bbox 425 1335 2083 1402">
    <p class='ocr_par' dir='ltr' id='par_1_16' title="bbox 425 1335 2083 1402">
     <span class='ocr_line' id='line_1_16' title="bbox 425 1335 2083 1402; baseline -0.001 -12"><span class='ocrx_word' id='word_1_98' title='bbox 425 1336 642 1392; x_wconf 85' lang='lat' dir='ltr'>stantia</span> <span class='ocrx_word' id='word_1_99' title='bbox 691 1336 951 1392; x_wconf 85' lang='lat' dir='ltr'>articulis</span> <span class='ocrx_word' id='word_1_100' title='bbox 1008 1335 1126 1391; x_wconf 85' lang='lat' dir='ltr'>ﬁde</span> <span class='ocrx_word' id='word_1_101' title='bbox 1169 1340 1467 1392; x_wconf 84' lang='lat' dir='ltr'>exsecuta.</span> <span class='ocrx_word' id='word_1_102' title='bbox 1529 1338 1797 1402; x_wconf 82' lang='lat' dir='ltr'>Quorum</span> <span class='ocrx_word' id='word_1_103' title='bbox 1837 1336 2083 1391; x_wconf 87' lang='lat' dir='ltr'>servitus</span> 
     </span>
    </p>
   </div>
   <div class='ocr_carea' id='block_1_17' title="bbox 424 1424 2085 1497">
    <p class='ocr_par' dir='ltr' id='par_1_17' title="bbox 424 1424 2085 1497">
     <span class='ocr_line' id='line_1_17' title="bbox 424 1424 2085 1497; baseline -0.001 -18"><span class='ocrx_word' id='word_1_104' title='bbox 424 1424 664 1481; x_wconf 85' lang='lat' dir='ltr'>feliciter</span> <span class='ocrx_word' id='word_1_105' title='bbox 687 1425 966 1497; x_wconf 87' lang='lat' dir='ltr'>perfecta,</span> <span class='ocrx_word' id='word_1_106' title='bbox 996 1425 1071 1481; x_wconf 91' lang='lat' dir='ltr'>ad</span> <span class='ocrx_word' id='word_1_107' title='bbox 1101 1424 1320 1480; x_wconf 67' lang='lat' dir='ltr'>cadum</span> <span class='ocrx_word' id='word_1_108' title='bbox 1364 1425 1550 1483; x_wconf 84' lang='lat' dir='ltr'>tendit</span> <span class='ocrx_word' id='word_1_109' title='bbox 1602 1426 1791 1497; x_wconf 67' lang='lat' dir='ltr'>aequis</span> <span class='ocrx_word' id='word_1_110' title='bbox 1848 1425 2085 1479; x_wconf 89' lang='lat' dir='ltr'>incessi-</span> 
     </span>
    </p>
   </div>
   <div class='ocr_carea' id='block_1_18' title="bbox 420 1514 2085 1587">
    <p class='ocr_par' dir='ltr' id='par_1_18' title="bbox 420 1514 2085 1587">
     <span class='ocr_line' id='line_1_18' title="bbox 420 1514 2085 1587; baseline -0.002 -16"><span class='ocrx_word' id='word_1_111' title='bbox 420 1514 559 1571; x_wconf 85' lang='lat' dir='ltr'>bus.</span> <span class='ocrx_word' id='word_1_112' title='bbox 590 1517 656 1570; x_wconf 87' lang='lat' dir='ltr'>Et</span> <span class='ocrx_word' id='word_1_113' title='bbox 698 1530 1053 1587; x_wconf 86' lang='lat' dir='ltr'>quanquam</span> <span class='ocrx_word' id='word_1_114' title='bbox 1088 1519 1201 1569; x_wconf 86' lang='lat' dir='ltr'>tres</span> <span class='ocrx_word' id='word_1_115' title='bbox 1230 1514 1467 1570; x_wconf 85' lang='lat' dir='ltr'>ordines</span> <span class='ocrx_word' id='word_1_116' title='bbox 1498 1514 1637 1583; x_wconf 88' lang='lat' dir='ltr'>sint,</span> <span class='ocrx_word' id='word_1_117' title='bbox 1668 1515 1743 1569; x_wconf 87' lang='lat' dir='ltr'>ad</span> <span class='ocrx_word' id='word_1_118' title='bbox 1792 1514 2085 1571; x_wconf 86' lang='lat' dir='ltr'>excollen-</span> 
     </span>
    </p>
   </div>
   <div class='ocr_carea' id='block_1_19' title="bbox 422 1603 2086 1660">
    <p class='ocr_par' dir='ltr' id='par_1_19' title="bbox 422 1603 2086 1660">
     <span class='ocr_line' id='line_1_19' title="bbox 422 1603 2086 1660; baseline -0.001 -1"><span class='ocrx_word' id='word_1_119' title='bbox 422 1604 568 1659; x_wconf 90' lang='lat' dir='ltr'>dum</span> <span class='ocrx_word' id='word_1_120' title='bbox 600 1604 827 1659; x_wconf 90' lang='lat' dir='ltr'>cultum</span> <span class='ocrx_word' id='word_1_121' title='bbox 857 1620 1012 1659; x_wconf 71' lang='lat' dir='ltr'>verre</span> <span class='ocrx_word' id='word_1_122' title='bbox 1033 1604 1173 1658; x_wconf 91' lang='lat' dir='ltr'>ﬁdei</span> <span class='ocrx_word' id='word_1_123' title='bbox 1202 1603 1429 1658; x_wconf 90' lang='lat' dir='ltr'>bicallis</span> <span class='ocrx_word' id='word_1_124' title='bbox 1460 1603 1554 1658; x_wconf 85' lang='lat' dir='ltr'>via</span> <span class='ocrx_word' id='word_1_125' title='bbox 1584 1609 1671 1660; x_wconf 85' lang='lat' dir='ltr'>est</span> <span class='ocrx_word' id='word_1_126' title='bbox 1722 1603 1963 1659; x_wconf 88' lang='lat' dir='ltr'>ambivii</span> <span class='ocrx_word' id='word_1_127' title='bbox 1991 1603 2086 1659; x_wconf 85' lang='lat' dir='ltr'>iti-</span> 
     </span>
    </p>
   </div>
   <div class='ocr_carea' id='block_1_20' title="bbox 422 1690 2084 1763">
    <p class='ocr_par' dir='ltr' id='par_1_20' title="bbox 422 1690 2084 1763">
     <span class='ocr_line' id='line_1_20' title="bbox 422 1690 2084 1763; baseline 0 -16"><span class='ocrx_word' id='word_1_128' title='bbox 422 1693 601 1763; x_wconf 84' lang='lat' dir='ltr'>neris,</span> <span class='ocrx_word' id='word_1_129' title='bbox 634 1697 793 1748; x_wconf 85' lang='lat' dir='ltr'>certa</span> <span class='ocrx_word' id='word_1_130' title='bbox 845 1708 949 1758; x_wconf 89' lang='lat' dir='ltr'>spe</span> <span class='ocrx_word' id='word_1_131' title='bbox 998 1708 1154 1747; x_wconf 63' lang='lat' dir='ltr'>verte</span> <span class='ocrx_word' id='word_1_132' title='bbox 1208 1690 1590 1747; x_wconf 83' lang='lat' dir='ltr'>credulitatis.</span> <span class='ocrx_word' id='word_1_133' title='bbox 1651 1695 1917 1756; x_wconf 83' lang='lat' dir='ltr'>Quarum</span> <span class='ocrx_word' id='word_1_134' title='bbox 1962 1708 2084 1747; x_wconf 89' lang='lat' dir='ltr'>una</span> 
     </span>
    </p>
   </div>
   <div class='ocr_carea' id='block_1_21' title="bbox 421 1779 2085 1854">
    <p class='ocr_par' dir='ltr' id='par_1_21' title="bbox 421 1779 2085 1854">
     <span class='ocr_line' id='line_1_21' title="bbox 421 1779 2085 1854; baseline 0.002 -22"><span class='ocrx_word' id='word_1_135' title='bbox 421 1785 715 1854; x_wconf 68' lang='grc' dir='ltr'>πρακτικῆς</span> <span class='ocrx_word' id='word_1_136' title='bbox 760 1780 1005 1836; x_wconf 83' lang='lat' dir='ltr'>nomine</span> <span class='ocrx_word' id='word_1_137' title='bbox 1052 1779 1245 1834; x_wconf 83' lang='lat' dir='ltr'>laxius</span> <span class='ocrx_word' id='word_1_138' title='bbox 1292 1780 1467 1844; x_wconf 84' lang='lat' dir='ltr'>vehit,</span> <span class='ocrx_word' id='word_1_139' title='bbox 1523 1785 1579 1836; x_wconf 87' lang='lat' dir='ltr'>et</span> <span class='ocrx_word' id='word_1_140' title='bbox 1632 1780 1923 1836; x_wconf 88' lang='lat' dir='ltr'>canonica</span> <span class='ocrx_word' id='word_1_141' title='bbox 1968 1780 2085 1836; x_wconf 89' lang='lat' dir='ltr'>dici</span> 
     </span>
    </p>
   </div>
   <div class='ocr_carea' id='block_1_22' title="bbox 422 1867 2087 1937">
    <p class='ocr_par' dir='ltr' id='par_1_22' title="bbox 422 1867 2087 1937">
     <span class='ocr_line' id='line_1_22' title="bbox 422 1867 2087 1937; baseline 0.001 -15"><span class='ocrx_word' id='word_1_142' title='bbox 422 1869 639 1923; x_wconf 89' lang='lat' dir='ltr'>meruit</span> <span class='ocrx_word' id='word_1_143' title='bbox 672 1886 684 1922; x_wconf 92' lang='lat'>:</span> <span class='ocrx_word' id='word_1_144' title='bbox 714 1868 829 1924; x_wconf 88' lang='lat' dir='ltr'>sub</span> <span class='ocrx_word' id='word_1_145' title='bbox 875 1868 1048 1937; x_wconf 82' lang='lat' dir='ltr'>cujus</span> <span class='ocrx_word' id='word_1_146' title='bbox 1105 1867 1329 1922; x_wconf 88' lang='lat' dir='ltr'>ditione</span> <span class='ocrx_word' id='word_1_147' title='bbox 1358 1867 1585 1923; x_wconf 89' lang='lat' dir='ltr'>laicalis</span> <span class='ocrx_word' id='word_1_148' title='bbox 1616 1868 1766 1923; x_wconf 90' lang='lat' dir='ltr'>ordo</span> <span class='ocrx_word' id='word_1_149' title='bbox 1820 1873 2087 1923; x_wconf 86' lang='lat' dir='ltr'>moratur</span> 
     </span>
    </p>
   </div>
   <div class='ocr_carea' id='block_1_23' title="bbox 423 1956 2085 2029">
    <p class='ocr_par' dir='ltr' id='par_1_23' title="bbox 423 1956 2085 2029">
     <span class='ocr_line' id='line_1_23' title="bbox 423 1956 2085 2029; baseline -0.001 -16"><span class='ocrx_word' id='word_1_150' title='bbox 423 1963 480 2013; x_wconf 91' lang='lat' dir='ltr'>et</span> <span class='ocrx_word' id='word_1_151' title='bbox 504 1957 661 2013; x_wconf 84' lang='lat' dir='ltr'>vivit.</span> <span class='ocrx_word' id='word_1_152' title='bbox 709 1956 905 2013; x_wconf 73' lang='lat' dir='ltr'>Altera</span> <span class='ocrx_word' id='word_1_153' title='bbox 952 1972 1094 2012; x_wconf 88' lang='lat' dir='ltr'>vero</span> <span class='ocrx_word' id='word_1_154' title='bbox 1137 1956 1402 2024; x_wconf 88' lang='lat' dir='ltr'>nomine,</span> <span class='ocrx_word' id='word_1_155' title='bbox 1449 1959 1747 2029; x_wconf 70' lang='grc' dir='ltr'>θεοριτιχὴς</span> <span class='ocrx_word' id='word_1_156' title='bbox 1799 1957 2085 2013; x_wconf 87' lang='lat' dir='ltr'>limitibus</span> 
     </span>
    </p>
   </div>
   <div class='ocr_carea' id='block_1_24' title="bbox 421 2044 2083 2118">
    <p class='ocr_par' dir='ltr' id='par_1_24' title="bbox 421 2044 2083 2118">
     <span class='ocr_line' id='line_1_24' title="bbox 421 2044 2083 2118; baseline 0 -18"><span class='ocrx_word' id='word_1_157' title='bbox 421 2044 561 2101; x_wconf 93' lang='lat' dir='ltr'>hinc</span> <span class='ocrx_word' id='word_1_158' title='bbox 590 2044 728 2099; x_wconf 89' lang='lat' dir='ltr'>inde</span> <span class='ocrx_word' id='word_1_159' title='bbox 750 2044 967 2100; x_wconf 86' lang='lat' dir='ltr'>coactis</span> <span class='ocrx_word' id='word_1_160' title='bbox 998 2044 1179 2100; x_wconf 89' lang='lat' dir='ltr'>allata</span> <span class='ocrx_word' id='word_1_161' title='bbox 1207 2061 1330 2101; x_wconf 91' lang='lat' dir='ltr'>non</span> <span class='ocrx_word' id='word_1_162' title='bbox 1363 2046 1519 2101; x_wconf 88' lang='lat' dir='ltr'>vehit</span> <span class='ocrx_word' id='word_1_163' title='bbox 1566 2062 1674 2117; x_wconf 90' lang='lat' dir='ltr'>per</span> <span class='ocrx_word' id='word_1_164' title='bbox 1720 2046 1923 2118; x_wconf 89' lang='lat' dir='ltr'>plana,</span> <span class='ocrx_word' id='word_1_165' title='bbox 1980 2046 2083 2101; x_wconf 86' lang='lat' dir='ltr'>sed</span> 
     </span>
    </p>
   </div>
   <div class='ocr_carea' id='block_1_25' title="bbox 425 2133 2084 2205">
    <p class='ocr_par' dir='ltr' id='par_1_25' title="bbox 425 2133 2084 2205">
     <span class='ocr_line' id='line_1_25' title="bbox 425 2133 2084 2205; baseline 0 -17"><span class='ocrx_word' id='word_1_166' title='bbox 425 2150 665 2188; x_wconf 90' lang='lat' dir='ltr'>secessu</span> <span class='ocrx_word' id='word_1_167' title='bbox 693 2133 953 2199; x_wconf 85' lang='lat' dir='ltr'>conﬁxa,</span> <span class='ocrx_word' id='word_1_168' title='bbox 983 2138 1331 2205; x_wconf 88' lang='lat' dir='ltr'>secretoque</span> <span class='ocrx_word' id='word_1_169' title='bbox 1362 2135 1610 2205; x_wconf 83' lang='lat' dir='ltr'>perenni</span> <span class='ocrx_word' id='word_1_170' title='bbox 1657 2134 1813 2200; x_wconf 68' lang='lat' dir='ltr'>laeta,</span> <span class='ocrx_word' id='word_1_171' title='bbox 1843 2134 2084 2191; x_wconf 88' lang='lat' dir='ltr'>molitur</span> 
     </span>
    </p>
   </div>
   <div class='ocr_carea' id='block_1_26' title="bbox 424 2221 2080 2293">
    <p class='ocr_par' dir='ltr' id='par_1_26' title="bbox 424 2221 2080 2293">
     <span class='ocr_line' id='line_1_26' title="bbox 424 2221 2080 2293; baseline 0 -16"><span class='ocrx_word' id='word_1_172' title='bbox 424 2238 661 2293; x_wconf 90' lang='lat' dir='ltr'>semper</span> <span class='ocrx_word' id='word_1_173' title='bbox 686 2222 761 2276; x_wconf 89' lang='lat' dir='ltr'>ad</span> <span class='ocrx_word' id='word_1_174' title='bbox 795 2221 1008 2277; x_wconf 87' lang='lat' dir='ltr'>ardua.</span> <span class='ocrx_word' id='word_1_175' title='bbox 1040 2222 1175 2276; x_wconf 70' lang='lat' dir='ltr'>Haec</span> <span class='ocrx_word' id='word_1_176' title='bbox 1196 2222 1526 2292; x_wconf 88' lang='lat' dir='ltr'>apostolica</span> <span class='ocrx_word' id='word_1_177' title='bbox 1561 2227 1649 2278; x_wconf 90' lang='lat' dir='ltr'>est</span> <span class='ocrx_word' id='word_1_178' title='bbox 1671 2222 2080 2292; x_wconf 86' lang='lat' dir='ltr'>denominata,</span> 
     </span>
    </p>
   </div>
   <div class='ocr_carea' id='block_1_27' title="bbox 423 2311 2082 2383">
    <p class='ocr_par' dir='ltr' id='par_1_27' title="bbox 423 2311 2082 2383">
     <span class='ocr_line' id='line_1_27' title="bbox 423 2311 2082 2383; baseline 0 -18"><span class='ocrx_word' id='word_1_179' title='bbox 423 2328 609 2383; x_wconf 89' lang='lat' dir='ltr'>quam</span> <span class='ocrx_word' id='word_1_180' title='bbox 640 2327 754 2367; x_wconf 85' lang='lat' dir='ltr'>nos</span> <span class='ocrx_word' id='word_1_181' title='bbox 785 2314 1127 2383; x_wconf 84' lang='lat' dir='ltr'>peccatores</span> <span class='ocrx_word' id='word_1_182' title='bbox 1152 2311 1419 2382; x_wconf 76' lang='lat' dir='ltr'>exsequi,</span> <span class='ocrx_word' id='word_1_183' title='bbox 1451 2317 1507 2367; x_wconf 89' lang='lat' dir='ltr'>et</span> <span class='ocrx_word' id='word_1_184' title='bbox 1534 2328 1674 2367; x_wconf 90' lang='lat' dir='ltr'>cum</span> <span class='ocrx_word' id='word_1_185' title='bbox 1703 2329 1775 2368; x_wconf 90' lang='lat' dir='ltr'>ea</span> <span class='ocrx_word' id='word_1_186' title='bbox 1828 2311 2082 2368; x_wconf 86' lang='lat' dir='ltr'>assiduis</span> 
     </span>
    </p>
   </div>
   <div class='ocr_carea' id='block_1_28' title="bbox 422 2398 2080 2457">
    <p class='ocr_par' dir='ltr' id='par_1_28' title="bbox 422 2398 2080 2457">
     <span class='ocr_line' id='line_1_28' title="bbox 422 2398 2080 2457; baseline -0.003 -2"><span class='ocrx_word' id='word_1_187' title='bbox 422 2400 668 2457; x_wconf 66' lang='lat' dir='ltr'>internas</span> <span class='ocrx_word' id='word_1_188' title='bbox 724 2398 1067 2457; x_wconf 72' lang='lat' dir='ltr'>intentionis</span> <span class='ocrx_word' id='word_1_189' title='bbox 1096 2398 1332 2454; x_wconf 88' lang='lat' dir='ltr'>nisibus</span> <span class='ocrx_word' id='word_1_190' title='bbox 1371 2415 1665 2457; x_wconf 88' lang='lat' dir='ltr'>conamur</span> <span class='ocrx_word' id='word_1_191' title='bbox 1693 2400 2019 2456; x_wconf 88' lang='lat' dir='ltr'>colluctari.</span> <span class='ocrx_word' id='word_1_192' title='bbox 2052 2422 2080 2450; x_wconf 86' lang='grc'><strong>››</strong></span> 
     </span>
    </p>
   </div>
   <div class='ocr_carea' id='block_1_29' title="bbox 422 2486 2080 2558">
    <p class='ocr_par' dir='ltr' id='par_1_29' title="bbox 422 2486 2080 2558">
     <span class='ocr_line' id='line_1_29' title="bbox 422 2486 2080 2558; baseline -0.001 -12"><span class='ocrx_word' id='word_1_193' title='bbox 422 2492 552 2546; x_wconf 82' lang='lat' dir='ltr'>Haec</span> <span class='ocrx_word' id='word_1_194' title='bbox 582 2493 784 2546; x_wconf 89' lang='lat' dir='ltr'>autem</span> <span class='ocrx_word' id='word_1_195' title='bbox 811 2486 1157 2543; x_wconf 82' lang='lat' dir='ltr'>Guillelmus</span> <span class='ocrx_word' id='word_1_196' title='bbox 1210 2488 1487 2558; x_wconf 90' lang='lat' dir='ltr'>audiens,</span> <span class='ocrx_word' id='word_1_197' title='bbox 1518 2489 1714 2545; x_wconf 83' lang='lat' dir='ltr'>retulit</span> <span class='ocrx_word' id='word_1_198' title='bbox 1742 2490 1950 2545; x_wconf 89' lang='lat' dir='ltr'>abbati</span> <span class='ocrx_word' id='word_1_199' title='bbox 1996 2490 2080 2544; x_wconf 88' lang='lat' dir='ltr'>in-</span> 
     </span>
    </p>
   </div>
   <div class='ocr_carea' id='block_1_30' title="bbox 422 2577 2083 2651">
    <p class='ocr_par' dir='ltr' id='par_1_30' title="bbox 422 2577 2083 2651">
     <span class='ocr_line' id='line_1_30' title="bbox 422 2577 2083 2651; baseline 0 -16"><span class='ocrx_word' id='word_1_200' title='bbox 422 2579 635 2651; x_wconf 84' lang='lat' dir='ltr'>quiens</span> <span class='ocrx_word' id='word_1_201' title='bbox 667 2595 680 2633; x_wconf 90' lang='lat'><strong>:</strong></span> <span class='ocrx_word' id='word_1_202' title='bbox 714 2601 741 2626; x_wconf 75' lang='grc' dir='ltr'><strong>α</strong></span> <span class='ocrx_word' id='word_1_203' title='bbox 777 2578 940 2633; x_wconf 84' lang='lat' dir='ltr'>Flore</span> <span class='ocrx_word' id='word_1_204' title='bbox 968 2577 1267 2650; x_wconf 68' lang='lat' dir='ltr'>primaevae</span> <span class='ocrx_word' id='word_1_205' title='bbox 1298 2578 1485 2633; x_wconf 66' lang='lat' dir='ltr'>aetatis</span> <span class='ocrx_word' id='word_1_206' title='bbox 1511 2578 1800 2635; x_wconf 76' lang='lat' dir='ltr'>laxiorem</span> <span class='ocrx_word' id='word_1_207' title='bbox 1839 2580 1995 2635; x_wconf 87' lang='lat' dir='ltr'>viam</span> <span class='ocrx_word' id='word_1_208' title='bbox 2026 2585 2083 2635; x_wconf 90' lang='lat' dir='ltr'>et</span> 
     </span>
    </p>
   </div>
   <div class='ocr_carea' id='block_1_31' title="bbox 422 2666 2079 2740">
    <p class='ocr_par' dir='ltr' id='par_1_31' title="bbox 422 2666 2079 2740">
     <span class='ocr_line' id='line_1_31' title="bbox 422 2666 2079 2740; baseline 0.001 -17"><span class='ocrx_word' id='word_1_209' title='bbox 422 2666 693 2723; x_wconf 88' lang='lat' dir='ltr'>latiorem</span> <span class='ocrx_word' id='word_1_210' title='bbox 722 2666 945 2740; x_wconf 80' lang='lat' dir='ltr'>pacisci</span> <span class='ocrx_word' id='word_1_211' title='bbox 969 2685 983 2733; x_wconf 86' lang='lat'><strong>;</strong></span> <span class='ocrx_word' id='word_1_212' title='bbox 1029 2666 1372 2738; x_wconf 85' lang='lat' dir='ltr'>ﬁnibusque</span> <span class='ocrx_word' id='word_1_213' title='bbox 1401 2668 1788 2739; x_wconf 68' lang='lat' dir='ltr'>praestrictam</span> <span class='ocrx_word' id='word_1_214' title='bbox 1812 2674 1869 2723; x_wconf 90' lang='lat' dir='ltr'>et</span> <span class='ocrx_word' id='word_1_215' title='bbox 1899 2685 2079 2724; x_wconf 88' lang='lat' dir='ltr'>coan-</span> 
     </span>
    </p>
   </div>
   <div class='ocr_carea' id='block_1_32' title="bbox 424 2746 2083 2829">
    <p class='ocr_par' dir='ltr' id='par_1_32' title="bbox 424 2746 2083 2829">
     <span class='ocr_line' id='line_1_32' title="bbox 424 2746 2083 2829; baseline 0.001 -18"><span class='ocrx_word' id='word_1_216' title='bbox 424 2746 729 2825; x_wconf 82' lang='lat' dir='ltr'>gustatam</span> <span class='ocrx_word' id='word_1_217' title='bbox 762 2755 913 2811; x_wconf 84' lang='lat' dir='ltr'>volui</span> <span class='ocrx_word' id='word_1_218' title='bbox 942 2772 1324 2828; x_wconf 89' lang='lat' dir='ltr'>summopere</span> <span class='ocrx_word' id='word_1_219' title='bbox 1376 2756 1592 2812; x_wconf 88' lang='lat' dir='ltr'>imitari</span> <span class='ocrx_word' id='word_1_220' title='bbox 1629 2775 1640 2811; x_wconf 91' lang='lat'>:</span> <span class='ocrx_word' id='word_1_221' title='bbox 1675 2775 1879 2813; x_wconf 81' lang='lat' dir='ltr'>verum</span> <span class='ocrx_word' id='word_1_222' title='bbox 1914 2764 2083 2829; x_wconf 87' lang='lat' dir='ltr'>pater</span> 
     </span>
    </p>
   </div>
   <div class='ocr_carea' id='block_1_33' title="bbox 422 2844 2082 2916">
    <p class='ocr_par' dir='ltr' id='par_1_33' title="bbox 422 2844 2082 2916">
     <span class='ocr_line' id='line_1_33' title="bbox 422 2844 2082 2916; baseline 0 -16"><span class='ocrx_word' id='word_1_223' title='bbox 422 2861 615 2914; x_wconf 89' lang='lat' dir='ltr'>meus,</span> <span class='ocrx_word' id='word_1_224' title='bbox 637 2844 1057 2916; x_wconf 87' lang='lat' dir='ltr'>principesque</span> <span class='ocrx_word' id='word_1_225' title='bbox 1088 2844 1177 2899; x_wconf 87' lang='lat' dir='ltr'>s&#39;ui</span> <span class='ocrx_word' id='word_1_226' title='bbox 1203 2844 1633 2901; x_wconf 89' lang='lat' dir='ltr'>constituerunt</span> <span class='ocrx_word' id='word_1_227' title='bbox 1658 2862 1755 2900; x_wconf 92' lang='lat' dir='ltr'>me</span> <span class='ocrx_word' id='word_1_228' title='bbox 1780 2845 2082 2901; x_wconf 89' lang='lat' dir='ltr'>nolentem</span> 
     </span>
    </p>
   </div>
   <div class='ocr_carea' id='block_1_34' title="bbox 423 2931 2161 3029">
    <p class='ocr_par' dir='ltr' id='par_1_34' title="bbox 423 2931 2161 3029">
     <span class='ocr_line' id='line_1_34' title="bbox 423 2931 2161 3029; baseline 0.002 -42"><span class='ocrx_word' id='word_1_229' title='bbox 423 2933 637 2989; x_wconf 89' lang='lat' dir='ltr'>ducem</span> <span class='ocrx_word' id='word_1_230' title='bbox 671 2933 801 2988; x_wconf 90' lang='lat' dir='ltr'>sibi.</span> <span class='ocrx_word' id='word_1_231' title='bbox 838 2932 951 2988; x_wconf 88' lang='lat' dir='ltr'>Sed</span> <span class='ocrx_word' id='word_1_232' title='bbox 975 2931 1119 3003; x_wconf 88' lang='lat' dir='ltr'>quia</span> <span class='ocrx_word' id='word_1_233' title='bbox 1148 2948 1309 2987; x_wconf 89' lang='lat' dir='ltr'>nunc</span> <span class='ocrx_word' id='word_1_234' title='bbox 1334 2933 1451 2987; x_wconf 90' lang='lat' dir='ltr'>mei</span> <span class='ocrx_word' id='word_1_235' title='bbox 1470 2934 1621 3003; x_wconf 87' lang='lat' dir='ltr'>juris</span> <span class='ocrx_word' id='word_1_236' title='bbox 1653 2951 1923 3006; x_wconf 69' lang='lat' dir='ltr'>memque</span> <span class='ocrx_word' id='word_1_237' title='bbox 1946 2951 2085 2991; x_wconf 89' lang='lat' dir='ltr'>sum</span> <span class='ocrx_word' id='word_1_238' title='bbox 2114 2974 2161 3029; x_wconf 67' lang='grc' dir='ltr'>Ο</span> 
     </span>
    </p>
   </div>
   <div class='ocr_carea' id='block_1_35' title="bbox 424 3019 2090 3093">
    <p class='ocr_par' dir='ltr' id='par_1_35' title="bbox 424 3019 2090 3093">
     <span class='ocr_line' id='line_1_35' title="bbox 424 3019 2090 3093; baseline 0.002 -18"><span class='ocrx_word' id='word_1_239' title='bbox 424 3021 757 3092; x_wconf 86' lang='lat' dir='ltr'>potestatis,</span> <span class='ocrx_word' id='word_1_240' title='bbox 780 3019 1105 3093; x_wconf 87' lang='lat' dir='ltr'>palestram</span> <span class='ocrx_word' id='word_1_241' title='bbox 1134 3020 1375 3076; x_wconf 88' lang='lat' dir='ltr'>theorici</span> <span class='ocrx_word' id='word_1_242' title='bbox 1406 3022 1571 3077; x_wconf 88' lang='lat' dir='ltr'>collis</span> <span class='ocrx_word' id='word_1_243' title='bbox 1602 3023 1741 3078; x_wconf 90' lang='lat' dir='ltr'>hinc</span> <span class='ocrx_word' id='word_1_244' title='bbox 1756 3023 1895 3079; x_wconf 89' lang='lat' dir='ltr'>inde</span> <span class='ocrx_word' id='word_1_245' title='bbox 1927 3025 2090 3079; x_wconf 88' lang='lat' dir='ltr'>stric.</span> 
     </span>
    </p>
   </div>
   <div class='ocr_carea' id='block_1_36' title="bbox 426 3110 2086 3185">
    <p class='ocr_par' dir='ltr' id='par_1_36' title="bbox 426 3110 2086 3185">
     <span class='ocr_line' id='line_1_36' title="bbox 426 3110 2086 3185; baseline 0.002 -19"><span class='ocrx_word' id='word_1_246' title='bbox 426 3111 540 3166; x_wconf 91' lang='lat' dir='ltr'>tius</span> <span class='ocrx_word' id='word_1_247' title='bbox 601 3110 831 3167; x_wconf 90' lang='lat' dir='ltr'>limitati</span> <span class='ocrx_word' id='word_1_248' title='bbox 908 3110 1207 3173; x_wconf 90' lang='lat' dir='ltr'>mundum</span> <span class='ocrx_word' id='word_1_249' title='bbox 1265 3110 1683 3183; x_wconf 87' lang='lat' dir='ltr'>relinquendo,</span> <span class='ocrx_word' id='word_1_250' title='bbox 1734 3118 2086 3185; x_wconf 89' lang='lat' dir='ltr'>mutatoque</span> 
     </span>
    </p>
   </div>
   <div class='ocr_carea' id='block_1_37' title="bbox 422 3199 2085 3272">
    <p class='ocr_par' dir='ltr' id='par_1_37' title="bbox 422 3199 2085 3272">
     <span class='ocr_line' id='line_1_37' title="bbox 422 3199 2085 3272; baseline 0.001 -16"><span class='ocrx_word' id='word_1_251' title='bbox 422 3199 631 3256; x_wconf 89' lang='lat' dir='ltr'>habitu</span> <span class='ocrx_word' id='word_1_252' title='bbox 684 3200 826 3256; x_wconf 86' lang='lat' dir='ltr'>volo</span> <span class='ocrx_word' id='word_1_253' title='bbox 881 3199 1151 3272; x_wconf 90' lang='lat' dir='ltr'>adipisci.</span> <span class='ocrx_word' id='word_1_254' title='bbox 1188 3222 1217 3249; x_wconf 84' lang='lat'>»</span> <span class='ocrx_word' id='word_1_255' title='bbox 1263 3200 1525 3257; x_wconf 84' lang='lat' dir='ltr'>Audiens</span> <span class='ocrx_word' id='word_1_256' title='bbox 1555 3206 1758 3259; x_wconf 88' lang='lat' dir='ltr'>autem</span> <span class='ocrx_word' id='word_1_257' title='bbox 1807 3204 2085 3259; x_wconf 78' lang='lat' dir='ltr'>Martinus</span> 
     </span>
    </p>
   </div>
   <div class='ocr_carea' id='block_1_38' title="bbox 422 3288 2082 3361">
    <p class='ocr_par' dir='ltr' id='par_1_38' title="bbox 422 3288 2082 3361">
     <span class='ocr_line' id='line_1_38' title="bbox 422 3288 2082 3361; baseline -0.001 -15"><span class='ocrx_word' id='word_1_258' title='bbox 422 3290 614 3346; x_wconf 89' lang='lat' dir='ltr'>abbas</span> <span class='ocrx_word' id='word_1_259' title='bbox 658 3288 869 3344; x_wconf 89' lang='lat' dir='ltr'>merito</span> <span class='ocrx_word' id='word_1_260' title='bbox 917 3288 1503 3361; x_wconf 68' lang='lat' dir='ltr'>praecellentissimus</span> <span class='ocrx_word' id='word_1_261' title='bbox 1554 3291 1735 3361; x_wconf 88' lang='lat' dir='ltr'>hujus</span> <span class='ocrx_word' id='word_1_262' title='bbox 1794 3291 2082 3347; x_wconf 76' lang='lat' dir='ltr'>mirandae</span> 
     </span>
    </p>
   </div>
   <div class='ocr_carea' id='block_1_39' title="bbox 420 3378 2080 3451">
    <p class='ocr_par' dir='ltr' id='par_1_39' title="bbox 420 3378 2080 3451">
     <span class='ocr_line' id='line_1_39' title="bbox 420 3378 2080 3451; baseline -0.001 -15"><span class='ocrx_word' id='word_1_263' title='bbox 420 3378 762 3437; x_wconf 87' lang='lat' dir='ltr'>intentionis</span> <span class='ocrx_word' id='word_1_264' title='bbox 807 3379 1202 3451; x_wconf 86' lang='lat' dir='ltr'>propositum,</span> <span class='ocrx_word' id='word_1_265' title='bbox 1266 3378 1578 3450; x_wconf 87' lang='lat' dir='ltr'>suspirans</span> <span class='ocrx_word' id='word_1_266' title='bbox 1609 3379 1807 3435; x_wconf 89' lang='lat' dir='ltr'>subito</span> <span class='ocrx_word' id='word_1_267' title='bbox 1862 3380 2080 3449; x_wconf 71' lang='lat' dir='ltr'>dirigit,</span> 
     </span>
    </p>
   </div>
   <div class='ocr_carea' id='block_1_40' title="bbox 421 3462 2081 3534">
    <p class='ocr_par' dir='ltr' id='par_1_40' title="bbox 421 3462 2081 3534">
     <span class='ocr_line' id='line_1_40' title="bbox 421 3462 2081 3534; baseline 0.001 -17"><span class='ocrx_word' id='word_1_268' title='bbox 421 3462 665 3534; x_wconf 91' lang='lat' dir='ltr'>imoque</span> <span class='ocrx_word' id='word_1_269' title='bbox 698 3478 909 3517; x_wconf 89' lang='lat' dir='ltr'>vocem</span> <span class='ocrx_word' id='word_1_270' title='bbox 950 3462 1191 3517; x_wconf 90' lang='lat' dir='ltr'>trahens</span> <span class='ocrx_word' id='word_1_271' title='bbox 1245 3477 1281 3516; x_wconf 88' lang='lat' dir='ltr'>a</span> <span class='ocrx_word' id='word_1_272' title='bbox 1336 3466 1594 3534; x_wconf 88' lang='lat' dir='ltr'>pectore,</span> <span class='ocrx_word' id='word_1_273' title='bbox 1627 3463 1824 3534; x_wconf 87' lang='lat' dir='ltr'>inquit</span> <span class='ocrx_word' id='word_1_274' title='bbox 1855 3481 1868 3517; x_wconf 91' lang='lat'><strong>:</strong></span> <span class='ocrx_word' id='word_1_275' title='bbox 1904 3486 1931 3513; x_wconf 84' lang='grc'>‹‹</span> <span class='ocrx_word' id='word_1_276' title='bbox 1972 3465 2081 3519; x_wconf 91' lang='lat' dir='ltr'>De-</span> 
     </span>
    </p>
   </div>
   <div class='ocr_carea' id='block_1_41' title="bbox 422 3548 2081 3621">
    <p class='ocr_par' dir='ltr' id='par_1_41' title="bbox 422 3548 2081 3621">
     <span class='ocr_line' id='line_1_41' title="bbox 422 3548 2081 3621; baseline 0.002 -18"><span class='ocrx_word' id='word_1_277' title='bbox 422 3550 626 3605; x_wconf 90' lang='lat' dir='ltr'>fensor</span> <span class='ocrx_word' id='word_1_278' title='bbox 644 3550 826 3619; x_wconf 89' lang='lat' dir='ltr'>hujus</span> <span class='ocrx_word' id='word_1_279' title='bbox 853 3548 1083 3621; x_wconf 75' lang='lat' dir='ltr'>patriae,</span> <span class='ocrx_word' id='word_1_280' title='bbox 1128 3564 1234 3603; x_wconf 89' lang='lat' dir='ltr'>cur</span> <span class='ocrx_word' id='word_1_281' title='bbox 1264 3549 1402 3605; x_wconf 88' lang='lat' dir='ltr'>talia</span> <span class='ocrx_word' id='word_1_282' title='bbox 1445 3549 1693 3605; x_wconf 89' lang='lat' dir='ltr'>rimatus</span> <span class='ocrx_word' id='word_1_283' title='bbox 1739 3567 1802 3605; x_wconf 92' lang='lat' dir='ltr'>es</span> <span class='ocrx_word' id='word_1_284' title='bbox 1836 3552 2024 3607; x_wconf 85' lang='lat' dir='ltr'>facere</span> <span class='ocrx_word' id='word_1_285' title='bbox 2054 3552 2081 3606; x_wconf 75' lang='lat' dir='ltr'>‘I</span> 
     </span>
    </p>
   </div>
   <div class='ocr_carea' id='block_1_42' title="bbox 424 3635 2081 3707">
    <p class='ocr_par' dir='ltr' id='par_1_42' title="bbox 424 3635 2081 3707">
     <span class='ocr_line' id='line_1_42' title="bbox 424 3635 2081 3707; baseline 0.003 -19"><span class='ocrx_word' id='word_1_286' title='bbox 424 3636 566 3700; x_wconf 87' lang='lat' dir='ltr'>Quis</span> <span class='ocrx_word' id='word_1_287' title='bbox 604 3635 828 3691; x_wconf 87' lang='lat' dir='ltr'>fovebit</span> <span class='ocrx_word' id='word_1_288' title='bbox 851 3635 1075 3692; x_wconf 88' lang='lat' dir='ltr'>clerum</span> <span class='ocrx_word' id='word_1_289' title='bbox 1098 3639 1155 3690; x_wconf 89' lang='lat' dir='ltr'>et</span> <span class='ocrx_word' id='word_1_290' title='bbox 1185 3636 1480 3707; x_wconf 89' lang='lat' dir='ltr'>populum</span> <span class='ocrx_word' id='word_1_291' title='bbox 1506 3638 1533 3691; x_wconf 87' lang='lat'><strong>?</strong></span> <span class='ocrx_word' id='word_1_292' title='bbox 1573 3638 1712 3701; x_wconf 84' lang='lat' dir='ltr'>Quis</span> <span class='ocrx_word' id='word_1_293' title='bbox 1736 3643 1945 3695; x_wconf 84' lang='lat' dir='ltr'>contra</span> <span class='ocrx_word' id='word_1_294' title='bbox 1970 3655 2081 3694; x_wconf 89' lang='lat' dir='ltr'>nos</span> 
     </span>
    </p>
   </div>
   <div class='ocr_carea' id='block_1_43' title="bbox 421 3725 2081 3798">
    <p class='ocr_par' dir='ltr' id='par_1_43' title="bbox 421 3725 2081 3798">
     <span class='ocr_line' id='line_1_43' title="bbox 421 3725 2081 3798; baseline 0.002 -17"><span class='ocrx_word' id='word_1_295' title='bbox 421 3725 830 3795; x_wconf 81' lang='lat' dir='ltr'>ingruentium</span> <span class='ocrx_word' id='word_1_296' title='bbox 860 3740 1242 3798; x_wconf 87' lang='lat' dir='ltr'>paganorum</span> <span class='ocrx_word' id='word_1_297' title='bbox 1294 3726 1570 3782; x_wconf 79' lang='lat' dir='ltr'>exercitui</span> <span class='ocrx_word' id='word_1_298' title='bbox 1595 3727 1856 3784; x_wconf 88' lang='lat' dir='ltr'>obstabit</span> <span class='ocrx_word' id='word_1_299' title='bbox 1882 3731 1908 3784; x_wconf 71' lang='lat'>‘2</span> <span class='ocrx_word' id='word_1_300' title='bbox 1936 3729 2081 3795; x_wconf 81' lang='lat' dir='ltr'>Quis</span> 
     </span>
    </p>
   </div>
   <div class='ocr_carea' id='block_1_44' title="bbox 419 3815 2082 3891">
    <p class='ocr_par' dir='ltr' id='par_1_44' title="bbox 419 3815 2082 3891">
     <span class='ocr_line' id='line_1_44' title="bbox 419 3815 2082 3891; baseline 0.001 -18"><span class='ocrx_word' id='word_1_301' title='bbox 419 3815 686 3891; x_wconf 86' lang='lat' dir='ltr'>paternis</span> <span class='ocrx_word' id='word_1_302' title='bbox 737 3815 971 3886; x_wconf 83' lang='lat' dir='ltr'>legibus</span> <span class='ocrx_word' id='word_1_303' title='bbox 1028 3819 1191 3884; x_wconf 91' lang='lat' dir='ltr'>reget</span> <span class='ocrx_word' id='word_1_304' title='bbox 1265 3821 1501 3873; x_wconf 84' lang='lat' dir='ltr'>strenue</span> <span class='ocrx_word' id='word_1_305' title='bbox 1566 3816 1863 3889; x_wconf 89' lang='lat' dir='ltr'>populum</span> <span class='ocrx_word' id='word_1_306' title='bbox 1892 3820 1919 3874; x_wconf 86' lang='lat'>?</span> <span class='ocrx_word' id='word_1_307' title='bbox 1978 3820 2082 3875; x_wconf 85' lang='lat' dir='ltr'>Cui</span> 
     </span>
    </p>
   </div>
   <div class='ocr_carea' id='block_1_45' title="bbox 420 3904 2081 3977">
    <p class='ocr_par' dir='ltr' id='par_1_45' title="bbox 420 3904 2081 3977">
     <span class='ocr_line' id='line_1_45' title="bbox 420 3904 2081 3977; baseline 0.002 -16"><span class='ocrx_word' id='word_1_308' title='bbox 420 3920 666 3977; x_wconf 84' lang='lat' dir='ltr'>gregem</span> <span class='ocrx_word' id='word_1_309' title='bbox 719 3904 1053 3962; x_wconf 88' lang='lat' dir='ltr'>committes</span> <span class='ocrx_word' id='word_1_310' title='bbox 1106 3909 1164 3960; x_wconf 91' lang='lat' dir='ltr'>et</span> <span class='ocrx_word' id='word_1_311' title='bbox 1191 3904 1649 3961; x_wconf 89' lang='lat' dir='ltr'>commendabis</span> <span class='ocrx_word' id='word_1_312' title='bbox 1677 3906 1705 3961; x_wconf 86' lang='lat'><strong>?</strong></span> <span class='ocrx_word' id='word_1_313' title='bbox 1746 3907 1851 3962; x_wconf 88' lang='lat' dir='ltr'>Cui</span> <span class='ocrx_word' id='word_1_314' title='bbox 1899 3906 2081 3964; x_wconf 90' lang='lat' dir='ltr'>duca-</span> 
     </span>
    </p>
   </div>
   <div class='ocr_carea' id='block_1_46' title="bbox 417 3992 2083 4066">
    <p class='ocr_par' dir='ltr' id='par_1_46' title="bbox 417 3992 2083 4066">
     <span class='ocr_line' id='line_1_46' title="bbox 417 3992 2083 4066; baseline 0.001 -15"><span class='ocrx_word' id='word_1_315' title='bbox 417 4011 562 4051; x_wconf 92' lang='lat' dir='ltr'>men</span> <span class='ocrx_word' id='word_1_316' title='bbox 616 3993 934 4050; x_wconf 72' lang='lat' dir='ltr'>Britannia:</span> <span class='ocrx_word' id='word_1_317' title='bbox 990 3992 1587 4066; x_wconf 75' lang='lat' dir='ltr'>Northmannicaequc</span> <span class='ocrx_word' id='word_1_318' title='bbox 1654 3994 1914 4064; x_wconf 90' lang='lat' dir='ltr'>regionis</span> <span class='ocrx_word' id='word_1_319' title='bbox 1969 3995 2083 4052; x_wconf 85' lang='lat' dir='ltr'>lar-</span> 
     </span>
    </p>
   </div>
   <div class='ocr_carea' id='block_1_47' title="bbox 419 4081 2080 4157">
    <p class='ocr_par' dir='ltr' id='par_1_47' title="bbox 419 4081 2080 4157">
     <span class='ocr_line' id='line_1_47' title="bbox 419 4081 2080 4157; baseline 0.002 -21"><span class='ocrx_word' id='word_1_320' title='bbox 419 4083 594 4152; x_wconf 90' lang='lat' dir='ltr'>gieris</span> <span class='ocrx_word' id='word_1_321' title='bbox 623 4084 652 4139; x_wconf 78' lang='lat' dir='ltr'><strong><em>‘I</em></strong></span> <span class='ocrx_word' id='word_1_322' title='bbox 689 4081 1077 4139; x_wconf 89' lang='lat' dir='ltr'>Sollicitudini</span> <span class='ocrx_word' id='word_1_323' title='bbox 1124 4087 1237 4138; x_wconf 79' lang='lat' dir='ltr'>tuae</span> <span class='ocrx_word' id='word_1_324' title='bbox 1277 4081 1494 4146; x_wconf 57' lang='lat' dir='ltr'>divinas</span> <span class='ocrx_word' id='word_1_325' title='bbox 1538 4081 1859 4141; x_wconf 89' lang='lat' dir='ltr'>voluntatis</span> <span class='ocrx_word' id='word_1_326' title='bbox 1887 4086 2080 4157; x_wconf 90' lang='lat' dir='ltr'>provi-</span> 
     </span>
    </p>
   </div>
   <div class='ocr_carea' id='block_1_48' title="bbox 419 4170 2080 4244">
    <p class='ocr_par' dir='ltr' id='par_1_48' title="bbox 419 4170 2080 4244">
     <span class='ocr_line' id='line_1_48' title="bbox 419 4170 2080 4244; baseline 0.003 -20"><span class='ocrx_word' id='word_1_327' title='bbox 419 4171 622 4226; x_wconf 89' lang='lat' dir='ltr'>dentia</span> <span class='ocrx_word' id='word_1_328' title='bbox 645 4186 768 4225; x_wconf 92' lang='lat' dir='ltr'>non</span> <span class='ocrx_word' id='word_1_329' title='bbox 800 4170 1282 4238; x_wconf 86' lang='lat' dir='ltr'>concordabitur,</span> <span class='ocrx_word' id='word_1_330' title='bbox 1313 4187 1423 4227; x_wconf 92' lang='lat' dir='ltr'>nec</span> <span class='ocrx_word' id='word_1_331' title='bbox 1471 4188 1608 4244; x_wconf 83' lang='lat' dir='ltr'>quae</span> <span class='ocrx_word' id='word_1_332' title='bbox 1638 4172 1864 4228; x_wconf 90' lang='lat' dir='ltr'>moliris</span> <span class='ocrx_word' id='word_1_333' title='bbox 1902 4188 2080 4243; x_wconf 89' lang='lat' dir='ltr'>agere</span> 
     </span>
    </p>
   </div>
   <div class='ocr_carea' id='block_1_49' title="bbox 420 4258 2075 4330">
    <p class='ocr_par' dir='ltr' id='par_1_49' title="bbox 420 4258 2075 4330">
     <span class='ocr_line' id='line_1_49' title="bbox 420 4258 2075 4330; baseline 0.003 -16"><span class='ocrx_word' id='word_1_334' title='bbox 420 4258 800 4330; x_wconf 88' lang='lat' dir='ltr'>adimplebis,</span> <span class='ocrx_word' id='word_1_335' title='bbox 826 4274 934 4313; x_wconf 88' lang='lat' dir='ltr'>nec</span> <span class='ocrx_word' id='word_1_336' title='bbox 978 4275 1075 4315; x_wconf 90' lang='lat' dir='ltr'>me</span> <span class='ocrx_word' id='word_1_337' title='bbox 1106 4260 1339 4317; x_wconf 87' lang='lat' dir='ltr'>favente</span> <span class='ocrx_word' id='word_1_338' title='bbox 1385 4260 1678 4316; x_wconf 89' lang='lat' dir='ltr'>ullatenus</span> <span class='ocrx_word' id='word_1_339' title='bbox 1710 4263 2075 4320; x_wconf 86' lang='lat' dir='ltr'>tractabitur.</span> 
     </span>
    </p>
   </div>
   <div class='ocr_carea' id='block_1_50' title="bbox 2192 357 3881 435">
    <p class='ocr_par' dir='ltr' id='par_1_50' title="bbox 2192 357 3881 435">
     <span class='ocr_line' id='line_1_50' title="bbox 2192 357 3881 435; baseline 0.002 -23"><span class='ocrx_word' id='word_1_340' title='bbox 2192 357 2490 429; x_wconf 89' lang='lat' dir='ltr'>acquievit</span> <span class='ocrx_word' id='word_1_341' title='bbox 2517 358 2789 415; x_wconf 78' lang='lat' dir='ltr'>charitati</span> <span class='ocrx_word' id='word_1_342' title='bbox 2810 359 2886 415; x_wconf 90' lang='lat' dir='ltr'>ad</span> <span class='ocrx_word' id='word_1_343' title='bbox 2914 376 3087 415; x_wconf 89' lang='lat' dir='ltr'>esum</span> <span class='ocrx_word' id='word_1_344' title='bbox 3142 360 3458 429; x_wconf 81' lang='lat' dir='ltr'>ullatenus,</span> <span class='ocrx_word' id='word_1_345' title='bbox 3495 363 3607 418; x_wconf 87' lang='lat' dir='ltr'>sed</span> <span class='ocrx_word' id='word_1_346' title='bbox 3658 362 3881 435; x_wconf 76' lang='lat' dir='ltr'>petivit</span> 
     </span>
    </p>
   </div>
   <div class='ocr_carea' id='block_1_51' title="bbox 2191 446 3280 517">
    <p class='ocr_par' dir='ltr' id='par_1_51' title="bbox 2191 446 3280 517">
     <span class='ocr_line' id='line_1_51' title="bbox 2191 446 3280 517; baseline 0.002 -15"><span class='ocrx_word' id='word_1_347' title='bbox 2191 446 2734 517; x_wconf 82' lang='lat' dir='ltr'>Rothomagensem</span> <span class='ocrx_word' id='word_1_348' title='bbox 2765 447 2978 503; x_wconf 88' lang='lat' dir='ltr'>urbem</span> <span class='ocrx_word' id='word_1_349' title='bbox 3008 448 3280 505; x_wconf 86' lang='lat' dir='ltr'>celerius.</span> 
     </span>
    </p>
   </div>
   <div class='ocr_carea' id='block_1_52' title="bbox 2833 553 3215 593">
    <p class='ocr_par' dir='ltr' id='par_1_52' title="bbox 2833 553 3215 593">
     <span class='ocr_line' id='line_1_52' title="bbox 2833 553 3215 593; baseline 0.005 -2"><span class='ocrx_word' id='word_1_350' title='bbox 2833 553 3215 593; x_wconf 71' lang='lat' dir='ltr'>APOSTROPHA.</span> 
     </span>
    </p>
   </div>
   <div class='ocr_carea' id='block_1_53' title="bbox 2188 623 3883 699">
    <p class='ocr_par' dir='ltr' id='par_1_53' title="bbox 2188 623 3883 699">
     <span class='ocr_line' id='line_1_53' title="bbox 2188 623 3883 699; baseline 0.001 -20"><span class='ocrx_word' id='word_1_351' title='bbox 2188 623 2378 679; x_wconf 90' lang='lat' dir='ltr'>Omne</span> <span class='ocrx_word' id='word_1_352' title='bbox 2406 623 2635 679; x_wconf 90' lang='lat' dir='ltr'>bonum</span> <span class='ocrx_word' id='word_1_353' title='bbox 2667 625 2903 696; x_wconf 84' lang='lat' dir='ltr'>praescit</span> <span class='ocrx_word' id='word_1_354' title='bbox 2930 628 3103 695; x_wconf 90' lang='lat' dir='ltr'>Deus,</span> <span class='ocrx_word' id='word_1_355' title='bbox 3161 629 3218 683; x_wconf 90' lang='lat' dir='ltr'>et</span> <span class='ocrx_word' id='word_1_356' title='bbox 3252 627 3651 699; x_wconf 68' lang='lat' dir='ltr'>praedestinat</span> <span class='ocrx_word' id='word_1_357' title='bbox 3686 642 3883 695; x_wconf 79' lang='lat' dir='ltr'>unus,</span> 
     </span>
    </p>
   </div>
   <div class='ocr_carea' id='block_1_54' title="bbox 2190 712 3883 786">
    <p class='ocr_par' dir='ltr' id='par_1_54' title="bbox 2190 712 3883 786">
     <span class='ocr_line' id='line_1_54' title="bbox 2190 712 3883 786; baseline 0.002 -18"><span class='ocrx_word' id='word_1_358' title='bbox 2190 713 2378 768; x_wconf 87' lang='lat' dir='ltr'>Omne</span> <span class='ocrx_word' id='word_1_359' title='bbox 2399 712 2629 768; x_wconf 90' lang='lat' dir='ltr'>malum</span> <span class='ocrx_word' id='word_1_360' title='bbox 2652 714 2889 786; x_wconf 71' lang='lat' dir='ltr'>thBSClt</span> <span class='ocrx_word' id='word_1_361' title='bbox 2932 716 3113 784; x_wconf 90' lang='lat' dir='ltr'>Deus,</span> <span class='ocrx_word' id='word_1_362' title='bbox 3141 732 3210 770; x_wconf 88' lang='lat' dir='ltr'>ac</span> <span class='ocrx_word' id='word_1_363' title='bbox 3240 732 3358 771; x_wconf 89' lang='lat' dir='ltr'>non</span> <span class='ocrx_word' id='word_1_364' title='bbox 3388 716 3667 773; x_wconf 83' lang='lat' dir='ltr'>destinat</span> <span class='ocrx_word' id='word_1_365' title='bbox 3691 733 3883 771; x_wconf 80' lang='lat' dir='ltr'>unus.</span> 
     </span>
    </p>
   </div>
   <div class='ocr_carea' id='block_1_55' title="bbox 2191 801 3689 875">
    <p class='ocr_par' dir='ltr' id='par_1_55' title="bbox 2191 801 3689 875">
     <span class='ocr_line' id='line_1_55' title="bbox 2191 801 3689 875; baseline 0.005 -20"><span class='ocrx_word' id='word_1_366' title='bbox 2191 801 2346 856; x_wconf 81' lang='lat' dir='ltr'>Felix</span> <span class='ocrx_word' id='word_1_367' title='bbox 2376 802 2523 857; x_wconf 91' lang='lat' dir='ltr'>velle</span> <span class='ocrx_word' id='word_1_368' title='bbox 2552 808 2717 858; x_wconf 90' lang='lat' dir='ltr'>tuum</span> <span class='ocrx_word' id='word_1_369' title='bbox 2750 804 3005 875; x_wconf 70' lang='lat' dir='ltr'>praescit,</span> <span class='ocrx_word' id='word_1_370' title='bbox 3039 805 3421 875; x_wconf 66' lang='lat' dir='ltr'>praedestinat</span> <span class='ocrx_word' id='word_1_371' title='bbox 3449 811 3514 862; x_wconf 89' lang='lat' dir='ltr'>at</span> <span class='ocrx_word' id='word_1_372' title='bbox 3540 822 3689 862; x_wconf 85' lang='lat' dir='ltr'>non.</span> 
     </span>
    </p>
   </div>
   <div class='ocr_carea' id='block_1_56' title="bbox 2190 890 3881 966">
    <p class='ocr_par' dir='ltr' id='par_1_56' title="bbox 2190 890 3881 966">
     <span class='ocr_line' id='line_1_56' title="bbox 2190 890 3881 966; baseline 0.002 -22"><span class='ocrx_word' id='word_1_373' title='bbox 2190 890 2302 954; x_wconf 80' lang='lat' dir='ltr'>Qui</span> <span class='ocrx_word' id='word_1_374' title='bbox 2328 890 2438 945; x_wconf 89' lang='lat' dir='ltr'>tria</span> <span class='ocrx_word' id='word_1_375' title='bbox 2468 908 2707 947; x_wconf 89' lang='lat' dir='ltr'>summa</span> <span class='ocrx_word' id='word_1_376' title='bbox 2732 892 3180 959; x_wconf 87' lang='lat' dir='ltr'>manet,trinum</span> <span class='ocrx_word' id='word_1_377' title='bbox 3203 894 3531 966; x_wconf 87' lang='lat' dir='ltr'>specimen,</span> <span class='ocrx_word' id='word_1_378' title='bbox 3556 895 3881 963; x_wconf 84' lang='lat' dir='ltr'>vigorum.</span> 
     </span>
    </p>
   </div>
   <div class='ocr_carea' id='block_1_57' title="bbox 2192 977 3608 1054">
    <p class='ocr_par' dir='ltr' id='par_1_57' title="bbox 2192 977 3608 1054">
     <span class='ocr_line' id='line_1_57' title="bbox 2192 977 3608 1054; baseline 0.003 -20"><span class='ocrx_word' id='word_1_379' title='bbox 2192 977 2347 1034; x_wconf 85' lang='lat' dir='ltr'>Felix</span> <span class='ocrx_word' id='word_1_380' title='bbox 2378 978 2523 1034; x_wconf 86' lang='lat' dir='ltr'>velle</span> <span class='ocrx_word' id='word_1_381' title='bbox 2554 985 2721 1036; x_wconf 85' lang='lat' dir='ltr'>tuum</span> <span class='ocrx_word' id='word_1_382' title='bbox 2746 995 2890 1035; x_wconf 88' lang='lat' dir='ltr'>nam</span> <span class='ocrx_word' id='word_1_383' title='bbox 2923 984 3069 1037; x_wconf 88' lang='lat' dir='ltr'>scire</span> <span class='ocrx_word' id='word_1_384' title='bbox 3095 982 3193 1036; x_wconf 91' lang='lat' dir='ltr'>Dei</span> <span class='ocrx_word' id='word_1_385' title='bbox 3215 982 3608 1054; x_wconf 89' lang='lat' dir='ltr'>anticipante,</span> 
     </span>
    </p>
   </div>
   <div class='ocr_carea' id='block_1_58' title="bbox 2188 1066 3612 1141">
    <p class='ocr_par' dir='ltr' id='par_1_58' title="bbox 2188 1066 3612 1141">
     <span class='ocr_line' id='line_1_58' title="bbox 2188 1066 3612 1141; baseline 0.004 -21"><span class='ocrx_word' id='word_1_386' title='bbox 2188 1066 2461 1123; x_wconf 86' lang='lat' dir='ltr'>Palmam</span> <span class='ocrx_word' id='word_1_387' title='bbox 2491 1068 2758 1141; x_wconf 83' lang='lat' dir='ltr'>martyrii</span> <span class='ocrx_word' id='word_1_388' title='bbox 2790 1070 3003 1126; x_wconf 91' lang='lat' dir='ltr'>merito</span> <span class='ocrx_word' id='word_1_389' title='bbox 3025 1076 3324 1127; x_wconf 86' lang='lat' dir='ltr'>crescente</span> <span class='ocrx_word' id='word_1_390' title='bbox 3349 1072 3612 1127; x_wconf 88' lang='lat' dir='ltr'>subibis.</span> 
     </span>
    </p>
   </div>
   <div class='ocr_carea' id='block_1_59' title="bbox 2262 1157 3883 1230">
    <p class='ocr_par' dir='ltr' id='par_1_59' title="bbox 2262 1157 3883 1230">
     <span class='ocr_line' id='line_1_59' title="bbox 2262 1157 3883 1230; baseline 0.004 -20"><span class='ocrx_word' id='word_1_391' title='bbox 2262 1157 2487 1211; x_wconf 85' lang='lat' dir='ltr'>Eadem</span> <span class='ocrx_word' id='word_1_392' title='bbox 2508 1158 2733 1230; x_wconf 89' lang='lat' dir='ltr'>quippe</span> <span class='ocrx_word' id='word_1_393' title='bbox 2756 1163 2930 1214; x_wconf 89' lang='lat' dir='ltr'>nocte</span> <span class='ocrx_word' id='word_1_394' title='bbox 2958 1165 3322 1216; x_wconf 63' lang='lat' dir='ltr'>exaestuante</span> <span class='ocrx_word' id='word_1_395' title='bbox 3358 1161 3495 1216; x_wconf 86' lang='lat' dir='ltr'>rufo</span> <span class='ocrx_word' id='word_1_396' title='bbox 3523 1161 3665 1217; x_wconf 83' lang='lat' dir='ltr'>felle</span> <span class='ocrx_word' id='word_1_397' title='bbox 3735 1178 3883 1217; x_wconf 88' lang='lat' dir='ltr'>cum</span> 
     </span>
    </p>
   </div>
   <div class='ocr_carea' id='block_1_60' title="bbox 2188 1245 3885 1319">
    <p class='ocr_par' dir='ltr' id='par_1_60' title="bbox 2188 1245 3885 1319">
     <span class='ocr_line' id='line_1_60' title="bbox 2188 1245 3885 1319; baseline 0.005 -23"><span class='ocrx_word' id='word_1_398' title='bbox 2188 1245 2416 1299; x_wconf 63' lang='lat' dir='ltr'>creteris</span> <span class='ocrx_word' id='word_1_399' title='bbox 2447 1245 2822 1309; x_wconf 88' lang='lat' dir='ltr'>humoribus,</span> <span class='ocrx_word' id='word_1_400' title='bbox 2852 1247 3029 1319; x_wconf 68' lang='lat' dir='ltr'>cmpit</span> <span class='ocrx_word' id='word_1_401' title='bbox 3059 1248 3341 1317; x_wconf 89' lang='lat' dir='ltr'>gravibus</span> <span class='ocrx_word' id='word_1_402' title='bbox 3362 1249 3627 1304; x_wconf 85' lang='lat' dir='ltr'>nimium</span> <span class='ocrx_word' id='word_1_403' title='bbox 3656 1251 3885 1305; x_wconf 81' lang='lat' dir='ltr'>torreri</span> 
     </span>
    </p>
   </div>
   <div class='ocr_carea' id='block_1_61' title="bbox 2189 1331 3889 1410">
    <p class='ocr_par' dir='ltr' id='par_1_61' title="bbox 2189 1331 3889 1410">
     <span class='ocr_line' id='line_1_61' title="bbox 2189 1331 3889 1410; baseline 0.005 -24"><span class='ocrx_word' id='word_1_404' title='bbox 2189 1331 2518 1402; x_wconf 90' lang='lat' dir='ltr'>doloribus,</span> <span class='ocrx_word' id='word_1_405' title='bbox 2550 1339 2834 1406; x_wconf 87' lang='lat' dir='ltr'>reputans</span> <span class='ocrx_word' id='word_1_406' title='bbox 2884 1336 2999 1390; x_wconf 87' lang='lat' dir='ltr'>hoc</span> <span class='ocrx_word' id='word_1_407' title='bbox 3038 1336 3268 1391; x_wconf 89' lang='lat' dir='ltr'>malum</span> <span class='ocrx_word' id='word_1_408' title='bbox 3295 1337 3349 1392; x_wconf 88' lang='lat' dir='ltr'>ei</span> <span class='ocrx_word' id='word_1_409' title='bbox 3398 1337 3709 1394; x_wconf 85' lang='lat' dir='ltr'>accidisse</span> <span class='ocrx_word' id='word_1_410' title='bbox 3743 1354 3889 1410; x_wconf 81' lang='lat' dir='ltr'>pro-</span> 
     </span>
    </p>
   </div>
   <div class='ocr_carea' id='block_1_62' title="bbox 2188 1421 3887 1498">
    <p class='ocr_par' dir='ltr' id='par_1_62' title="bbox 2188 1421 3887 1498">
     <span class='ocr_line' id='line_1_62' title="bbox 2188 1421 3887 1498; baseline 0.004 -22"><span class='ocrx_word' id='word_1_411' title='bbox 2188 1426 2320 1492; x_wconf 86' lang='lat' dir='ltr'>pter</span> <span class='ocrx_word' id='word_1_412' title='bbox 2350 1421 2685 1490; x_wconf 86' lang='lat' dir='ltr'>neglectam</span> <span class='ocrx_word' id='word_1_413' title='bbox 2714 1423 3059 1479; x_wconf 89' lang='lat' dir='ltr'>charitatem</span> <span class='ocrx_word' id='word_1_414' title='bbox 3085 1424 3202 1480; x_wconf 85' lang='lat' dir='ltr'>cibi</span> <span class='ocrx_word' id='word_1_415' title='bbox 3226 1430 3283 1480; x_wconf 88' lang='lat' dir='ltr'>et</span> <span class='ocrx_word' id='word_1_416' title='bbox 3306 1431 3505 1497; x_wconf 87' lang='lat' dir='ltr'>potus,</span> <span class='ocrx_word' id='word_1_417' title='bbox 3529 1442 3743 1498; x_wconf 85' lang='lat' dir='ltr'>quam</span> <span class='ocrx_word' id='word_1_418' title='bbox 3775 1427 3887 1481; x_wconf 88' lang='lat' dir='ltr'>ab-</span> 
     </span>
    </p>
   </div>
   <div class='ocr_carea' id='block_1_63' title="bbox 2191 1511 3888 1584">
    <p class='ocr_par' dir='ltr' id='par_1_63' title="bbox 2191 1511 3888 1584">
     <span class='ocr_line' id='line_1_63' title="bbox 2191 1511 3888 1584; baseline 0.005 -21"><span class='ocrx_word' id='word_1_419' title='bbox 2191 1514 2404 1565; x_wconf 89' lang='lat' dir='ltr'>nuerat</span> <span class='ocrx_word' id='word_1_420' title='bbox 2455 1511 2770 1565; x_wconf 89' lang='lat' dir='ltr'>monachis</span> <span class='ocrx_word' id='word_1_421' title='bbox 2821 1512 3306 1584; x_wconf 85' lang='lat' dir='ltr'>deprecantibus.</span> <span class='ocrx_word' id='word_1_422' title='bbox 3368 1513 3599 1569; x_wconf 89' lang='lat' dir='ltr'>Idcirco</span> <span class='ocrx_word' id='word_1_423' title='bbox 3651 1517 3888 1570; x_wconf 80' lang='lat' dir='ltr'>North-</span> 
     </span>
    </p>
   </div>
   <div class='ocr_carea' id='block_1_64' title="bbox 2122 1599 3887 1673">
    <p class='ocr_par' dir='ltr' id='par_1_64' title="bbox 2122 1599 3887 1673">
     <span class='ocr_line' id='line_1_64' title="bbox 2122 1599 3887 1673; baseline 0.005 -22"><span class='ocrx_word' id='word_1_424' title='bbox 2122 1620 2163 1673; x_wconf 76' lang='grc' dir='ltr'><strong>Β</strong></span> <span class='ocrx_word' id='word_1_425' title='bbox 2192 1612 2558 1652; x_wconf 89' lang='lat' dir='ltr'>mannorum</span> <span class='ocrx_word' id='word_1_426' title='bbox 2600 1599 3028 1672; x_wconf 89' lang='lat' dir='ltr'>Britonumque</span> <span class='ocrx_word' id='word_1_427' title='bbox 3080 1600 3449 1673; x_wconf 82' lang='lat' dir='ltr'>principibus</span> <span class='ocrx_word' id='word_1_428' title='bbox 3498 1603 3738 1668; x_wconf 87' lang='lat' dir='ltr'>ascitis,</span> <span class='ocrx_word' id='word_1_429' title='bbox 3775 1604 3887 1659; x_wconf 86' lang='lat' dir='ltr'>ad-</span> 
     </span>
    </p>
   </div>
   <div class='ocr_carea' id='block_1_65' title="bbox 2190 1685 3889 1763">
    <p class='ocr_par' dir='ltr' id='par_1_65' title="bbox 2190 1685 3889 1763">
     <span class='ocr_line' id='line_1_65' title="bbox 2190 1685 3889 1763; baseline 0.005 -23"><span class='ocrx_word' id='word_1_430' title='bbox 2190 1685 2493 1758; x_wconf 85' lang='lat' dir='ltr'>ductoque</span> <span class='ocrx_word' id='word_1_431' title='bbox 2518 1703 2703 1759; x_wconf 89' lang='lat' dir='ltr'>puero</span> <span class='ocrx_word' id='word_1_432' title='bbox 2740 1688 2985 1743; x_wconf 90' lang='lat' dir='ltr'>nomine</span> <span class='ocrx_word' id='word_1_433' title='bbox 3025 1689 3342 1761; x_wconf 87' lang='lat' dir='ltr'>Richardo,</span> <span class='ocrx_word' id='word_1_434' title='bbox 3376 1692 3575 1763; x_wconf 88' lang='lat' dir='ltr'>specie</span> <span class='ocrx_word' id='word_1_435' title='bbox 3625 1692 3889 1762; x_wconf 76' lang='lat' dir='ltr'>elegan-</span> 
     </span>
    </p>
   </div>
   <div class='ocr_carea' id='block_1_66' title="bbox 2190 1776 3891 1850">
    <p class='ocr_par' dir='ltr' id='par_1_66' title="bbox 2190 1776 3891 1850">
     <span class='ocr_line' id='line_1_66' title="bbox 2190 1776 3891 1850; baseline 0.005 -20"><span class='ocrx_word' id='word_1_436' title='bbox 2190 1776 2440 1841; x_wconf 88' lang='lat' dir='ltr'>tissimo,</span> <span class='ocrx_word' id='word_1_437' title='bbox 2475 1794 2614 1833; x_wconf 88' lang='lat' dir='ltr'>cum</span> <span class='ocrx_word' id='word_1_438' title='bbox 2640 1778 2725 1833; x_wconf 86' lang='lat' dir='ltr'>eis</span> <span class='ocrx_word' id='word_1_439' title='bbox 2779 1779 2989 1850; x_wconf 89' lang='lat' dir='ltr'>pandit</span> <span class='ocrx_word' id='word_1_440' title='bbox 3036 1780 3322 1836; x_wconf 87' lang='lat' dir='ltr'>secretius</span> <span class='ocrx_word' id='word_1_441' title='bbox 3364 1782 3643 1837; x_wconf 85' lang='lat' dir='ltr'>mirabile</span> <span class='ocrx_word' id='word_1_442' title='bbox 3708 1800 3891 1839; x_wconf 66' lang='lat' dir='ltr'>arca-</span> 
     </span>
    </p>
   </div>
   <div class='ocr_carea' id='block_1_67' title="bbox 2190 1867 3886 1939">
    <p class='ocr_par' dir='ltr' id='par_1_67' title="bbox 2190 1867 3886 1939">
     <span class='ocr_line' id='line_1_67' title="bbox 2190 1867 3886 1939; baseline 0.004 -18"><span class='ocrx_word' id='word_1_443' title='bbox 2190 1881 2339 1921; x_wconf 90' lang='lat' dir='ltr'>num</span> <span class='ocrx_word' id='word_1_444' title='bbox 2370 1882 2494 1920; x_wconf 61' lang='lat' dir='ltr'>suae</span> <span class='ocrx_word' id='word_1_445' title='bbox 2527 1867 2762 1928; x_wconf 81' lang='lat' dir='ltr'>mentis,</span> <span class='ocrx_word' id='word_1_446' title='bbox 2797 1867 2965 1939; x_wconf 90' lang='lat' dir='ltr'>quod</span> <span class='ocrx_word' id='word_1_447' title='bbox 2993 1867 3228 1923; x_wconf 89' lang='lat' dir='ltr'>dudum</span> <span class='ocrx_word' id='word_1_448' title='bbox 3278 1869 3561 1925; x_wconf 84' lang='lat' dir='ltr'>retulerat</span> <span class='ocrx_word' id='word_1_449' title='bbox 3615 1872 3886 1929; x_wconf 79' lang='lat' dir='ltr'>Martino</span> 
     </span>
    </p>
   </div>
   <div class='ocr_carea' id='block_1_68' title="bbox 2190 1954 3887 2030">
    <p class='ocr_par' dir='ltr' id='par_1_68' title="bbox 2190 1954 3887 2030">
     <span class='ocr_line' id='line_1_68' title="bbox 2190 1954 3887 2030; baseline 0.004 -21"><span class='ocrx_word' id='word_1_450' title='bbox 2190 1954 2417 2010; x_wconf 85' lang='lat' dir='ltr'>abbati.</span> <span class='ocrx_word' id='word_1_451' title='bbox 2449 1956 2717 2028; x_wconf 89' lang='lat' dir='ltr'>Cumque</span> <span class='ocrx_word' id='word_1_452' title='bbox 2769 1956 3130 2012; x_wconf 86' lang='lat' dir='ltr'>nobilissimi</span> <span class='ocrx_word' id='word_1_453' title='bbox 3198 1958 3511 2030; x_wconf 89' lang='lat' dir='ltr'>principes</span> <span class='ocrx_word' id='word_1_454' title='bbox 3549 1961 3887 2016; x_wconf 66' lang='lat' dir='ltr'>Britonica:</span> 
     </span>
    </p>
   </div>
   <div class='ocr_carea' id='block_1_69' title="bbox 2190 2045 3885 2120">
    <p class='ocr_par' dir='ltr' id='par_1_69' title="bbox 2190 2045 3885 2120">
     <span class='ocr_line' id='line_1_69' title="bbox 2190 2045 3885 2120; baseline 0.003 -20"><span class='ocrx_word' id='word_1_455' title='bbox 2190 2045 2794 2118; x_wconf 67' lang='lat' dir='ltr'>Northmannicaaque</span> <span class='ocrx_word' id='word_1_456' title='bbox 2845 2047 3106 2116; x_wconf 88' lang='lat' dir='ltr'>regionis</span> <span class='ocrx_word' id='word_1_457' title='bbox 3159 2048 3567 2120; x_wconf 81' lang='lat' dir='ltr'>experirentur</span> <span class='ocrx_word' id='word_1_458' title='bbox 3624 2050 3885 2107; x_wconf 80' lang='lat' dir='ltr'>inaudi-</span> 
     </span>
    </p>
   </div>
   <div class='ocr_carea' id='block_1_70' title="bbox 2193 2135 3886 2209">
    <p class='ocr_par' dir='ltr' id='par_1_70' title="bbox 2193 2135 3886 2209">
     <span class='ocr_line' id='line_1_70' title="bbox 2193 2135 3886 2209; baseline 0.005 -22"><span class='ocrx_word' id='word_1_459' title='bbox 2193 2139 2339 2203; x_wconf 88' lang='lat' dir='ltr'>tum,</span> <span class='ocrx_word' id='word_1_460' title='bbox 2373 2140 2429 2189; x_wconf 89' lang='lat' dir='ltr'>et</span> <span class='ocrx_word' id='word_1_461' title='bbox 2458 2135 2632 2206; x_wconf 87' lang='lat' dir='ltr'>quasi</span> <span class='ocrx_word' id='word_1_462' title='bbox 2664 2142 3116 2201; x_wconf 81' lang='lat' dir='ltr'>monstruosum</span> <span class='ocrx_word' id='word_1_463' title='bbox 3146 2137 3525 2209; x_wconf 81' lang='lat' dir='ltr'>propositum</span> <span class='ocrx_word' id='word_1_464' title='bbox 3563 2139 3886 2195; x_wconf 77' lang='lat' dir='ltr'>Guillelmi</span> 
     </span>
    </p>
   </div>
   <div class='ocr_carea' id='block_1_71' title="bbox 2189 2224 3885 2296">
    <p class='ocr_par' dir='ltr' id='par_1_71' title="bbox 2189 2224 3885 2296">
     <span class='ocr_line' id='line_1_71' title="bbox 2189 2224 3885 2296; baseline 0.004 -19"><span class='ocrx_word' id='word_1_465' title='bbox 2189 2224 2379 2288; x_wconf 86' lang='lat' dir='ltr'>ducis,</span> <span class='ocrx_word' id='word_1_466' title='bbox 2412 2224 2474 2279; x_wconf 93' lang='lat' dir='ltr'>in</span> <span class='ocrx_word' id='word_1_467' title='bbox 2510 2230 2815 2296; x_wconf 86' lang='lat' dir='ltr'>stuporem</span> <span class='ocrx_word' id='word_1_468' title='bbox 2846 2231 2901 2281; x_wconf 89' lang='lat' dir='ltr'>et</span> <span class='ocrx_word' id='word_1_469' title='bbox 2927 2226 2986 2281; x_wconf 92' lang='lat' dir='ltr'>in</span> <span class='ocrx_word' id='word_1_470' title='bbox 3018 2226 3302 2282; x_wconf 82' lang='lat' dir='ltr'>exstasim</span> <span class='ocrx_word' id='word_1_471' title='bbox 3351 2228 3647 2295; x_wconf 84' lang='lat' dir='ltr'>conversi,</span> <span class='ocrx_word' id='word_1_472' title='bbox 3703 2229 3885 2284; x_wconf 56' lang='lat' dir='ltr'>dixe.</span> 
     </span>
    </p>
   </div>
   <div class='ocr_carea' id='block_1_72' title="bbox 2191 2313 3886 2384">
    <p class='ocr_par' dir='ltr' id='par_1_72' title="bbox 2191 2313 3886 2384">
     <span class='ocr_line' id='line_1_72' title="bbox 2191 2313 3886 2384; baseline 0.004 -17"><span class='ocrx_word' id='word_1_473' title='bbox 2191 2313 2604 2369; x_wconf 85' lang='lat' dir='ltr'>runtnimium</span> <span class='ocrx_word' id='word_1_474' title='bbox 2636 2314 2927 2384; x_wconf 84' lang='lat' dir='ltr'>ejulantes</span> <span class='ocrx_word' id='word_1_475' title='bbox 2951 2316 3030 2370; x_wconf 89' lang='lat' dir='ltr'>illi</span> <span class='ocrx_word' id='word_1_476' title='bbox 3064 2334 3075 2370; x_wconf 92' lang='lat'><strong>:</strong></span> <span class='ocrx_word' id='word_1_477' title='bbox 3112 2338 3139 2363; x_wconf 83' lang='lat'><strong>«</strong></span> <span class='ocrx_word' id='word_1_478' title='bbox 3182 2319 3299 2372; x_wconf 90' lang='lat' dir='ltr'>Cur</span> <span class='ocrx_word' id='word_1_479' title='bbox 3336 2315 3477 2372; x_wconf 89' lang='lat' dir='ltr'>talia</span> <span class='ocrx_word' id='word_1_480' title='bbox 3504 2322 3710 2371; x_wconf 80' lang='lat' dir='ltr'>mente</span> <span class='ocrx_word' id='word_1_481' title='bbox 3746 2335 3886 2373; x_wconf 85' lang='lat' dir='ltr'>cor-</span> 
     </span>
    </p>
   </div>
   <div class='ocr_carea' id='block_1_73' title="bbox 2190 2400 3877 2475">
    <p class='ocr_par' dir='ltr' id='par_1_73' title="bbox 2190 2400 3877 2475">
     <span class='ocr_line' id='line_1_73' title="bbox 2190 2400 3877 2475; baseline 0.004 -20"><span class='ocrx_word' id='word_1_482' title='bbox 2190 2400 2285 2455; x_wconf 88' lang='lat' dir='ltr'>dis</span> <span class='ocrx_word' id='word_1_483' title='bbox 2317 2400 2402 2456; x_wconf 91' lang='lat' dir='ltr'>tui</span> <span class='ocrx_word' id='word_1_484' title='bbox 2428 2401 2706 2458; x_wconf 87' lang='lat' dir='ltr'>rimando</span> <span class='ocrx_word' id='word_1_485' title='bbox 2732 2404 3094 2475; x_wconf 87' lang='lat' dir='ltr'>proposuisti</span> <span class='ocrx_word' id='word_1_486' title='bbox 3121 2404 3148 2459; x_wconf 86' lang='lat'><strong>?</strong></span> <span class='ocrx_word' id='word_1_487' title='bbox 3168 2410 3225 2458; x_wconf 90' lang='lat' dir='ltr'>et</span> <span class='ocrx_word' id='word_1_488' title='bbox 3250 2405 3298 2459; x_wconf 88' lang='lat' dir='ltr'>si</span> <span class='ocrx_word' id='word_1_489' title='bbox 3344 2405 3656 2475; x_wconf 85' lang='lat' dir='ltr'>cogitando</span> <span class='ocrx_word' id='word_1_490' title='bbox 3680 2406 3877 2475; x_wconf 87' lang='lat' dir='ltr'>quod</span> 
     </span>
    </p>
   </div>
   <div class='ocr_carea' id='block_1_74' title="bbox 2191 2491 3883 2565">
    <p class='ocr_par' dir='ltr' id='par_1_74' title="bbox 2191 2491 3883 2565">
     <span class='ocr_line' id='line_1_74' title="bbox 2191 2491 3883 2565; baseline 0.003 -21"><span class='ocrx_word' id='word_1_491' title='bbox 2191 2506 2507 2562; x_wconf 88' lang='lat' dir='ltr'>nunquam</span> <span class='ocrx_word' id='word_1_492' title='bbox 2536 2491 2637 2546; x_wconf 82' lang='lat' dir='ltr'>ﬁet</span> <span class='ocrx_word' id='word_1_493' title='bbox 2663 2492 2939 2559; x_wconf 89' lang='lat' dir='ltr'>statuisti,</span> <span class='ocrx_word' id='word_1_494' title='bbox 2996 2509 3181 2565; x_wconf 87' lang='lat' dir='ltr'>quare</span> <span class='ocrx_word' id='word_1_495' title='bbox 3243 2493 3339 2549; x_wconf 88' lang='lat' dir='ltr'>cui</span> <span class='ocrx_word' id='word_1_496' title='bbox 3392 2493 3673 2550; x_wconf 83' lang='lat' dir='ltr'>retulisti?</span> <span class='ocrx_word' id='word_1_497' title='bbox 3710 2495 3883 2559; x_wconf 83' lang='lat' dir='ltr'>Quis</span> 
     </span>
    </p>
   </div>
   <div class='ocr_carea' id='block_1_75' title="bbox 2190 2580 3877 2654">
    <p class='ocr_par' dir='ltr' id='par_1_75' title="bbox 2190 2580 3877 2654">
     <span class='ocr_line' id='line_1_75' title="bbox 2190 2580 3877 2654; baseline 0.003 -20"><span class='ocrx_word' id='word_1_498' title='bbox 2190 2595 2303 2634; x_wconf 92' lang='lat' dir='ltr'>nos</span> <span class='ocrx_word' id='word_1_499' title='bbox 2333 2580 2668 2635; x_wconf 83' lang='lat' dir='ltr'>defensabit</span> <span class='ocrx_word' id='word_1_500' title='bbox 2696 2581 2776 2636; x_wconf 88' lang='lat' dir='ltr'>ab</span> <span class='ocrx_word' id='word_1_501' title='bbox 2802 2581 3048 2637; x_wconf 91' lang='lat' dir='ltr'>incursu</span> <span class='ocrx_word' id='word_1_502' title='bbox 3078 2583 3369 2654; x_wconf 64' lang='lat' dir='ltr'>pestiferae</span> <span class='ocrx_word' id='word_1_503' title='bbox 3400 2582 3721 2638; x_wconf 84' lang='lat' dir='ltr'>ferocitatis</span> <span class='ocrx_word' id='word_1_504' title='bbox 3749 2584 3877 2639; x_wconf 86' lang='lat' dir='ltr'>im-</span> 
     </span>
    </p>
   </div>
   <div class='ocr_carea' id='block_1_76' title="bbox 2192 2669 3873 2743">
    <p class='ocr_par' dir='ltr' id='par_1_76' title="bbox 2192 2669 3873 2743">
     <span class='ocr_line' id='line_1_76' title="bbox 2192 2669 3873 2743; baseline 0.004 -21"><span class='ocrx_word' id='word_1_505' title='bbox 2192 2669 2546 2724; x_wconf 87' lang='lat' dir='ltr'>minentium</span> <span class='ocrx_word' id='word_1_506' title='bbox 2578 2684 2981 2742; x_wconf 86' lang='lat' dir='ltr'>paganorum,</span> <span class='ocrx_word' id='word_1_507' title='bbox 3014 2673 3227 2743; x_wconf 88' lang='lat' dir='ltr'>quisve</span> <span class='ocrx_word' id='word_1_508' title='bbox 3266 2671 3347 2726; x_wconf 92' lang='lat' dir='ltr'>ab</span> <span class='ocrx_word' id='word_1_509' title='bbox 3374 2672 3603 2727; x_wconf 80' lang='lat' dir='ltr'>insidiis</span> <span class='ocrx_word' id='word_1_510' title='bbox 3629 2674 3873 2728; x_wconf 79' lang='lat' dir='ltr'>Franci-</span> 
     </span>
    </p>
   </div>
   <div class='ocr_carea' id='block_1_77' title="bbox 2193 2758 3862 2833">
    <p class='ocr_par' dir='ltr' id='par_1_77' title="bbox 2193 2758 3862 2833">
     <span class='ocr_line' id='line_1_77' title="bbox 2193 2758 3862 2833; baseline 0.004 -22"><span class='ocrx_word' id='word_1_511' title='bbox 2193 2775 2309 2812; x_wconf 80' lang='lat' dir='ltr'>scae</span> <span class='ocrx_word' id='word_1_512' title='bbox 2340 2758 2530 2825; x_wconf 83' lang='lat' dir='ltr'>gentis</span> <span class='ocrx_word' id='word_1_513' title='bbox 2559 2775 2671 2814; x_wconf 88' lang='lat' dir='ltr'>nos</span> <span class='ocrx_word' id='word_1_514' title='bbox 2700 2760 2995 2815; x_wconf 79' lang='lat' dir='ltr'>tuebitur?</span> <span class='ocrx_word' id='word_1_515' title='bbox 3022 2761 3292 2833; x_wconf 79' lang='lat' dir='ltr'>Amplius</span> <span class='ocrx_word' id='word_1_516' title='bbox 3316 2761 3483 2833; x_wconf 88' lang='lat' dir='ltr'>quod</span> <span class='ocrx_word' id='word_1_517' title='bbox 3531 2777 3862 2833; x_wconf 76' lang='lat' dir='ltr'>nunquam</span> 
     </span>
    </p>
   </div>
   <div class='ocr_carea' id='block_1_78' title="bbox 2194 2846 3865 2921">
    <p class='ocr_par' dir='ltr' id='par_1_78' title="bbox 2194 2846 3865 2921">
     <span class='ocr_line' id='line_1_78' title="bbox 2194 2846 3865 2921; baseline 0.003 -19"><span class='ocrx_word' id='word_1_518' title='bbox 2194 2846 2638 2920; x_wconf 86' lang='lat' dir='ltr'>adimplebitur,</span> <span class='ocrx_word' id='word_1_519' title='bbox 2672 2864 2791 2903; x_wconf 88' lang='lat' dir='ltr'>non</span> <span class='ocrx_word' id='word_1_520' title='bbox 2821 2854 3145 2921; x_wconf 90' lang='lat' dir='ltr'>reputetur.</span> <span class='ocrx_word' id='word_1_521' title='bbox 3170 2873 3199 2899; x_wconf 79' lang='grc'><strong>››</strong></span> <span class='ocrx_word' id='word_1_522' title='bbox 3261 2850 3431 2905; x_wconf 88' lang='lat' dir='ltr'>Tunc</span> <span class='ocrx_word' id='word_1_523' title='bbox 3485 2850 3865 2920; x_wconf 85' lang='lat' dir='ltr'>Guillelmus,</span> 
     </span>
    </p>
   </div>
   <div class='ocr_carea' id='block_1_79' title="bbox 2194 2936 3865 3003">
    <p class='ocr_par' dir='ltr' id='par_1_79' title="bbox 2194 2936 3865 3003">
     <span class='ocr_line' id='line_1_79' title="bbox 2194 2936 3865 3003; baseline 0.003 -13"><span class='ocrx_word' id='word_1_524' title='bbox 2194 2936 2611 3003; x_wconf 77' lang='lat' dir='ltr'>refragationis</span> <span class='ocrx_word' id='word_1_525' title='bbox 2641 2942 2698 2992; x_wconf 90' lang='lat' dir='ltr'>et</span> <span class='ocrx_word' id='word_1_526' title='bbox 2722 2938 3121 2994; x_wconf 88' lang='lat' dir='ltr'>dissuasionis</span> <span class='ocrx_word' id='word_1_527' title='bbox 3142 2939 3312 2995; x_wconf 87' lang='lat' dir='ltr'>obice</span> <span class='ocrx_word' id='word_1_528' title='bbox 3334 2945 3709 3003; x_wconf 88' lang='lat' dir='ltr'>commotus,</span> <span class='ocrx_word' id='word_1_529' title='bbox 3752 2956 3865 2995; x_wconf 83' lang='lat' dir='ltr'>res-</span> 
     </span>
    </p>
   </div>
   <div class='ocr_carea' id='block_1_80' title="bbox 2195 3024 3862 3101">
    <p class='ocr_par' dir='ltr' id='par_1_80' title="bbox 2195 3024 3862 3101">
     <span class='ocr_line' id='line_1_80' title="bbox 2195 3024 3862 3101; baseline 0.002 -21"><span class='ocrx_word' id='word_1_530' title='bbox 2195 3024 2479 3096; x_wconf 87' lang='lat' dir='ltr'>pondisse</span> <span class='ocrx_word' id='word_1_531' title='bbox 2512 3026 2693 3082; x_wconf 83' lang='lat' dir='ltr'>fertur</span> <span class='ocrx_word' id='word_1_532' title='bbox 2725 3044 2737 3081; x_wconf 91' lang='lat'><strong>:</strong></span> <span class='ocrx_word' id='word_1_533' title='bbox 2769 3048 2798 3080; x_wconf 85' lang='grc'><strong>‹</strong></span> <span class='ocrx_word' id='word_1_534' title='bbox 2828 3031 2891 3083; x_wconf 88' lang='lat' dir='ltr'>Et</span> <span class='ocrx_word' id='word_1_535' title='bbox 2944 3029 3337 3101; x_wconf 86' lang='lat' dir='ltr'>reputabitur,</span> <span class='ocrx_word' id='word_1_536' title='bbox 3384 3034 3443 3085; x_wconf 89' lang='lat' dir='ltr'>et</span> <span class='ocrx_word' id='word_1_537' title='bbox 3473 3032 3597 3085; x_wconf 91' lang='lat' dir='ltr'>Deo</span> <span class='ocrx_word' id='word_1_538' title='bbox 3628 3030 3862 3086; x_wconf 77' lang='lat' dir='ltr'>favente</span> 
     </span>
    </p>
   </div>
   <div class='ocr_carea' id='block_1_81' title="bbox 2195 3113 3852 3190">
    <p class='ocr_par' dir='ltr' id='par_1_81' title="bbox 2195 3113 3852 3190">
     <span class='ocr_line' id='line_1_81' title="bbox 2195 3113 3852 3190; baseline 0.002 -20"><span class='ocrx_word' id='word_1_539' title='bbox 2195 3113 2639 3185; x_wconf 73' lang='lat' dir='ltr'>adimplebitur.</span> <span class='ocrx_word' id='word_1_540' title='bbox 2674 3118 2910 3183; x_wconf 84' lang='lat' dir='ltr'>Verum,</span> <span class='ocrx_word' id='word_1_541' title='bbox 2939 3118 3227 3189; x_wconf 87' lang='lat' dir='ltr'>quoniam</span> <span class='ocrx_word' id='word_1_542' title='bbox 3283 3117 3721 3190; x_wconf 83' lang='lat' dir='ltr'>omnipotentis</span> <span class='ocrx_word' id='word_1_543' title='bbox 3764 3119 3852 3174; x_wconf 83' lang='lat' dir='ltr'>Dei</span> 
     </span>
    </p>
   </div>
   <div class='ocr_carea' id='block_1_82' title="bbox 2193 3202 3858 3281">
    <p class='ocr_par' dir='ltr' id='par_1_82' title="bbox 2193 3202 3858 3281">
     <span class='ocr_line' id='line_1_82' title="bbox 2193 3202 3858 3281; baseline 0.004 -24"><span class='ocrx_word' id='word_1_544' title='bbox 2193 3202 2481 3258; x_wconf 86' lang='lat' dir='ltr'>voluntati</span> <span class='ocrx_word' id='word_1_545' title='bbox 2502 3220 2626 3259; x_wconf 90' lang='lat' dir='ltr'>non</span> <span class='ocrx_word' id='word_1_546' title='bbox 2652 3205 2880 3261; x_wconf 86' lang='lat' dir='ltr'>debetis</span> <span class='ocrx_word' id='word_1_547' title='bbox 2910 3206 3198 3272; x_wconf 89' lang='lat' dir='ltr'>resistere,</span> <span class='ocrx_word' id='word_1_548' title='bbox 3248 3212 3305 3263; x_wconf 91' lang='lat' dir='ltr'>et</span> <span class='ocrx_word' id='word_1_549' title='bbox 3331 3223 3547 3263; x_wconf 86' lang='lat' dir='ltr'>meum</span> <span class='ocrx_word' id='word_1_550' title='bbox 3597 3208 3858 3281; x_wconf 76' lang='lat' dir='ltr'>proposi-</span> 
     </span>
    </p>
   </div>
   <div class='ocr_carea' id='block_1_83' title="bbox 2192 3293 3861 3365">
    <p class='ocr_par' dir='ltr' id='par_1_83' title="bbox 2192 3293 3861 3365">
     <span class='ocr_line' id='line_1_83' title="bbox 2192 3293 3861 3365; baseline 0.004 -19"><span class='ocrx_word' id='word_1_551' title='bbox 2192 3296 2319 3346; x_wconf 88' lang='lat' dir='ltr'>tum</span> <span class='ocrx_word' id='word_1_552' title='bbox 2349 3293 2607 3348; x_wconf 86' lang='lat' dir='ltr'>refutare</span> <span class='ocrx_word' id='word_1_553' title='bbox 2641 3311 2653 3361; x_wconf 84' lang='lat'>;</span> <span class='ocrx_word' id='word_1_554' title='bbox 2686 3309 2899 3365; x_wconf 90' lang='lat' dir='ltr'>precor</span> <span class='ocrx_word' id='word_1_555' title='bbox 2947 3311 3057 3350; x_wconf 90' lang='lat' dir='ltr'>vos</span> <span class='ocrx_word' id='word_1_556' title='bbox 3088 3301 3151 3351; x_wconf 90' lang='lat' dir='ltr'>ut</span> <span class='ocrx_word' id='word_1_557' title='bbox 3175 3295 3436 3351; x_wconf 89' lang='lat' dir='ltr'>consiliis</span> <span class='ocrx_word' id='word_1_558' title='bbox 3469 3296 3626 3351; x_wconf 82' lang='lat' dir='ltr'>meis</span> <span class='ocrx_word' id='word_1_559' title='bbox 3664 3296 3861 3352; x_wconf 81' lang='lat' dir='ltr'>favea-</span> 
     </span>
    </p>
   </div>
   <div class='ocr_carea' id='block_1_84' title="bbox 2190 3380 3861 3453">
    <p class='ocr_par' dir='ltr' id='par_1_84' title="bbox 2190 3380 3861 3453">
     <span class='ocr_line' id='line_1_84' title="bbox 2190 3380 3861 3453; baseline 0.003 -17"><span class='ocrx_word' id='word_1_560' title='bbox 2190 3380 2286 3446; x_wconf 85' lang='lat' dir='ltr'>tis,</span> <span class='ocrx_word' id='word_1_561' title='bbox 2318 3386 2375 3436; x_wconf 91' lang='lat' dir='ltr'>et</span> <span class='ocrx_word' id='word_1_562' title='bbox 2394 3382 2704 3453; x_wconf 87' lang='lat' dir='ltr'>quomodo</span> <span class='ocrx_word' id='word_1_563' title='bbox 2744 3384 3149 3440; x_wconf 88' lang='lat' dir='ltr'>humanarum</span> <span class='ocrx_word' id='word_1_564' title='bbox 3198 3400 3400 3441; x_wconf 88' lang='lat' dir='ltr'>rerum</span> <span class='ocrx_word' id='word_1_565' title='bbox 3443 3401 3583 3441; x_wconf 88' lang='lat' dir='ltr'>sors</span> <span class='ocrx_word' id='word_1_566' title='bbox 3611 3401 3675 3441; x_wconf 90' lang='lat' dir='ltr'>se</span> <span class='ocrx_word' id='word_1_567' title='bbox 3718 3386 3861 3440; x_wconf 83' lang='lat' dir='ltr'>forte</span> 
     </span>
    </p>
   </div>
   <div class='ocr_carea' id='block_1_85' title="bbox 2191 3468 3861 3536">
    <p class='ocr_par' dir='ltr' id='par_1_85' title="bbox 2191 3468 3861 3536">
     <span class='ocr_line' id='line_1_85' title="bbox 2191 3468 3861 3536; baseline 0.004 -13"><span class='ocrx_word' id='word_1_568' title='bbox 2191 3469 2432 3536; x_wconf 87' lang='lat' dir='ltr'>habeat,</span> <span class='ocrx_word' id='word_1_569' title='bbox 2463 3468 2655 3526; x_wconf 85' lang='lat' dir='ltr'>ﬁlium</span> <span class='ocrx_word' id='word_1_570' title='bbox 2686 3488 2889 3527; x_wconf 90' lang='lat' dir='ltr'>meum</span> <span class='ocrx_word' id='word_1_571' title='bbox 2931 3473 3293 3528; x_wconf 78' lang='lat' dir='ltr'>Richardum</span> <span class='ocrx_word' id='word_1_572' title='bbox 3319 3473 3541 3529; x_wconf 91' lang='lat' dir='ltr'>ducem</span> <span class='ocrx_word' id='word_1_573' title='bbox 3568 3473 3744 3529; x_wconf 88' lang='lat' dir='ltr'>vobis</span> <span class='ocrx_word' id='word_1_574' title='bbox 3768 3489 3861 3529; x_wconf 90' lang='lat' dir='ltr'>me</span> 
     </span>
    </p>
   </div>
   <div class='ocr_carea' id='block_1_86' title="bbox 2191 3559 3865 3631">
    <p class='ocr_par' dir='ltr' id='par_1_86' title="bbox 2191 3559 3865 3631">
     <span class='ocr_line' id='line_1_86' title="bbox 2191 3559 3865 3631; baseline 0.003 -18"><span class='ocrx_word' id='word_1_575' title='bbox 2191 3559 2503 3631; x_wconf 88' lang='lat' dir='ltr'>superstite</span> <span class='ocrx_word' id='word_1_576' title='bbox 2535 3560 2784 3630; x_wconf 89' lang='lat' dir='ltr'>eligatis,</span> <span class='ocrx_word' id='word_1_577' title='bbox 2835 3566 2891 3617; x_wconf 90' lang='lat' dir='ltr'>et</span> <span class='ocrx_word' id='word_1_578' title='bbox 2919 3562 3248 3618; x_wconf 90' lang='lat' dir='ltr'>intentione</span> <span class='ocrx_word' id='word_1_579' title='bbox 3285 3562 3705 3618; x_wconf 56' lang='lat' dir='ltr'>custodienda</span> <span class='ocrx_word' id='word_1_580' title='bbox 3728 3562 3865 3618; x_wconf 79' lang='lat' dir='ltr'>ﬁde-</span> 
     </span>
    </p>
   </div>
   <div class='ocr_carea' id='block_1_87' title="bbox 2188 3646 3863 3720">
    <p class='ocr_par' dir='ltr' id='par_1_87' title="bbox 2188 3646 3863 3720">
     <span class='ocr_line' id='line_1_87' title="bbox 2188 3646 3863 3720; baseline 0.002 -19"><span class='ocrx_word' id='word_1_581' title='bbox 2188 3646 2369 3702; x_wconf 87' lang='lat' dir='ltr'>litatis</span> <span class='ocrx_word' id='word_1_582' title='bbox 2399 3652 2453 3702; x_wconf 88' lang='lat' dir='ltr'>et</span> <span class='ocrx_word' id='word_1_583' title='bbox 2484 3648 2869 3719; x_wconf 87' lang='lat' dir='ltr'>militationis,</span> <span class='ocrx_word' id='word_1_584' title='bbox 2899 3666 3119 3705; x_wconf 86' lang='lat' dir='ltr'>manus</span> <span class='ocrx_word' id='word_1_585' title='bbox 3150 3656 3377 3705; x_wconf 83' lang='lat' dir='ltr'>vestras</span> <span class='ocrx_word' id='word_1_586' title='bbox 3406 3651 3695 3707; x_wconf 88' lang='lat' dir='ltr'>manibus</span> <span class='ocrx_word' id='word_1_587' title='bbox 3725 3652 3863 3720; x_wconf 87' lang='lat' dir='ltr'>ejus</span> 
     </span>
    </p>
   </div>
   <div class='ocr_carea' id='block_1_88' title="bbox 2189 3735 3865 3810">
    <p class='ocr_par' dir='ltr' id='par_1_88' title="bbox 2189 3735 3865 3810">
     <span class='ocr_line' id='line_1_88' title="bbox 2189 3735 3865 3810; baseline 0.003 -19"><span class='ocrx_word' id='word_1_588' title='bbox 2189 3735 2359 3791; x_wconf 88' lang='lat' dir='ltr'>detis.</span> <span class='ocrx_word' id='word_1_589' title='bbox 2396 3756 2426 3789; x_wconf 85' lang='grc'>‹</span> <span class='ocrx_word' id='word_1_590' title='bbox 2458 3738 2770 3810; x_wconf 80' lang='lat' dir='ltr'>Extemplo</span> <span class='ocrx_word' id='word_1_591' title='bbox 2801 3754 2941 3799; x_wconf 88' lang='lat' dir='ltr'>cum</span> <span class='ocrx_word' id='word_1_592' title='bbox 2971 3739 3395 3795; x_wconf 81' lang='lat' dir='ltr'>Northmannis</span> <span class='ocrx_word' id='word_1_593' title='bbox 3445 3740 3720 3796; x_wconf 87' lang='lat' dir='ltr'>Britones</span> <span class='ocrx_word' id='word_1_594' title='bbox 3741 3756 3865 3796; x_wconf 82' lang='lat' dir='ltr'>res-</span> 
     </span>
    </p>
   </div>
   <div class='ocr_carea' id='block_1_89' title="bbox 2188 3824 3858 3894">
    <p class='ocr_par' dir='ltr' id='par_1_89' title="bbox 2188 3824 3858 3894">
     <span class='ocr_line' id='line_1_89' title="bbox 2188 3824 3858 3894; baseline 0.003 -15"><span class='ocrx_word' id='word_1_595' title='bbox 2188 3824 2531 3894; x_wconf 90' lang='lat' dir='ltr'>ponderunt</span> <span class='ocrx_word' id='word_1_596' title='bbox 2583 3827 2893 3882; x_wconf 84' lang='lat' dir='ltr'>Guillelmo</span> <span class='ocrx_word' id='word_1_597' title='bbox 2942 3826 3208 3883; x_wconf 88' lang='lat' dir='ltr'>dicentes</span> <span class='ocrx_word' id='word_1_598' title='bbox 3254 3844 3266 3883; x_wconf 91' lang='lat'>:</span> <span class='ocrx_word' id='word_1_599' title='bbox 3328 3849 3355 3877; x_wconf 76' lang='grc' dir='ltr'>α</span> <span class='ocrx_word' id='word_1_600' title='bbox 3401 3829 3553 3883; x_wconf 86' lang='lat' dir='ltr'>Huic</span> <span class='ocrx_word' id='word_1_601' title='bbox 3612 3828 3858 3884; x_wconf 76' lang='lat' dir='ltr'>consilio</span> 
     </span>
    </p>
   </div>
   <div class='ocr_carea' id='block_1_90' title="bbox 2188 3913 3863 3987">
    <p class='ocr_par' dir='ltr' id='par_1_90' title="bbox 2188 3913 3863 3987">
     <span class='ocr_line' id='line_1_90' title="bbox 2188 3913 3863 3987; baseline 0.001 -18"><span class='ocrx_word' id='word_1_602' title='bbox 2188 3913 2535 3983; x_wconf 90' lang='lat' dir='ltr'>annuimus,</span> <span class='ocrx_word' id='word_1_603' title='bbox 2572 3919 2628 3970; x_wconf 89' lang='lat' dir='ltr'>et</span> <span class='ocrx_word' id='word_1_604' title='bbox 2650 3916 2819 3987; x_wconf 83' lang='lat' dir='ltr'>quod</span> <span class='ocrx_word' id='word_1_605' title='bbox 2842 3933 3019 3986; x_wconf 87' lang='lat' dir='ltr'>rogas</span> <span class='ocrx_word' id='word_1_606' title='bbox 3064 3917 3313 3973; x_wconf 88' lang='lat' dir='ltr'>ﬁdeliter</span> <span class='ocrx_word' id='word_1_607' title='bbox 3342 3917 3662 3974; x_wconf 83' lang='lat' dir='ltr'>faciemus.</span> <span class='ocrx_word' id='word_1_608' title='bbox 3693 3937 3727 3971; x_wconf 85' lang='grc'><strong>›</strong></span> <span class='ocrx_word' id='word_1_609' title='bbox 3758 3918 3863 3987; x_wconf 83' lang='lat' dir='ltr'>lgi-</span> 
     </span>
    </p>
   </div>
   <div class='ocr_carea' id='block_1_91' title="bbox 2189 4005 3860 4064">
    <p class='ocr_par' dir='ltr' id='par_1_91' title="bbox 2189 4005 3860 4064">
     <span class='ocr_line' id='line_1_91' title="bbox 2189 4005 3860 4064; baseline 0.004 -8"><span class='ocrx_word' id='word_1_610' title='bbox 2189 4006 2283 4057; x_wconf 88' lang='lat' dir='ltr'>tur</span> <span class='ocrx_word' id='word_1_611' title='bbox 2312 4005 2597 4059; x_wconf 85' lang='lat' dir='ltr'>continuo</span> <span class='ocrx_word' id='word_1_612' title='bbox 2631 4006 3023 4061; x_wconf 88' lang='lat' dir='ltr'>Northmanni</span> <span class='ocrx_word' id='word_1_613' title='bbox 3049 4010 3108 4062; x_wconf 89' lang='lat' dir='ltr'>et</span> <span class='ocrx_word' id='word_1_614' title='bbox 3161 4006 3432 4062; x_wconf 86' lang='lat' dir='ltr'>Britones</span> <span class='ocrx_word' id='word_1_615' title='bbox 3459 4007 3860 4064; x_wconf 72' lang='lat' dir='ltr'>commenda-</span> 
     </span>
    </p>
   </div>
   <div class='ocr_carea' id='block_1_92' title="bbox 2186 4092 3861 4164">
    <p class='ocr_par' dir='ltr' id='par_1_92' title="bbox 2186 4092 3861 4164">
     <span class='ocr_line' id='line_1_92' title="bbox 2186 4092 3861 4164; baseline 0.004 -20"><span class='ocrx_word' id='word_1_616' title='bbox 2186 4096 2398 4147; x_wconf 87' lang='lat' dir='ltr'>verunt</span> <span class='ocrx_word' id='word_1_617' title='bbox 2423 4107 2484 4146; x_wconf 91' lang='lat' dir='ltr'>se</span> <span class='ocrx_word' id='word_1_618' title='bbox 2533 4092 2829 4149; x_wconf 82' lang='lat' dir='ltr'>Richardo</span> <span class='ocrx_word' id='word_1_619' title='bbox 2882 4095 3217 4164; x_wconf 89' lang='lat' dir='ltr'>unanimes,</span> <span class='ocrx_word' id='word_1_620' title='bbox 3268 4100 3651 4152; x_wconf 72' lang='lat' dir='ltr'>sacramento</span> <span class='ocrx_word' id='word_1_621' title='bbox 3704 4111 3861 4151; x_wconf 67' lang='lat' dir='ltr'>verae</span> 
     </span>
    </p>
   </div>
   <div class='ocr_carea' id='block_1_93' title="bbox 2185 4179 3861 4242">
    <p class='ocr_par' dir='ltr' id='par_1_93' title="bbox 2185 4179 3861 4242">
     <span class='ocr_line' id='line_1_93' title="bbox 2185 4179 3861 4242; baseline 0.004 -8"><span class='ocrx_word' id='word_1_622' title='bbox 2185 4179 2325 4236; x_wconf 88' lang='lat' dir='ltr'>ﬁdei</span> <span class='ocrx_word' id='word_1_623' title='bbox 2355 4180 2437 4235; x_wconf 90' lang='lat' dir='ltr'>illi</span> <span class='ocrx_word' id='word_1_624' title='bbox 2470 4197 2534 4236; x_wconf 89' lang='lat' dir='ltr'>se</span> <span class='ocrx_word' id='word_1_625' title='bbox 2563 4186 3002 4239; x_wconf 89' lang='lat' dir='ltr'>connectentes.</span> <span class='ocrx_word' id='word_1_626' title='bbox 3060 4183 3408 4240; x_wconf 85' lang='lat' dir='ltr'>Guillelmus</span> <span class='ocrx_word' id='word_1_627' title='bbox 3440 4200 3587 4242; x_wconf 86' lang='lat' dir='ltr'>vero</span> <span class='ocrx_word' id='word_1_628' title='bbox 3617 4211 3631 4237; x_wconf 60' lang='grc' dir='ltr'><strong><em>τ</em></strong></span> <span class='ocrx_word' id='word_1_629' title='bbox 3650 4200 3861 4240; x_wconf 60' lang='grc' dir='ltr'>ωηι-</span> 
     </span>
    </p>
   </div>
   <div class='ocr_carea' id='block_1_94' title="bbox 2187 4267 3859 4341">
    <p class='ocr_par' dir='ltr' id='par_1_94' title="bbox 2187 4267 3859 4341">
     <span class='ocr_line' id='line_1_94' title="bbox 2187 4267 3859 4341; baseline 0.003 -17"><span class='ocrx_word' id='word_1_630' title='bbox 2187 4267 2259 4324; x_wconf 91' lang='lat' dir='ltr'>tis</span> <span class='ocrx_word' id='word_1_631' title='bbox 2293 4269 2674 4341; x_wconf 89' lang='lat' dir='ltr'>humoribus,</span> <span class='ocrx_word' id='word_1_632' title='bbox 2722 4272 3138 4329; x_wconf 89' lang='lat' dir='ltr'>imbecillitatis</span> <span class='ocrx_word' id='word_1_633' title='bbox 3179 4273 3397 4329; x_wconf 88' lang='lat' dir='ltr'>robore</span> <span class='ocrx_word' id='word_1_634' title='bbox 3460 4274 3859 4339; x_wconf 61' lang='lat' dir='ltr'>confortatus,</span> 
     </span>
    </p>
   </div>
   <div class='ocr_carea' id='block_1_95' title="bbox 421 4325 3862 4435">
    <p class='ocr_par' dir='ltr' id='par_1_95' title="bbox 421 4325 3862 4435">
     <span class='ocr_line' id='line_1_95' title="bbox 421 4325 3862 4435; baseline 0.006 -36"><span class='ocrx_word' id='word_1_635' title='bbox 421 4345 536 4401; x_wconf 93' lang='lat' dir='ltr'>Sed</span> <span class='ocrx_word' id='word_1_636' title='bbox 566 4325 617 4401; x_wconf 80' lang='lat' dir='ltr'>si</span> <span class='ocrx_word' id='word_1_637' title='bbox 644 4363 702 4402; x_wconf 83' lang='lat' dir='ltr'>v1</span> <span class='ocrx_word' id='word_1_638' title='bbox 728 4346 1034 4435; x_wconf 85' lang='lat' dir='ltr'>potestatis</span> <span class='ocrx_word' id='word_1_639' title='bbox 1065 4351 1176 4402; x_wconf 79' lang='lat' dir='ltr'>tuae</span> <span class='ocrx_word' id='word_1_640' title='bbox 1197 4348 1506 4419; x_wconf 85' lang='lat' dir='ltr'>professor</span> <span class='ocrx_word' id='word_1_641' title='bbox 1547 4366 1679 4405; x_wconf 91' lang='lat' dir='ltr'>esse</span> <span class='ocrx_word' id='word_1_642' title='bbox 1732 4352 1913 4423; x_wconf 80' lang='lat' dir='ltr'>hujus</span> <span class='ocrx_word' id='word_1_643' title='bbox 1952 4368 2078 4408; x_wconf 93' lang='lat' dir='ltr'>mo-</span> <span class='ocrx_word' id='word_1_644' title='bbox 2109 4325 2154 4379; x_wconf 72' lang='grc' dir='ltr'><strong>Β</strong></span> <span class='ocrx_word' id='word_1_645' title='bbox 2186 4358 2364 4429; x_wconf 70' lang='lat' dir='ltr'>coepit</span> <span class='ocrx_word' id='word_1_646' title='bbox 2388 4325 3283 4434; x_wconf 62' lang='lat' dir='ltr'>convalescere,</span> 
     </span>
    </p>
   </div>
   <div class='ocr_carea' id='block_1_96' title="bbox 420 4434 2078 4512">
    <p class='ocr_par' dir='ltr' id='par_1_96' title="bbox 420 4434 2078 4512">
     <span class='ocr_line' id='line_1_96' title="bbox 420 4434 2078 4512; baseline 0.003 -21"><span class='ocrx_word' id='word_1_647' title='bbox 420 4435 662 4491; x_wconf 88' lang='lat' dir='ltr'>nasterii</span> <span class='ocrx_word' id='word_1_648' title='bbox 692 4439 749 4490; x_wconf 88' lang='lat' dir='ltr'>et</span> <span class='ocrx_word' id='word_1_649' title='bbox 777 4434 998 4502; x_wconf 81' lang='lat' dir='ltr'>regulae</span> <span class='ocrx_word' id='word_1_650' title='bbox 1050 4441 1389 4488; x_wconf 75' lang='grc' dir='ltr'>ΘΗΩΡΙΚΗΣ</span> <span class='ocrx_word' id='word_1_651' title='bbox 1442 4438 1570 4505; x_wconf 78' lang='lat' dir='ltr'>viae,</span> <span class='ocrx_word' id='word_1_652' title='bbox 1608 4439 1950 4512; x_wconf 86' lang='lat' dir='ltr'>relinquens</span> <span class='ocrx_word' id='word_1_653' title='bbox 1993 4457 2078 4496; x_wconf 90' lang='lat' dir='ltr'>se-</span> 
     </span>
    </p>
   </div>
   <div class='ocr_carea' id='block_1_97' title="bbox 421 4522 2073 4600">
    <p class='ocr_par' dir='ltr' id='par_1_97' title="bbox 421 4522 2073 4600">
     <span class='ocr_line' id='line_1_97' title="bbox 421 4522 2073 4600; baseline 0.003 -20"><span class='ocrx_word' id='word_1_654' title='bbox 421 4524 644 4591; x_wconf 89' lang='lat' dir='ltr'>culum,</span> <span class='ocrx_word' id='word_1_655' title='bbox 704 4522 1052 4578; x_wconf 89' lang='lat' dir='ltr'>incumbere</span> <span class='ocrx_word' id='word_1_656' title='bbox 1103 4522 1386 4580; x_wconf 87' lang='lat' dir='ltr'>malueris</span> <span class='ocrx_word' id='word_1_657' title='bbox 1429 4542 1442 4591; x_wconf 89' lang='lat'><strong>;</strong></span> <span class='ocrx_word' id='word_1_658' title='bbox 1499 4526 1548 4581; x_wconf 90' lang='lat' dir='ltr'>si</span> <span class='ocrx_word' id='word_1_659' title='bbox 1600 4542 1696 4582; x_wconf 92' lang='lat' dir='ltr'>me</span> <span class='ocrx_word' id='word_1_660' title='bbox 1745 4529 2073 4600; x_wconf 75' lang='lat' dir='ltr'>quaesieris,</span> 
     </span>
    </p>
   </div>
   <div class='ocr_carea' id='block_1_98' title="bbox 2186 4436 3863 4523">
    <p class='ocr_par' dir='ltr' id='par_1_98' title="bbox 2186 4436 3863 4523">
     <span class='ocr_line' id='line_1_98' title="bbox 2186 4436 3863 4523; baseline 0.004 -23"><span class='ocrx_word' id='word_1_661' title='bbox 2186 4446 2384 4503; x_wconf 89' lang='lat' dir='ltr'>solerti</span> <span class='ocrx_word' id='word_1_662' title='bbox 2410 4464 2555 4503; x_wconf 89' lang='lat' dir='ltr'>cura</span> <span class='ocrx_word' id='word_1_663' title='bbox 2580 4436 2776 4517; x_wconf 79' lang='lat' dir='ltr'>agere.</span> <span class='ocrx_word' id='word_1_664' title='bbox 2809 4451 3066 4506; x_wconf 64' lang='lat' dir='ltr'>Francia:</span> <span class='ocrx_word' id='word_1_665' title='bbox 3097 4456 3297 4507; x_wconf 88' lang='lat' dir='ltr'>autem</span> <span class='ocrx_word' id='word_1_666' title='bbox 3355 4451 3662 4523; x_wconf 48' lang='lat' dir='ltr'>principe»~</span> <span class='ocrx_word' id='word_1_667' title='bbox 3710 4451 3863 4507; x_wconf 79' lang='lat' dir='ltr'>invi-</span> 
     </span>
    </p>
   </div>
   <div class='ocr_carea' id='block_1_99' title="bbox 2183 4535 3858 4609">
    <p class='ocr_par' dir='ltr' id='par_1_99' title="bbox 2183 4535 3858 4609">
     <span class='ocr_line' id='line_1_99' title="bbox 2183 4535 3858 4609; baseline 0.004 -19"><span class='ocrx_word' id='word_1_668' title='bbox 2183 4535 2294 4590; x_wconf 77' lang='lat' dir='ltr'>diae</span> <span class='ocrx_word' id='word_1_669' title='bbox 2318 4537 2563 4609; x_wconf 88' lang='lat' dir='ltr'>pondus</span> <span class='ocrx_word' id='word_1_670' title='bbox 2582 4542 2641 4594; x_wconf 92' lang='lat' dir='ltr'>et</span> <span class='ocrx_word' id='word_1_671' title='bbox 2661 4538 2782 4594; x_wconf 90' lang='lat' dir='ltr'>odii</span> <span class='ocrx_word' id='word_1_672' title='bbox 2812 4540 3081 4596; x_wconf 86' lang='lat' dir='ltr'>ferebant</span> <span class='ocrx_word' id='word_1_673' title='bbox 3109 4540 3397 4596; x_wconf 87' lang='lat' dir='ltr'>adversus</span> <span class='ocrx_word' id='word_1_674' title='bbox 3436 4540 3626 4596; x_wconf 72' lang='lat' dir='ltr'>Guillc</span> <span class='ocrx_word' id='word_1_675' title='bbox 3642 4542 3858 4605; x_wconf 63' lang='lat' dir='ltr'>imum,</span> 
     </span>
    </p>
   </div>
   <div class='ocr_carea' id='block_1_100' title="bbox 418 4609 3864 4698">
    <p class='ocr_par' dir='ltr' id='par_1_100' title="bbox 418 4609 3864 4698">
     <span class='ocr_line' id='line_1_100' title="bbox 418 4609 3864 4698; baseline 0.001 -29"><span class='ocrx_word' id='word_1_676' title='bbox 418 4628 724 4687; x_wconf 85' lang='lat' dir='ltr'>nusquam</span> <span class='ocrx_word' id='word_1_677' title='bbox 777 4610 1038 4683; x_wconf 90' lang='lat' dir='ltr'>regionis</span> <span class='ocrx_word' id='word_1_678' title='bbox 1097 4627 1217 4666; x_wconf 78' lang='lat' dir='ltr'>suae</span> <span class='ocrx_word' id='word_1_679' title='bbox 1269 4609 1535 4669; x_wconf 89' lang='lat' dir='ltr'>invenire</span> <span class='ocrx_word' id='word_1_680' title='bbox 1608 4630 1706 4671; x_wconf 87' lang='lat' dir='ltr'>me</span> <span class='ocrx_word' id='word_1_681' title='bbox 1763 4617 2001 4687; x_wconf 88' lang='lat' dir='ltr'>poteris.</span> <span class='ocrx_word' id='word_1_682' title='bbox 2047 4640 2074 4668; x_wconf 86' lang='grc'>››</span> <span class='ocrx_word' id='word_1_683' title='bbox 2184 4624 2294 4680; x_wconf 77' lang='lat' dir='ltr'>sed</span> <span class='ocrx_word' id='word_1_684' title='bbox 2317 4640 2440 4681; x_wconf 78' lang='lat' dir='ltr'>non</span> <span class='ocrx_word' id='word_1_685' title='bbox 2472 4625 2779 4683; x_wconf 67' lang='lat' dir='ltr'>audebant</span> <span class='ocrx_word' id='word_1_686' title='bbox 2805 4629 3119 4685; x_wconf 62' lang='lat' dir='ltr'>ostendere</span> <span class='ocrx_word' id='word_1_687' title='bbox 3142 4628 3665 4686; x_wconf 49' lang='lat' dir='ltr'>malevolumsm...</span> <span class='ocrx_word' id='word_1_688' title='bbox 3692 4630 3864 4698; x_wconf 70' lang='lat' dir='ltr'>cogi.</span> 
     </span>
    </p>
   </div>
   <div class='ocr_carea' id='block_1_101' title="bbox 421 4699 3862 4787">
    <p class='ocr_par' dir='ltr' id='par_1_101' title="bbox 421 4699 3862 4787">
     <span class='ocr_line' id='line_1_101' title="bbox 421 4699 3862 4787; baseline 0.004 -26"><span class='ocrx_word' id='word_1_689' title='bbox 421 4705 641 4761; x_wconf 85' lang='lat' dir='ltr'>Contra</span> <span class='ocrx_word' id='word_1_690' title='bbox 664 4700 1043 4771; x_wconf 86' lang='lat' dir='ltr'>istiusmodo,</span> <span class='ocrx_word' id='word_1_691' title='bbox 1067 4699 1467 4757; x_wconf 86' lang='lat' dir='ltr'>excusationis</span> <span class='ocrx_word' id='word_1_692' title='bbox 1508 4706 1565 4758; x_wconf 89' lang='lat' dir='ltr'>et</span> <span class='ocrx_word' id='word_1_693' title='bbox 1591 4705 2073 4765; x_wconf 88' lang='lat' dir='ltr'>contradictionis</span> <span class='ocrx_word' id='word_1_694' title='bbox 2183 4713 2420 4771; x_wconf 88' lang='lat' dir='ltr'>tationis</span> <span class='ocrx_word' id='word_1_695' title='bbox 2444 4716 2841 4787; x_wconf 89' lang='lat' dir='ltr'>propositum.</span> <span class='ocrx_word' id='word_1_696' title='bbox 2872 4720 3151 4775; x_wconf 83' lang='lat' dir='ltr'>Attamen</span> <span class='ocrx_word' id='word_1_697' title='bbox 3179 4718 3447 4775; x_wconf 89' lang='lat' dir='ltr'>hortator</span> <span class='ocrx_word' id='word_1_698' title='bbox 3476 4722 3536 4774; x_wconf 81' lang='lat' dir='ltr'>et</span> <span class='ocrx_word' id='word_1_699' title='bbox 3572 4719 3862 4775; x_wconf 61' lang='lat' dir='ltr'>incensor</span> 
     </span>
    </p>
   </div>
   <div class='ocr_carea' id='block_1_102' title="bbox 417 4790 2073 4864">
    <p class='ocr_par' dir='ltr' id='par_1_102' title="bbox 417 4790 2073 4864">
     <span class='ocr_line' id='line_1_102' title="bbox 417 4790 2073 4864; baseline 0.004 -15"><span class='ocrx_word' id='word_1_700' title='bbox 417 4792 753 4861; x_wconf 89' lang='lat' dir='ltr'>molimina,</span> <span class='ocrx_word' id='word_1_701' title='bbox 783 4791 908 4848; x_wconf 85' lang='lat' dir='ltr'>dux</span> <span class='ocrx_word' id='word_1_702' title='bbox 952 4790 1301 4848; x_wconf 88' lang='lat' dir='ltr'>Guillelmus</span> <span class='ocrx_word' id='word_1_703' title='bbox 1345 4791 1730 4864; x_wconf 90' lang='lat' dir='ltr'>respondisse</span> <span class='ocrx_word' id='word_1_704' title='bbox 1775 4793 1958 4852; x_wconf 88' lang='lat' dir='ltr'>fertur</span> <span class='ocrx_word' id='word_1_705' title='bbox 1987 4801 2073 4855; x_wconf 86' lang='lat' dir='ltr'>ta-</span> 
     </span>
    </p>
   </div>
   <div class='ocr_carea' id='block_1_103' title="bbox 416 4879 2077 4957">
    <p class='ocr_par' dir='ltr' id='par_1_103' title="bbox 416 4879 2077 4957">
     <span class='ocr_line' id='line_1_103' title="bbox 416 4879 2077 4957; baseline 0.002 -19"><span class='ocrx_word' id='word_1_706' title='bbox 416 4882 497 4940; x_wconf 86' lang='lat' dir='ltr'>lia</span> <span class='ocrx_word' id='word_1_707' title='bbox 528 4901 541 4938; x_wconf 89' lang='lat'>:</span> <span class='ocrx_word' id='word_1_708' title='bbox 571 4904 601 4932; x_wconf 74' lang='lat' dir='ltr'><strong><em>u</em></strong></span> <span class='ocrx_word' id='word_1_709' title='bbox 632 4881 970 4939; x_wconf 86' lang='lat' dir='ltr'>Richardus</span> <span class='ocrx_word' id='word_1_710' title='bbox 995 4880 1156 4937; x_wconf 81' lang='lat' dir='ltr'>filius</span> <span class='ocrx_word' id='word_1_711' title='bbox 1185 4895 1359 4935; x_wconf 89' lang='lat' dir='ltr'>meus</span> <span class='ocrx_word' id='word_1_712' title='bbox 1388 4879 1831 4955; x_wconf 89' lang='lat' dir='ltr'>dilectissimus,</span> <span class='ocrx_word' id='word_1_713' title='bbox 1883 4887 2077 4957; x_wconf 90' lang='lat' dir='ltr'>pueri-</span> 
     </span>
    </p>
   </div>
   <div class='ocr_carea' id='block_1_104' title="bbox 415 4969 2074 5046">
    <p class='ocr_par' dir='ltr' id='par_1_104' title="bbox 415 4969 2074 5046">
     <span class='ocr_line' id='line_1_104' title="bbox 415 4969 2074 5046; baseline 0.002 -17"><span class='ocrx_word' id='word_1_714' title='bbox 415 4971 488 5029; x_wconf 85' lang='lat' dir='ltr'>lis</span> <span class='ocrx_word' id='word_1_715' title='bbox 517 4971 703 5028; x_wconf 77' lang='lat' dir='ltr'>aetatis</span> <span class='ocrx_word' id='word_1_716' title='bbox 725 4970 1065 5042; x_wconf 88' lang='lat' dir='ltr'>ignorantia</span> <span class='ocrx_word' id='word_1_717' title='bbox 1091 4969 1291 5027; x_wconf 86' lang='lat' dir='ltr'>adhuc</span> <span class='ocrx_word' id='word_1_718' title='bbox 1347 4969 1671 5043; x_wconf 88' lang='lat' dir='ltr'>involutus,</span> <span class='ocrx_word' id='word_1_719' title='bbox 1702 4972 2074 5046; x_wconf 85' lang='lat' dir='ltr'>principibus</span> 
     </span>
    </p>
   </div>
   <div class='ocr_carea' id='block_1_105' title="bbox 416 5059 2071 5137">
    <p class='ocr_par' dir='ltr' id='par_1_105' title="bbox 416 5059 2071 5137">
     <span class='ocr_line' id='line_1_105' title="bbox 416 5059 2071 5137; baseline 0.002 -18"><span class='ocrx_word' id='word_1_720' title='bbox 416 5062 566 5119; x_wconf 86' lang='lat' dir='ltr'>meis</span> <span class='ocrx_word' id='word_1_721' title='bbox 592 5061 841 5119; x_wconf 89' lang='lat' dir='ltr'>libenter</span> <span class='ocrx_word' id='word_1_722' title='bbox 866 5060 1223 5128; x_wconf 88' lang='lat' dir='ltr'>faventibus,</span> <span class='ocrx_word' id='word_1_723' title='bbox 1254 5059 1378 5116; x_wconf 86' lang='lat' dir='ltr'>dux</span> <span class='ocrx_word' id='word_1_724' title='bbox 1424 5060 1532 5118; x_wconf 79' lang='lat' dir='ltr'>erit</span> <span class='ocrx_word' id='word_1_725' title='bbox 1567 5077 1679 5134; x_wconf 92' lang='lat' dir='ltr'>pro</span> <span class='ocrx_word' id='word_1_726' title='bbox 1726 5080 1822 5119; x_wconf 90' lang='lat' dir='ltr'>me</span> <span class='ocrx_word' id='word_1_727' title='bbox 1861 5069 2071 5137; x_wconf 89' lang='lat' dir='ltr'>poten-</span> 
     </span>
    </p>
   </div>
   <div class='ocr_carea' id='block_1_106' title="bbox 417 5150 2070 5222">
    <p class='ocr_par' dir='ltr' id='par_1_106' title="bbox 417 5150 2070 5222">
     <span class='ocr_line' id='line_1_106' title="bbox 417 5150 2070 5222; baseline 0.005 -17"><span class='ocrx_word' id='word_1_728' title='bbox 417 5150 683 5207; x_wconf 87' lang='lat' dir='ltr'>tissimus</span> <span class='ocrx_word' id='word_1_729' title='bbox 706 5150 969 5222; x_wconf 89' lang='lat' dir='ltr'>regionis</span> <span class='ocrx_word' id='word_1_730' title='bbox 998 5152 1185 5222; x_wconf 79' lang='lat' dir='ltr'>hujus</span> <span class='ocrx_word' id='word_1_731' title='bbox 1217 5168 1231 5219; x_wconf 89' lang='lat'><strong>;</strong></span> <span class='ocrx_word' id='word_1_732' title='bbox 1280 5154 1336 5206; x_wconf 90' lang='lat' dir='ltr'>et</span> <span class='ocrx_word' id='word_1_733' title='bbox 1364 5151 1531 5222; x_wconf 89' lang='lat' dir='ltr'>quod</span> <span class='ocrx_word' id='word_1_734' title='bbox 1559 5154 1678 5207; x_wconf 92' lang='lat' dir='ltr'>Deo</span> <span class='ocrx_word' id='word_1_735' title='bbox 1707 5153 1847 5210; x_wconf 89' lang='lat' dir='ltr'>vovi</span> <span class='ocrx_word' id='word_1_736' title='bbox 1897 5154 2070 5213; x_wconf 89' lang='lat' dir='ltr'>citius</span> 
     </span>
    </p>
   </div>
   <div class='ocr_carea' id='block_1_107' title="bbox 416 5240 2070 5314">
    <p class='ocr_par' dir='ltr' id='par_1_107' title="bbox 416 5240 2070 5314">
     <span class='ocr_line' id='line_1_107' title="bbox 416 5240 2070 5314; baseline 0.005 -20"><span class='ocrx_word' id='word_1_737' title='bbox 416 5255 601 5311; x_wconf 88' lang='lat' dir='ltr'>quam</span> <span class='ocrx_word' id='word_1_738' title='bbox 631 5245 839 5311; x_wconf 90' lang='lat' dir='ltr'>potero</span> <span class='ocrx_word' id='word_1_739' title='bbox 862 5240 1214 5314; x_wconf 79' lang='lat' dir='ltr'>explebitur.</span> <span class='ocrx_word' id='word_1_740' title='bbox 1244 5262 1271 5290; x_wconf 74' lang='grc' dir='ltr'><strong>υ</strong></span> <span class='ocrx_word' id='word_1_741' title='bbox 1305 5242 1568 5297; x_wconf 85' lang='lat' dir='ltr'>Exeunte</span> <span class='ocrx_word' id='word_1_742' title='bbox 1598 5247 1801 5300; x_wconf 90' lang='lat' dir='ltr'>autem</span> <span class='ocrx_word' id='word_1_743' title='bbox 1840 5245 2070 5302; x_wconf 86' lang='lat' dir='ltr'>Guillel-</span> 
     </span>
    </p>
   </div>
   <div class='ocr_carea' id='block_1_108' title="bbox 417 5328 2070 5409">
    <p class='ocr_par' dir='ltr' id='par_1_108' title="bbox 417 5328 2070 5409">
     <span class='ocr_line' id='line_1_108' title="bbox 417 5328 2070 5409; baseline 0.005 -23"><span class='ocrx_word' id='word_1_744' title='bbox 417 5344 520 5386; x_wconf 90' lang='lat' dir='ltr'>mo</span> <span class='ocrx_word' id='word_1_745' title='bbox 544 5328 619 5383; x_wconf 90' lang='lat' dir='ltr'>de</span> <span class='ocrx_word' id='word_1_746' title='bbox 648 5330 855 5402; x_wconf 88' lang='lat' dir='ltr'>templi</span> <span class='ocrx_word' id='word_1_747' title='bbox 874 5330 1036 5386; x_wconf 89' lang='lat' dir='ltr'>adito</span> <span class='ocrx_word' id='word_1_748' title='bbox 1060 5347 1201 5387; x_wconf 91' lang='lat' dir='ltr'>cum</span> <span class='ocrx_word' id='word_1_749' title='bbox 1230 5330 1449 5387; x_wconf 89' lang='lat' dir='ltr'>abbate</span> <span class='ocrx_word' id='word_1_750' title='bbox 1480 5333 1747 5405; x_wconf 84' lang='lat' dir='ltr'>Martino,</span> <span class='ocrx_word' id='word_1_751' title='bbox 1778 5334 1857 5392; x_wconf 86' lang='lat' dir='ltr'>ad</span> <span class='ocrx_word' id='word_1_752' title='bbox 1885 5337 2070 5409; x_wconf 92' lang='lat' dir='ltr'>pedes</span> 
     </span>
    </p>
   </div>
   <div class='ocr_carea' id='block_1_109' title="bbox 2183 4802 3861 4879">
    <p class='ocr_par' dir='ltr' id='par_1_109' title="bbox 2183 4802 3861 4879">
     <span class='ocr_line' id='line_1_109' title="bbox 2183 4802 3861 4879; baseline 0.004 -21"><span class='ocrx_word' id='word_1_753' title='bbox 2183 4802 2476 4860; x_wconf 88' lang='lat' dir='ltr'>scelerum</span> <span class='ocrx_word' id='word_1_754' title='bbox 2506 4804 2717 4862; x_wconf 74' lang='lat' dir='ltr'>effudit</span> <span class='ocrx_word' id='word_1_755' title='bbox 2744 4806 2908 4863; x_wconf 90' lang='lat' dir='ltr'>virus</span> <span class='ocrx_word' id='word_1_756' title='bbox 2941 4823 3061 4863; x_wconf 70' lang='lat' dir='ltr'>suae</span> <span class='ocrx_word' id='word_1_757' title='bbox 3120 4805 3458 4864; x_wconf 77' lang='lat' dir='ltr'>calliditatis</span> <span class='ocrx_word' id='word_1_758' title='bbox 3516 4822 3629 4879; x_wconf 85' lang='lat' dir='ltr'>per</span> <span class='ocrx_word' id='word_1_759' title='bbox 3666 4808 3861 4864; x_wconf 83' lang='lat' dir='ltr'>corda</span> 
     </span>
    </p>
   </div>
   <div class='ocr_carea' id='block_1_110' title="bbox 2179 4892 3858 4968">
    <p class='ocr_par' dir='ltr' id='par_1_110' title="bbox 2179 4892 3858 4968">
     <span class='ocr_line' id='line_1_110' title="bbox 2179 4892 3858 4968; baseline 0.002 -20"><span class='ocrx_word' id='word_1_760' title='bbox 2179 4892 2483 4949; x_wconf 86' lang='lat' dir='ltr'>malorum</span> <span class='ocrx_word' id='word_1_761' title='bbox 2508 4893 2847 4965; x_wconf 86' lang='lat' dir='ltr'>hominum,</span> <span class='ocrx_word' id='word_1_762' title='bbox 2881 4896 3155 4967; x_wconf 88' lang='lat' dir='ltr'>gaudens</span> <span class='ocrx_word' id='word_1_763' title='bbox 3172 4896 3234 4952; x_wconf 84' lang='lat' dir='ltr'>in</span> <span class='ocrx_word' id='word_1_764' title='bbox 3255 4896 3431 4968; x_wconf 81' lang='lat' dir='ltr'>pejus</span> <span class='ocrx_word' id='word_1_765' title='bbox 3455 4895 3629 4953; x_wconf 88' lang='lat' dir='ltr'>abire</span> <span class='ocrx_word' id='word_1_766' title='bbox 3659 4911 3858 4967; x_wconf 74' lang='lat' dir='ltr'>genus</span> 
     </span>
    </p>
   </div>
   <div class='ocr_carea' id='block_1_111' title="bbox 2178 4981 3852 5057">
    <p class='ocr_par' dir='ltr' id='par_1_111' title="bbox 2178 4981 3852 5057">
     <span class='ocr_line' id='line_1_111' title="bbox 2178 4981 3852 5057; baseline 0.002 -20"><span class='ocrx_word' id='word_1_767' title='bbox 2178 4981 2519 5049; x_wconf 88' lang='lat' dir='ltr'>hominum,</span> <span class='ocrx_word' id='word_1_768' title='bbox 2547 4998 2625 5039; x_wconf 90' lang='lat' dir='ltr'>ne</span> <span class='ocrx_word' id='word_1_769' title='bbox 2653 4985 2844 5057; x_wconf 88' lang='lat' dir='ltr'>possit</span> <span class='ocrx_word' id='word_1_770' title='bbox 2868 4989 3132 5057; x_wconf 90' lang='lat' dir='ltr'>repetere</span> <span class='ocrx_word' id='word_1_771' title='bbox 3177 4986 3416 5043; x_wconf 87' lang='lat' dir='ltr'>hortum</span> <span class='ocrx_word' id='word_1_772' title='bbox 3470 4985 3852 5042; x_wconf 79' lang='lat' dir='ltr'>deliciarum.</span> 
     </span>
    </p>
   </div>
   <div class='ocr_carea' id='block_1_112' title="bbox 2180 5072 3855 5147">
    <p class='ocr_par' dir='ltr' id='par_1_112' title="bbox 2180 5072 3855 5147">
     <span class='ocr_line' id='line_1_112' title="bbox 2180 5072 3855 5147; baseline 0.004 -22"><span class='ocrx_word' id='word_1_773' title='bbox 2180 5072 2470 5136; x_wconf 86' lang='lat' dir='ltr'>Quocirca</span> <span class='ocrx_word' id='word_1_774' title='bbox 2521 5074 2796 5130; x_wconf 80' lang='lat' dir='ltr'>excitavit</span> <span class='ocrx_word' id='word_1_775' title='bbox 2848 5076 3009 5147; x_wconf 90' lang='lat' dir='ltr'>odia,</span> <span class='ocrx_word' id='word_1_776' title='bbox 3069 5090 3457 5132; x_wconf 85' lang='lat' dir='ltr'>commovens</span> <span class='ocrx_word' id='word_1_777' title='bbox 3503 5075 3855 5146; x_wconf 70' lang='lat' dir='ltr'>jurgiorum</span> 
     </span>
    </p>
   </div>
   <div class='ocr_carea' id='block_1_113' title="bbox 2176 5159 3853 5236">
    <p class='ocr_par' dir='ltr' id='par_1_113' title="bbox 2176 5159 3853 5236">
     <span class='ocr_line' id='line_1_113' title="bbox 2176 5159 3853 5236; baseline 0.004 -20"><span class='ocrx_word' id='word_1_778' title='bbox 2176 5159 2472 5229; x_wconf 88' lang='lat' dir='ltr'>incendia,</span> <span class='ocrx_word' id='word_1_779' title='bbox 2552 5164 2839 5236; x_wconf 86' lang='lat' dir='ltr'>pacisque</span> <span class='ocrx_word' id='word_1_780' title='bbox 2908 5165 3182 5223; x_wconf 69' lang='lat' dir='ltr'>Ecclesiae</span> <span class='ocrx_word' id='word_1_781' title='bbox 3256 5164 3518 5221; x_wconf 80' lang='lat' dir='ltr'>turbavit</span> <span class='ocrx_word' id='word_1_782' title='bbox 3596 5165 3853 5235; x_wconf 63' lang='lat' dir='ltr'>hedera,</span> 
     </span>
    </p>
   </div>
   <div class='ocr_carea' id='block_1_114' title="bbox 2176 5248 3849 5327">
    <p class='ocr_par' dir='ltr' id='par_1_114' title="bbox 2176 5248 3849 5327">
     <span class='ocr_line' id='line_1_114' title="bbox 2176 5248 3849 5327; baseline 0.005 -23"><span class='ocrx_word' id='word_1_783' title='bbox 2176 5248 2626 5307; x_wconf 88' lang='lat' dir='ltr'>ﬁrmamentum</span> <span class='ocrx_word' id='word_1_784' title='bbox 2674 5253 2805 5324; x_wconf 89' lang='lat' dir='ltr'>ejus</span> <span class='ocrx_word' id='word_1_785' title='bbox 2860 5255 3093 5327; x_wconf 74' lang='lat' dir='ltr'>quoties</span> <span class='ocrx_word' id='word_1_786' title='bbox 3158 5253 3478 5311; x_wconf 86' lang='lat' dir='ltr'>formidine</span> <span class='ocrx_word' id='word_1_787' title='bbox 3521 5254 3849 5327; x_wconf 78' lang='lat' dir='ltr'>impressa.</span> 
     </span>
    </p>
   </div>
   <div class='ocr_carea' id='block_1_115' title="bbox 2174 5338 3851 5415">
    <p class='ocr_par' dir='ltr' id='par_1_115' title="bbox 2174 5338 3851 5415">
     <span class='ocr_line' id='line_1_115' title="bbox 2174 5338 3851 5415; baseline 0.004 -22"><span class='ocrx_word' id='word_1_788' title='bbox 2174 5338 2355 5394; x_wconf 82' lang='lat' dir='ltr'>Rabie</span> <span class='ocrx_word' id='word_1_789' title='bbox 2387 5338 2685 5411; x_wconf 87' lang='lat' dir='ltr'>siquidem</span> <span class='ocrx_word' id='word_1_790' title='bbox 2712 5341 3072 5413; x_wconf 88' lang='lat' dir='ltr'>cupiditatis,</span> <span class='ocrx_word' id='word_1_791' title='bbox 3129 5342 3401 5399; x_wconf 87' lang='lat' dir='ltr'>accendit</span> <span class='ocrx_word' id='word_1_792' title='bbox 3430 5342 3851 5415; x_wconf 85' lang='lat' dir='ltr'>plurimorum</span> 
     </span>
    </p>
   </div>
   <div class='ocr_carea' id='block_1_116' title="bbox 416 5418 3849 5506">
    <p class='ocr_par' dir='ltr' id='par_1_116' title="bbox 416 5418 3849 5506">
     <span class='ocr_line' id='line_1_116' title="bbox 416 5418 3849 5506; baseline 0.004 -31"><span class='ocrx_word' id='word_1_793' title='bbox 416 5418 546 5489; x_wconf 86' lang='lat' dir='ltr'>ejus</span> <span class='ocrx_word' id='word_1_794' title='bbox 564 5418 793 5489; x_wconf 88' lang='lat' dir='ltr'>proruit</span> <span class='ocrx_word' id='word_1_795' title='bbox 814 5420 1254 5476; x_wconf 88' lang='lat' dir='ltr'>monachorum</span> <span class='ocrx_word' id='word_1_796' title='bbox 1291 5420 1680 5493; x_wconf 90' lang='lat' dir='ltr'>phalangula,</span> <span class='ocrx_word' id='word_1_797' title='bbox 1736 5425 2067 5498; x_wconf 89' lang='lat' dir='ltr'>deprecans</span> <span class='ocrx_word' id='word_1_798' title='bbox 2171 5428 2376 5497; x_wconf 89' lang='lat' dir='ltr'>corda,</span> <span class='ocrx_word' id='word_1_799' title='bbox 2438 5446 2513 5486; x_wconf 93' lang='lat' dir='ltr'>ne</span> <span class='ocrx_word' id='word_1_800' title='bbox 2560 5430 3014 5488; x_wconf 88' lang='lat' dir='ltr'>recordarentur</span> <span class='ocrx_word' id='word_1_801' title='bbox 3054 5432 3421 5503; x_wconf 87' lang='lat' dir='ltr'>judiciorum</span> <span class='ocrx_word' id='word_1_802' title='bbox 3461 5432 3591 5499; x_wconf 88' lang='lat' dir='ltr'>Dei,</span> <span class='ocrx_word' id='word_1_803' title='bbox 3644 5448 3849 5506; x_wconf 82' lang='lat' dir='ltr'>neque</span> 
     </span>
    </p>
   </div>
   <div class='ocr_carea' id='block_1_117' title="bbox 416 5506 2066 5584">
    <p class='ocr_par' dir='ltr' id='par_1_117' title="bbox 416 5506 2066 5584">
     <span class='ocr_line' id='line_1_117' title="bbox 416 5506 2066 5584; baseline 0.003 -19"><span class='ocrx_word' id='word_1_804' title='bbox 416 5512 482 5565; x_wconf 87' lang='lat' dir='ltr'>ut</span> <span class='ocrx_word' id='word_1_805' title='bbox 509 5506 803 5581; x_wconf 80' lang='lat' dir='ltr'>acciperet</span> <span class='ocrx_word' id='word_1_806' title='bbox 830 5507 891 5562; x_wconf 93' lang='lat' dir='ltr'>in</span> <span class='ocrx_word' id='word_1_807' title='bbox 922 5508 1202 5564; x_wconf 87' lang='lat' dir='ltr'>charitate</span> <span class='ocrx_word' id='word_1_808' title='bbox 1235 5512 1334 5565; x_wconf 87' lang='lat' dir='ltr'>Dei</span> <span class='ocrx_word' id='word_1_809' title='bbox 1364 5509 1576 5581; x_wconf 86' lang='lat' dir='ltr'>diaria,</span> <span class='ocrx_word' id='word_1_810' title='bbox 1609 5513 1741 5567; x_wconf 72' lang='lat' dir='ltr'>vitae</span> <span class='ocrx_word' id='word_1_811' title='bbox 1783 5529 2066 5584; x_wconf 86' lang='lat' dir='ltr'>corpora-</span> 
     </span>
    </p>
   </div>
   <div class='ocr_carea' id='block_1_118' title="bbox 2169 5521 3852 5594">
    <p class='ocr_par' dir='ltr' id='par_1_118' title="bbox 2169 5521 3852 5594">
     <span class='ocr_line' id='line_1_118' title="bbox 2169 5521 3852 5594; baseline 0.004 -22"><span class='ocrx_word' id='word_1_812' title='bbox 2169 5521 2369 5573; x_wconf 88' lang='lat' dir='ltr'>mente</span> <span class='ocrx_word' id='word_1_813' title='bbox 2398 5526 2707 5578; x_wconf 82' lang='lat' dir='ltr'>cernerent</span> <span class='ocrx_word' id='word_1_814' title='bbox 2727 5538 2815 5578; x_wconf 89' lang='lat' dir='ltr'>ea.</span> <span class='ocrx_word' id='word_1_815' title='bbox 2852 5522 3245 5579; x_wconf 85' lang='lat' dir='ltr'>Disseminato</span> <span class='ocrx_word' id='word_1_816' title='bbox 3261 5523 3463 5594; x_wconf 86' lang='lat' dir='ltr'>itaque</span> <span class='ocrx_word' id='word_1_817' title='bbox 3494 5539 3607 5594; x_wconf 90' lang='lat' dir='ltr'>per</span> <span class='ocrx_word' id='word_1_818' title='bbox 3655 5540 3852 5580; x_wconf 75' lang='lat' dir='ltr'>mem~</span> 
     </span>
    </p>
   </div>
   <div class='ocr_carea' id='block_1_119' title="bbox 413 5594 3847 5685">
    <p class='ocr_par' dir='ltr' id='par_1_119' title="bbox 413 5594 3847 5685">
     <span class='ocr_line' id='line_1_119' title="bbox 413 5594 3847 5685; baseline 0.003 -26"><span class='ocrx_word' id='word_1_819' title='bbox 413 5595 488 5659; x_wconf 74' lang='lat' dir='ltr'>lis</span> <span class='ocrx_word' id='word_1_820' title='bbox 515 5595 738 5657; x_wconf 72' lang='lat' dir='ltr'>scilicet</span> <span class='ocrx_word' id='word_1_821' title='bbox 752 5594 999 5657; x_wconf 72' lang='lat' dir='ltr'>cibaria.</span> <span class='ocrx_word' id='word_1_822' title='bbox 1028 5596 1285 5657; x_wconf 75' lang='lat' dir='ltr'>Ahbatis</span> <span class='ocrx_word' id='word_1_823' title='bbox 1300 5614 1445 5658; x_wconf 88' lang='lat' dir='ltr'>vero</span> <span class='ocrx_word' id='word_1_824' title='bbox 1493 5600 2063 5660; x_wconf 86' lang='lat' dir='ltr'>contradictionibus</span> <span class='ocrx_word' id='word_1_825' title='bbox 2166 5603 2287 5663; x_wconf 79' lang='lat' dir='ltr'>bra</span> <span class='ocrx_word' id='word_1_826' title='bbox 2340 5606 2565 5667; x_wconf 77' lang='lat' dir='ltr'>diaboli</span> <span class='ocrx_word' id='word_1_827' title='bbox 2621 5610 2881 5680; x_wconf 81' lang='lat' dir='ltr'>graviter</span> <span class='ocrx_word' id='word_1_828' title='bbox 2930 5612 3047 5669; x_wconf 88' lang='lat' dir='ltr'>hoc</span> <span class='ocrx_word' id='word_1_829' title='bbox 3100 5626 3356 5682; x_wconf 71' lang='lat' dir='ltr'>veneno,</span> <span class='ocrx_word' id='word_1_830' title='bbox 3407 5611 3752 5685; x_wconf 75' lang='lat' dir='ltr'>hostilique</span> <span class='ocrx_word' id='word_1_831' title='bbox 3777 5627 3847 5669; x_wconf 78' lang='lat' dir='ltr'>ra</span> 
     </span>
    </p>
   </div>
  </div>
