4004 6178
222 169 330 222 677

730 157 820 212 DE
866 157 1106 214 GESTIS
1145 149 1582 216 NORMANNL/E
1623 152 1864 214 DUCUM
1905 153 2098 212 LlBRl
2134 152 2328 214 TRES.
2355 189 2424 199 -—
2455 161 2580 216 LIB.
2621 165 2711 218 ῐῐῐ.
2755 163 3184 224 WILLELMUS.

3563 163 3666 225 878

217 290 322 348 bie
351 284 554 357 magis
583 299 654 339 ac
680 281 876 349 magis
898 279 1217 338 crudeliter
1247 284 1576 350 grassante,
1599 284 1779 353 atque
1795 281 1900 336 ini-
1929 285 1974 336 Α
2011 282 2533 339 Constantinenses
2553 285 2915 352 invaserunt,
2931 294 3218 361 castrum,
3251 295 3314 348 ut
3333 291 3460 363 lupi
3476 307 3668 361 agnos

217 379 459 453 quitate
491 385 817 447 pravorum
842 369 1117 441 nequiter
1142 371 1628 442 przevalescente,
1651 369 1902 442 aequitas

221 467 410 526 totius
437 459 609 532 rcgni
630 457 1092 532 profanabatur,
1120 458 1426 532 debitiqne
1446 459 1690 516 honoris
1711 459 1902 530 gradu

215 555 436 630 plures
465 549 635 623 ejecti
665 548 829 604 abre
881 547 1300 618 privabantur.
1358 551 1688 622 Quaproter
1745 548 1901 621 prin-

218 661 370 719 ceps
401 642 653 718 quidam
683 638 929 693 nomine
962 637 1337 710 Arnulphus,
1386 637 1762 694 Flandrensis
1815 653 1900 692 re-

218 736 423 804 gionis
456 727 722 788 marchio
743 725 1206 790 famosissimus,
1241 727 1426 798 hujus
1439 728 1649 784 veneni
1667 726 1902 799 squalo-

217 840 284 880 re
315 821 624 897 profusius
649 816 927 884 infectUS,
961 813 1209 870 abstulit
1239 817 1521 873 Herluino
1556 816 1752 872 comiti
1775 831 1902 871 cas-

217 921 388 971 trum
417 905 716 970 Mosterioli
744 905 848 978 qui
875 904 1113 960 dicitur.
1147 905 1244 960 llle
1270 921 1418 962 vero
1452 907 1596 963 tanti
1654 905 1898 961 honoris

217 1003 500 1077 privatus
533 1003 740 1059 castro,
781 993 1052 1064 llugonis
1085 994 1459 1051 Francorum
1489 995 1658 1051 ducis
1692 995 1894 1050 suifra-

223 1092 400 1163 gium
425 1087 659 1162 expetiit
687 1101 872 1141 cursu
904 1083 1240 1149 celerrimo,
1275 1087 1341 1140 ut
1372 1085 1717 1140 subveniret
1759 1085 1809 1141 ei
1839 1083 1900 1140 in

219 1178 619 1252 adjutorium,
669 1175 813 1248 quia
869 1177 992 1230 erat
1049 1173 1181 1241 ejus
1235 1189 1444 1229 comes
1503 1179 1682 1246 atque
1733 1173 1900 1230 miles

221 1269 549 1344 promptus
576 1265 633 1321 in
663 1265 830 1320 omni
859 1262 1118 1318 servitio.
1156 1264 1351 1328 Quem
1387 1266 1552 1333 Hugo
1593 1263 1717 1318 dux
1776 1279 1900 1318 non

218 1361 584 1420 reverenter,
610 1355 671 1408 ut
691 1352 898 1408 solitus
930 1354 1073 1414 erat,
1108 1351 1415 1422 suscepit:
1442 1353 1546 1407 sed
1576 1353 1638 1407 in
1695 1349 1896 1424 parili-

223 1452 348 1504 tate
371 1457 620 1501 suorum
649 1442 912 1497 tironum
935 1439 1307 1510 negligenter
1337 1441 1542 1495 tenuit.
1581 1439 1896 1496 Herluinus

221 1551 392 1604 vero,
421 1545 656 1600 magnae
676 1528 1047 1584 necessitatis
1070 1526 1403 1596 indigentia
1446 1527 1728 1600 repletus,
1763 1543 1896 1602 pro-

2009 372 2346 441 unanimes,
2425 374 2834 449 diripiuntque
2877 383 2936 434 et
2983 379 3332 439 defecerunt
3379 388 3666 453 castrum,

2010 466 2146 517 ante
2170 462 2547 519 Guillelmum
2583 465 2755 537 palos
2781 468 2936 522 muri
2969 468 3375 541 deportantes,
3429 476 3668 544 captos-

2010 567 2129 623 que
2156 551 2333 608 simul
2359 551 2750 610 adducentes.
2785 557 3036 613 Castello
3090 577 3236 616 vero
3268 561 3669 618 Monasterioli

2010 641 2206 707 capto,
2247 637 2656 712 pestiferaeque
2709 640 3015 696 seditionis
3074 659 3386 700 murmure
3437 646 3664 702 sedato.

2007 726 2330 798 prandium
2361 727 2474 784 sibi
2504 729 2658 785 infra
2691 729 2869 798 jussit
2924 731 3272 788 Guillelmus
3319 735 3666 806 praeparari,

2006 813 2430 887 regalibusque
2462 817 2622 884 gazis
2653 817 2763 872 sibi
2808 817 3090 873 Herluino
3127 818 3377 884 illatore,
3434 822 3670 878 honori-

2005 903 2120 958 ﬁce
2146 902 2567 960 administrari.
2605 906 2866 978 Epulans
2896 906 3020 961 dux
3051 905 3397 962 Guillelmus
3427 908 3487 963 in
3539 923 3669 964 cas-

2009 996 2119 1059 tro,
2151 993 2298 1048 dixit
2325 993 2574 1066 dapium
2597 995 2808 1050 illatori
2839 995 3042 1052 comiti
3081 997 3356 1052 Herluino
3391 1013 3404 1052 :
3439 1017 3468 1046 κ
3523 1001 3668 1052 Ecce

2007 1081 2113 1136 tibi
2139 1083 2330 1138 reddo
2357 1089 2640 1152 castrum,
2664 1085 2830 1157 quod
2861 1085 2966 1140 tibi
2990 1086 3214 1156 injuste
3255 1085 3501 1142 abstulit
3547 1085 3670 1140 dux

2012 1171 2486 1229 Flandrensium.
2521 1191 2552 1225 »
2586 1177 2650 1230 Et
2678 1174 2990 1229 Herluinus
3023 1191 3036 1229 :
3073 1197 3101 1223 ‹‹
3136 1175 3404 1236 Domine,
3431 1190 3554 1230 non
3584 1189 3671 1228 re-

2011 1261 2230 1333 cipiam
2256 1261 2370 1316 hoc
2401 1268 2689 1326 castrum,
2722 1263 2863 1335 quia
2893 1279 3130 1336 nequeo
3187 1264 3507 1330 custodire,
3559 1278 3668 1318 nec

2011 1349 2159 1405 tueri
2183 1351 2329 1406 illud
2355 1357 2563 1407 contra
2586 1352 2804 1408 ducem
2830 1353 3230 1424 Amulphum.
3271 1373 3298 1401 ιι
3328 1355 3492 1409 Tunc
3542 1352 3668 1424 pie—

2009 1444 2126 1496 tate
2159 1446 2380 1509 motus,
2407 1441 2557 1497 dixit
2586 1443 2866 1498 Herluino
2920 1443 3044 1498 dux
3093 1441 3477 1498 Guillelmus:
3509 1462 3537 1491 «
3593 1443 3668 1496 ’l‘e

2011 1529 2356 1586 auxiliando
2378 1536 2711 1602 protegam,
2736 1537 2790 1588 te
2816 1531 3170 1604 adjuvando
3191 1536 3248 1586 et
3269 1529 3668 1586 custodiendo

229 1621 604 1695 sequebatur
627 1617 889 1691 quotidie
919 1617 1235 1687 Hugonem
1267 1619 1629 1672 Francorum
1657 1617 1896 1690 ducem,
1931 1629 1974 1686 Β
2011 1619 2353 1676 defendam.
2385 1621 2542 1675 istud
2567 1621 2780 1677 iterum
2813 1621 3137 1676 reﬁciendo
3168 1625 3536 1686 construam,
3567 1618 3670 1674 tibi

228 1718 298 1768 ut
319 1713 690 1766 succurreret
710 1705 824 1761 sibi
873 1706 1208 1778 deprecans
1240 1705 1464 1761 crebris
1505 1707 1898 1762 orationibus.

226 1799 518 1856 Diﬁdens
548 1802 746 1852 autem
777 1794 934 1849 illius
974 1793 1166 1850 solatii
1201 1798 1256 1849 et
1289 1809 1538 1849 cernens
1570 1811 1632 1849 se
1663 1795 1904 1850 destitu-

222 1893 360 1946 tum
391 1888 520 1960 ejus
543 1883 820 1957 adjutorii
853 1883 1206 1956 patrocinio,
1243 1899 1570 1954 aggressus
1610 1889 1703 1940 est
1749 1883 1906 1939 Guil-

223 1980 479 2035 lelmum
536 1976 1088 2032 Northmannorum
1153 1973 1586 2044 Britouumque
1661 1973 1902 2038 ducem,

231 2083 418 2125 causa
439 2063 734 2138 preecripti
763 2061 1010 2132 negotii,
1039 2066 1095 2117 et
1125 2066 1189 2116 ut
1220 2061 1533 2132 adjuvaret
1563 2078 1628 2118 se
1671 2061 1748 2119 ad
1809 2077 1909 2135 pe-

233 2157 346 2212 des
377 2153 502 2226 ejus
514 2151 788 2227 procidit.
812 2153 1001 2216 Quem
1031 2149 1378 2206 Guiilelmus
1403 2165 1544 2205 cum
1571 2151 1908 2206 honoriﬁco

230 2248 532 2317 apparatu
567 2238 850 2312 praecepit
902 2237 1213 2309 hospitari,
1274 2243 1331 2291 et
1379 2253 1518 2309 quae
1567 2239 1911 2295 necessaria

231 2337 426 2396 erant,
451 2345 584 2386 cum
609 2343 835 2397 magno
863 2327 1028 2384 cultu
1057 2326 1207 2382 dari.
1231 2327 1511 2398 Sequenti
1533 2329 1630 2384 die
1657 2329 1908 2385 veniens

234 2421 551 2480 Herluinus
569 2425 702 2475 ante
730 2418 952 2474 ducem
977 2416 1377 2474 Gnillelmum.
1404 2418 1780 2476 multimodis
1809 2437 1912 2492 pe-

234 2509 547 2567 titionibus
573 2505 917 2580 requirebat
938 2503 1285 2576 suppliciter
1327 2505 1456 2574 ejus
1511 2507 1906 2578 adjutorium.

235 2603 431 2662 Quem
463 2597 782 2653 consolans
807 2595 933 2650 dux
963 2593 1310 2650 Guillelmus
1357 2595 1743 2666 respondisse
1797 2597 1911 2652 fer-

237 2693 341 2746 tur
376 2703 389 2742 :
419 2707 446 2736 «
484 2689 595 2743 Cur
625 2687 796 2756 [lngo
824 2684 948 2738 dux
977 2685 1343 2738 Francorum
1378 2683 1580 2738 senior
1609 2689 1747 2740 tuus
1770 2691 1824 2741 te
1848 2691 1912 2741 ut

237 2795 308 2834 se
338 2791 460 2833 non
486 2773 868 2832 consolatur?
896 2775 952 2826 et
979 2785 1168 2844 quare
1217 2768 1582 2826 calamitosae
1636 2773 1913 2845 perditio-

239 2867 339 2922 nis
370 2871 485 2921 tuae
511 2879 630 2920 non
661 2861 860 2934 explet
888 2857 1229 2915 necessaria
1261 2859 1288 2912 ?
1314 2858 1402 2912 Ad
1425 2875 1562 2914 eum
1597 2861 1769 2916 citius
1818 2875 1910 2916 re-

2011 1712 2274 1764 castrum
2305 1709 2864 1781 inexpugnabilium
2909 1709 3188 1781 praesidio
3231 1707 3483 1767 turrium
3527 1724 3670 1781 prae-

2010 1797 2331 1862 munitum,
2350 1797 2613 1862 vallique
2627 1798 2992 1854 ﬁrmitudine
3015 1813 3123 1852 nec
3143 1797 3530 1869 capiendum,
3560 1812 3671 1853 nec

2013 1886 2464 1956 destruendum,
2497 1886 2778 1944 frumenti
2809 1887 3052 1958 vinique
3085 1887 3259 1958 copia
3289 1887 3467 1958 pleno
3483 1901 3672 1942 cornu

2014 1977 2271 2049 replens,
2299 1977 2459 2032 istud
2486 1976 2758 2044 farciam,
2786 1983 3099 2048 totumque
3120 1975 3547 2031 remdiﬁcando
3567 1975 3672 2030 tibi

2014 2065 2307 2122 muniam.
2343 2068 2387 2132 Ο
2411 2082 2771 2140 .ioscumque
2801 2065 2906 2121 tibi
2935 2065 3180 2134 elegeris
3202 2080 3476 2120 meorum
3517 2064 3676 2137 prin-

2018 2157 2242 2228 cipum,
2265 2155 2666 2212 morabuntur
2691 2161 2888 2212 tecum
2920 2153 3117 2226 stipati
3159 2154 3494 2227 frequentia
3541 2167 3675 2208 suo-

2015 2260 2153 2300 rum
2183 2244 2471 2300 ﬁdelium.
2508 2244 2566 2301 Si
2601 2244 2890 2317 Amulphi
2919 2244 3204 2311 ingruerit
3224 2251 3432 2300 contra
3461 2247 3512 2298 te
3555 2239 3677 2297 bel-

2017 2333 2164 2397 lum,
2195 2349 2308 2402 ego
2336 2347 2655 2388 succuram
2676 2333 2924 2388 celerius
2951 2331 3054 2386 tibi
3102 2347 3242 2388 cum
3297 2330 3675 2388 multitudine

2019 2439 2292 2478 mearum
2320 2421 2709 2478 exercituum.
2737 2423 2793 2478 Si
2815 2426 3015 2478 autem
3051 2425 3371 2493 sequestrat
3400 2420 3565 2494 pacis
3592 2419 3680 2474 in-

2019 2513 2228 2568 ducias
2260 2511 2551 2585 petiverit,
2581 2517 2922 2567 nostrorum
2941 2509 3186 2566 consilia
3217 2511 3488 2566 ﬁdelium
3508 2507 3680 2564 dabi-

2021 2619 2158 2658 mus
2188 2601 2239 2658 ei
2268 2621 2280 2668 ;
2312 2601 2401 2656 sin
2426 2616 2570 2655 vero
2601 2599 2834 2656 interim
2859 2599 3087 2671 judicio
3101 2604 3158 2656 et
3179 2599 3406 2670 justitia
3425 2599 3678 2668 legeque

2022 2707 2239 2748 usurus
2267 2689 2467 2746 venire
2490 2689 2746 2745 voluerit
2771 2694 2976 2745 contra
3003 2705 3114 2744 nos
3143 2689 3221 2744 ad
3243 2687 3552 2761 placitum,
3583 2699 3681 2742 ve-

2019 2779 2257 2835 niemus
2288 2782 2531 2852 propter
2561 2782 2614 2832 te
2648 2783 2854 2835 contra
2886 2793 3025 2833 eum
3050 2775 3374 2849 judicaturi
3423 2787 3680 2830 censura

2021 2875 2388 2925 nostrorum.
2449 2867 2505 2922 Si
2545 2869 2774 2939 praedia
2831 2872 2942 2923 tuae
2983 2866 3325 2924 hereditatis
3379 2863 3680 2921 obstinato

240 2955 512 3026 gredel’e,
544 2956 600 3008 et
629 2953 678 3007 Si
711 2957 764 3006 te
792 2962 1070 3021 unquam
1100 2947 1390 3016 adjuvare
1419 2947 1673 3004 νοῙυΘΓίῑ
1707 2950 1912 3006 munis
1943 2981 1984 3037 ρ
2024 2958 2202 3014 corde
2231 2957 2648 3022 devastaverit,
2681 2957 2962 3013 universa
2991 2973 3114 3012 suae
3161 2954 3404 3012 ditionis
3434 2949 3681 3022 conglo-

238 3041 767 3118 deprecationibus
797 3037 1068 3111 experire
1098 3053 1111 3104 ;
1141 3040 1196 3090 et
1217 3035 1261 3090 si
1301 3036 1606 3109 quispiam
1636 3039 1738 3094 tibi
1787 3057 1915 3095 suc-

243 3133 515 3201 currerit,
539 3133 586 3188 si
613 3131 820 3187 animo
842 3129 990 3184 ferat
1029 3141 1206 3194 aegre.
1241 3148 1268 3174 »
1317 3126 1639 3183 Confestim
1691 3129 1913 3184 Herlui-

241 3239 367 3280 nus
394 3221 470 3278 ad
502 3221 815 3290 Hugonem
835 3217 1058 3272 ducem
1080 3229 1370 3281 reversus,
1402 3215 1740 3288 inquirebat
1771 3235 1915 3292 sup-

245 3314 392 3387 plex
421 3312 470 3366 si
497 3327 558 3366 se
580 3312 840 3382 juvaret,
874 3306 1079 3362 multis
1108 3307 1647 3376 prosecutionibus.
1675 3308 1779 3364 Cui
1811 3309 1916 3365 ob-

245 3403 394 3458 nixe
413 3400 630 3474 petenti
655 3399 784 3454 dux
815 3402 982 3466 Hugo
1012 3394 1210 3450 intulit
1243 3410 1254 3448 :
1283 3413 1309 3444 α
1347 3396 1466 3464 Ego
1495 3401 1552 3450 et
1573 3399 1918 3472 Arnulphus

250 3491 582 3562 conjuratae
613 3487 892 3544 amicitiae
923 3485 1178 3540 intricati
1216 3485 1434 3556 copula
1460 3487 1742 3542 nolumus
1774 3505 1918 3544 con-

252 3580 478 3638 00τά110
507 3584 564 3635 et
589 3576 944 3641 dilectionis,
1003 3581 1182 3646 atque
1239 3576 1651 3644 competentia!
1700 3582 1919 3632 nostrae

253 3673 503 3744 propter
531 3673 584 3722 te
605 3667 882 3722 scindere
906 3663 1168 3718 vincula.
1200 3684 1226 3710 η
1261 3662 1450 3731 Hujus
1480 3664 1808 3736 desperatae
1838 3683 1925 3721 1⁸0-

255 3755 598 3833 sponsionis
623 3755 832 3824 verbo,
866 3757 1066 3809 mente
1096 3756 1379 3817 mutatus,
1439 3753 1701 3821 Hugonis
1753 3753 1924 3810 ducis

259 3844 573 3904 subintth
596 3844 910 3901 Herluinus
945 3857 958 3896 :
992 3863 1020 3889 ‹‹
1046 3841 1340 3906 Quoniam
1381 3840 1627 3912 quidem
1673 3842 1926 3898 necessi-

261 3937 368 3992 tati
420 3949 568 3990 10οω
621 3945 990 3997 succurrere,
1043 3936 1107 3984 ut
1177 3928 1496 3999 decuisset,
1572 3929 1926 3987 nullomodo

264 4030 505 4090 aestuas,
558 4023 727 4078 decet
778 4025 854 4090 te,
922 4024 989 4074 ut
1063 4017 1114 4074 si
1193 4017 1330 4090 quis
1398 4018 1546 4074 mihi
1616 4021 1930 4076 auxiliatur

263 4129 391 4171 non
421 4112 663 4168 moleste
695 4111 874 4166 feras.
911 4131 938 4158 »
971 4109 1119 4163 Tum
1171 4107 1341 4178 Hugo
1392 4107 1515 4162 dux
1565 4111 1927 4165 Francorum

268 4209 595 4261 autumans
621 4217 762 4257 eum
804 4199 1003 4256 omnis
1060 4196 1370 4254 solaminis
1417 4198 1596 4254 tutela
1626 4214 1754 4254 esse
1811 4200 1928 4272 pri-

267 4300 500 4358 vatum,
530 4291 725 4364 inquit
756 4309 771 4346 :
805 4313 834 4340 «
866 4288 1144 4362 Quisquis
1177 4287 1280 4344 tibi
1306 4287 1598 4342 auxilium
1619 4287 1929 4360 praebebit,

266 4398 396 4439 non
429 4380 574 4436 mihi
603 4380 858 4452 injurias
888 4377 1015 4434 erit.
1051 4399 1080 4426 »
1111 4377 1354 4449 Expleto
1387 4375 1562 4446 igitur
1603 4377 1786 4448 hujus
1835 4379 1933 4434 de-

272 4471 583 4528 solationis
617 4469 821 4538 verbo,
870 4467 1184 4523 Herluinus
1210 4467 1286 4522 ad
1309 4465 1685 4522 Guillelmum
1716 4467 1933 4523 ducem

271 4561 582 4627 remeavit,
615 4564 672 4615 et
715 4557 1010 4631 quidquid
1068 4557 1250 4627 hujus
1296 4555 1379 4610 rei
1429 4556 1719 4626 audierat,
1780 4557 1936 4612 Guil-

271 4652 459 4709 lelmo
507 4650 838 4719 diligenter,
871 4662 1166 4720 proruens
1192 4645 1446 4718 pedibus
1500 4647 1650 4717 ejus,
1703 4647 1936 4704 intima-

272 4741 380 4796 vit.
439 4738 595 4794 Illico
638 4737 984 4794 Guillelmus
1014 4751 1258 4792 omnem
1298 4734 1610 4790 Britanniae
1652 4737 1938 4792 Norman-

272 4829 514 4900 uisaque
541 4827 864 4882 exercitum
904 4825 1132 4890 ascivit,
1191 4827 1250 4880 et
1305 4839 1416 4896 pro
1457 4823 1810 4897 praejudicio
1839 4829 1940 4880 Ar-

273 4915 492 4988 nulphi
544 4914 920 4971 Flandrensis
950 4913 1142 4982 ducis,
1194 4912 1273 4968 ad
1329 4913 1744 4984 adjuvandum
1804 4916 1938 4970 Her-

273 5005 514 5061 luinum
549 5005 857 5060 festinavit.
885 5006 1156 5074 Cumque
1185 5017 1373 5074 prOpe
1405 5005 1669 5058 castrum
1710 5004 1941 5059 Monas-

277 5093 470 5150 terioli
491 5093 746 5160 adesset,
774 5091 957 5164 idque
989 5090 1410 5164 supervidcret,
1443 5091 1679 5146 vocavit
1729 5095 1796 5146 ut
1847 5107 1940 5147 ve-

277 5184 479 5240 nirent
499 5183 579 5238 ad
602 5199 664 5238 se
688 5180 1242 5250 Constantinenses,
1259 5179 1481 5252 quibus
1498 5181 1608 5237 ait:
1642 5203 1668 5230 ‹‹
1691 5180 1747 5238 Si
1761 5181 1941 5254 primi

2022 3048 2165 3104 bato
2194 3046 2452 3102 exercitu
2483 3045 2889 3102 cremabimus
2914 3047 2986 3102 ei.
3019 3047 3402 3100 Voluntarius
3430 3041 3536 3098 tibi
3583 3039 3686 3096 ad-

2025 3137 2183 3210 jutor
2213 3135 2568 3202 benevolus,
2598 3140 2804 3191 contra
2829 3135 3205 3192 adversarios
3235 3134 3340 3190 tibi
3385 3133 3684 3201 defensor,

2025 3227 2234 3283 docilis
2267 3231 2506 3282 tuarum
2535 3225 3079 3297 quaerimoniarum
3109 3225 3368 3285 auditor,
3429 3225 3686 3278 attentus

2027 3315 2378 3372 calamitatis
2409 3320 2524 3370 tuae
2549 3315 2791 3380 solator,
2833 3315 2978 3387 quin
3013 3315 3196 3370 etiam
3227 3313 3527 3368 bonorum
3583 3307 3687 3364 tibi

2029 3405 2487 3476 congruentium
2516 3419 2692 3460 verus
2719 3403 2981 3472 largitor.
3019 3425 3047 3452 ››
3105 3403 3208 3458 His
3262 3399 3500 3470 auditis,
3545 3413 3690 3454 mox

2030 3489 2346 3544 Herluinus
2366 3487 2770 3561 prociditcum
2793 3488 2917 3543 suis
2933 3487 3218 3543 fidelibus
3239 3487 3317 3543 ad
3334 3485 3520 3559 pedes
3535 3483 3685 3554 ejus.

2029 3579 2239 3634 Castro
2265 3594 2405 3633 vero
2437 3577 2685 3632 ﬁrmiter
2713 3577 3012 3632 remunito
3067 3575 3372 3640 frumenti,
3424 3572 3686 3644 vinique,

2031 3672 2212 3740 atque
2240 3672 2545 3735 tergorum
2587 3682 2837 3724 suorum
2859 3666 3172 3722 afﬂuentia
3201 3663 3559 3722 cumulatius
3599 3677 3689 3718 re-

2030 3753 2212 3824 pleto,
2243 3755 2391 3824 quin
2415 3755 2596 3808 etiam
2622 3754 2912 3809 militibus
2940 3755 3351 3825 preemaximis
3393 3751 3691 3808 sufﬁcien-

2031 3847 2119 3898 ter
2141 3843 2478 3911 honestato,
2509 3841 2856 3898 Guillelmus
2875 3841 3050 3898 celeri
3072 3844 3342 3914 equitatu
3375 3860 3513 3900 cum
3568 3841 3692 3897 suis

2033 3947 2308 3987 reversus
2371 3932 2448 3986 ad
2491 3932 2712 3987 mtenia
2764 3932 2927 3987 urbis
2985 3932 3502 4002 Rothomagensis.
3557 3934 3694 3987 Erat

2034 4026 2238 4076 autem
2289 4019 2450 4074 idem
2499 4020 2622 4074 dux
2668 4019 2730 4074 in
2787 4034 3060 4075 sermone
3116 4037 3316 4088 verus,
3360 4020 3422 4076 in
3465 4019 3691 4090 judicio

2033 4113 2350 4182 promptus
2380 4113 2437 4165 et
2459 4109 2676 4179 justus,
2707 4109 2769 4166 in
2799 4107 3096 4181 colloquio
3145 4108 3690 4181 mansuetissimus,

2035 4199 2098 4253 in
2128 4198 2579 4255 conversatione
2607 4197 2998 4254 humillimus.
3052 4198 3403 4270 Refulgebat
3447 4197 3694 4272 insuper

2037 4288 2218 4344 titulis
2241 4287 2516 4344 omnium
2546 4287 2870 4348 bonorum,
2903 4303 3166 4360 reusque
3187 4288 3526 4345 adornabat
3547 4291 3693 4344 stre-

2037 4393 2156 4433 nue
2182 4377 2592 4433 ecclesiarum.
2618 4380 2766 4434 Cum
2793 4381 2994 4433 autem
3024 4377 3269 4434 eniteret
3292 4377 3693 4449 augmentatis

2039 4467 2250 4522 studiis
2279 4466 2572 4522 universae
2601 4466 2902 4536 bonitatis,
2917 4471 3224 4539 totamque
3239 4483 3346 4540 per
3363 4466 3689 4534 Franciam,

2039 4569 2266 4628 perque
2297 4559 2510 4610 cratera
2534 4571 2720 4623 regna
2747 4555 3142 4611 crebresceret
3169 4553 3486 4627 propalata
3529 4553 3694 4608 fama

2039 4643 2186 4700 tanti
2216 4644 2498 4709 hominis,
2526 4643 2808 4716 legesque
2837 4647 2894 4700 et
2921 4643 3158 4700 decreta
3177 4642 3488 4712 diligenter
3525 4656 3692 4697 exer-

2042 4737 2200 4789 ceret
2225 4733 2698 4790 orthodoxorum
2725 4738 3038 4789 auctorum
3068 4737 3126 4788 et
3176 4733 3268 4788 sui
3313 4731 3499 4806 patris
3531 4747 3544 4786 :
3595 4733 3696 4786 Ar-

2041 4822 2309 4896 nulphus
2339 4823 2466 4879 dux
2496 4821 2949 4878 Flandrensium
2972 4837 3156 4894 supra
3171 4825 3562 4891 memoratus,
3590 4835 3694 4876 ve-

2043 4927 2201 4968 neno
2227 4913 2484 4986 vipereae
2515 4909 2850 4967 calliditatis
2879 4911 3151 4982 nequiter
3187 4911 3469 4984 repletus,
3523 4913 3697 4968 estu-

2043 5018 2162 5074 que
2191 5001 2504 5056 diabolicae
2534 4999 2760 5056 fraudis
2781 4999 3089 5054 exitialiter
3106 4998 3355 5068 illectus,
3385 5001 3696 5072 gentisque

2047 5089 2372 5146 Franciscae
2401 5088 2786 5161 quorundam
2815 5087 3155 5160 principum
3213 5086 3469 5142 subdolo
3510 5087 3700 5143 consi-

2043 5178 2122 5233 lio
2149 5182 2205 5233 et
2224 5177 2591 5247 malignitate
2621 5176 2894 5232 atrociter
2919 5176 3282 5242 exhortatus,
3335 5174 3516 5247 coepit
3567 5189 3694 5231 me-

277 5273 476 5344 gratia
493 5287 628 5328 mea
649 5271 994 5344 militiaeque
1009 5269 1236 5343 palma,
1254 5271 1606 5344 majoreqne
1619 5271 1866 5338 honore,
1887 5275 1943 5328 et
2047 5266 2221 5322 ditari
2246 5270 2304 5322 et
2322 5269 2574 5321 tractare
2601 5265 2920 5334 lugubrem
2939 5268 3194 5320 mortem
3223 5263 3354 5336 ejus
3380 5263 3692 5320 Guillclmi.

173 5356 182 5362 ’
277 5359 678 5435 910100110010,
701 5359 762 5414 111
781 5360 968 5415 domo
993 5373 1132 5414 mea
1149 5357 1264 5413 frui
1292 5357 1496 5428 vultis,
1519 5358 1690 5431 palos
1711 5359 1788 5416 de
1805 5359 1940 5416 Val-

277 5445 340 5501 lo
361 5443 756 5502 Monasterioli
813 5443 989 5500 castri
1035 5442 1245 5499 aﬂ‘erre
1294 5442 1440 5498 mihi
1483 5459 1606 5498 non
1636 5443 1940 5511 diﬂ‘eratis,

2048 5355 2234 5426 Hujus
2264 5355 2524 5428 pestiferi
2552 5355 2766 5410 veneni
2814 5355 3224 5410 inflammatus
3279 5353 3484 5420 livore,
3540 5353 3702 5410 misit

2047 5441 2272 5510 legatos
2300 5439 2692 5511 expeditionis
2715 5439 3277 5496 fraudulentissimaa
3301 5439 3442 5494 duci
3467 5437 3698 5495 (3011101-

281 5529 713 5602 obstantesque
737 5528 933 5595 nobis,
979 5532 1370 5599 castrumque
1393 5531 1684 5596 tenentes,
1734 5533 1944 5600 captos
2051 5543 2172 5596 mo,
2205 5525 2309 5599 qui
2335 5525 2601 5581 dicerent
2629 5524 2691 5579 in
2715 5523 2856 5580 dolo
2885 5523 3111 5580 fraudis
3138 5521 3612 5595 nefandissimaa,
3633 5521 3701 5578 ti-

283 5612 440 5672 mihi
463 5613 798 5671 addueatis.
830 5634 862 5664 ι)
889 5614 1020 5671 on
1046 5613 1229 5683 hujus
1271 5611 1698 5669 exhortationis
1752 5612 1940 5670 verbo

2051 5609 2200 5668 delis
2219 5609 2548 5670 famulatus
2561 5609 2880 5683 ebenoque
2891 5607 3166 5667 amicitiae
3177 5608 3230 5666 si
3253 5607 3520 5680 recipere
3528 5605 3817 5775 iam?
