4004 6178
352 165 458 218 679

1326 128 1634 199 DUDONIS
1673 135 1934 194 DEGANI
1977 131 2033 190 s.
2075 120 2387 196 QUIN’I‘INI
2424 121 2804 185 VIROMAND.

3682 130 3824 184 680

352 301 591 343 manus.
627 244 894 349 Cumque
917 274 992 330 ad
1021 274 1215 328 essent
1247 272 1384 324 ante
1424 261 1828 326 Guillelmum,
1880 273 2016 349 pro-
2043 259 2092 311 A
2133 345 2140 349 Δ
2199 250 2551 349 Arnulphus
2576 267 2712 349 vero
2745 249 3349 349 nefarim'do‘lositatis
3373 251 3559 349 livore
3606 252 3824 349 infece-

353 375 505 431 clivo
531 369 718 438 vultu,
751 345 1173 433 submissaque
1195 372 1344 413 voce
1371 351 1718 426 suppliciter
1747 345 2015 419 compel-

353 464 474 519 lare
506 457 702 515 verbis
733 452 1002 527 paciﬁcis
1033 449 1342 523 cmperunt
1379 460 1519 500 eum
1554 459 1565 495 ς
1593 463 1619 490 ‹‹
1656 441 1868 527 Noster
1921 451 2014 490 se-

353 552 484 608 nior
509 525 874 617 Arnulphus,
906 540 1112 597 ﬁdeles
1132 537 1235 594 tibi
1265 537 1326 592 in
1379 532 1607 588 Christo
1666 525 2010 617 famulatus.

352 638 566 696 Nolens
597 613 804 691 contra
839 637 890 688 te
915 630 1186 702 jurgium
1215 622 1451 686 initiari,
1484 619 1629 694 petit
1657 613 2010 673 humillimis

353 725 632 800 precibus
664 721 925 794 spatium
954 717 1121 790 pacis
1168 715 1504 786 sequestres.
1555 706 1916 800 Interimque
1955 704 2011 756 te

353 793 432 872 ad
463 793 747 886 placitum
778 812 987 864 contra
1019 821 1079 860 se
1111 803 1330 868 venire,
1359 805 1412 856 et
1447 803 1550 854 tuo
1607 808 1813 886 amore
1870 793 2010 845 Her-

353 883 540 968 luino,
594 916 727 972 quae
748 895 997 952 oﬂ‘endit
1025 897 1230 949 contra
1259 906 1321 945 se
1349 883 1803 972 vultdimittere,
1825 891 2011 972 seque

356 994 405 1049 si
433 968 635 1065 placet
657 985 924 1056 colligari
953 984 1057 1039 tibi
1079 978 1393 1037 insolublis
1436 973 1711 1065 amicitia:
1770 968 2006 1065 {Edere

357 1057 628 1149 Podagra
658 1080 992 1146 caeteraque
1023 1069 1362 1126 inﬁrmitate
1401 1064 1688 1120 nimirum
1733 1057 2008 1149 afﬂictus,

357 1186 479 1226 non
526 1145 719 1222 ambit
768 1145 996 1232 litigare
1041 1163 1246 1215 contra
1289 1168 1662 1228 quemquam
1729 1145 2008 1219 amplius.

359 1256 623 1316 Coerceri
677 1254 806 1323 lege
860 1251 956 1306 vel
1012 1247 1333 1305 concordia
1384 1260 1526 1300 suos
1550 1240 1870 1302 desiderat,
1899 1250 2010 1308 pa-

357 1361 608 1417 cemque
631 1341 904 1416 quandiu
937 1342 1239 1412 superstes
1270 1340 1375 1401 est,
1409 1348 1587 1403 agere
1617 1329 1854 1386 festinat
1882 1341 2012 1417 mo-

355 1413 616 1491 narchiaa
651 1413 790 1486 tuae
852 1427 1093 1484 ditionis
1133 1431 1189 1482 et
1248 1441 1414 1490 suae;
1479 1419 1770 1494 quoniam
1832 1413 2015 1471 conti-

355 1541 476 1580 nuo
507 1527 564 1579 et
591 1520 844 1576 ﬁnitimo
874 1518 1060 1573 limite
1091 1520 1230 1572 sunt
1249 1525 1749 1583 annexae,pacem
1771 1510 1829 1562 et
1871 1521 2015 1560 con-

356 1612 620 1670 cordiam
653 1611 806 1665 inter
838 1624 949 1663 nos
967 1612 1022 1662 et
1041 1609 1272 1661 vestros
1295 1603 1462 1659 decet
1511 1615 1659 1666 esse,
1698 1601 1762 1652 ut
1789 1594 2010 1651 talibus
2047 1613 2087 1666 Β

370 1699 744 1775 principibus
796 1695 1102 1767 gaudeant
1148 1691 1326 1748 vestri
1371 1688 1603 1757 incolas,
1659 1691 1716 1742 et
1744 1689 1818 1775 ut
1837 1698 2017 1739 nemo

357 1772 623 1846 vestrum
641 1791 987 1842 nostrorum
1009 1782 1156 1855 prtej
1167 1779 1434 1836 udicium
1478 1775 1675 1844 faciat,
1699 1772 2017 1843 nullusque

361 1878 549 1934 nostri
620 1875 720 1930 ulli
799 1877 1132 1928 vestrorum
1185 1866 1426 1940 aliquod
1502 1864 1797 1920 damnum
1853 1860 1909 1915 vi
1962 1863 2020 1914 et

357 1969 648 2040 potestate
692 1962 978 2035 impellat.
1037 1960 1164 2014 Sint
1215 1955 1546 2013 concordes
1611 1958 1668 2008 et
1695 1949 2016 2040 unanimes

357 2039 420 2112 in
471 2055 620 2124 lege,
676 2052 780 2125 qui
835 2055 972 2106 sunt
1040 2048 1215 2104 vicini
1267 2046 1328 2101 in
1403 2042 1627 2101 telluris
1707 2039 2012 2097 afﬁnitate.

359 2146 488 2198 Dux
541 2146 718 2199 tantae
799 2137 1103 2203 bonitatis,
1155 2139 1454 2206 tantaeque
1509 2126 2012 2196 mansuetudinis,

357 2248 480 2288 non
561 2229 739 2285 debet
807 2227 1072 2282 abnuere
1154 2219 1504 2278 necessariae
1561 2223 1618 2274 et
1658 2221 2012 2290 opportunae

361 2319 626 2394 petitioni
662 2335 676 2385 ;
735 2332 947 2372 verum
978 2315 1177 2368 favere
1221 2311 1444 2366 viribus
1493 2307 1759 2394 cunctis,
1792 2321 1865 2360 ne
1920 2321 2014 2394 res

358 2392 600 2484 publica
647 2404 956 2462 annullata
1006 2407 1173 2457 tanta
1215 2397 1582 2472 praedatione
1637 2399 1693 2451 et
1748 2392 2012 2484 incendi-

358 2481 432 2569 is,
465 2498 700 2554 labatur
729 2492 1034 2549 exitialiter
1063 2488 1372 2563 pejoribus
1401 2485 1607 2542 ruinis.
1653 2486 1846 2555 Supra
1872 2481 2013 2537 satis

358 2588 520 2645 mala
543 2589 788 2655 urgente
812 2582 930 2651 lite,
975 2581 1404 2636 concreverunt
1455 2573 1676 2631 amodo
1733 2573 1793 2628 in
1841 2572 2014 2644 pejus

359 2677 629 2750 plurimae
661 2677 718 2729 et
745 2669 1010 2743 nequitia
1035 2672 1282 2739 cogente
1327 2662 1755 2738 praevalebunt.
1803 2660 2013 2716 Judica

357 2765 523 2840 quod
553 2763 767 2820 melius
797 2765 903 2831 est,
964 2763 1068 2815 aut
1122 2757 1355 2813 bonum
1403 2752 1607 2809 rimari
1660 2756 1716 2807 et
1751 2755 2010 2840 patrare,

358 2839 462 2913 aut
485 2856 600 2910 hoc
625 2850 791 2925 quod
815 2852 1086 2904 creatura
1115 2861 1237 2902 non
1263 2848 1374 2913 est,
1393 2859 1599 2898 verum
1619 2840 1891 2897 absentia
1911 2839 2016 2894 bo-

358 2943 576 3010 nitatis,
606 2941 911 2996 adhaerere
937 2935 1240 3003 obsccene,
1277 2938 1334 2988 et
1379 2930 1664 3005 perﬁcere
1709 2927 2012 2984 nefandis-
2049 2961 2088 3016 ε

360 3035 514 3090 simo
544 3047 740 3104 opere.
780 3051 807 3078 »
836 3024 1302 3082 Exsecrabilium
1330 3023 1512 3094 hujus
1535 3022 1870 3090 legatorum
1901 3018 2010 3073 do-

356 3121 603 3179 lositatis
630 3118 839 3176 fraude
886 3117 1172 3188 deceptus
1211 3112 1334 3168 dux
1390 3115 1730 3184 praepotens
1779 3106 2011 3163 Guillel-

357 3228 492 3268 mus
520 3208 666 3266 dixit
696 3205 972 3263 Herluino
998 3201 1200 3260 comiti
1229 3199 1510 3257 secretius
1543 3216 1556 3254 :
1620 3222 1647 3247 «
1699 3196 1846 3263 Quid
1905 3194 2013 3250 tibi

354 3301 588 3358 videtur
628 3297 920 3356 sententia
966 3295 1146 3366 hujus
1194 3289 1618 3366 propositionis
1660 3293 1716 3344 et
1769 3285 2006 3355 legatio-

352 3393 506 3448 nis?»
543 3387 868 3462 Respondit
895 3385 1233 3440 Herluinus:
1256 3404 1282 3431 «
1309 3385 1512 3437 Horret
1543 3379 1781 3436 animus
1803 3393 1878 3433 ne
1904 3376 2010 3431 de-

353 3481 666 3554 cipiamur,
691 3493 837 3532 neve
869 3471 1218 3530 humillimis
1249 3469 1527 3543 precibus
1558 3469 1776 3523 horum
1815 3464 2008 3520 illida-

353 3587 508 3635 mur,
538 3582 798 3640 quorum
829 3563 1081 3636 perﬁdia
1129 3561 1300 3616 toties
1359 3557 1589 3630 decepti
1618 3573 1851 3611 sumus.
1885 3573 1915 3606 ι
1945 3557 2010 3609 Et

355 3656 698 3713 Guillelmus
728 3651 924 3708 ascitis
954 3649 1178 3706 caeteris
1207 3647 1579 3721 principibus
1604 3663 1615 3700 :
1651 3666 1682 3698 α
1713 3644 2008 3710 Quoniam

352 3743 579 3802 labanti
601 3741 808 3798 activae
831 3740 961 3795 vitae
987 3755 1168 3794 cursu
1198 3754 1292 3792 me
1317 3735 1604 3792 irretitum
1635 3731 2006 3804 contempla-

352 3835 487 3891 tiva:
521 3833 652 3888 vitm
677 3830 939 3886 claustro
963 3827 1112 3883 velle
1143 3823 1527 3895 coangustari
1554 3839 1677 3878 non
1697 3820 2004 3891 ignoratis,

351 3925 522 3981 citius
546 3937 732 3994 quam
762 3917 1008 3992 potestis
1032 3931 1291 3988 usquam
1316 3918 1606 3970 terrarum
1633 3927 1871 3967 mecum
1903 3926 2006 3982 pa-

348 4031 481 4070 cem
513 4009 774 4078 struatis,
801 4007 944 4081 quia
974 4006 1206 4062 nullum
1233 4003 1658 4060 holocaustum
1688 4017 1882 4073 neque
1915 4017 2006 4056 sa-

349 4102 637 4159 criﬁcium
667 4106 789 4156 tam
820 4096 1184 4170 acceptabile
1210 4093 1376 4167 apud
1407 4095 1614 4163 Deum,
1660 4107 1849 4164 quam
1901 4106 2005 4163 pa-

350 4193 432 4247 cis
463 4191 917 4245 incrementum.
955 4208 982 4235 »
1015 4185 1105 4240 Ad
1147 4182 1496 4239 Herluinum
1547 4185 1748 4236 autem
1799 4178 1946 4234 dixit
1985 4197 1998 4233 :

352 4303 378 4330 ‹‹
411 4278 538 4334 Noli
569 4279 794 4342 timere,
822 4290 1017 4346 neque
1046 4271 1320 4335 turberis,
1349 4270 1494 4343 quia
1531 4285 1849 4342 nunquam
1885 4267 2002 4324 mei

349 4380 744 4438 meorumque
768 4361 1077 4418 solaminis
1098 4359 1431 4434 patrocinio
1451 4358 1838 4431 privaberis.»
1857 4360 2003 4414 Con-

349 4457 509 4512 sultu
538 4469 680 4524 ergo
712 4450 1058 4508 Guillelmus
1088 4450 1211 4504 dux
1235 4463 1486 4502 suorum
1515 4446 1806 4517 ﬁdelium,
1839 4445 2004 4502 dedit

347 4545 658 4618 Arnulpho
689 4540 890 4598 comiti
929 4544 1300 4612 sequestram
1345 4551 1556 4608 pacem
1603 4536 1782 4591 trium
1840 4551 2001 4618 men-

347 4637 523 4701 sium,
559 4649 740 4706 seque
798 4630 877 4686 ad
933 4627 1389 4684 denominatum
1445 4625 1640 4680 venire
1695 4625 2003 4680 mandavit

344 4723 651 4798 placitum.
682 4722 908 4776 Statuto
935 4715 1299 4773 imminentis
1324 4712 1523 4786 placiti
1554 4717 1820 4785 tempore
1848 4713 2002 4768 Guil-

343 4813 558 4869 lelmus
587 4812 710 4866 dux
736 4804 1234 4883 praepotentissim
1246 4820 1312 4858 us
1329 4802 1622 4867 omnium,
1648 4805 2002 4858 convocavit

344 4902 896 4958 Northmannorum
928 4895 1353 4964 Britonumque
1382 4890 1728 4956 exercitum,
1756 4894 1812 4945 et
1858 4906 1998 4963 pro-

344 4991 530 5047 fectus
558 4995 646 5047 est
664 4989 742 5046 ad
771 4986 1244 5043 Ambianeusem
1282 4997 1476 5053 usque
1505 4995 1754 5054 pagum.

974 5087 1337 5130 APOSTROPHA
1349 5112 1361 5124 .

343 5168 608 5226 Nominis
637 5167 808 5222 effusi
839 5183 874 5220 a
905 5163 1154 5232 Christo,
1183 5160 1327 5228 dux,
1360 5161 1518 5214 tutor
1547 5161 1603 5213 et
1632 5161 1858 5222 auctor,

343 5257 558 5313 Auxilii
587 5255 868 5322 indignus
899 5252 1138 5318 nullius,
1170 5249 1233 5305 ni
1258 5264 1500 5320 quoque
1527 5246 1736 5303 Christi
1764 5263 1777 5312 ;

341 5343 595 5404 Muneris
617 5343 836 5397 aetherii
862 5341 1330 5415 praedignusque
1361 5336 1787 5392 emolumento.

341 5431 585 5485 Amittes
616 5431 870 5482 mortem
896 5426 1233 5496 lugubrem,
1267 5439 1376 5495 pro
1401 5437 1522 5494 qua
1543 5419 1917 5493 properabis,

341 5519 506 5574 Pacis
531 5522 832 5590 perpetuae
863 5515 1111 5586 dignam
1141 5514 1326 5569 vitam
1355 5510 1737 5575 inveniendo,

341 5609 547 5666 Palma
575 5605 845 5679 martyrii
869 5603 1152 5660 diadema
1179 5601 1400 5658 ferente
1430 5598 1700 5672 trophaei.

2127 345 2241 409 tus,
2275 339 2436 395 venit
2461 355 2638 412 super
2665 339 2924 396 Corbeiaa
2953 338 3216 395 rivulum
3248 356 3386 395 cum
3430 340 3556 396 suis
3587 341 3825 396 omni-

2124 429 2261 495 bus,
2282 429 2559 502 misitque
2576 429 3004 486 internuntium
3022 429 3098 485 ad
3129 429 3346 486 ducem
3378 430 3824 496 Guillelmum,

2125 515 2459 588 deprecans
2492 521 2698 572 contra
2726 532 2788 571 se
2819 515 3018 572 venire
3047 515 3238 586 illum,
3271 533 3463 590 usque
3523 517 3606 574 ad
3663 519 3828 574 Pin—

2127 605 2494 672 chiniacum,
2516 610 2580 661 ut
2602 604 2825 661 ﬂuenta
2855 607 3125 661 Somenae
3154 610 3352 660 essent
3370 605 3700 662 obstacula
3725 604 3828 660 in-

2125 697 2213 749 ter
2239 699 2559 767 utrumque
2589 694 2933 763 exercitum,
2961 710 3035 750 ne
3068 693 3216 749 forte
3246 699 3594 767 perpetrato
3624 693 3830 767 quod

2125 782 2485 839 decernebat
2507 783 2708 839 infelix
2741 783 2880 839 dolo
2912 798 3111 854 agere,
3133 782 3530 855 impediretur
3559 801 3598 840 a
3624 788 3828 839 Nort-

2123 872 2448 929 hmannico
2473 873 2731 929 exercitu
2762 873 3235 945 superveniente.
3266 875 3429 929 Tunc
3460 889 3610 929 vero
3671 873 3830 928 dux

2127 963 2491 1033 Guillelmus,
2513 980 2808 1036 perversae
2837 962 3168 1019 dolositatis
3197 961 3483 1032 legationi
3511 963 3826 1030 credens,

2123 1052 2523 1126 precibusque
2546 1053 2749 1108 favens
2767 1052 3182 1121 fraudulentis,
3208 1067 3460 1107 suarum
3476 1052 3830 1122 legionum

2124 1139 2448 1198 exerCitum
2476 1142 2591 1198 illic
2621 1141 2702 1197 ire
2732 1143 2944 1212 coegit.
2974 1144 3082 1197 Ast
3109 1141 3456 1214 Arnulphus
3489 1159 3686 1216 super
3726 1159 3830 1198 re-

2123 1231 2410 1288 nuntiatis
2431 1231 2600 1287 laetus
2631 1235 2688 1286 et
2725 1230 2952 1298 hilaris,
3014 1245 3193 1302 super
3243 1230 3442 1303 ripam
3512 1233 3827 1287 Somenaa

2123 1322 2410 1389 ﬂuminis,
2444 1322 2538 1378 hic
2567 1320 3045 1394 martyrizandus
3074 1321 3220 1376 citra
3254 1338 3266 1388 ;
3296 1320 3393 1376 ille
3433 1320 3703 1377 dolosus
3762 1326 3830 1376 et

2123 1406 2392 1480 perfidus
2419 1405 2574 1461 ultra
2600 1411 2851 1478 uterque
2871 1403 3105 1461 resedit.
3136 1407 3237 1460 Est
3266 1421 3535 1478 namque
3567 1405 3660 1460 ibi
3714 1406 3828 1461 in-

2125 1493 2258 1550 sula
2281 1495 2609 1567 puteulano
2638 1494 3020 1550 exaestuantis
3071 1495 3343 1549 Somenae
3387 1493 3628 1564 gurgite
3654 1494 3827 1549 hinc

2123 1581 2264 1638 inde
2285 1589 2342 1638 et
2370 1583 2726 1639 altrinsecus
2756 1581 3144 1648 circumdata,
3167 1598 3353 1655 quam
3376 1582 3525 1655 petit
3549 1582 3828 1652 navigio

2124 1671 2471 1744 Arnulphus
2505 1688 2642 1727 cum
2672 1676 2932 1744 quatuor
2952 1670 3220 1744 perﬁdis,
3252 1670 3548 1727 simulans
3572 1687 3636 1727 se
3654 1687 3826 1726 cum

2126 1759 2438 1816 Guillelmo
2470 1759 2622 1815 duce
2653 1758 3031 1815 sanctissimo
3080 1759 3455 1814 concordari.
3517 1759 3823 1832 Misitque

2125 1849 2204 1905 ad
2234 1849 2454 1904 ducem
2485 1847 2867 1905 Guillelmum
2891 1847 2953 1903 in
2983 1847 3121 1903 dolo
3147 1847 3346 1903 verbis
3389 1848 3685 1921 pacificis,
3749 1853 3825 1903 ut

2126 1938 2349 1993 veniret
2372 1936 2512 1993 illuc
2543 1954 2682 1992 cum
2713 1936 3033 1992 duodecim
3064 1936 3352 1992 militibus
3383 1937 3532 1992 suis.
3569 1940 3820 1993 Trans-

2125 2027 2414 2099 gredienti
2444 2043 2594 2083 nave
2625 2026 2937 2083 Guillelmo
2965 2043 3104 2082 cum
3136 2027 3458 2083 duodecim
3490 2027 3641 2098 suis,
3693 2044 3820 2083 ve-

2123 2117 2210 2172 nit
2241 2116 2586 2189 Arnulphus
2618 2116 2834 2172 obvius
2862 2115 3228 2183 claudicans,
3252 2120 3311 2172 et
3325 2115 3622 2172 subnixus
3644 2116 3822 2172 duo-

2121 2205 2240 2261 bus
2271 2207 2427 2274 suis;
2458 2207 2756 2280 coepitque
2795 2207 2875 2262 illi
2902 2207 3096 2262 dicere
3125 2206 3469 2262 simulando
3515 2213 3574 2262 et
3634 2207 3821 2264 deci-

2123 2309 2265 2366 pere
2292 2311 2432 2350 eum
2461 2295 2977 2369 prOpositionibus
3031 2294 3431 2351 humillimis:
3495 2317 3522 2343 «
3587 2296 3675 2351 Ad
3751 2302 3816 2352 te

2123 2384 2298 2440 venio
2331 2385 2606 2457 supplex,
2636 2390 2699 2441 ut
2718 2401 2886 2440 meos
2919 2390 3173 2458 tuosque
3213 2384 3518 2452 concilies,
3577 2386 3812 2458 sicque

2122 2473 2271 2528 mihi
2314 2473 2554 2542 adjutor
2584 2474 2869 2529 adversus
2902 2490 3070 2530 meos
3119 2473 3390 2529 inﬁdeles
3428 2497 3452 2522 ››
3497 2475 3634 2546 quia
3662 2474 3802 2530 hu-

2121 2562 2368 2618 militate
2401 2562 2685 2618 subactus
2715 2579 2951 2635 nequeo
2983 2562 3282 2618 dominari
3335 2568 3394 2618 et
3443 2562 3805 2636 Opprimere

2121 2651 2304 2723 hujus
2332 2658 2497 2708 terrae
2519 2652 2792 2708 rebelles.
2817 2653 3018 2709 Totius
3049 2652 3262 2708 etenim
3295 2652 3498 2707 Galliae
3548 2669 3808 2710 monar-

2123 2742 2271 2796 cliiee
2303 2741 2528 2797 salubri
2556 2741 2808 2798 concilio
2826 2741 3177 2808 dominaris,
3202 2741 3461 2814 ideoque
3485 2759 3668 2815 super
3695 2761 3804 2800 me

2123 2847 2412 2904 meosque
2435 2831 2561 2887 dux
2581 2832 2921 2888 etmarchio
2943 2831 3217 2887 desidero
3246 2836 3311 2887 ut
3329 2831 3636 2888 habearis.
3657 2835 3802 2889 Esto

2124 2920 2270 2976 mihi
2287 2920 2570 2976 defensor
2603 2926 2660 2976 et
2693 2921 3024 2978 advocatus
3059 2925 3264 2976 contra
3299 2921 3676 2978 Ludovicum
3709 2940 3802 2978 re-

2124 3024 2283 3079 gem,
2326 3009 2821 3082 Heribertumque
2866 3009 3198 3082 principem
3241 3014 3424 3081 atque
3467 3011 3798 3081 Hugonem

2122 3098 2735 3171 praepotentissimum
2760 3099 2997 3154 ducem.
3043 3102 3108 3154 Et
3161 3097 3438 3171 quandiu
3483 3106 3791 3172 superstes

2122 3187 2310 3255 fuero,
2326 3203 2428 3243 ero
2443 3187 2542 3243 tibi
2564 3188 2927 3248 tributarius.
2943 3188 3180 3261 meique
3195 3188 3456 3244 servient
3468 3189 3602 3259 tibi,
3622 3191 3791 3246 utdo—

2119 3277 2286 3332 mino
2319 3279 2694 3333 servus.Post
2720 3293 2868 3332 mea;
2890 3277 3264 3333 resolutionis
3295 3293 3795 3352 excessum,pos-

2121 3367 2346 3422 sidebis
2399 3382 2549 3422 meae
2602 3367 2844 3423 ditionis
2895 3383 3169 3438 regnum.
3217 3366 3503 3424 Herluino
3552 3373 3660 3424 tuo
3698 3386 3795 3425 co-

2118 3455 2247 3511 miti
2259 3471 2395 3528 quaa
2417 3461 2626 3512 contra
2641 3473 2737 3512 me
2754 3456 3002 3512 offendit
3014 3455 3346 3512 voluntarie
3364 3457 3698 3525 dimittam,
3713 3459 3792 3514 el-

2118 3562 2236 3618 que
2248 3545 2534 3618 paciﬁcus
2551 3552 2608 3602 et
2637 3545 2964 3602 benevolus
2979 3546 3143 3602 omni
3165 3551 3438 3619 tempore
3451 3547 3735 3605 existam.
3760 3574 3788 3596 ιι

2188 3637 2231 3688 D
2243 3652 2319 3690 ux
2340 3651 2483 3690 vero
2502 3635 2846 3690 Guillelmus
2863 3641 3083 3707 putans
3101 3635 3266 3708 quod
3287 3635 3472 3691 corde
3489 3637 3787 3694 benevolo

2117 3727 2174 3779 et
2204 3723 2483 3797 perfecto,
2517 3722 2754 3796 ﬁdeque
2784 3723 3035 3792 integra,
3089 3738 3214 3778 non
3265 3723 3528 3796 perfidia
3576 3724 3788 3797 loque-

2113 3818 2298 3883 retur,
2347 3812 2685 3886 paciﬁcavit
2737 3812 3083 3868 Herluinum
3137 3828 3275 3867 cum
3312 3813 3638 3885 Arnulpho
3660 3830 3792 3888 per-

2113 3901 2239 3959 ﬁdo
2297 3908 2354 3959 et
2396 3902 2518 3958 suis
2573 3901 2877 3958 omnibus.
2925 3905 3069 3958 Tota
3095 3901 3192 3957 die
3222 3917 3377 3974 pene
3435 3903 3628 3959 ducta
3658 3920 3791 3960 mo-

2113 3992 2267 4046 rosis
2348 3989 2733 4061 ambagibus,
2805 3995 3102 4062 pactaque
3188 3993 3336 4062 pace
3393 3990 3473 4046 ab
3526 3998 3791 4066 utroque

2113 4081 2404 4154 principe,
2456 4079 2766 4136 Guillelmo
2797 4079 3018 4135 scilicet
3045 4079 3183 4150 ﬁde,
3235 4085 3416 4152 atque
3452 4080 3534 4136 ab
3566 4082 3791 4138 Amul-

2111 4170 2236 4242 pho
2301 4169 2531 4242 perﬁdo
2585 4169 2763 4225 corde
2818 4185 2957 4224 cum
3011 4184 3047 4224 a
3099 4168 3324 4223 caeteris
3379 4169 3788 4242 principibus,

2112 4259 2460 4315 Guillelmus
2490 4275 2631 4314 cum
2661 4258 2981 4314 duodecim
3011 4257 3363 4328 regreditur,
3397 4258 3541 4314 dato
3570 4260 3786 4316 osculo

2110 4349 2442 4422 Arnulpho,
2476 4348 2773 4420 intratque
2804 4364 2941 4403 cum
2990 4346 3214 4416 remige
3266 4346 3530 4404 classem
3589 4348 3789 4416 solus,

2109 4437 2432 4494 duodecim
2462 4437 2780 4493 comitibus
2809 4436 2993 4492 altera
3046 4436 3564 4493 antecedentibus.
3619 4441 3796 4496 Tunc

2111 4527 2353 4594 Eiricus,
2379 4527 2694 4599 Balzoque,
2718 4531 2775 4582 et
2791 4526 3123 4592 Rotbertus,
3153 4531 3334 4599 atque
3354 4527 3634 4583 Ridulfus
3651 4545 3794 4602 per-

2109 4615 2233 4682 ﬁdi,
2259 4621 2569 4688 coeperunt
2599 4614 2856 4670 subdola
2876 4614 3300 4687 reciprocaque
3327 4631 3478 4671 voce
3509 4615 3794 4673 dicentes

2109 4703 2420 4760 Guillelmo
2449 4703 2610 4773 duci,
2670 4703 2876 4759 dolose
2928 4702 3058 4759 fari.
3107 4702 3436 4771 «Domine,
3503 4706 3790 4775 Domine,

2108 4793 2369 4850 melioris
2395 4792 2629 4848 consilii
2658 4791 2845 4862 obliti,
2905 4798 3114 4864 torque
3165 4808 3520 4865 parumper,
3565 4810 3792 4866 preca-

2108 4899 2265 4953 mur,
2294 4883 2520 4950 navim,
2544 4883 2689 4955 quia
2710 4882 2986 4938 volumus
2999 4886 3054 4938 te
3070 4883 3300 4955 paucis.
3330 4886 3544 4938 Noster
3582 4887 3795 4942 senior

2107 4972 2314 5045 nequit
2343 4976 2397 5028 te
2421 4971 2683 5044 amplius
2713 4971 2980 5041 aggredi,
3013 4971 3156 5044 quia
3188 4971 3479 5044 podagrae
3523 4973 3793 5031 inﬁrmi-

2107 5066 2224 5118 tate
2251 5061 2367 5117 scis
2395 5077 2534 5116 eum
2558 5061 2827 5130 detineri,
2849 5061 2956 5116 sed
2986 5061 3237 5118 mandat
3266 5061 3568 5128 mirabile,
3602 5065 3788 5135 cujus

2107 5151 2324 5207 oblitus
2351 5156 2457 5214 est,
2491 5150 2614 5206 tibi.
2651 5174 2676 5200 »
2709 5154 2870 5206 Tunc
2902 5150 3250 5207 Guillelmus
3280 5151 3399 5207 ﬁde
3455 5151 3787 5222 integerri-

2105 5257 2263 5309 mus,
2287 5240 2657 5312 perﬁdorum
2686 5240 3027 5311 precatibus
3063 5239 3328 5295 crebrius
3387 5242 3785 5314 compulsus,

2104 5333 2342 5400 torquet
2356 5329 2559 5384 navim
2577 5328 2845 5396 celerius,
2869 5329 3147 5400 venitque
3171 5328 3468 5405 adripam
3500 5329 3790 5388 ﬂuminis

2105 5433 2415 5473 armorum
2444 5434 2686 5474 securus
2719 5419 2845 5474 sine
2877 5418 3019 5483 suis,
3051 5434 3191 5473 cum
3219 5418 3301 5473 eis
3329 5417 3676 5476 locuturus.
3709 5427 3786 5478 At

2104 5505 2184 5560 illi
2210 5505 2325 5560 sub
2347 5505 2590 5578 pellium
2618 5507 2877 5577 tegmine
2895 5507 3018 5578 jam
3041 5506 3322 5562 abconsis
3349 5513 3624 5579 quatuor
3645 5526 3785 5565 mu-

2104 5594 2390 5652 cronibus
2422 5595 2684 5652 celeriter
2707 5595 3003 5664 extractis,
3029 5595 3194 5652 rabie
3224 5595 3668 5654 immanissimi
3691 5599 3785 5654 fu-
