4002 6186
204 170 300 223 681

803 171 890 223 DE
921 171 1158 225 GESTIS
1187 161 1626 224 NORMANNl/E
1657 156 1895 215 DUCUM
1925 154 2104 208 LIBRI
2133 153 2329 208 TRES.
2364 182 2433 190 —
2473 153 2565 206 IIl.
2601 151 3023 207 RICHARDUS.

200 290 374 346 nium
423 292 791 362 nequissimo
836 292 1004 347 celeri
1037 292 1223 348 classe
1263 293 1600 356 transvecti,
1637 304 1868 360 suoque
1901 284 1946 334 Α
1984 277 2117 332 Vilis
2149 276 2253 332 50d
2279 277 2422 349 quia
2454 280 2593 331 sunt
2618 275 2885 342 ﬁgmenti
2914 291 3059 330 νεὶεᾶ
3084 275 3295 341 lutosa,

200 378 484 434 exercitui
517 381 753 448 annexi,
800 387 1054 452 przepete
1085 382 1354 454 equitatu
1393 382 1700 453 potiuntur
1728 379 1871 445 fuga

201 467 379 539 lapsi.
406 469 795 523 Northinanni
823 486 959 524 vero
990 477 1044 525 et
1071 471 1338 526 Britones
1367 476 1553 526 morte
1582 464 1872 524 Guillelmi

204 557 301 612 sui
351 558 595 612 senioris
626 558 876 613 nimium
925 560 1232 630 lugubres,
1289 561 1490 616 ulcisci
1541 564 1875 631 pramptan-

207 650 318 712 tes,
346 662 649 718 nusquam
697 656 1042 720 repererunt
1071 649 1248 716 vada,
1282 650 1393 705 hac
1426 655 1481 704 et
1517 649 1649 704 illac
1681 646 1879 703 celeri-

205 737 301 789 ter
331 735 746 791 discurrentes.
786 738 876 792 Sic
908 739 1203 809 pretiosus
1233 739 1501 793 marchio
1534 737 1881 792 Guillelmus

207 824 498 896 testisque
566 826 774 880 Christi
834 827 1321 895 gloriosissimus,
1382 828 1534 882 felici
1594 827 1883 897 martyrio

207 919 615 969 consecratur.
662 913 1000 987 Taliterque
1055 932 1308 980 regnum
1362 917 1670 983 cmlorum,
1719 915 1884 988 quod

207 999 319 1054 diu
351 1002 706 1073 concupivit,
739 1003 1013 1075 adeptus,
1042 1005 1249 1059 vivens
1280 1004 1340 1058 in
1371 1005 1599 1059 Christo
1643 1004 1886 1059 feliciter

210 1096 558 1146 coronatur.
595 1093 902 1148 Perfusum
933 1095 1157 1166 quippe
1190 1095 1282 1148 sui
1313 1094 1540 1149 cruoris
1572 1111 1704 1150 rore
1729 1094 1882 1150 beati

208 1179 326 1234 viri
354 1196 568 1252 corpus
585 1182 770 1251 jacuit
797 1182 1089 1238 exanime.
1115 1186 1327 1238 Verum
1357 1185 1560 1239 anima
1582 1183 1641 1238 in
1669 1185 1883 1239 emtum

211 1269 296 1324 ab
341 1271 566 1338 angelis
595 1272 874 1337 deducta,
909 1273 1060 1328 inter
1088 1275 1305 1328 choros
1333 1273 1686 1343 angelorum
1719 1274 1886 1328 intes-

215 1357 558 1414 timabiliter
597 1367 685 1416 est
725 1361 1032 1417 collocata.
1083 1362 1370 1428 Quaedam
1418 1363 1572 1418 illico
1618 1362 1887 1435 phalanx

215 1445 448 1519 decepti
499 1453 555 1503 et
587 1449 945 1521 martyrisati
986 1450 1278 1506 Guillelmi
1310 1451 1565 1505 cucurrit
1613 1449 1692 1504 ad
1722 1466 1882 1516 eum,

221 1541 280 1592 et
306 1541 467 1592 trans
497 1539 692 1610 ripam
723 1539 986 1596 ﬂuminis
1034 1543 1303 1596 Somenaa
1349 1540 1697 1596 altrinsecus
1747 1557 1886 1595 cum

217 1642 447 1696 magno
478 1629 702 1699 ejulatu
729 1645 883 1685 nave
909 1629 1266 1686 detulerunt.
1297 1631 1658 1703 lnquirentes
1685 1634 1886 1686 autem
1917 1634 1958 1688 Β

218 1715 564 1786 ingentibus
593 1720 869 1775 cordium
911 1721 1180 1792 suspiriis
1205 1737 1547 1793 magnoque
1577 1719 1890 1775 oculorum

218 1803 366 1860 ﬂetu
414 1806 628 1862 livores
678 1809 828 1878 ejus,
881 1813 1057 1881 atque
1111 1809 1388 1865 deﬂendo
1436 1808 1893 1877 sanguinolenta

219 1894 594 1951 revolventes
625 1897 980 1952 vestimenta
1019 1897 1197 1963 illius,
1243 1902 1588 1968 repererunt
1615 1895 1897 1970 parvissi-

223 1999 396 2039 mam
429 1984 684 2040 clavium
716 1990 1058 2055 argenteam
1097 1986 1489 2059 depedentem
1523 1987 1581 2041 in
1629 1985 1895 2058 strophio

224 2071 577 2137 lumborum
629 2074 776 2143 ejus.
827 2073 1267 2130 Sciscitantibus
1315 2073 1424 2129 illis
1475 2091 1511 2130 a
1560 2073 1896 2144 domigenis

226 2162 716 2232 quampluribus,
751 2163 920 2233 cujus
951 2163 1033 2218 rei
1063 2163 1252 2234 gratia
1278 2164 1561 2219 cinctorio
1588 2164 1769 2220 clavis
1796 2163 1896 2219 illa

223 2247 667 2320 dependeretur
711 2252 855 2321 (sic),
887 2251 1195 2323 respondit
1223 2251 1473 2324 quidam
1503 2253 1894 2319 camerarius,

226 2343 590 2394 secretorum
621 2340 750 2409 ejus
782 2341 1058 2396 conscius
1085 2358 1097 2394 :
1133 2363 1159 2388 ‹‹
1186 2345 1390 2397 Noster
1421 2342 1620 2397 senior
1665 2341 1898 2397 Guillel-

224 2442 363 2482 mus
393 2427 555 2482 vovit
594 2443 655 2483 se
684 2427 800 2482 hoc
829 2427 1004 2484 labile
1036 2429 1325 2485 saeculum
1371 2429 1814 2498 derelicturum,
1845 2433 1902 2484 et

230 2532 292 2570 se
323 2515 450 2570 ﬁeri
479 2521 616 2588 post
657 2517 770 2572 hoc
803 2517 996 2572 ﬂebile
1026 2518 1313 2589 placitum
1358 2519 1657 2588 Gimegias
1688 2535 1899 2574 mona-

229 2605 434 2659 chum.
467 2608 532 2660 Et
579 2605 704 2660 haec
736 2606 922 2661 clavis
971 2607 1228 2661 custodit
1258 2607 1318 2661 in
1361 2607 1628 2678 quodam
1661 2606 1899 2673 scrinio,

231 2698 287 2750 et
309 2699 589 2760 coarctat,
612 2696 1014 2752 monachilem
1043 2696 1337 2760 habitum,
1359 2696 1576 2752 scilicet
1602 2696 1900 2752 cucullam

234 2788 291 2838 et
322 2782 565 2838 laneum
597 2801 950 2857 supparum.
983 2808 1010 2832 »
1047 2785 1252 2840 Statim
1283 2801 1425 2840 vero
1457 2801 1673 2857 corpus
1707 2801 1904 2840 sacro-

236 2877 512 2926 sanctum
557 2872 767 2928 feretro
799 2873 1074 2928 velociter
1103 2873 1449 2944 impositum
1481 2880 1536 2928 et
1580 2875 1901 2928 Rothoma-

238 2960 409 3027 gensi
458 2960 588 3015 urbi
620 2977 758 3016 cum
789 2977 1014 3030 magno
1052 2961 1277 3032 ejulatu
1320 2961 1586 3016 delatum
1618 2962 1680 3016 in
1725 2962 1906 3017 eccle-

238 3049 389 3104 siam
427 3052 484 3104 Β.
505 3051 693 3105 Μδνὶω
721 3049 1019 3120 genitricis
1045 3049 1143 3104 Dei
1169 3049 1494 3104 honoriﬁce
1524 3050 1901 3122 sepelierunt.

239 3137 527 3193 Convenit
555 3138 733 3194 etiam
783 3139 978 3192 omnis
1008 3153 1159 3209 pene
1186 3138 1494 3209 provincia
1522 3138 1734 3208 lugens
1765 3138 1905 3193 incf-

237 3226 404 3283 fabili
453 3226 750 3292 maestitia,
799 3232 854 3282 et
901 3226 978 3281 ad
1025 3226 1208 3281 caelos
1260 3243 1449 3298 usque
1485 3227 1605 3282 alta
1635 3227 1908 3282 emittens

239 3316 521 3388 suspiria,
550 3316 695 3388 quin
726 3315 906 3371 etiam
956 3315 1267 3370 adducens
1313 3331 1517 3370 secum
1563 3315 1749 3370 ﬁlium
1783 3316 1910 3386 ejus

240 3405 602 3462 Richardum
659 3405 903 3460 nomine
961 3405 1252 3462 luctuosa.
1312 3409 1520 3474 Quem,
1585 3411 1910 3478 antequam

241 3496 600 3553 conderetur
631 3511 849 3568 corpus
881 3494 1132 3561 tumulo,
1163 3495 1431 3551 videntes
1463 3497 1829 3566 Berengerus
1858 3498 1914 3549 et

242 3582 532 3650 Alannus,
562 3583 874 3656 caaterique
908 3584 1187 3655 Britones,
1212 3600 1447 3641 necnon
1478 3585 1915 3640 Northmanno-

242 3683 385 3727 rum
417 3673 714 3745 principes
758 3673 1035 3729 dixerunt
1063 3673 1316 3729 nimium
1368 3673 1660 3744 ejulantes
1696 3691 1708 3728 :
1767 3696 1793 3721 «
1822 3675 1918 3728 Se-

245 3761 501 3828 niorem,
544 3762 721 3834 proth
762 3761 969 3817 dolor!
1003 3763 1396 3834 perdidimus,
1449 3763 1744 3818 seniorem
1776 3780 1921 3820 una-

246 3851 444 3906 nimes
471 3851 783 3906 faciamus.
813 3875 839 3900 ››
873 3851 1030 3907 Illico
1063 3857 1284 3907 sanctze
1312 3851 1742 3908 recordationis
1772 3869 1919 3924 pue-

247 3956 390 3994 rum
423 3940 665 3995 nomine
711 3941 1072 3996 Richardum
1123 3941 1608 4010 inthronizantes,
1641 3941 1922 4014 illiusque

249 4029 586 4086 voluntarie
612 4030 801 4086 effecti
831 4030 1056 4099 ﬁdeles,
1090 4029 1354 4084 fecerunt
1406 4046 1478 4084 ex
1507 4046 1577 4086 eo
1606 4030 1822 4086 ducem
1854 4032 1928 4085 si-

249 4119 318 4173 bi
343 4119 680 4174 unanimes.
715 4118 1046 4191 Complevit
1092 4118 1291 4190 itaque
1332 4118 1771 4174 sacratissimus
1801 4118 1927 4174 dux

253 4207 606 4262 Guillelmus
649 4212 707 4262 et
749 4212 978 4278 martyr
1026 4206 1239 4263 Christi
1290 4205 1753 4275 gloriosissimus
1785 4223 1925 4272 ago-

254 4297 351 4352 nis
383 4297 472 4351 sui
505 4313 750 4351 cursum
782 4312 943 4352 anno
974 4295 1051 4351 ab
1083 4295 1492 4351 lncarnatione
1526 4295 1758 4350 Domini
1798 4299 1923 4364 943,
1954 4333 2001 4390 D

254 4404 360 4442 xm
423 4386 726 4442 Kalendas
777 4385 1063 4453 Januarii,
1122 4401 1260 4454 rege
1321 4385 1620 4440 Ludovico
1672 4400 1926 4454 regnum

258 4476 523 4533 Francia
552 4479 806 4543 tenente,
842 4476 960 4529 Deo
991 4475 1125 4529 vivo
1159 4478 1215 4528 et
1245 4489 1385 4528 vero
1411 4477 1698 4542 regnante
1729 4473 1791 4529 in
1809 4473 1929 4529 Tri-

259 4565 466 4621 nitatis
499 4563 865 4637 plenitudine
889 4568 945 4618 et
973 4561 1212 4618 unitatis
1241 4562 1572 4632 majestate.

910 4702 1292 4742 APOSTROPHA.

267 4818 485 4870 Brutus
517 4812 780 4886 aequorei
807 4816 1105 4868 crescente
1137 4808 1386 4865 tumoris
1418 4809 1496 4864 ab
1522 4815 1689 4876 aestu,

271 4902 545 4974 Syrtibus
576 4905 633 4956 et
663 4900 890 4966 nocuis,
923 4899 1143 4972 pariter
1173 4897 1448 4953 sorbente
1480 4897 1815 4970 Charybde,

270 4991 601 5063 Multiplicis
633 4989 874 5045 cumulo
905 4988 1125 5043 diffuso
1157 4987 1432 5055 turbinis,
1461 4992 1640 5060 atque

270 5082 478 5138 Ventis
505 5080 883 5150 mixturaque
913 5077 1090 5132 simul
1120 5077 1413 5133 volventis
1445 5093 1662 5133 arente.

269 5175 432 5228 Vasa
457 5171 650 5225 ferens
677 5168 898 5238 ﬁgulus
924 5167 1166 5237 fragilis,
1200 5168 1317 5222 heu
1344 5167 1356 5222 t
1386 5166 1674 5233 materiei,

273 5261 368 5316 Ad
400 5264 639 5332 portum
668 5259 822 5313 latus
846 5274 982 5312 sum
1016 5260 1364 5328 tempestate
1397 5255 1701 5327 privatum
1727 5273 1739 5309 :

273 5354 420 5416 Qum
451 5349 568 5413 via,
602 5348 736 5413 vita,
771 5346 954 5414 salus,
997 5345 1274 5400 meritum
1304 5343 1565 5412 culmen,
1610 5343 1750 5398 ﬁdei
1783 5361 1939 5417 spes,

275 5443 530 5507 Quoque
561 5453 784 5492 corona
811 5436 985 5491 datur
1014 5450 1240 5490 merces
1269 5431 1504 5486 sudoris
1527 5433 1798 5500 honesta,

277 5529 423 5587 Coeli
454 5525 806 5582 muneribus
835 5524 1000 5596 quod
1030 5522 1196 5592 digni
1227 5519 1676 5586 muniﬁcentur,

278 5622 520 5677 Octavee
552 5617 722 5671 sortis
752 5613 973 5669 natalia
1003 5627 1246 5685 quoque
1277 5612 1593 5666 novantur.

583 5725 825 5778 PATROL.
861 5723 1031 5777 CXLI.

1983 369 2051 421 Ut
2078 382 2210 420 reor
2235 372 2337 421 aut
2365 367 2648 438 cuiquam
2680 365 2843 432 dare,
2877 381 2986 419 nec
3013 364 3230 418 licitare
3259 365 3492 420 valebo.

1983 458 2196 510 Verum
2225 455 2517 510 littoribus
2548 455 2714 528 ponti
2746 455 2999 510 contrita
3021 454 3327 524 jacebunt.

1988 548 2084 600 Est
2113 545 2258 601 alias
2287 550 2492 617 portus
2519 545 2751 599 diverso
2784 545 2911 614 (sic)
2939 560 3135 599 merce
3167 542 3442 616 repletus,

1989 636 2118 698 Quo
2147 634 2314 688 vario
2343 634 2507 702 digni
2537 639 2878 689 mercantur
2909 633 3135 703 fenore,
3169 637 3466 704 sumptus.

1989 725 2116 788 Quo
2143 723 2316 778 datur
2345 724 2662 795 imperium
2693 723 3031 778 certaminis
3061 722 3560 786 emolumentum,

1993 813 2308 868 Examines
2335 818 2497 868 artus
2531 813 2756 868 Christo
2781 830 2902 885 quo
2933 813 3330 881 vivificantur,

1995 905 2160 957 Hunc
2192 916 2442 974 pergam
2473 902 2649 972 plena
2679 902 2907 956 diverso
2937 919 3132 958 merce
3164 901 3384 957 carina.

1997 990 2079 1046 Sit
2097 991 2226 1060 jam
2259 989 2499 1044 fortuita
2529 990 2763 1057 digesta
2787 990 2910 1054 diu,
2939 990 3324 1063 excipientur,

1995 1082 2073 1134 Ne
2102 1078 2296 1150 patiar
2340 1078 2561 1148 ﬁgulus
2593 1095 2870 1133 samnam
2913 1084 3032 1133 tam
3084 1079 3472 1134 ridiculosum
3502 1078 3647 1147 (sic),

1996 1171 2182 1240 Atque
2208 1167 2431 1239 operis,
2459 1167 2764 1238 nostrique
2794 1166 3016 1221 laboris
3044 1166 3482 1222 detrimentum.

2127 1308 2478 1347 EXHORTATIO
2513 1309 2582 1346 AD
2615 1309 2817 1358 )llfSAS,
2850 1309 2915 1346 [TT
2947 1308 3158 1346 CANANT
3189 1306 3525 1346 RICHARDUM.

2071 1418 2306 1474 Florida
2335 1418 2646 1474 clarisonas
2683 1418 2865 1473 solita:
2899 1422 2991 1473 sat
3021 1417 3287 1472 carmina
3319 1419 3513 1481 Musas,

2214 1506 2480 1562 Tinnitus
2503 1507 2752 1562 modulo
2772 1505 3025 1579 psallere
3056 1505 3350 1560 multiﬁdi.

2074 1596 2216 1664 Clio,
2251 1599 2634 1668 Melpomene,
2669 1596 2999 1668 Polymnia,
3035 1599 3227 1663 Erato,
3260 1593 3482 1649 Thalia.

2215 1685 2621 1758 Terpsichore,
2643 1690 2911 1758 Euterpe,
2928 1685 3205 1757 Calliope,
3224 1683 3496 1738 Eurania.
3520 1684 3661 1753 (sic).

2072 1776 2443 1847 Praecipuum
2473 1776 2658 1848 lyrico
2689 1791 2910 1830 munus
2941 1779 3256 1829 resonante
3282 1773 3465 1828 beatu

2219 1865 2517 1920 Dulcisoni
2549 1863 2948 1930 cantus,vocis
2979 1868 3034 1918 et
3065 1862 3338 1918 altivolce.

2075 1953 2321 2010 Patricio
2351 1953 2585 2020 celebri,
2615 1953 2933 2025 comitique
2963 1952 3220 2024 ducique
3248 1951 3530 2018 verendo,

2221 2043 2330 2108 Qui
2359 2043 2585 2099 studuit
2615 2058 2855 2098 summo
2887 2042 2990 2096 rite
3017 2041 3249 2113 placere
3281 2045 3418 2096 Deo.

2078 2135 2333 2204 Quaeque
2363 2136 2538 2187 canat
2563 2136 2831 2187 vestrum
2862 2129 3202 2199 singillatim
3229 2135 3366 2202 peto
3395 2127 3590 2196 dulce,

2219 2220 2438 2276 Alterni
2466 2221 2637 2276 metri
2659 2224 2921 2292 syrmate
2952 2218 3267 2274 dissimuli.

2744 2344 2866 2382 (ZLIO
2898 2345 2934 2382 1.

2153 2433 2216 2488 Ni
2247 2437 2451 2489 nostra
2478 2449 2551 2488 en
2583 2433 2797 2488 stolida
2829 2448 3003 2487 sensa
3026 2431 3324 2486 silentium

2151 2525 2517 2595 Torpescens
2545 2524 2846 2594 promeret
2874 2525 2930 2574 et
2959 2520 3344 2585 taciturnitas,

2156 2613 2566 2682 lnterpresque
2593 2609 2742 2664 foret
2770 2608 3032 2662 historia:
3067 2622 3251 2661 sacrze

2152 2698 2334 2754 Plano
2360 2699 2651 2768 digereret
2679 2697 2781 2770 qui
2809 2696 3016 2752 ordine
3048 2695 3304 2768 mystica
3332 2711 3346 2748 :

2155 2788 2482 2843 Richardus
2508 2803 2710 2843 comes
2741 2791 2797 2842 et
2821 2785 3090 2842 marchio
3122 2789 3419 2849 strenuus,

2156 2880 2282 2932 Dux
2310 2883 2365 2933 et
2394 2877 2679 2950 patricius
2707 2875 2986 2931 emeritus
3007 2873 3254 2947 probus,

2159 2968 2300 3031 Quae
2334 2967 2509 3036 gestit
2538 2981 2750 3022 canere
2779 2964 3106 3020 collibitum
3134 2962 3283 3018 foret

2159 3055 2426 3110 Mortales
2460 3071 2634 3110 curas
2664 3053 2919 3108 disserui
2948 3053 3108 3125 quia.

2157 3146 2182 3198 J
2191 3145 2309 3198 uris
2336 3158 2598 3214 namque
2623 3142 2740 3197 mei
2773 3141 3038 3196 credibili
3067 3140 3296 3209 ordine,

2161 3237 2377 3288 Rerum
2405 3232 2684 3288 historias
2724 3230 2971 3286 reddere
3001 3232 3252 3300 posteris

2164 3325 2405 3378 Factum
2433 3337 2593 3376 nunc
2623 3320 2894 3392 typicum
2925 3319 3190 3373 carmine
3217 3317 3466 3372 dissono

2165 3411 2392 3466 Dedam
2421 3408 2778 3482 doctiloquis
2808 3407 3033 3481 quippe
3065 3405 3392 3462 sororibus.

2825 3529 2881 3567 ιι.

2166 3615 2432 3672 Delector
2459 3615 2646 3688 lyrico
2674 3613 2858 3670 boare
2889 3618 3099 3682 metro,

2172 3711 2224 3761 ls
2252 3705 2449 3778 qualis
2479 3705 2652 3761 fuerit
2676 3722 2877 3761 comes
2906 3701 3204 3759 verendus

2174 3798 2239 3850 Et
2263 3799 2491 3866 quanta
2519 3794 2706 3864 viguit
2731 3793 3028 3849 beatitate.

2172 3884 2338 3940 Adsit
2365 3883 2729 3940 concelebris
2758 3882 3025 3954 phalanx
3051 3893 3348 3944 sororum,

2175 3977 2399 4029 Mecum
2425 3973 2554 4042 ejus
2580 3971 2860 4026 meritum
2890 3970 3332 4037 recenseatque.

2175 4061 2426 4132 Turmis,
2458 4059 2741 4131 angelicis
2767 4057 2996 4114 fatebor
3017 4060 3195 4128 atque

2175 4153 2200 4206 J
2209 4149 2351 4219 ungi
2376 4165 2486 4222 pro
2515 4148 2739 4205 meritis
2764 4145 3062 4203 beatitatis

2183 4242 2347 4294 Hunc
2373 4238 2605 4308 :‘Christi
2653 4236 2969 4302 famulum,
3001 4235 3283 4309 probum,
3315 4232 3645 4304 benignum
3679 4251 3692 4301 ;

2185 4332 2406 4384 Censor
2435 4345 2573 4383 cum
2606 4326 2864 4383 famulos
2888 4324 3313 4392 remunerabit,

2181 4417 2438 4474 Perdens
2467 4416 2774 4491 suppliciis
2801 4433 2934 4472 reos
2966 4415 3267 4486 malignis.

2836 4531 2915 4570 III.

2185 4617 2368 4669 Istum
2382 4614 2514 4686 jam
2543 4613 2870 4670 mediatum
2903 4609 3269 4668 conciliarier

2183 4703 2434 4773 Turmis,
2468 4703 2874 4775 archipatrum
2900 4717 3010 4773 pro
3041 4696 3266 4754 meritis
3295 4693 3436 4763 suis,

2185 4790 2294 4846 Pro
2324 4791 2720 4856 mirabilibus,
2754 4803 2986 4861 proque
3017 4781 3351 4854 vigentibus

2204 4881 2391 4939 Factis
2418 4880 2702 4944 miriﬁcis,
2730 4892 2962 4950 proque
2993 4870 3358 4936 monasticis,

2189 4975 2372 5042 Digne
2397 4986 2533 5042 quae
2558 4967 2826 5036 rutilant,
2859 4977 3114 5036 quaeque
3139 4961 3386 5014 manent
3415 4955 3633 5012 adhuc.

2188 5062 2414 5118 Archos
2446 5055 2766 5112 melliﬂuus
2794 5067 3042 5125 corpore
3074 5047 3314 5119 sospite.

2191 5154 2339 5206 Nam
2365 5146 2603 5201 decreta
2622 5146 2863 5215 patrum
2892 5154 3026 5211 quae
3059 5135 3311 5192 retinent
3339 5149 3531 5200 sacra,

2195 5235 2413 5294 Mundo
2445 5233 2592 5287 dum
2627 5230 2831 5299 viguit,
2863 5232 3078 5283 cuncta
3105 5227 3388 5297 operatus
3421 5227 3530 5278 est.

2197 5321 2404 5379 Dilexit
2429 5318 2750 5375 Dominum
2781 5316 2960 5372 corde
2987 5315 3085 5388 pio
3114 5318 3321 5381 Deum,

2196 5413 2385 5482 Digno
2416 5413 2506 5466 ast
2532 5411 2598 5463 ut
2625 5423 2868 5480 quoque
2909 5422 2970 5460 se
3000 5405 3218 5461 foedere
3245 5403 3604 5476 proximam.

2846 5514 2918 5551 IV.

2202 5601 2260 5660 Si
2285 5599 2498 5657 efﬁcax
2528 5600 2738 5654 nostra
2761 5600 2818 5652 et
2845 5598 3084 5668 caperet
3107 5593 3405 5661 voluntas,

3369 5702 3437 5753 22
