4004 6178
412 168 518 222 683

1408 155 1713 211 DUDONIS
1740 149 2002 209 DECANI
2036 150 2090 207 8.
2122 149 2433 215 QUINTINI
2462 153 2843 214 VIROMAND.

555 285 814 353 Qualiter
841 280 1003 348 vixit,
1032 279 1361 352 viguitque,
1396 279 1551 347 fecit,

556 373 907 439 Scriberem,
942 385 1154 427 sensus
1182 370 1317 425 licet
1340 368 1657 442 improbus
1690 366 1785 434 sit,

556 464 795 521 Vatibus
820 460 987 534 quod
1017 460 1303 516 condecet
1332 460 1494 514 hunc
1524 456 1715 514 notari

553 552 975 623 Marchionem,
1007 549 1447 623 patriciumque
1472 549 1725 621 justum,

553 647 619 699 Et
647 642 866 698 ducem
898 644 1197 706 sanctum,
1231 637 1509 693 comitem
1538 633 1890 692 verendum.

553 731 808 806 Mysticis
839 745 986 785 nam
1015 728 1183 801 quod
1212 726 1461 783 retulere
1494 724 1692 781 verbis

552 821 741 880 COrde
770 834 1047 892 prmsago
1078 816 1395 889 typicoque
1426 819 1608 884 vates,

555 909 813 969 Credidit
837 907 1043 970 solers,
1073 905 1341 962 recitavit
1368 909 1546 977 atque

556 1003 860 1072 Menteque
891 996 1136 1065 audivit,
1165 992 1556 1065 meminitque
1585 1006 1776 1048 sacra.

1214 1118 1266 1156 ν.

555 1201 887 1255 Memorans
908 1208 1086 1248 vocer
1105 1196 1460 1264 quanquam
1482 1189 1679 1265 placet
1698 1198 1832 1261 quae
1855 1186 2069 1242 dicere.

558 1284 872 1343 Sororibus
897 1282 1119 1347 dicam,
1151 1280 1285 1336 licet
1309 1281 1437 1349 jam
1465 1279 1717 1348 stultior,

551 1371 894 1429 Perenniter
918 1370 1121 1440 fruges
1152 1368 1356 1424 salutis
1390 1372 1626 1435 nostris,
1655 1364 1878 1439 quibus

475 1531 479 1534 ξ
553 1460 823 1518 Adolevit
851 1458 995 1515 orbe
1026 1459 1141 1514 isto
1172 1460 1229 1513 et
1256 1455 1426 1523 ﬁdes,
1464 1470 1600 1529 spes
1633 1458 1690 1510 et
1719 1451 1927 1524 gloria,

550 1550 975 1625 Apostolorum
1001 1546 1251 1604 coetibus
1278 1544 1750 1619 splendentibus,

553 1643 832 1710 Magnum
872 1637 1111 1707 ducem,
1149 1638 1446 1701 sanctum,
1475 1633 1665 1706 pium,
1688 1632 1942 1703 justum,

1744 1719 2072 1793 [probum,]

554 1817 761 1873 Ausim
791 1813 1156 1871 Richardum
1188 1811 1600 1868 marchionem
1624 1810 1899 1881 jungere,

554 1910 811 1961 Numero
840 1903 975 1958 licet
1005 1901 1054 1957 si
1080 1916 1225 1969 non,
1258 1916 1367 1955 nec
1398 1898 1520 1955 ullo
1550 1902 1858 1970 compotu,

552 1992 749 2050 Merito
778 1995 980 2047 tamen
1010 1986 1292 2057 mirabili,
1326 2000 1497 2043 sacer
1521 1986 1662 2060 quia

553 2080 763 2140 Meritis
792 2080 996 2135 Petrus
1023 2094 1148 2134 non
1177 2075 1402 2133 invidet
1428 2091 1600 2148 aeque
1629 2075 1764 2148 piis.

1214 2200 1287 2239 Vl.

553 2273 863 2332 inveniens
889 2270 1145 2328 similem
1174 2270 1377 2327 comiti

552 2368 754 2421 Lector
778 2362 991 2431 amice,
1020 2360 1169 2416 mihi
1198 2372 1430 2427 resera;

554 2454 650 2510 llle
682 2450 817 2524 quis
843 2454 934 2505 est
957 2450 1142 2505 modo
1167 2448 1485 2517 terrigena,

552 2547 621 2600 Ut
645 2539 873 2615 populo
902 2538 1068 2595 bona
1093 2537 1199 2610 qui
1230 2535 1445 2606 tulerit,

548 2635 773 2703 Totque
805 2643 1032 2694 cruces,
1064 2626 1308 2699 probra,
1341 2626 1599 2681 tormina
1627 2628 1795 2697 quot,

550 2718 802 2776 Numine
827 2732 937 2790 pro
962 2714 1102 2770 ﬁdei
1122 2713 1327 2770 habili.

551 2808 675 2864 Rite
706 2804 969 2862 coercuit
996 2802 1346 2873 indomitos,

552 2894 780 2951 Restitit
807 2891 1020 2948 acriter
1049 2895 1229 2963 atque
1254 2889 1449 2960 Dacis,

552 2982 906 3055 Martyribus
936 2981 1133 3037 socius
1168 2979 1393 3035 meritis

553 3076 840 3146 Perpetua
868 3070 1082 3126 fruitur
1109 3069 1334 3142 requie.

1196 3194 1289 3232 VII.

551 3273 877 3327 Instructus
908 3266 1223 3340 sapientia,

548 3356 856 3416 Delectans
884 3357 1357 3427 religionemque

549 3450 783 3514 Quanto
813 3443 1169 3519 pontiﬁcum
1199 3448 1400 3498 sacras

549 3535 794 3593 Ornavit
821 3533 1137 3590 cathedras
1162 3531 1316 3602 vide,

549 3625 654 3680 Hic
683 3623 828 3689 dux,
861 3621 1164 3694 patricius,
1198 3634 1419 3675 comes.

547 3714 702 3778 Quot
725 3715 817 3767 sat
842 3718 1108 3782 namque
1128 3706 1297 3763 vides
1327 3706 1550 3777 adhuc,

545 3806 674 3860 Non
699 3801 791 3857 fas
820 3800 1017 3855 dicere
1045 3798 1329 3872 plurima,

545 3891 658 3957 Qui
684 3888 851 3945 nullo
877 3886 1119 3943 inferior
1145 3884 1275 3955 fuit,

544 3980 660 4038 Sed
687 3975 1065 4053 prestantior
1093 3974 1329 4032 exstitit.

543 4066 996 4126 Confessoribus
1024 4064 1267 4121 additus

540 4159 671 4211 Dux
695 4159 752 4210 et
776 4154 1047 4210 marchio
1072 4156 1334 4210 sanctus.

543 4242 833 4309 Quamvis
854 4243 984 4313 jam
1013 4242 1340 4314 pepigisset

544 4330 699 4387 Casti
726 4329 955 4386 foedera
980 4329 1137 4401 lecti,

543 4419 781 4487 Sinceri,
812 4419 1094 4491 licitique,

541 4511 734 4567 Causa
760 4508 1142 4581 posteritatis,

541 4600 706 4655 Serto
736 4596 1025 4668 virgineo,
1056 4596 1192 4670 quis

534 4691 700 4745 Nunc
730 4687 1064 4744 subducere
1093 4686 1322 4743 tentet?

534 4781 661 4833 Non
691 4793 863 4834 mens
892 4776 1136 4833 conscia
1162 4774 1326 4843 recti,

534 4866 756 4922 Labem
784 4881 967 4940 passa
991 4864 1265 4939 pudoris,

532 4957 748 5012 Verum
779 4958 943 5012 casta
968 4951 1278 5010 remansit.

1156 5075 1271 5114 YIH.

528 5167 824 5237 Adducta,
848 5166 1051 5236 lector,
1084 5176 1247 5222 nunc
1272 5165 1523 5237 ratione,

528 5258 635 5310 Per
664 5260 910 5311 cunctos
937 5256 1212 5314 animum
1240 5255 1452 5311 ordine
1479 5260 1719 5313 sanctas

529 5345 831 5417 PropenSo
863 5360 1051 5403 sensu
1078 5345 1316 5419 porrige
1344 5344 1532 5402 solers
1556 5358 1572 5401 :

528 5433 584 5491 Si
614 5437 822 5491 nostro
846 5435 1004 5508 patri
1032 5434 1507 5506 convenientem,

530 5525 739 5595 Factis,
769 5530 825 5580 et
859 5524 1105 5591 meritis,
1139 5527 1197 5580 et
1223 5524 1537 5583 famulatu.

519 5615 706 5671 Divini
734 5614 1007 5686 obsequii
1030 5614 1175 5671 orbe
1198 5613 1444 5683 labenti,

2102 287 2150 341 Α

2108 1635 2148 1689 Β

2324 277 2605 346 Congruo
2636 280 2797 336 cultu
2828 284 3115 355 repereris
3138 287 3288 357 jam,

3725 172 3828 230 GM

2326 367 2590 437 Usquam
2619 372 2675 423 et
2704 371 3019 441 patricium
3051 375 3329 447 conspice
3358 392 3755 453 quemquam.

2323 457 2532 511 Nostro
2564 472 2828 529 namque
2854 462 3007 531 patri
3036 478 3305 533 congrua
3334 472 3546 525 cuncta

2327 547 2388 598 In
2421 546 2652 601 cunctis
2682 554 2963 605 constant
2989 552 3220 608 actibus
3246 554 3376 612 ista.

2324 636 2595 706 Cumque
2626 642 2872 706 eogetur
2898 640 3137 708 agmine
3168 659 3393 713 magno

2325 723 2596 778 Censoris
2622 725 2773 782 rutili
2799 728 3067 784 mundus
3092 730 3171 786 ad
3196 748 3303 787 ora
3326 750 3338 787 :

2322 811 2591 884 Cumque
2622 819 2678 869 et
2706 816 3068 887 apostolicus
3096 819 3192 876 ille
3219 828 3459 880 senatus

2326 901 2550 957 Sederit.
2574 903 2634 958 in
2666 905 2804 960 sede
2830 906 3097 976 judiciali
3128 928 3141 978 ;

2323 989 2652 1046 Richardus
2683 993 2860 1049 rutilo
2884 994 3009 1067 ipse
3041 997 3208 1054 sedili

2325 1079 2625 1136 Subnixus
2654 1083 2900 1150 meritis,
2933 1086 3228 1157 moribus,
3261 1093 3439 1163 atque

2326 1170 2403 1223 De
2430 1184 2655 1237 magno
2679 1171 2825 1227 orbe
2859 1172 3004 1229 feret
3026 1175 3284 1249 juraque
3317 1179 3498 1249 leges.

2323 1256 2593 1328 Cumque
2625 1261 2994 1331 martyribus
3025 1263 3199 1320 fortia
3231 1268 3415 1323 sacris

2323 1346 2593 1417 Praemia,
2622 1349 2951 1420 prudenter
2976 1352 3176 1422 judice
3205 1355 3432 1413 Christo

2322 1435 2581 1491 Portabit
2610 1453 2853 1493 roseam
2886 1439 2978 1495 ille
3004 1458 3291 1499 coronam

2322 1524 2432 1577 Pro
2461 1539 2587 1595 qua
2612 1526 2922 1597 pertulerit
2947 1529 3095 1585 calle
3127 1533 3412 1589 secundo.

2325 1612 2593 1684 Cumque
2623 1616 2963 1673 sacerdotes
2989 1634 3185 1675 merce
3212 1621 3447 1690 calenti,

2324 1701 2431 1754 Pro
2462 1716 2641 1756 carne
2673 1702 2958 1772 edomita,
2994 1706 3196 1763 fenore
3221 1707 3370 1765 lucri

2323 1788 2540 1844 Ordine
2568 1807 2678 1863 pro
2706 1793 2900 1848 meriti
2929 1797 3060 1850 lam
3090 1798 3391 1867 penetrale

2326 1881 2611 1934 lntrarent
2634 1881 2805 1949 regni
2823 1882 2958 1952 jure
2989 1886 3254 1957 superni,

2322 1965 2524 2022 Palma
2555 1968 2778 2026 victrici
2807 1986 2964 2027 ecce.
3046 2015 3059 2029 .
3140 2014 3152 2027 .
3237 2017 3250 2030 .

2322 2055 2572 2127 Optime,
2606 2056 2854 2128 dicetur,
2887 2061 3113 2133 excipe,
3148 2078 3338 2135 serve,

2320 2146 2575 2202 Maxima
2594 2162 2704 2218 pro
2730 2148 2955 2219 parvis,
2983 2166 3153 2222 euge,
3185 2151 3398 2209 ﬁdelis.

2976 2324 3055 2365 IX.

2319 2449 2494 2504 Terra
2520 2448 2684 2505 ferax
2714 2449 2973 2508 trimoda
3001 2451 3142 2510 beat
3166 2450 3394 2513 almum

2321 2536 2560 2592 Profuse
2591 2537 2858 2594 ubertate
2896 2539 3197 2599 colonum.

2322 2625 2411 2682 Sic
2442 2641 2620 2681 verus
2647 2625 2851 2683 docuit
2879 2632 3042 2686 sator
3071 2631 3211 2688 almi

2320 2714 2491 2770 Verbi
2516 2718 2748 2773 mundo
2782 2718 3015 2775 semina
3042 2720 3298 2777 mittens.

2320 2806 2469 2860 Cum
2497 2804 2752 2862 referent
2773 2805 2871 2863 alii
2900 2808 3209 2865 rutilantes

2316 2895 2447 2950 Jam
2478 2895 2698 2951 nitidos
2725 2913 2905 2969 super
2936 2900 3099 2955 astra
3127 2900 3492 2975 manipulos,

2318 2983 2564 3039 Prtemia
2595 2984 2841 3057 cuisque
2864 2987 2953 3041 sui
2984 2988 3307 3060 repetendo

2319 3075 2618 3130 Certantes
2638 3090 2748 3147 pro
2767 3079 2935 3147 parte
2964 3074 3207 3146 laboris,

2317 3162 2679 3218 Richardum
2707 3178 2912 3219 cernes
2940 3166 3176 3223 radiare

2316 3252 2514 3307 Ternis
2536 3251 2596 3307 in
2630 3252 2886 3308 sublime
2913 3256 3173 3311 coronis.

2317 3340 2447 3413 Ipse
2471 3340 2532 3396 in
2564 3356 2864 3412 sexagena
2888 3344 3191 3416 profectus

2315 3432 2361 3485 A
2390 3432 2476 3485 ter
2502 3430 2672 3486 denis
2703 3432 2950 3489 numine
2980 3433 3121 3491 divo

2316 3523 2363 3575 A
2387 3519 2539 3574 laeva
2562 3519 2816 3589 vestigia
2845 3520 3016 3578 duxit

2318 3612 2379 3664 In
2409 3609 2681 3665 dextram
2712 3609 2850 3666 hinc
2882 3625 3124 3685 semper
3151 3612 3453 3672 luculento

2317 3697 2571 3768 Virginio
2597 3697 2936 3755 diademate
2976 3700 3115 3757 felix
3134 3720 3147 3769 ;

2314 3786 2650 3855 Virginibus
2678 3786 2921 3843 dabitur
2949 3805 3153 3845 comes
3177 3789 3294 3859 ille,

2313 3878 2550 3946 Agnum
2575 3876 3145 3952 praepulchrumque
3175 3884 3479 3954 sequatur,

2315 3967 2383 4020 Et
2408 3969 2615 4037 perget
2640 3980 2916 4034 gressum
2944 3967 3138 4024 tulerit
3161 3985 3305 4041 quo,

2309 4050 2521 4109 Psallet
2550 4052 2716 4125 quod
2745 4054 2941 4111 natale
2971 4056 3206 4129 pudicis

2311 4142 2580 4199 Etherea
2608 4142 2924 4201 dulcedine
2955 4160 3202 4203 carmen

2312 4234 2375 4287 In
2403 4230 2603 4303 quinis
2632 4247 2917 4288 resonum
2948 4232 3337 4291 tetrachordis
3374 4253 3388 4291 :

2309 4322 2529 4377 Tantus
2566 4324 2631 4376 ut
2657 4320 2749 4376 his
2776 4321 2943 4378 ﬁeret
2972 4326 3096 4392 tua,
3124 4324 3367 4395 Christe,

2310 4412 2554 4466 Exstant
2577 4410 2803 4479 munia,
2831 4412 2936 4484 qui
2957 4428 3136 4487 super
3165 4419 3361 4471 exstas

2308 4502 2373 4556 Et
2400 4499 2484 4555 nil
2512 4503 2741 4556 rectum
2770 4517 2893 4573 quo
2920 4500 3040 4558 ﬁne
3065 4507 3317 4575 constat,

2307 4592 2372 4645 Et
2395 4605 2534 4645 cum
2564 4602 2687 4662 quo
2716 4594 2857 4646 sunt
2883 4590 3091 4647 omnia
3117 4595 3294 4649 recta.

2426 4766 2712 4807 PRJEFATIO
2752 4767 2823 4805 AD
2861 4768 3165 4809 PRBSULRM
3202 4769 3553 4813 ROTBERTUM.

2406 4908 2564 4965 Licet
2590 4909 2869 4983 imperita
2893 4910 3063 4969 fandi

2405 4997 2713 5068 Habearis,
2747 5002 2805 5055 et
2833 5000 3103 5074 priveris,

2405 5088 2620 5142 Exscrs
2643 5086 3026 5162 scientiaeque

2404 5179 2662 5244 Maneas,
2694 5178 2967 5247 moreris,
2996 5182 3211 5248 exstes,

2402 5264 2714 5321 Rhetorico
2745 5279 2983 5338 sapore,

2406 5354 2472 5409 Et
2501 5354 2709 5422 hebes,
2739 5370 2960 5424 secors,
2992 5356 3272 5430 inersque
3299 5374 3312 5425 ;

2404 5442 2702 5510 Phaleras,
2729 5456 2766 5499 ο
2795 5456 3091 5514 catnoena,
3123 5461 3314 5519 parvo

2404 5534 2613 5588 Nostro
2643 5540 2793 5605 para
2823 5533 3043 5590 libello.

2406 5620 2693 5693 Elinguis,
2723 5626 2903 5696 atque
2929 5623 3108 5681 stulta
