4004 6178
737 157 824 211 DE
864 153 1102 210 GESTIS
1141 151 1580 210 MORMANNLE
1621 148 1872 208 DUCUII
1911 148 2093 205 LIBRI
2130 152 2328 210 TRES.
2357 185 2427 194 -—
2460 157 2594 213 LIB.
2629 161 2718 214 IIl.
2761 159 3178 218 RICHARDUS.
3578 173 3690 228 686

529 279 784 338 Rationis
814 279 1122 334 universae.

528 373 732 426 Resera
769 368 939 425 ducis
969 367 1146 438 sacri,

528 457 869 530 Patriciique
885 457 1053 528 justi,

529 548 593 602 Et
617 544 979 601 marchionis
1010 543 1158 600 almi

530 633 843 691 Luculenta
867 639 1035 705 gesta
1066 633 1310 707 scripto.

531 723 682 781 Velet
709 739 772 780 es
804 729 1142 796 potensque
1166 723 1338 789 scitu,

529 815 686 870 Bona
705 830 840 886 quas
870 813 1099 886 peregit
1127 813 1275 886 ipse,

532 905 813 974 Operatus
843 907 934 957 est
953 906 1281 974 superstes,

531 995 778 1050 Memora
807 990 1036 1047 calente
1061 1007 1224 1048 vero.

532 1081 821 1147 Quoniam
851 1080 1021 1136 decet
1057 1097 1170 1153 per
1185 1094 1368 1136 omne

531 1169 733 1228 Comiti
761 1185 934 1225 sacro
962 1169 1282 1236 Richardo,

529 1263 705 1323 Iusto,
733 1260 854 1332 pio,
889 1259 1193 1325 modesto,

529 1348 748 1405 Jubilos
776 1348 994 1404 referre
1018 1363 1319 1403 summos.

533 1441 741 1502 Exstat.
767 1453 1083 1510 precemur
1113 1451 1350 1501 omnes,

534 1527 612 1584 Illi
641 1543 745 1599 per
771 1543 952 1583 omne
977 1526 1265 1583 saeculum

531 1616 796 1688 Requies,
826 1616 1010 1685 salus,
1035 1615 1347 1687 decusque

533 1709 596 1762 Et
625 1706 825 1775 gloriae
849 1707 1312 1763 incrementum.

533 1795 748 1851 Deitate
778 1795 1070 1851 Trinitatis

531 1884 882 1942 Moderantis
902 1900 1081 1939 omne
1109 1880 1413 1956 quidquid

533 1976 753 2043 Exstat,
784 1973 956 2042 valet,
979 1972 1280 2044 vigetque.

840 2166 966 2206 ῙΤΕΜ
1006 2164 1318 2205 PMFATIO.

535 2327 660 2384 Ulla
693 2344 817 2384 non
844 2328 1002 2384 canit
1038 2341 1338 2383 camoena.

535 2417 640 2473 Cui
670 2417 954 2489 loquendi
985 2415 1160 2488 copia

535 2504 838 2561 Blaterans
869 2505 1089 2572 stridet,
1120 2503 1214 2560 vel
1243 2502 1400 2559 desit

533 2594 799 2658 Pusioni,
826 2600 888 2650 ut
909 2594 1156 2650 adsolet.

534 2684 786 2753 Inscius,
821 2700 1042 2753 socors,
1068 2683 1400 2755 hebesque,

537 2773 950 2846 Omnibusque
979 2772 1234 2838 stultior,

536 2861 924 2932 Frivolusque
945 2861 1225 2933 quamvis
1255 2863 1505 2930 exstem,

537 2950 824 3022 Impedite
863 2951 1126 3020 garriens
1155 2968 1166 3004 :

535 3040 712 3094 Gesta
741 3038 962 3106 digessi
991 3039 1154 3094 vides
1181 3044 1248 3095 ut

537 3127 814 3201 Impolito
844 3127 1062 3183 famine

536 3216 763 3287 Inclyti,
797 3215 1059 3288 bonique
1082 3216 1228 3287 justi

535 3305 888 3364 Marchionis
915 3305 1161 3373 strenui,

536 3399 762 3451 Parvus
791 3395 940 3450 inter
969 3394 1126 3450 dicta
1153 3398 1339 3450 vates.

536 3489 703 3541 Nunc
745 3483 900 3538 feror
928 3483 1330 3555 dicendaque,

540 3577 672 3630 Haec
702 3577 948 3628 movent
977 3573 1190 3628 rudem
1218 3576 1481 3645 poetam,

537 3663 641 3718 Illa
671 3667 895 3732 cogunt
917 3662 1190 3717 scribere.

537 3751 637 3807 Hic
670 3756 872 3807 tamen
903 3751 1157 3806 subsiste
1179 3766 1443 3820 mecum,

539 3840 711 3906 Quod
737 3840 1010 3896 locorum
1036 3840 1220 3896 ivero.

539 3929 846 4002 Impolitus
873 3927 1009 3984 licet
1043 3933 1256 3995 exstes,

537 4025 581 4088 I,
613 4035 844 4092 precor,
875 4019 1210 4074 salubriter.

537 4113 620 4166 Me
647 4115 855 4182 stupor
869 4108 1134 4180 percellit
1157 4124 1315 4175 ecce,

537 4202 725 4270 Atque
758 4197 932 4270 plura
963 4197 1248 4267 territant,

538 4291 605 4344 Et
633 4287 806 4342 novis
831 4292 1086 4357 surgunt
1110 4285 1317 4356 ﬁguris

537 4378 675 4438 Quae
705 4375 890 4434 taceri
918 4391 1041 4431 non
1071 4375 1162 4431 fas
1185 4379 1290 4431 est.

538 4468 694 4521 Mens
722 4463 876 4534 fugit
905 4464 1118 4519 mirata
1147 4463 1405 4518 multum
1435 4480 1448 4530 ;

539 4557 717 4610 Fasce
739 4557 950 4626 pectus
975 4551 1224 4621 cogitur.

539 4641 1010 4698 Christianorum
1043 4655 1375 4712 peragrans

542 4730 794 4786 Circuivi
817 4729 1130 4785 exercitus.

541 4819 791 4892 Repperi
816 4818 1172 4890 nullumque
1198 4817 1400 4886 talem,

543 4909 832 4966 Omnibus
872 4907 1276 4980 praecognitis,

544 5001 613 5054 Ut
633 4997 928 5054 Richardo
954 4995 1309 5062 marchioni,

541 5087 645 5144 Cui
676 5092 841 5142 tanta
866 5084 1214 5142 coaﬂluant.

543 5179 705 5231 Hunc
735 5176 994 5231 feremus
1026 5179 1112 5230 ter
1139 5173 1409 5240 beatum,

544 5268 611 5321 Et
635 5270 852 5338 quater
878 5266 1039 5320 hunc
1063 5263 1278 5318 millies
1305 5281 1320 5329 ;

541 5357 705 5410 Hunc
737 5354 1093 5423 benignum,
1125 5352 1287 5407 hunc
1324 5351 1692 5408 modestum.

542 5442 939 5514 Concrepabit
962 5440 1206 5514 pagina.

544 5533 712 5588 Hunc
735 5533 925 5604 pium,
953 5531 1307 5602 justumque
1340 5532 1639 5597 sanctum,

543 5625 610 5680 Et
631 5621 956 5696 probatum
985 5625 1044 5678 et
1056 5620 1419 5678 maximum.

1937 276 1987 330 Α
2307 277 2602 337 Almitatis
2630 282 2812 354 hujus
2837 289 3006 342 actus

2308 368 2496 425 Testis
2521 375 2612 426 est
2633 373 3086 450 Northmannia,

2310 458 2624 529 Largitatis
2651 465 2830 534 atque
2859 464 3041 536 hujus

2305 547 2488 603 Testis
2510 551 2599 604 est
2628 553 2685 605 et
2713 552 2960 609 Francia
2992 571 3004 608 :
3108 602 3113 609 .

2311 635 2861 713 Fortitudinemque
2891 642 3021 712 ejus

2307 725 2674 798 Comprobat
2705 730 3069 798 Burgundia.

2309 817 2515 884 Regna
2543 815 2720 886 facta,
2745 823 2952 875 sancta
2979 819 3158 891 dicta,

2308 903 2464 968 Quin
2488 908 2730 977 stupent
2749 911 2805 962 et
2830 911 3042 966 caetera
3073 927 3088 966 :

2308 992 2605 1063 Cogitatu,
2630 994 2808 1068 facto,
2839 997 2998 1054 dicto

2305 1083 2495 1136 Nemo
2525 1084 2721 1154 major
2749 1085 3068 1157 splenduit.

2307 1174 2369 1225 In
2400 1171 2566 1227 bono
2597 1189 2836 1230 summo
2867 1175 3037 1248 quies
3065 1176 3226 1250 huic,

2304 1258 2678 1330 Sempiterna
2707 1261 2916 1332 gloria.

2745 1419 2969 1462 ORATIO.

2303 1530 2606 1584 Dacorum
2633 1530 2777 1586 olim
2819 1533 3076 1590 themate
3104 1534 3201 1591 vili

1935 1630 1976 1683 Β
2298 1615 2505 1672 Ardua
2533 1619 2790 1674 currenti
2819 1620 2966 1676 mihi
2988 1627 3173 1690 gesta.

2301 1706 2622 1777 Consurgit
2643 1708 2832 1764 moles
2861 1709 3045 1766 modo
3075 1715 3263 1769 torva.

2300 1792 2575 1851 Pondere
2606 1797 2832 1870 quippe
2865 1815 2996 1870 suo,
3029 1800 3173 1872 quia
3201 1816 3326 1858 non
3349 1808 3438 1860 est

2300 1885 2584 1940 Nostrum
2614 1902 2858 1959 quoque
2898 1892 3168 1960 tempore
3198 1890 3396 1962 prisco

2300 1974 2613 2041 Exaudite,
2647 1975 2981 2049 rudineque
3021 1977 3170 2046 visa,

2299 2064 2546 2136 Propter
2577 2063 2692 2120 hoc
2718 2081 2842 2120 non
2873 2066 3116 2136 cognita
3145 2070 3394 2126 cunctis.

2301 2152 2535 2208 Credita
2555 2169 2688 2226 nec,
2721 2159 3068 2228 tentataque
3099 2158 3310 2229 paucis

2304 2238 2556 2311 Spiritus
2582 2241 2760 2313 alme,
2791 2243 2947 2311 veni,
2973 2249 3110 2316 peto
3141 2247 3417 2320 supplex,

2303 2332 2566 2398 Nectare,
2602 2331 2873 2403 septitlue
2903 2332 3219 2390 radiando.

2301 2423 2406 2473 Ast
2428 2418 2487 2473 id
2520 2435 2645 2491 qua
2675 2420 2888 2476 virtute
2914 2419 3134 2478 dedisti

2301 2510 2434 2562 Jam
2464 2507 2614 2578 ﬁeri,
2637 2509 2719 2565 da
2748 2525 2925 2582 posse
2956 2511 3200 2583 profari.

2286 2662 2571 2705 PREFATIO
2615 2667 2686 2705 AD
2725 2665 3026 2707 PRESULEM
3064 2667 3412 2713 ROTBERTUH.

2021 2775 2261 2832 Fomitis
2291 2775 2530 2831 aetherei
2554 2775 2844 2845 regimen,
2874 2778 3162 2834 terrestris
3191 2781 3434 2849 Averni,

2091 2864 2264 2920 Orbis
2296 2865 2475 2921 totius
2504 2872 2698 2936 ΝΟΥΣ,
2725 2867 2928 2933 decus,
2962 2868 3305 2940 imperium.

1941 2983 1984 3039 ρ
2024 2953 2332 3010 Sidereum
2359 2953 2659 3024 columen,
2688 2955 3017 3028 specimen,
3051 2957 3252 3028 virgor
3280 2965 3461 3034 atque
3483 2978 3690 3036 super-

3460 3067 3578 3108 nus

2095 3132 2414 3188 Uranicum
2445 3147 2671 3188 numen
2691 3137 2932 3206 perpete
2963 3140 3180 3191 cuncta
3208 3052 3453 3196 tenens.[

2021 3223 2353 3277 Causarum
2377 3221 2576 3288 series,
2609 3225 2808 3277 motus
2831 3237 2939 3294 per
2965 3222 3208 3278 condita
3237 3240 3460 3295 rerum,

2093 3313 2450 3382 Compactor
2477 3310 2798 3365 hominum
2829 3310 3018 3381 gloria
3047 3310 3398 3370 divicolum.

2021 3399 2386 3472 Quanquam
2416 3402 2632 3454 cuncta
2662 3398 2765 3455 tibi
2814 3398 3177 3471 depromant
3211 3401 3424 3459 munia
3466 3400 3684 3475 laudis,

2094 3490 2397 3545 Concentu
2422 3486 2608 3556 vario,
2635 3491 2902 3558 syrmate
2941 3486 3216 3543 dissimili
3241 3507 3253 3545 :

2023 3577 2140 3632 Hac
2173 3576 2290 3632 oda
2319 3581 2370 3632 tc
2400 3580 2752 3631 cunctorum
2778 3576 3007 3645 regem'
3034 3577 3434 3645 cantavimus,

2095 3665 2398 3722 Continuis
2427 3664 2606 3731 votis,
2636 3663 3006 3736 supplicibus
3034 3666 3334 3736 precibus.

2021 3757 2106 3810 Tu
2136 3755 2395 3812 fecunda
2424 3754 2606 3822 Trias,
2633 3753 3012 3827 simplexque
3042 3755 3246 3811 Monas
3274 3753 3576 3822 vocitaris,

2096 3850 2412 3897 ΕΛΛΗΝΑΣ
2446 3849 2617 3896 ΚΑΤΑ
2635 3843 2657 3869 *
2685 3859 2794 3898 seu
2817 3847 2875 3898 te
2896 3858 3140 3915 quoque
3172 3843 3532 3899 distribuant

2022 3935 2443 3997 ΥΠΟΣΤΑΣΕΙΣ,
2477 3935 2719 3981 οΥΣΙΑΝ
2759 3929 2952 3984 solam
2983 3933 3153 3980 MIAN
3183 3934 3286 3981 ΕΙΣ
3314 3934 3519 3996 ΤΡΕΙΣ,

2096 4023 2210 4078 Seu
2249 4021 2332 4075 sic
2358 4025 2423 4074 ut
2446 4019 2622 4074 latius
2654 4017 2816 4073 orbis
2856 4018 2919 4072 in
2950 4033 3051 4072 ore
3080 4022 3255 4074 tenet.

2019 4110 2233 4164 Veram
2260 4111 2630 4160 ΥΠΟΣΤΑΣΙΝ
2668 4109 2861 4176 MIAN,
2902 4110 3050 4157 TPIA
3091 4120 3310 4180 nempe
3354 4112 3682 4177 ΠΡΟΣΩΗΑ,

2094 4197 2258 4252 Idem
2289 4211 2526 4268 semper
2553 4194 2719 4265 ades,
2745 4193 2905 4250 idem
2931 4193 2980 4249 is
3006 4199 3062 4250 et
3088 4195 3214 4267 ipse
3235 4211 3470 4252 manes.

2023 4286 2106 4340 Tu
2127 4289 2295 4357 pater
2323 4282 2646 4354 ingenitus,
2678 4283 2929 4353 gignens
2960 4287 3023 4338 tu
3053 4284 3309 4340 crederis
3339 4301 3513 4353 unus,

2097 4374 2188 4431 Sic
2215 4377 2428 4430 Natum
2452 4372 2720 4441 genitum
2751 4373 2971 4444 Sophia
2999 4373 3232 4446 plaudit
3260 4389 3468 4430 ovans.

2024 4460 2265 4516 Flamen
2290 4464 2539 4532 utroque
2579 4461 2773 4515 ﬂuens
2799 4476 2935 4515 vere
2965 4461 3141 4516 vivax
3179 4461 3483 4533 paraclite.

2095 4554 2157 4606 In
2191 4550 2379 4606 tribus
2399 4549 2492 4605 his
2514 4566 2699 4605 unam
2730 4566 2840 4605 nos
2863 4549 3114 4605 colimus
3139 4551 3160 4571 ‘
3208 4556 3478 4602 ΘΖΟἹἮΝ
3535 4552 3683 4624 (sic).

2024 4641 2166 4706 Quae
2191 4640 2272 4695 sic
2302 4639 2460 4695 dicta
2488 4639 2706 4712 placet,
2738 4639 2904 4711 quod
2919 4655 3167 4694 cernens
3183 4644 3386 4695 currat
3403 4638 3466 4693 in
3482 4656 3685 4710 omne,

2096 4732 2163 4785 Et
2187 4745 2494 4803 nusquam
2521 4733 2687 4784 extra
2715 4745 2776 4783 se
2804 4729 2995 4800 possit
3033 4727 3241 4783 adesse
3272 4728 3519 4800 aliquid.

2023 4819 2171 4874 Cum
2195 4824 2397 4875 motus
2434 4817 2684 4884 stabilis,
2719 4821 2904 4873 status
2933 4816 3004 4871 sit
3042 4816 3301 4884 mobilis,
3329 4821 3507 4889 atque

2097 4908 2468 4966 Catholicum
2492 4907 2608 4962 hoc
2645 4906 2786 4961 ﬁdei
2816 4905 3058 4961 veridici
3089 4904 3419 4976 perhibent.

2025 5003 2117 5050 ON
2149 4996 2655 5061 substantiticum,
2685 5011 2884 5050 rerum
2915 4996 2938 5021 *
2969 4999 3206 5059 ΤΥΠΟΣ,
3237 4993 3371 5049 idea
3400 4994 3616 5051 mundi

2099 5090 2204 5141 Per
2227 5087 2491 5158 seipsum
2519 5083 2759 5138 bonitas
2789 5085 3102 5156 permanet
3127 5087 3305 5155 atque
3337 5083 3513 5154 viget.

2026 5175 2148 5229 Hoc
2175 5189 2298 5228 non
2323 5177 2430 5239 est,
2457 5187 2565 5226 nec
2583 5171 2696 5226 hoc
2720 5175 2826 5238 est,
2850 5174 3040 5226 exstat
3061 5185 3270 5227 verum
3296 5177 3468 5224 ΘΕΟΣ
3483 5189 3684 5243 omne,

2098 5266 2225 5318 Non
2254 5262 2370 5328 hic,
2403 5276 2525 5316 non
2551 5259 2654 5329 ibi,
2684 5259 2791 5314 sed
2816 5264 2972 5316 totus
2997 5259 3076 5315 ad
3107 5275 3286 5317 omne
3313 5260 3486 5318 valet.

2026 5357 2258 5405 ΜΗΚΟΣ
2290 5355 2402 5403 ΚΑΙ
2429 5354 2743 5402 ΜΕΓΑΛΟΣ
2773 5354 3022 5401 ΜΙΚΡΟΣ
3070 5352 3312 5406 testatur
3353 5355 3682 5420 ΑΝΑΡΧΟΣ,

2098 5445 2333 5493 ΜΗΚΟΣ
2361 5439 2509 5494 dum
2534 5437 2758 5508 jugiter
2785 5437 2997 5494 intima
3021 5453 3262 5511 quaque
3287 5438 3457 5508 regit,

2028 5535 2279 5583 MIKPOZ
2301 5528 2450 5584 dum
2478 5526 2744 5583 minimis
2773 5526 3022 5597 largitur
3076 5543 3256 5600 opem
3306 5533 3485 5602 atque
3533 5528 3688 5586 salu-

3411 5619 3579 5690 [ιαωο

1937 4338 1985 4392 D
