4002 6186
367 205 470 257 687

437 328 504 380 In
532 321 768 392 magnis
797 324 1109 373 ΜΕΓΑΛΟΣ
1138 317 1403 374 maxima
1428 316 1574 373 dum
1608 320 1857 386 vegetat.

369 413 460 470 Sic
489 411 746 480 magnis,
768 407 1003 475 mediis,
1025 407 1229 481 parvis
1249 411 1462 480 praeest
1486 422 1730 480 quoque
1761 418 2016 476 semper,

436 505 567 574 Ipse
596 497 941 554 individuus
971 501 1129 552 totus
1151 496 1375 569 ubique
1401 512 1591 552 mens.

362 595 456 644 (1N
473 592 670 641 APXEI
689 592 913 639 ΜΕΣΟΝ
927 591 1021 637 ΩΝ
1041 591 1256 637 ΤΕΛΟΣ
1269 592 1701 656 QN...,quoque
1724 586 2019 650 ΠΑΝΤΩΝ,

438 681 519 734 Ex
544 676 676 750 ipso
705 675 992 748 quoniam
1022 674 1227 730 omnia
1255 690 1512 747 quaque
1535 674 1756 744 vigent.

364 771 572 842 Ipsum
591 770 1037 819 ΠΡΩΤΟΤΥΠΟΝ
1052 763 1301 819 nihilum
1316 767 1663 836 proteantur
1675 763 1694 782 ¹”
1714 759 2019 832 eumdem,

438 858 508 913 Ut
537 860 802 928 stupeas,
856 852 1058 920 lector,
1100 851 1459 907 catholicum
1499 852 1612 906 hoc
1653 864 2018 905 memorans.

365 941 933 1017 Imcomprensibilis
957 945 1174 997 natura
1210 940 1376 1012 quod
1404 939 1565 1009 viget
1592 939 1777 1008 omni,

439 1036 816 1104 Exsuperans
846 1029 1023 1102 plane
1054 1035 1312 1080 NOEPOE
1351 1032 1532 1100 atque
1553 1032 1790 1082 ΛΟΓΟΣ.

367 1121 478 1189 Qui
499 1121 647 1178 dum
672 1136 796 1176 non
835 1118 956 1174 ullo
986 1116 1236 1190 capitur,
1268 1117 1415 1172 nihil
1442 1116 1569 1190 ipse
1594 1120 1856 1172 vocatur.

435 1215 508 1266 At
535 1210 810 1282 quotiens
840 1210 1027 1280 paret,
1062 1206 1293 1261 ecce...‘
1320 1211 1696 1259 6E0<1>A1\'Hz.

366 1301 448 1355 Ex
473 1298 661 1355 nihilo
690 1297 752 1352 in
782 1295 1074 1369 quiddam
1105 1310 1343 1366 semper
1387 1310 1757 1350 succrescere
1812 1293 2017 1360 fertur,

440 1387 718 1446 Scribunt
742 1387 856 1442 hoc
884 1384 1069 1441 nihilo
1100 1390 1315 1441 cuncta
1342 1389 1540 1441 creata
1569 1382 1766 1439 simul.

366 1477 513 1534 Hinc
542 1480 649 1544 est,
682 1475 847 1549 quod
874 1474 1132 1531 tenebra
1156 1473 1469 1542 vocitatur,
1524 1473 1738 1529 dicitur
1789 1478 1967 1546 atque
2000 1491 2013 1528 :

437 1570 858 1620 ΨΛΑΣΜΙΣΤΠΣ
894 1563 1113 1620 etenim
1145 1562 1230 1618 sic
1260 1579 1427 1619 sacer
1454 1561 1728 1618 intonuit.

369 1657 529 1715 Sicut
557 1659 696 1712 sunt
723 1655 852 1725 ejus
883 1652 1161 1722 tenebra,
1195 1652 1275 1708 sic
1306 1652 1511 1707 lumen
1541 1656 1598 1708 et
1626 1651 1776 1723 ejus,

437 1748 535 1802 Est
561 1743 832 1816 reprobis
862 1741 1120 1798 tenebra
1149 1740 1355 1797 lumen
1386 1746 1443 1797 et
1463 1742 1590 1815 ipse
1620 1740 1845 1814 probis.

366 1838 514 1894 Cum
537 1849 603 1890 se
632 1832 714 1889 sic
744 1831 1007 1887 habeant
1029 1830 1154 1886 veri
1180 1830 1410 1901 digesta
1436 1829 1683 1897 ﬂuenta,

436 1924 595 1982 Ultro
626 1920 932 1994 concipias
961 1936 1096 1976 ecce
1127 1935 1369 1976 necesse
1400 1919 1625 1975 subest.

364 2013 547 2071 Nullis
574 2028 687 2068 nos
718 2009 957 2078 amiuis,
990 2008 1276 2082 nulloque
1307 2009 1508 2082 lepore
1529 2008 1791 2081 superbi,

434 2102 731 2159 Prafinire
761 2103 880 2156 Deo
905 2099 1105 2170 judice
1131 2097 1277 2171 quid
1305 2097 1637 2170 proprium,
1883 2097 2016 2169 [fas,

363 2196 479 2249 Nec
502 2196 853 2265 promptum
880 2188 1185 2260 cuiquam,
1212 2203 1320 2242 nec
1342 2186 1592 2257 dignum
1619 2186 2018 2259 pandere,nec

436 2280 598 2349 Quis,
623 2277 841 2351 qualis,
867 2280 1131 2350 quantus
1162 2281 1397 2329 ΚΥΡΙΟΣ
1434 2276 1482 2331 is
1503 2279 1747 2331 maneat

364 2368 608 2439 Dignius
631 2372 822 2437 oratu,
852 2366 1205 2439 meliusque,
1234 2365 1631 2440 propinquius
1662 2369 1842 2438 atque

436 2458 605 2512 Hunc
635 2462 835 2512 nectes
860 2455 1084 2523 animo,
1114 2472 1301 2529 purus
1328 2459 1384 2511 et
1410 2455 1536 2528 ipse
1567 2470 1839 2510 manens.

365 2546 533 2606 Orari
562 2545 757 2603 verbis
786 2545 1015 2602 devotis
1036 2545 1183 2613 vult,
1217 2544 1613 2618 placidisque,

435 2636 659 2707 Largiri
678 2634 884 2701 facilis,
913 2634 1121 2690 cedere
1138 2638 1453 2706 promptus
1479 2632 1668 2688 adest.

360 2728 459 2783 His
486 2742 627 2796 ergo
656 2723 918 2779 modulis
939 2722 1250 2778 credendis
1270 2721 1716 2793 veridiscisque,

431 2814 773 2887 Amplector
800 2812 970 2880 votis,
1005 2810 1299 2868 continuis
1327 2810 1623 2883 precibus.

360 2904 698 2974 Ingenitum
720 2906 952 2958 Patrem
982 2916 1139 2970 vere,
1175 2899 1453 2957 Sobolem
1484 2899 1887 2971 genitamque,

429 2996 695 3049 Pneuma
720 2991 798 3047 ab
824 2995 1077 3062 utroque
1109 2990 1301 3045 ﬂuens
1330 2989 1532 3045 fomite
1562 2988 1856 3045 sensiﬁco.

318 3120 323 3123 μ
362 3081 578 3139 Omnia
606 3081 701 3138 cui
728 3096 863 3154 qua
891 3084 1027 3135 sunt
1057 3078 1235 3149 digne
1263 3079 1617 3153 profitentur
1646 3083 1914 3149 ovanter,

432 3174 500 3228 Et
521 3171 670 3242 regit
698 3170 950 3245 imperio
979 3185 1158 3226 omne
1190 3168 1355 3242 quod
1386 3172 1474 3225 est
1498 3170 1760 3242 proprio.

357 3263 466 3318 Ter
494 3260 606 3318 tria
625 3276 809 3334 quem
837 3258 996 3316 calis
1016 3258 1383 3315 conlaudant
1411 3257 1657 3329 agmina
1684 3274 1940 3331 semper,

431 3353 620 3418 Quem
646 3349 964 3407 recolendo
987 3353 1230 3416 canunt,
1253 3364 1436 3421 quem
1451 3348 1796 3403 venerando
1813 3347 2017 3403 colunt

358 3442 547 3506 Quem
567 3439 1042 3512 patriarcharum
1097 3435 1431 3506 clangendo
1471 3442 1659 3492 catus
1708 3436 1766 3491 in
1798 3452 2012 3503 unum,

428 3527 778 3581 Exhilarans
807 3524 957 3579 odas
985 3522 1245 3579 concinit
1272 3524 1440 3578 haud
1470 3522 1759 3578 modicas.

355 3612 605 3668 Veridici
643 3616 808 3668 vates
833 3611 929 3665 cui
962 3614 1251 3682 promunt
1275 3616 1536 3681 syrmate
1565 3611 1795 3678 laudes,

428 3699 717 3773 Alloquiis
739 3699 923 3755 sacris
945 3714 1081 3771 qua
1106 3698 1371 3754 cecinere
1395 3698 1615 3767 vigent.

357 3791 543 3856 Quem
576 3788 859 3845 duodena
884 3786 1152 3861 phalanx
1180 3786 1514 3843 recolens...
1546 3789 1571 3817 "
1600 3792 1938 3860 veneratur,

427 3879 641 3937 Omnia
671 3878 1017 3949 contemnit,
1048 3882 1228 3950 atque
1255 3876 1562 3951 sequendo
1592 3876 1748 3935 colit.

356 3972 545 4038 Quem
584 3969 819 4026 testium
860 3969 1254 4025 innumerosa
1279 3968 1497 4025 cohors
1528 3972 1821 4024 aternum
1871 3985 2010 4025 con-

1482 4056 1646 4129 [cinit
1671 4057 1933 4131 hymnis.

423 4154 505 4206 Ac
524 4148 738 4221 jubilat
765 4153 1032 4219 gratans,
1057 4148 1308 4204 verbera
1337 4146 1693 4220 despiciens.

352 4239 711 4309 Virginitatis
738 4254 912 4311 apex,
946 4253 1017 4292 ex
1044 4253 1166 4309 quo
1197 4236 1494 4292 sumendo
1525 4237 1823 4293 decorem.

425 4328 755 4401 Conspicue
780 4326 1073 4393 modulat,
1106 4326 1353 4380 mirifice
1382 4326 1612 4382 reboat.

352 4419 541 4485 Quem
580 4416 800 4472 coelum
830 4430 1033 4487 supra,
1074 4414 1247 4471 tellus
1279 4430 1462 4486 quem
1511 4414 1720 4470 laudat
1748 4418 1806 4471 et
1830 4414 2004 4473 infra.

422 4509 681 4580 Quaeque
713 4505 1006 4565 elementa
1032 4503 1314 4571 serviunt,
1347 4504 1508 4560 hunc
1537 4504 1883 4560 venerando
1913 4521 2009 4562 co-

1721 4593 1896 4664 [lunt.

349 4683 523 4753 Quod
556 4688 737 4741 restat
794 4682 1116 4756 siquidem,
1171 4680 1458 4754 quodque
1508 4679 1687 4737 instat
1736 4681 2009 4738 conditor

686 4782 695 4789 ‘
1697 4768 1933 4840 [almus,

416 4862 662 4936 Respice
692 4859 1005 4936 propitius,
1038 4875 1265 4933 quaso,
1297 4857 1507 4915 favens
1535 4858 1836 4931 precibus.

343 4955 648 5009 Presentes
671 4967 887 5025 operas
920 4949 1215 5005 miserans
1245 4962 1561 5020 compone,
1594 4963 1931 5020 precamur,

414 5044 484 5098 Et
512 5057 725 5098 sensus
755 5039 1046 5107 cumules,
1072 5054 1298 5111 oraque
1327 5036 1663 5093 fructiﬁces.

343 5129 637 5186 Richardo
667 5129 903 5185 titulum
930 5128 1101 5185 celsa
1128 5142 1489 5200 componere
1518 5125 1734 5193 laudis,
1848 5200 1853 5203 η

418 5218 593 5285 Urget
628 5218 922 5284 materies,
956 5221 1134 5290 atque
1158 5220 1400 5273 coarcat
1427 5230 1617 5271 amor.

344 5305 456 5371 Qui
485 5303 588 5359 tibi
619 5304 907 5361 miriﬁcus
931 5305 1116 5377 viguit
1144 5321 1250 5378 per
1280 5304 1498 5361 sacula
1519 5320 1748 5374 servus,

414 5396 602 5451 Omne
634 5394 864 5450 malum
894 5394 1153 5464 calcans,
1177 5410 1357 5451 omne
1378 5394 1610 5450 bonum
1639 5393 1932 5450 relevans.

415 5482 772 5540 lmitabilcm
798 5483 955 5540 enim
983 5501 1124 5540 vero
1152 5483 1372 5540 meritis
1423 5482 1839 5539 excellentium
1893 5480 2001 5537 du-

340 5589 482 5630 cum
522 5574 829 5645 agoniam,
884 5573 1165 5629 benivolo
1219 5576 1614 5628 sacrosancta
1654 5569 1997 5627 intentionis

339 5662 645 5736 proposito
698 5660 1010 5734 multiplici
1067 5665 1205 5717 actu
1261 5659 1496 5733 pridem
1582 5658 1986 5729 exercitatam,

1332 193 1640 250 DUDONIS
1679 192 1934 248 DFCANI
1973 190 2027 244 S.
2071 189 2381 256 QUINTlNI
2417 191 2803 251 VIROMAND.

2050 327 2096 379 Α
2126 329 2457 389 eorumque
2484 317 2746 388 insignia
2766 316 2943 373 bonis
2972 315 3400 374 intentionibus
3458 316 3672 375 sedulo
3699 319 3779 376 in-

3677 198 3775 252 688

2127 401 2463 462 sistentium
2492 422 2679 479 opera
2700 405 3000 480 pracipue
3028 404 3415 461 omnifariam
3447 407 3776 479 pradigna,

2127 507 2367 549 cassum
2397 498 2486 551 est
2516 495 2831 563 silentiare,
2865 494 3014 568 quin
3043 500 3364 551 exarentur
3400 502 3585 568 prout
3612 512 3780 569 posse

2128 579 2424 639 elucidata
2458 602 2470 639 :
2494 588 2794 657 quatenus
2822 583 3274 640 succedentium
3300 584 3615 640 memoriae
3660 586 3780 659 api-

2127 669 2297 726 cibus
2325 672 2656 743 enucleata,
2686 673 3010 730 informent
3038 678 3097 729 et
3121 673 3419 730 instruant
3445 673 3526 730 ad
3574 674 3782 731 melius

2126 759 2363 817 animos
2400 760 2570 834 fruge
2601 762 2923 830 salutifera,
2954 768 3012 818 et
3037 778 3112 818 ex
3139 762 3232 818 his
3263 762 3463 819 solerti
3521 764 3782 820 conami-

2126 866 2201 906 ne
2230 850 2552 908 metiantur
2580 853 2764 909 vitam
2794 852 3131 921 honestam,
3161 857 3341 925 atque
3368 852 3555 923 hujus
3577 870 3781 925 specu-

2125 938 2363 996 lationis
2411 942 2686 1016 exemplo
2744 942 3081 998 beatitudo—
3115 941 3462 1015 acquiratur
3547 943 3783 1001 feliciter

2126 1033 2367 1085 aterna.
2399 1031 2690 1097 Quocirca
2715 1030 3133 1101 benignissimi
3179 1030 3350 1086 ducis
3397 1032 3683 1089 Richardi
3709 1032 3780 1089 vi-

2129 1121 2250 1173 tam
2278 1120 2722 1189 aggrediamur,
2753 1120 2966 1176 hebete
2990 1120 3128 1176 licet
3156 1121 3333 1193 stylo,
3360 1121 3467 1194 qui
3497 1121 3562 1177 in
3595 1138 3781 1178 sacro-

2130 1213 2314 1264 santa
2338 1209 2609 1265 Ecclesia
2640 1215 2811 1282 prato
2850 1210 3052 1266 ﬂoruit
3098 1210 3423 1282 pradignis
3480 1211 3779 1285 operibus,

2127 1297 2396 1354 emicans
2420 1302 2486 1354 ut
2514 1299 2681 1354 sidus
2712 1297 2775 1354 in
2828 1299 2999 1355 coelo.
3057 1301 3321 1355 Donetur
3370 1299 3553 1356 nobis
3613 1300 3780 1357 etiam

2127 1385 2257 1457 ejus
2286 1387 2509 1444 meritis
2526 1387 2712 1444 vitam
2732 1387 2887 1444 illius
2912 1392 3248 1444 reverenter
3275 1388 3601 1463 propalare
3635 1407 3649 1457 ;
3690 1389 3782 1462 qui

2128 1491 2369 1531 summa
2419 1476 2768 1545 reverentia,
2826 1492 3233 1550 summunque
3277 1476 3463 1533 decus
3520 1476 3779 1534 Ecclesia

2127 1564 2360 1621 exstitit.
2397 1567 2465 1621 Ut
2494 1566 2666 1636 cujus
2694 1564 2889 1621 tutela
2910 1570 2968 1621 et
2988 1564 3266 1621 beneﬁcii
3292 1565 3618 1622 salubriter
3644 1566 3781 1623 frue-

2049 1677 2088 1730 B
2127 1652 2347 1709 bamur
2372 1654 2705 1727 patrocinio
2733 1653 2796 1709 in
2826 1653 3016 1721 terris,
3045 1654 3185 1725 ejus
3200 1654 3480 1726 precibus
3506 1660 3566 1711 et
3619 1654 3780 1711 meri-

2130 1742 2203 1797 tis
2234 1748 2627 1816 protegamur
2655 1742 3101 1799 defensabiliter
3124 1742 3203 1800 ab
3233 1744 3778 1817 importunitatibus

2129 1832 2378 1889 cunctis.

2199 1921 2380 1993 Igitur
2403 1920 2756 1977 venerabilis
2793 1920 2927 1977 vita
2980 1920 3310 1977 Richardus
3357 1921 3485 1978 dux
3543 1922 3776 1993 insignis

2128 2010 2435 2066 memoria
2473 2010 3073 2083 prapotentissimus,
3120 2015 3465 2084 sanctaque
3513 2012 3775 2068 recorda-

2128 2100 2304 2156 tionis
2332 2100 2618 2174 patricius
2649 2100 3069 2168 nitidissimus,
3102 2105 3283 2173 atque
3312 2101 3773 2158 rememoranda

2128 2189 2512 2259 benignitatis
2543 2189 2816 2244 marchio
2860 2188 3326 2257 famosissimus,
3382 2190 3773 2260 insignissimo

2126 2278 2444 2335 luculenta
2475 2284 2532 2335 et
2560 2278 2949 2334 nobilissima
2979 2279 3276 2351 prosapia
3334 2280 3564 2335 semine
3619 2295 3769 2336 exor-

2129 2369 2245 2434 tus,
2273 2383 2399 2439 qua
2428 2365 2672 2435 Belgica
2700 2367 2960 2421 Francia
2989 2365 3243 2421 extimos
3272 2366 3597 2439 exporrigit
3642 2372 3772 2423 trac-

2129 2460 2224 2511 tus
2252 2454 2437 2511 maris
2465 2453 2677 2511 afﬁnes
2708 2452 3005 2510 Calcensis
3030 2469 3252 2526 pagus,
3286 2455 3559 2511 Fiscanni
3610 2454 3766 2511 castri

2129 2544 2372 2613 mania,
2432 2558 2694 2617 ruraque
2734 2542 3014 2614 genitalia
3074 2558 3246 2599 sacro
3293 2543 3611 2601 nativitatis
3654 2559 3762 2599 sua

2129 2633 2374 2690 exordio
2399 2632 2602 2689 beavit
2630 2631 2940 2688 oriundus.
2976 2632 3158 2702 Cujus
3186 2636 3440 2688 matrem
3470 2638 3633 2705 pater
3653 2633 3763 2688 dux

2130 2723 2451 2779 Willelmus
2471 2726 2529 2779 et
2555 2726 2784 2793 martyr
2813 2720 3278 2791 gloriosissimus
3316 2720 3649 2779 felicissimo
3686 2721 3760 2794 pi-

2129 2828 2314 2883 gnore
2368 2811 2701 2884 gravidam,
2754 2825 2825 2865 ac
2873 2809 3157 2883 adoptivo
3199 2809 3506 2867 illustrata
3560 2810 3757 2867 sobolis

2128 2904 2305 2973 partu
2334 2904 2614 2973 expertus
2646 2898 2989 2969 fecundam,
3020 2899 3322 2955 transvehi
3368 2900 3503 2957 fecit
3550 2899 3755 2957 decenti

2127 2989 2436 3061 insigniter
2465 2988 2735 3061 equitatu
2761 2987 2840 3043 ad
2868 2986 3229 3044 Fiscannica
3256 2988 3416 3044 sedis
3443 2988 3633 3045 aulam
3657 3007 3670 3045 :
3698 2992 3755 3043 ut

2128 3079 2176 3134 si
2206 3080 2354 3135 forte
2385 3077 2611 3135 Riulfus
2632 3079 2907 3134 omnium
2958 3076 3300 3133 belluarum
3339 3078 3744 3134 crudelissimus

2125 3166 2609 3225 Northmannica
2662 3164 2924 3236 regionis
2972 3165 3394 3222 monarchiam
3437 3182 3558 3221 cum
3624 3163 3730 3219 suis

2125 3256 2522 3330 complicibus
2602 3254 2716 3310 sibi
2800 3253 3146 3323 vindicaret,
3237 3261 3302 3312 ut
3376 3252 3739 3311 aestimabatur

2122 3363 2198 3402 ne
2223 3363 2358 3403 eam
2387 3348 2640 3418 raperet,
2672 3342 2753 3401 ad
2794 3343 3018 3414 Anglos
3069 3344 3242 3401 citius
3280 3345 3743 3401 transfretaretur.

2122 3435 2224 3492 Die
2254 3450 2520 3507 namque
2550 3449 2673 3506 quo
2694 3433 2845 3489 inter
2874 3432 3244 3488 Willelmum
3301 3434 3517 3490 ducem
3565 3431 3750 3489 emeri-

2124 3514 2272 3592 tum,
2324 3522 2705 3596 Riulfumque
2759 3521 3148 3578 multifariam
3224 3522 3642 3596 blasphemum
3708 3523 3757 3576 et

2125 3614 2457 3688 perjurum,
2532 3616 2600 3668 ut
2655 3611 3015 3668 recensitum
3062 3617 3170 3681 est,
3226 3612 3445 3669 exstitit
3485 3611 3756 3687 pralium,

2121 3709 2399 3760 matrona
2424 3701 2783 3759 venerabilis
2838 3700 3015 3757 enixa
3070 3701 3224 3757 diva
3282 3704 3586 3759 memoria
3635 3716 3761 3775 pue-

2119 3809 2279 3862 rum,
2313 3792 2472 3848 misit
2500 3790 2831 3865 quemdam
2850 3790 3105 3847 tironem
3131 3792 3375 3848 nomine
3404 3791 3757 3858 Fulcardum,

2122 3888 2185 3939 ut
2195 3881 2475 3955 proderet
2488 3880 2627 3937 duci
2648 3879 2938 3936 Willelmo
2956 3885 3355 3954 praeoptatum
3369 3882 3582 3953 genita
3598 3879 3761 3955 prolis

2121 3972 2463 4043 negocium.
2496 3969 2786 4027 Willelmo
2812 3986 2954 4026 vero
2980 3987 3120 4026 cum
3160 3987 3262 4027 ccc
3307 3971 3496 4044 potito
3540 3970 3763 4028 victoria

2120 4061 2195 4117 de
2223 4060 2504 4125 inimicis,
2527 4064 2584 4116 et
2632 4075 2741 4133 per
2794 4059 2982 4133 praelii
3034 4065 3275 4134 pratum
3319 4060 3523 4135 tepido
3574 4074 3763 4118 cruore

2118 4150 2403 4208 infectum
2435 4149 2747 4224 equitanti,
2779 4149 3086 4223 milliaque
3136 4150 3391 4207 millium
3432 4151 3763 4209 exanimum

2117 4244 2416 4313 prostrata
2444 4238 2714 4306 intuenti,
2747 4243 2926 4312 atque
2953 4252 3167 4310 regum
3207 4239 3350 4310 Regi
3376 4246 3579 4311 grates
3627 4255 3763 4313 pra-

2119 4331 2420 4386 maximas
2443 4333 2746 4399 gratanter
2772 4328 3067 4401 referenti,
3089 4328 3321 4399 legatus
3350 4335 3510 4387 nata
3561 4327 3765 4387 sobolis

2121 4419 2408 4490 gaudium
2441 4418 2807 4475 denuntians
2839 4418 3049 4474 adfuit.

2750 4568 3115 4609 APOSTROPHA
3124 4595 3137 4609 .

2118 4682 2162 4737 Ο
2191 4694 2428 4752 semper
2454 4678 2699 4735 meritos
2730 4677 2830 4734 tali
2855 4677 2930 4735 de
2961 4677 3128 4751 prole
3153 4682 3452 4751 parentes,

2118 4768 2300 4840 Cujus
2326 4768 2388 4823 in
2414 4771 2624 4823 exortu
2650 4781 2902 4839 superos
2933 4766 3199 4836 ingentia
3223 4766 3404 4834 cives,

2114 4856 2462 4927 Terrigenas
2491 4855 2713 4930 pariter
2741 4855 3071 4928 perﬂarunt
3099 4854 3325 4925 gaudia
3354 4853 3583 4927 plures.

2114 4946 2366 5004 Calicus
2396 4945 2546 5003 ordo
2568 4944 2771 5002 hilaris
2801 4948 2966 5001 tanto
2998 4944 3240 5000 concive
3262 4944 3487 5013 futuro,

2115 5037 2428 5095 Humanus
2456 5035 2705 5091 meritus
2736 5037 3004 5104 gratatur
3024 5032 3227 5105 judice
3258 5048 3450 5089 sacro.

2115 5124 2285 5182 Orbis
2306 5123 2422 5181 sub
2452 5123 2624 5196 cujus
2651 5138 2888 5196 semper
2915 5121 3332 5179 moderamine
3361 5121 3558 5192 latus,

2113 5211 2466 5287 Tranquilla
2494 5212 2662 5284 pacis
2694 5210 3006 5285 pradigna
3034 5211 3172 5268 dote
3202 5210 3447 5268 fruetur.

2181 5304 2342 5357 Tunc
2372 5300 2494 5355 dux
2520 5300 2732 5357 merito
2762 5300 3226 5369 famosissimus,
3255 5305 3499 5374 peracto
3516 5295 3767 5369 mirabili

2109 5389 2378 5464 trophao
2406 5388 2611 5447 hilaris
2635 5394 2691 5446 et
2720 5389 2914 5457 latus,
2945 5389 3252 5463 latiorque
3277 5393 3419 5446 nato
3450 5387 3692 5445 harede
3715 5386 3767 5441 et

2110 5495 2453 5535 successore
2477 5480 2742 5547 effectus,
2770 5479 2936 5535 misit
2964 5479 3235 5535 Hericum
3297 5494 3553 5534 summa
3608 5490 3765 5533 reve-

2108 5568 2310 5625 rentia
2341 5568 2802 5640 Bajocacensem
2826 5567 3196 5641 episcopum,
3214 5573 3271 5624 et
3300 5568 3633 5623 Bothonem
3658 5564 3762 5620 do-

2109 5674 2245 5715 mus
2270 5674 2396 5716 sua
2423 5657 2645 5716 militia
2669 5657 2877 5731 palma
2895 5657 3192 5730 majorem
3208 5659 3267 5713 et
3284 5656 3684 5729 pracipuum,
3702 5654 3763 5709 ut
