4004 6178
263 152 367 206 689
768 147 856 202 DE
895 147 1134 204 GESTIS
1171 147 1612 206 NORMANNIE
1653 148 1905 206 DUCUM
1944 145 2122 222 LIBRI
2162 147 2355 204 TRES.
2400 179 2467 190 —-
2498 151 2627 208 LIB.
2656 155 2744 209 Ill.
2786 152 3213 210 RICHABDUS.
3613 157 3717 211 690

261 269 578 327 salutilerm
603 269 769 342 pacis
799 285 1054 342 puerum
1089 273 1456 328 sacrosancti
1496 273 1611 329 olei
1642 273 1946 328 chrisma-
1982 276 2026 327 A
2064 271 2414 342 intelligens,
2447 278 2801 348 aetatemque
2839 276 3100 332 infantiae
3154 276 3718 334 incrementabiliter

260 360 456 433 tisque
498 359 728 430 liquore
775 357 1081 426 insigniter
1125 359 1506 426 innovatum,
1540 360 1738 433 typici
1787 360 1951 416 lava-
2062 361 2476 417 transcendere
2560 380 2698 419 eum
2765 365 3268 431 animadvertens,
3339 365 3716 437 amplexatus

259 450 343 506 cri
374 448 959 520 regenerationisque
998 447 1159 504 fonte
1211 450 1490 507 delutum
1536 449 1943 522 susciperent,
2056 465 2194 506 eum
2245 450 2597 518 amabiliter,
2645 457 2700 508 et
2751 454 3059 510 osculatus
3097 455 3365 522 dulciter,
3400 454 3587 509 tribus
3620 471 3717 510 co-

257 539 580 596 vocitando
649 537 1030 593 Hichardum.
1107 539 1216 603 Qui
1287 540 1474 611 hujus
1536 537 1944 612 expeditionis
2053 539 2296 594 mitibus
2323 556 2503 612 supra
2545 542 2893 596 memoratis
2923 543 3032 598 fari
3081 544 3276 616 erepit,
3327 543 3494 614 quod
3536 543 3716 600 corde

260 629 548 685 mandato
609 626 830 693 hilaris,
907 627 1254 700 moeniaque
1313 629 1612 685 Fiscanna
1673 633 1941 702 praepete
2050 627 2152 682 diu
2181 628 2429 683 rimatus
2454 635 2540 685 est
2571 630 2829 685 referens
2860 648 2871 684 :
2905 653 2930 678 ‹‹
2969 634 3168 686 Vestro
3199 631 3468 698 consilio,
3501 631 3715 704 inquit,

260 718 526 791 equitatu
555 715 992 786 aggredientes,
1026 733 1062 771 a
1089 716 1243 772 clero
1276 718 1632 791 populoque
1676 717 1939 790 suscepti
2047 717 2162 772 hoc
2218 732 2469 786 regnum
2517 723 2754 774 strenue
2802 736 2994 792 usque
3026 721 3208 775 modo
3241 720 3401 786 rexi;
3453 722 3717 777 Britones

260 813 418 873 sunt,
449 805 792 862 monasticis
824 805 1009 861 rebus
1040 808 1399 879 praeparatis
1427 810 1785 864 reverenter.
1841 809 1938 864 Se-
2047 811 2254 862 contra
2276 823 2371 861 me
2403 807 2653 862 rebelles
2679 808 2970 864 hostiliter
2999 809 3189 864 devici
3217 827 3229 872 ;
3263 825 3536 880 paganos
3581 826 3720 866 nos-

259 897 463 970 quenti
489 912 752 967 namque
783 894 882 950 die
915 895 1092 950 totius
1123 895 1280 952 clero
1298 896 1646 970 provinciae,
1672 896 1931 969 populo-
2046 900 2273 950 trorum
2305 895 2522 952 finium
2560 913 2912 970 pervasores
2939 897 3253 966 redargui;
3306 897 3718 966 Flandrenses,

257 1002 376 1060 que
405 1001 574 1040 sexus
606 984 922 1057 utriusque
953 985 1198 1057 praenati
1227 987 1506 1057 pusronis
1552 985 1931 1059 baptismatis
2041 987 2408 1056 craterasque
2455 992 2660 1053 gentes
2709 986 2770 1040 in
2817 985 3104 1041 affinitate
3153 988 3372 1040 nostrte
3415 985 3723 1057 potestatis

259 1074 644 1145 gratulatione
687 1074 965 1147 undique
1011 1090 1183 1129 secus
1233 1075 1614 1142 adveniente,
1664 1075 1929 1146 mysticae
2043 1081 2589 1130 commemorantes
2617 1077 2902 1132 audacter
2935 1075 3149 1144 subegi
3187 1093 3198 1129 :
3257 1075 3404 1148 quin
3455 1074 3634 1130 etiam
3673 1069 3725 1130 si

257 1163 570 1221 ablutionis
591 1163 918 1220 benedicto
947 1164 1107 1219 fonte
1146 1164 1225 1220 ab
1254 1165 1506 1221 Henrico
1533 1163 1930 1220 reverentissi-
2041 1160 2194 1234 quid
2221 1161 2362 1218 boni
2393 1170 2674 1236 operatus
2716 1182 2872 1230 sum,
2899 1169 3097 1219 vestra
3127 1164 3569 1233 benignissima
3620 1179 3724 1219 ex-

257 1273 357 1312 mo
404 1254 785 1324 Bajocacensi
836 1253 1111 1327 prazsule,
1162 1270 1310 1312 cum
1359 1255 1582 1312 caeteris
1631 1253 1928 1327 epiSCOpis
2041 1250 2386 1308 hortatione
2409 1258 2651 1309 coactus
2691 1253 2914 1310 blande
2940 1253 3273 1326 leniterque
3301 1253 3525 1326 peregi.
3559 1257 3728 1310 Nunc

255 1344 404 1400 illius
430 1348 617 1409 terrae,
652 1347 1076 1411 regeneratum
1107 1341 1423 1400 salutifera
1473 1343 1639 1399 trime
1687 1342 1926 1398 immer-
2045 1353 2194 1393 vero
2224 1355 2296 1394 ex
2346 1341 2462 1397 hoc
2506 1343 2672 1414 quod
2705 1341 2923 1398 molior
2952 1357 3149 1412 agere,
3199 1358 3524 1397 assensum
3570 1358 3724 1415 prte-

256 1433 432 1489 sionis
473 1431 894 1499 inundatione,
953 1431 1235 1505 sacrique
1296 1433 1634 1489 chrismatis
1680 1430 1927 1501 insigui-
2048 1425 2193 1481 bete
2220 1428 2364 1484 mihi
2393 1449 2406 1497 ;
2438 1430 2583 1502 quia
2613 1447 2790 1486 omne
2823 1445 3077 1500 regnum
3102 1430 3480 1486 haereditario
3512 1446 3726 1488 carens

256 1529 379 1580 tum
403 1526 662 1588 nectare,
706 1521 1055 1594 deiﬁcaaque
1087 1521 1389 1579 Trinitatis
1441 1523 1705 1590 nomine,
1747 1524 1933 1577 veter—
2051 1514 2310 1574 domino
2342 1519 2644 1576 desolatur
2674 1524 2730 1576 et
2758 1519 3062 1589 dividitur,
3094 1520 3490 1576 etseditiones
3515 1538 3729 1594 quam-

253 1613 386 1670 rimi
416 1611 679 1668 hominis
710 1611 955 1684 dempto
992 1611 1306 1683 squalore,
1338 1612 1660 1685 praadictus
1710 1608 1932 1683 preesul
1970 1627 2013 1681 Β
2052 1604 2355 1676 plurimae,
2404 1609 2667 1682 rixaeque
2717 1610 3023 1678 inauditae,
3073 1610 3472 1682 implacabilis
3528 1613 3728 1685 queri—

254 1721 393 1760 cum
425 1703 688 1758 Bothone
721 1701 933 1756 comite
964 1701 1242 1773 suscepit
1271 1718 1525 1774 puerum
1568 1699 1934 1759 Richardum
2052 1697 2266 1752 monia
2295 1697 2700 1771 multipliciter
2730 1703 3108 1768 generantur.
3152 1699 3413 1771 Ideoque
3443 1700 3549 1758 iste
3577 1719 3727 1776 pue-

255 1793 517 1860 nomine,
550 1791 626 1848 de
659 1791 848 1847 sancti
896 1790 1124 1847 lavacri
1175 1790 1610 1863 puriﬁcatione.
1650 1791 1749 1846 His
1793 1804 1934 1845 vero
2052 1783 2224 1839 rulus
2254 1787 2444 1841 haeres
2477 1787 2622 1841 mihi
2653 1802 3080 1858 successorque
3129 1785 3190 1840 in
3234 1787 3421 1842 nostri
3461 1787 3732 1844 ducami-

259 1901 399 1940 cum
444 1898 670 1953 magna
718 1879 1044 1937 reverentia
1083 1880 1372 1952 peractis,
1419 1880 1699 1953 cleroque
1745 1883 1938 1934 Deum
2052 1873 2148 1928 nis
2178 1874 2402 1931 ditione
2431 1876 2603 1931 vobis
2635 1874 2974 1931 faventibus
3031 1874 3444 1931 constituatur.
3500 1877 3642 1933 Volo
3673 1881 3731 1934 et

263 1972 634 2028 collaudante
669 1986 852 2043 super
870 1969 1021 2026 duce
1042 1973 1213 2037 nato,
1246 1969 1720 2039 regredientibus
1742 1983 1939 2041 popu-
2051 1962 2319 2019 obtestor
2370 1970 2450 2029 ut,
2512 1964 2630 2020 fide
2685 1968 2903 2019 nostrae
2965 1963 3328 2018 credulitatis
3383 1964 3475 2020 sui
3520 1965 3728 2021 ﬁdeles

257 2062 451 2118 lorum
485 2060 719 2127 turmis,
755 2059 973 2133 praesul
1004 2074 1148 2113 cum
1179 2059 1444 2114 Bothone
1472 2058 1836 2114 renuntiavit
1859 2057 1939 2112 de
2051 2049 2266 2118 effecti,
2296 2052 2674 2107 securitatem
2719 2051 2888 2106 istius
2940 2051 3108 2119 regni
3139 2050 3236 2105 isti
3283 2051 3492 2108 infanti
3542 2053 3727 2110 facia-

251 2167 442 2225 puero
468 2167 610 2224 quas
639 2153 811 2219 gesta
837 2153 975 2204 sunt
1001 2145 1292 2202 Willelmo
1321 2147 1480 2203 duci.
2051 2139 2144 2207 tis,
2196 2141 2340 2214 quia
2396 2141 2752 2211 ignoramus
2811 2140 2960 2212 quid
3022 2139 3291 2196 futurum
3347 2143 3538 2214 pariet
3584 2146 3728 2199 tem-

900 2250 1286 2290 APOSTROPHA.
2048 2244 2166 2300 pus
2196 2229 2430 2286 erroris.
2468 2251 2493 2278 ››
2525 2233 2687 2286 Tunc
2731 2228 3174 2301 responderunt
3214 2229 3297 2284 illi
3351 2232 3571 2287 seniori
3601 2236 3727 2287 tam

543 2327 726 2396 Felix,
760 2343 797 2382 o
827 2323 1108 2380 meritum
1136 2322 1240 2378 fati
2049 2317 2367 2374 affabiliter
2422 2317 2735 2390 loquenti:
2797 2341 2824 2366 ‹‹
2857 2317 3045 2372 Jussis
3102 2317 3212 2372 tuis
3261 2320 3546 2376 continuo
3590 2320 3726 2375 vitae

544 2415 775 2485 Insigni
806 2417 975 2486 patre
999 2415 1330 2484 matreque,
2048 2411 2266 2462 nostrae
2321 2422 2502 2461 cursu
2547 2405 2884 2477 paruimus,
2936 2410 2992 2461 et
3047 2407 3321 2477 quandiu
3378 2409 3726 2481 superstites

543 2503 796 2560 Infantis
827 2499 1060 2557 celebre
1089 2500 1262 2564 sacri,
2050 2494 2360 2560 fuerimus,
2393 2493 2501 2548 iste
2533 2493 2642 2550 erit
2675 2494 2851 2550 nobis
2882 2508 3189 2562 congruus
3224 2511 3448 2567 comes,
3477 2498 3724 2570 duxque

543 2591 827 2649 Richardi
861 2604 1107 2662 quoque
1137 2589 1400 2645 nomine.
2049 2583 2337 2654 patricius
2424 2582 2854 2653 haereditarius,
2923 2582 3175 2653 ejusque
3238 2590 3540 2658 praecepto
3616 2601 3725 2656 per

545 2682 732 2753 Cujus
763 2676 1124 2752 puriﬁcatio,
2047 2673 2257 2728 omnia
2285 2671 2866 2743 obtemperabimus.
2901 2671 3024 2726 Hoc
3083 2687 3348 2744 namque
3399 2673 3721 2728 consilium

547 2775 614 2827 Et
645 2769 822 2840 cujus
853 2765 1164 2822 renovatio
2047 2759 2448 2833 complacebit
2472 2759 2755 2815 omnibus
2789 2759 2902 2814 sub
2959 2762 3074 2814 tuae
3105 2760 3491 2831 protectionis
3540 2759 3722 2816 tutela

545 2863 611 2916 In
643 2857 833 2932 patris
865 2854 1102 2911 Domini
1134 2854 1255 2924 Dei,
2046 2847 2589 2904 commorantibus.
2629 2872 2654 2898 »
2713 2851 2872 2904 Tunc
2942 2845 3024 2902 illi
3095 2847 3493 2921 adimplentes
3542 2848 3722 2919 jussa

541 2954 620 3006 At
649 2947 834 3039 hujus
867 2942 1100 3039 Sob-olis
1133 2943 1252 3039 Dei,
1972 2984 2012 3039 ε
2046 2937 2414 3039 marchinois
2490 2937 2868 3004 nobilissimi,
2941 2936 3110 3005 regni
3183 2937 3558 2993 securitatem
3630 2935 3720 2992 Bi-

549 3037 712 3097 Sacri
745 3033 1029 3093 Flammis
1055 3037 1111 3089 et
1141 3033 1240 3088 Dei
1274 3052 1286 3089 :
1975 3026 2012 3039 ”
2047 3028 2277 3084 chardo
2308 3043 2495 3100 puero
2527 3026 2970 3096 elegantissimo
2999 3026 3303 3098 facientes,
3337 3030 3716 3082 sacramento

554 3127 740 3184 Unius
767 3128 972 3180 tamen
1002 3126 1060 3178 et
1088 3121 1208 3191 Dei,
2046 3134 2203 3174 verae
2229 3117 2368 3173 ﬁdei
2398 3117 2682 3173 manibus
2712 3115 3045 3172 voluntarie
3071 3115 3224 3172 datis
3254 3116 3718 3172 commendave-

550 3216 680 3272 Veri
706 3212 955 3270 nomine
987 3210 1236 3284 perpeti.
2045 3214 2188 3265 runt
2217 3225 2279 3264 se
2308 3207 2409 3263 illi.

552 3308 759 3363 Castro
791 3301 950 3357 facta
974 3297 1283 3355 decentius
2688 3310 3073 3350 APOSTROPHA.

551 3396 596 3451 Ο
630 3392 917 3448 Fiscanne
949 3392 1073 3455 tuo,
1108 3386 1293 3443 maris
2192 3390 2235 3444 Ο
2259 3386 2549 3443 Richarde
2577 3388 2812 3459 potens,
2840 3388 2896 3439 et
2919 3382 3169 3456 probus,
3200 3385 3257 3438 et
3282 3382 3436 3454 pius,

552 3486 740 3554 Prope
769 3480 969 3536 littora
997 3477 1162 3550 quod
1193 3476 1372 3558 viget.
2262 3478 2410 3538 Dux,
2433 3479 2782 3546 martyrque
2812 3472 3028 3527 future.

555 3574 773 3629 Omnes
794 3566 1063 3639 undique
1095 3565 1360 3637 clericos,
2190 3565 2418 3621 Pollens
2447 3563 2555 3619 iste
2583 3579 2735 3635 puer
2763 3565 2953 3618 matre
2981 3565 3145 3616 satus
3176 3575 3369 3628 sacra,

553 3661 757 3717 Plebes
786 3662 843 3714 et
872 3656 1132 3732 populos
1163 3656 1310 3713 sciat
1342 3655 1479 3728 [ciat
1510 3655 1602 3712 vel
1632 3654 1786 3726 ciet],
2258 3656 2435 3709 Justae
2474 3650 2780 3724 progeniei

557 3754 769 3808 Sacros
795 3752 860 3804 ut
883 3745 1110 3818 jubilos
1139 3744 1290 3801 ferat
2187 3742 2405 3808 Haeres,
2437 3755 2562 3795 non
2590 3738 2972 3811 importunus
3003 3735 3111 3792 erit
3140 3739 3281 3806 Deo,

554 3839 726 3909 Patri,
753 3843 812 3895 et
839 3835 1178 3905 verbigenae
1211 3837 1327 3890 Deo
2259 3829 2424 3886 Clero
2447 3843 2557 3882 nec
2587 3826 2956 3899 populoque.

554 3933 729 3986 Partu
759 3925 1026 3995 virgineo
1058 3924 1237 3992 edito,
2188 3921 2402 3974 Verum
2423 3931 2727 3985 congruus
2757 3919 2814 3970 et
2844 3911 3208 3968 conveniens
3239 3914 3428 3982 pater,

557 4062 572 4076 .
609 4063 622 4075 .
659 4061 670 4073 .
705 4015 1145 4085 Flaminejcum
1172 4029 1361 4070 sacro.
2256 4009 2484 4072 Justus,
2507 4003 2932 4076 patriciusque.

336 4112 663 4167 Transacta
714 4105 975 4178 denique
1027 4103 1287 4159 duarum
1342 4103 1631 4158 horarum
1682 4099 1934 4155 interea-
2190 4098 2442 4153 Sanctus
2468 4091 2760 4162 marchio,
2795 4095 3075 4146 constans
3101 4104 3301 4144 eomes
3329 4092 3386 4144 et
3413 4087 3630 4157 bonus,

260 4200 489 4276 pedine
547 4195 1044 4267 mirabilibusque
1099 4190 1482 4248 incrementis
1547 4193 1935 4259 augmentato
2261 4187 2389 4240 Dux
2419 4187 2475 4238 et
2503 4179 2998 4237 christicolarum.

260 4267 574 4364 profusius
604 4285 897 4341 Richardo
946 4283 1194 4350 infante,
1223 4281 1400 4355 coepit
1445 4280 1568 4335 dux
1600 4277 1935 4333 Willelmus
1971 4339 2014 4364 Π
2189 4273 2443 4343 Fulgens
2473 4275 2652 4342 atque
2681 4271 3046 4342 propagator
3075 4267 3182 4323 erit
3221 4282 3388 4323 sacer

604 4339 957 4431 eoinmodo
1023 4339 1338 4428 salubritei'
1403 4373 1671 4436 tractare,
1739 4366 1935 4439 deque
1971 4339 2014 4392 θ
2259 4339 2420 4419 verae
2447 4339 2811 4418 credulitatis

267 4467 366 4522 sui
395 4445 734 4522 ducaminis
765 4477 1111 4518 successore
1141 4460 1390 4534 cupiens
1415 4457 1741 4530 adimplere
1769 4455 1937 4529 quod
2188 4459 2268 4509 Ac
2297 4451 2520 4521 legum.
2555 4449 2782 4521 Populo
2808 4446 3087 4504 distribut
3114 4445 3251 4518 pius

267 4554 628 4612 volvebatur
654 4555 714 4609 in
745 4554 876 4624 ejus
924 4551 1123 4608 corde.
1155 4551 1338 4621 Hujus
1385 4548 1587 4620 itaque
1629 4545 1936 4616 cogitatio-
2259 4543 2283 4595 J
2293 4544 2456 4595 ustas
2483 4541 2673 4594 rector
2701 4535 2992 4592 habenas.

268 4645 370 4702 nis
401 4643 735 4698 diutissime
766 4622 822 4698 et
867 4641 1078 4698 acriter
1126 4637 1625 4696 sollicitudinibus
1673 4635 1937 4706 exagita-
2192 4632 2258 4685 Et
2285 4627 2491 4701 plebes
2519 4624 2756 4682 soboles
2787 4627 2852 4678 ut
2876 4622 3198 4678 moderans
3224 4622 3360 4691 pate

271 4741 394 4801 tus,
425 4733 711 4805 omnique
741 4731 1036 4788 desiderio
1066 4729 1279 4785 intueri
1327 4727 1639 4797 diligenter
1680 4725 1938 4796 gestiens
2260 4721 2418 4774 Juste
2447 4713 2807 4805 paciﬁcabit.

273 4798 452 4895 cujus
481 4798 859 4890 valetudinis,
890 4821 1140 4892 cujusve
1189 4817 1512 4890 sospitatis,
1565 4815 1713 4889 quin
1760 4814 1942 4870 etiam
2193 4808 2277 4865 llli
2304 4807 2381 4863 sit
2407 4821 2595 4880 puero
2623 4802 2830 4895 gloria,
2865 4817 3004 4895 pair,
3036 4798 3240 4866 decus,

273 4889 577 4970 crescente
617 4915 788 4967 aetate
839 4889 1012 4982 cujus
1060 4909 1268 4964 formas
1293 4889 1408 4962 ﬁve]
1448 4905 1646 4979 qualis
1701 4909 1941 4960 statura
2264 4901 2432 4954 Jesus
2463 4899 2519 4951 et
2548 4892 2737 4966 gratia
2763 4889 2990 4982 Christi.

273 4968 595 5074 exoptatus
637 4999 795 5055 ﬁlius
841 4968 1017 5054 fuerit
1071 5013 1214 5052 suus
1262 4968 1609 5059 Richardus,
1656 4993 1814 5049 misit
1842 4992 1946 5048 do.
2125 4988 2310 5059 Hujus
2336 4999 2599 5057 namque
2626 4977 2853 5074 consilii
2883 4968 3707 5074 peractoonegotio,quin3;::o

277 5091 554 5160 migenas
586 5088 793 5143 secreti
838 5087 928 5142 sui
978 5085 1270 5153 conscios,
1325 5087 1390 5138 ut
1432 5081 1511 5137 ad
1556 5082 1759 5137 villam
1807 5097 1944 5153 quia
2053 5073 2478 5148 omnipotentis
2507 5070 2607 5127 Dei
2631 5069 2986 5140 disponente
3021 5061 3283 5131 arbitrio,
3315 5060 3495 5132 coepit
3539 5063 3708 5130 pater

276 5150 496 5236 dicitur
527 5177 804 5235 Chevillei
836 5177 993 5233 clam
1039 5150 1469 5247 deportaretur.
1518 5172 1720 5228 Delato
1767 5150 1944 5242 igitur
2052 5164 2255 5235 sagaci
2283 5167 2478 5218 mente
2518 5156 2808 5247 meditari,
2840 5154 3126 5247 quoloco
3158 5150 3461 5247 quibusve
3508 5151 3711 5246 posset

277 5269 508 5326 infante
538 5268 617 5324 ad
671 5266 969 5340 praedicta:
1022 5237 1172 5320 villa;
1225 5263 1448 5332 locum,
1497 5237 1942 5335 assumptisque
2051 5253 2294 5312 enutriri
2326 5249 2639 5307 salubriter
2663 5251 2719 5302 et
2741 5245 3004 5301 educari.
3030 5243 3126 5300 His
3154 5239 3512 5297 incumbens
3531 5237 3709 5293 rima-

279 5357 471 5414 tribus
494 5357 632 5413 ﬁdis
666 5327 992 5411 secretariis
1024 5352 1173 5422 suis,
1207 5327 1529 5415 Bernardo,
1575 5327 1864 5406 Both-one-
1888 5353 1942 5405 et
2050 5343 2336 5411 tionibus,
2396 5339 2526 5396 inﬁt
2572 5335 3019 5411 praenominatis
3059 5332 3247 5390 tribus
3279 5349 3290 5386 :
3347 5352 3374 5381 ‹‹
3410 5327 3706 5422 Quoniam

280 5445 517 5514 Anslec,
549 5444 849 5516 profectus
877 5447 967 5498 est
993 5442 1118 5496 dux
1147 5417 1224 5496 ad
1256 5456 1415 5495 eum.
1466 5442 1655 5505 Quem
1697 5439 1827 5511 ipse
1857 5437 1944 5492 di-
2051 5432 2295 5507 quidem
2355 5426 2847 5498 Rothomagensis
2915 5425 3118 5481 civitas
3179 5426 3451 5478 Romana
3509 5417 3708 5491 potius

283 5535 565 5606 ligentius
603 5534 860 5599 intuens,
907 5539 963 5588 et
991 5546 1282 5603 compage
1329 5507 1740 5585 membrorum
1788 5527 1943 5582 illius
2051 5539 2237 5596 quam
2261 5521 2471 5577 Dacica
2493 5518 2674 5574 utitur
2693 5515 3052 5589 eloquentia,
3075 5518 3132 5570 et
3153 5509 3559 5582 Bajocacensis
3573 5507 3710 5562 frui-

282 5595 570 5681 Πῖωιὼιιε
601 5595 926 5689 attrectata,
980 5595 1158 5693 prout
1201 5595 1388 5674 aetatis
1435 5621 1562 5674 erat
1605 5617 1936 5674 formet":n
2055 5595 2152 5670 tur
2171 5609 2540 5684 frequentius
2571 5606 2785 5664 Dacica
2803 5606 3210 5677 linguaquam
3239 5604 3510 5657 Romana
3535 5595 3706 5668 ;volo
