4004 6178
298 173 396 228 691

1270 166 1576 223 DUDONIS
1617 167 1871 224 DECANI
1912 167 1970 226 S.
2017 164 2330 233 ΟΙΠΝΤῙΝῙ
2366 167 2745 225 VlBOMAND.

3619 161 3730 218 892

300 299 405 351 tua
432 291 705 350 custodia
726 294 781 346 et
805 289 1134 346 enutriatur
1157 294 1212 346 et
1238 291 1523 347 educetur
1563 309 1701 348 cum
1732 307 1958 361 magna
1993 297 2039 348 Α
2069 292 2175 347 bat
2203 291 2263 346 in
2294 295 2449 348 statu
2478 292 2634 348 illius
2664 290 2941 364 pectoris.
2978 293 3104 363 ipse
3134 292 3358 358 autem,
3390 285 3735 343 secundum

302 381 627 453 diligentia,
663 379 894 435 fervens
924 379 1282 453 loquacitate
1309 381 1544 451 Dacica,
1574 387 1815 454 tamque
1836 381 1956 436 dis-

305 489 446 530 cens
476 469 666 527 tenaci
703 470 1018 534 memoria,
1073 475 1138 526 ut
1183 475 1366 543 queat
1408 471 1792 528 sermocinari
1824 487 1958 543 pro-

302 561 493 618 fusius
566 558 709 613 olim
785 564 995 615 contra
1071 560 1418 630 Dacigenas.
1456 583 1482 610 υ
1547 565 1708 616 Tunc
1776 561 2000 631 Botho_

303 649 689 724 acquiescens
720 648 969 704 senioris
996 650 1345 706 voluntariae
1376 651 1663 722 petitioni,
1697 655 1753 705 et
1781 649 1962 704 susci-

302 740 474 814 piens
524 737 898 812 praecipuum
928 737 1217 794 infantem
1265 739 1343 795 ad
1383 755 1591 794 curam
1639 739 1959 808 educandi,

303 827 440 883 urbi
490 842 628 882 eum
681 825 889 881 detulit
944 827 1171 882 concite
1230 828 1629 896 Bajocacensi,
1701 842 1962 899 eumque

304 914 649 973 cusdodivit
698 919 764 970 ut
809 915 1103 986 pupillam
1133 916 1288 970 oculi
1320 916 1430 971 sui.
1469 919 1594 971 Dux
1645 932 1786 972 vero
1836 915 1965 971 Wil-

305 1005 522 1062 lelmus
580 1003 659 1060 ob
708 1020 977 1059 amorem
1017 1004 1382 1060 dilectissimi
1423 1005 1526 1059 ﬁlii
1575 1006 1684 1068 sui,
1738 1006 1966 1061 Pascha

306 1095 494 1167 ipsius
521 1092 662 1149 anni
690 1093 938 1162 Bajocas
960 1092 1298 1158 celebravit,
1331 1094 1685 1150 coadunatis
1713 1095 1965 1166 optima-

308 1184 468 1241 tibus
512 1182 862 1236 Britannicze
909 1181 1509 1254 Northmannicaaque
1566 1183 1844 1251 regionis.
1903 1185 1966 1238 Et

307 1271 423 1327 illic
466 1273 734 1326 moratus
765 1274 856 1324 est
884 1268 1076 1324 donec
1109 1277 1306 1326 essent
1333 1273 1612 1327 transacti
1654 1289 1838 1327 sacrze
1869 1288 1964 1327 so-

305 1357 628 1415 lemnitatis
660 1361 1029 1413 Pentecostes
1055 1358 1182 1414 dies
1211 1359 1423 1416 festivi.
1461 1362 1718 1434 Cupiens
1764 1366 1964 1417 autem

305 1447 598 1505 infantem
675 1447 1038 1502 Richardum
1111 1465 1360 1504 suorum
1417 1450 1686 1506 ﬁdelium
1771 1466 1966 1506 sacra-

306 1540 512 1594 mento
559 1541 616 1592 et
657 1537 1000 1608 juramento
1053 1537 1113 1592 in
1153 1554 1341 1607 regno
1397 1539 1740 1596 conﬁrmari
1786 1545 1840 1594 et
1873 1556 1967 1593 su-

2067 381 2223 436 vires
2274 381 2478 444 aetatis,
2534 380 2831 454 quidquid
2879 379 3025 436 boni
3075 382 3309 452 poterat
3357 375 3742 449 adimplebat

2069 469 2250 540 gestis
2275 470 2534 543 optimis.
2572 473 2640 526 Ut
2669 476 2866 526 autem
2895 469 3174 525 adolebat
3189 466 3600 536 vegetabiliter
3620 465 3742 519 bu-

2068 559 2266 614 manis
2296 560 2694 626 incrementis,
2723 560 2801 615 ita
2831 557 3271 614 fecundabatur
3306 555 3554 612 feliciter
3603 554 3742 608 vita

2069 649 2584 721 meritisQuzeque
2598 647 3388 704 boniaudiebatmemoriter
3399 647 3747 700 retraetans

2068 737 2399 805 retinebat;
2469 737 2632 793 mala
2681 753 2824 792 vero
2880 752 3170 808 respuens
3229 731 3745 806 tloccipendebat.

2073 829 2456 899 Quaecunque
2504 825 2651 895 legis
2707 825 3062 896 tegebantur
3119 825 3398 888 obscura,
3461 824 3750 876 reserata

2072 916 2438 972 enucleatius
2457 915 2726 972 solvebat
2747 916 2971 971 omnia.
2990 917 3153 970 Patre
3169 929 3312 969 vero
3341 911 3658 978 Willelmo,
3674 913 3753 964 ut

2070 1005 2428 1061 recensitum
2473 1010 2560 1060 est
2610 1005 2744 1060 licet
2788 1004 3000 1060 hebete
3044 1004 3215 1074 stylo,
3247 1000 3518 1075 perﬁdiae
3565 1014 3752 1054 naevo

2071 1094 2476 1166 martyrisato,
2501 1099 2556 1150 et
2575 1094 2635 1150 in
2653 1094 2932 1150 stellifero
2953 1108 3136 1161 regno
3160 1091 3399 1146 feliciter
3417 1092 3751 1152 coronato,

2073 1186 2398 1253 antequam
2429 1183 2778 1238 humaretur
2807 1197 3026 1253 corpus
3056 1181 3184 1250 ejus
3215 1177 3513 1250 sepulcro,
3547 1175 3756 1231 addu-

2071 1275 2288 1327 xerunt
2308 1272 2670 1327 Richardum
2701 1288 2955 1344 puerum
2995 1271 3096 1342 qui
3129 1268 3348 1324 residui
3395 1267 3643 1322 fuerunt
3679 1265 3756 1320 in

2072 1376 2280 1430 regno,
2322 1366 2378 1416 et
2427 1361 2531 1433 qui
2562 1377 2682 1417 non
2729 1361 2919 1416 ierant
2947 1360 3024 1415 ad
3062 1360 3400 1414 luctuosum
3443 1355 3758 1427 placitum

2075 1465 2214 1504 cum
2240 1465 2332 1505 eo.
2365 1453 2526 1506 Tunc
2576 1449 2965 1505 Northmanni
3004 1453 3059 1503 et
3085 1446 3350 1501 Britones
3380 1447 3558 1498 tanta;
3606 1441 3760 1514 pul-

2075 1539 2426 1594 chritudinis
2455 1544 2511 1594 et
2537 1539 2840 1607 dignitatis
2871 1554 3123 1610 puerum
3153 1535 3441 1602 videntes,
3491 1531 3760 1602 lugubri

306 1623 566 1690 blimari,
599 1624 928 1698 assumpsit
960 1630 1184 1696 septem
1225 1627 1542 1698 optimates
1586 1627 1831 1698 majoris
1857 1644 1962 1700 po-
2003 1645 2043 1698 Β
2075 1627 2375 1699 ﬂebilique
2408 1643 2553 1683 voce
2586 1627 3016 1696 singultientes,
3066 1625 3304 1696 altaque
3352 1623 3760 1676 diversorum

307 1715 523 1781 tentias,
558 1719 613 1769 et
641 1714 853 1789 pandit
879 1713 992 1768 illis
1022 1730 1159 1768 cum
1192 1715 1378 1770 tribus
1410 1732 1592 1788 supra
1619 1717 1850 1788 scriptis
1881 1731 1966 1771 se-

309 1809 538 1860 cretum
568 1802 888 1858 voluntatis
920 1819 1080 1857 suae:
1142 1827 1166 1851 ‹‹
1200 1807 1415 1859 Rerum
1453 1805 1691 1860 fortuna
1721 1805 1960 1861 casibus

309 1891 454 1964 quia
480 1890 810 1945 innumeris
841 1906 1079 1962 semper
1099 1896 1344 1960 rotatur,
1364 1908 1620 1965 raroque
1647 1894 1745 1948 ulli
1767 1898 1960 1948 certus

309 1995 630 2036 causarum
680 1984 967 2045 eventus;
1029 1980 1332 2052 quocirca,
1389 1981 1559 2036 vobis
1604 1981 1960 2048 faventibus,

306 2067 442 2123 volo
470 2071 536 2122 ut
565 2083 659 2122 me
691 2067 1006 2139 superstite
1035 2068 1190 2123 ﬁlius
1222 2086 1390 2124 meus
1419 2069 1746 2125 Richardus
1774 2070 1962 2124 haeres

308 2172 459 2212 meas
486 2155 724 2211 ditionis
737 2172 771 2211 a
784 2155 951 2212 vobis
965 2157 1372 2224 constituatur,
1391 2174 1724 2231 manusque
1741 2165 1966 2214 vestras

307 2245 434 2302 vice
464 2244 659 2300 cordis
698 2245 827 2316 ejus
859 2245 1199 2301 concedatis
1243 2247 1543 2313 manibus,
1578 2252 1873 2320 pactaque
1903 2247 1970 2301 ﬁ-

310 2334 521 2391 delitas
563 2350 717 2390 vera:
747 2334 887 2389 ﬁdei
938 2340 1142 2390 vestrae
1169 2336 1468 2406 juramine
1519 2337 1736 2392 obnixe
1767 2337 1967 2391 ﬁrme-

309 2429 426 2492 tur,
459 2431 637 2496 atque
670 2428 865 2479 vestro
895 2423 1144 2479 consilio
1194 2425 1506 2480 utilissimo
1534 2426 1664 2498 ipsa
1710 2431 1828 2481 tota
1860 2442 1969 2497 pa-

310 2513 422 2569 tria
448 2513 772 2586 prudenter
798 2517 1056 2582 regatur.
1097 2536 1121 2561 ››
1155 2513 1254 2568 His
1285 2515 1794 2586 propositionibus
1823 2514 1970 2569 hila-

307 2616 403 2657 res
447 2599 889 2672 responderunt
941 2605 1168 2673 septem
1217 2601 1532 2673 optimates
1569 2620 1581 2656 :
1635 2626 1661 2651 ‹‹
1685 2602 1742 2658 Si
1773 2601 1970 2673 praeri-

309 2689 464 2746 mari
492 2693 548 2745 et
575 2689 983 2762 prascogitare,
1011 2689 1284 2762 quinimo
1310 2690 1633 2763 praedicere
1650 2690 1812 2762 quod
1836 2706 1971 2762 pro—

307 2778 560 2859 posuisti
590 2778 795 2834 animo
825 2794 948 2833 non
979 2780 1274 2850 aestuaris,
1309 2796 1645 2848 congruum
1679 2783 1734 2834 et
1763 2794 1971 2834 conse-

309 2883 502 2946 quens
537 2883 923 2940 summopere
954 2869 1129 2923 nobis
1159 2873 1333 2934 esset,
1373 2874 1439 2924 ut
1466 2873 1670 2924 nostro
1700 2873 1966 2940 precatu,

310 2962 634 3029 nostraque
692 2957 940 3012 sollicita
987 2957 1396 3013 exhortatione
1454 2957 1797 3013 admonitus
1854 2957 1968 3013 hoc

310 3047 556 3113 faceres,
584 3046 728 3118 quia
757 3047 1162 3102 necessarium
1193 3047 1306 3102 hoc
1349 3047 1674 3116 negotium,
1709 3051 1765 3102 et
1793 3063 1970 3120 pecu-

313 3134 518 3190 liarius
543 3133 719 3189 nobis
752 3139 856 3190 est.
895 3157 920 3179 η
953 3134 1044 3190 His
1083 3133 1256 3189 dictis
1283 3134 1576 3190 Richardo
1603 3135 1812 3190 infanti
1842 3151 1968 3190 ma-

309 3223 491 3280 nibus
554 3223 674 3278 suis
731 3223 909 3294 datis,
981 3239 1160 3296 super
1226 3230 1638 3280 sacrosanctas
1691 3224 1970 3296 reliquias

309 3313 490 3369 ﬁdem
549 3313 935 3386 obsequentis
975 3313 1300 3369 famulatus
1353 3319 1410 3368 et
1465 3314 1832 3369 militationis
1883 3314 1968 3369 fa-

310 3403 552 3470 cientes,
581 3403 1039 3475 spoponderunt
1055 3407 1112 3458 et
1128 3407 1422 3458 voverunt
1441 3401 1521 3457 illi
1548 3419 1612 3457 se
1641 3419 1748 3475 per
1768 3403 1971 3458 omnia

309 3508 437 3549 esse
465 3492 692 3548 ﬁdeles.

957 3594 1338 3634 APOSTROPHA.

456 3667 616 3725 Sacri
643 3672 699 3724 et
730 3666 977 3736 ordinis,
1005 3671 1064 3722 et
1091 3667 1534 3740 graduumque,

454 3760 604 3812 Puer
632 3756 871 3829 inclyte,
906 3760 963 3812 et
990 3755 1206 3812 indolis
1238 3757 1413 3813 almze

453 3848 619 3901 Patre
651 3846 726 3902 de
756 3844 943 3901 nitido
979 3850 1122 3916 sate,
1151 3845 1360 3900 matris

454 3936 674 3991 Genere
700 3950 773 3989 ex
803 3933 998 4004 rutilo,
1030 3933 1433 4006 ingenuoque.

453 4023 650 4080 Merito
679 4023 786 4079 tibi
815 4023 1092 4079 subditur
1119 4023 1232 4080 ista

453 4112 643 4169 Patria
671 4117 729 4168 et
756 4113 942 4184 regio,
975 4113 1168 4169 editus
1200 4130 1263 4169 es
1293 4129 1434 4188 qua.

456 4202 604 4266 Quia
631 4203 756 4257 dux
784 4203 1001 4270 bonus,
1036 4209 1092 4260 et
1121 4220 1326 4260 comes
1360 4204 1555 4260 almus

459 4290 581 4344 Eris
611 4290 907 4359 indigenze
936 4292 1256 4348 morulanti
1285 4293 1402 4362 hic,

457 4377 583 4432 Eris
610 4383 668 4433 et
691 4355 874 4433 decus
906 4379 1303 4436 Ecclesiarum
1389 4355 1399 4362 '
2009 4355 2050 4409 D

459 4469 639 4524 Sacra
663 4466 870 4537 gloria,
898 4483 1037 4540 spes
1068 4469 1388 4524 recolenda

455 4559 679 4627 Vagus,
711 4558 1040 4629 orphanus,
1075 4557 1262 4624 exsul,
1295 4557 1610 4634 inopsque,

458 4645 710 4718 Capiens
737 4646 869 4719 opis
899 4645 1187 4703 auxilium
1215 4663 1252 4703 a
1279 4652 1334 4704 te

454 4735 669 4791 Hilaris
695 4739 996 4792 saturatus
1023 4736 1230 4793 obibit.

383 4825 482 4882 His
511 4837 777 4898 namque
807 4826 1028 4897 sagaci,
1057 4827 1458 4900 prudentique
1498 4833 1555 4884 et
1584 4828 1810 4884 salubri
1835 4845 1974 4885 con-

313 4912 443 4969 silio
481 4913 760 4982 deﬁnitis,
792 4913 1093 4986 rebusque
1145 4915 1420 4987 pluribus
1471 4932 1656 4972 sacra:
1702 4917 1972 4972 Ecnlesiaa

311 5002 518 5075 reique
547 5001 801 5078 publicae
852 5002 1167 5059 salubriter
1214 5003 1540 5069 adornatis,
1593 5005 1764 5060 rediit
1815 5006 1975 5078 quis-

311 5107 431 5165 que
459 5091 537 5148 ad
565 5108 674 5148 sua
695 5092 865 5148 laatus
887 5098 944 5149 et
968 5092 1191 5149 hilaris.
1223 5096 1448 5150 interea
1469 5094 1668 5149 infans
1693 5095 1866 5150 bona:
1891 5095 1974 5151 in-

312 5179 488 5247 dolis,
522 5180 818 5258 primique
841 5182 1031 5251 gratia
1058 5182 1240 5250 ﬂoris,
1272 5181 1602 5240 Richardus
1639 5184 1857 5240 scilicet
1885 5200 1976 5240 ce-

310 5267 512 5332 lebris,
547 5267 918 5327 formabatur
947 5272 1173 5347 capsim
1210 5272 1288 5328 ab
1319 5273 1509 5328 annis.
1545 5273 1742 5330 Gratia
1771 5279 1972 5330 autem

315 5354 564 5434 Spiritus
595 5356 784 5412 sancti
804 5358 1113 5430 adaugens
1151 5361 1308 5416 illius
1338 5367 1508 5418 antra
1550 5363 1829 5433 pectoris,
1861 5362 1975 5418 lar-

313 5444 498 5516 gifluo
528 5461 774 5503 munere
814 5449 1075 5505 ardentis
1107 5451 1308 5518 studii,
1342 5452 1694 5526 sagacisque
1728 5452 1970 5522 ingenii,

311 5535 550 5592 duobus
579 5537 744 5609 quod
776 5543 866 5593 est
896 5537 1193 5595 sufficiens
1242 5542 1570 5610 aggerabat
1614 5542 1973 5615 propensius

444 5627 700 5687 Domum
731 5627 1056 5686 subnixam
1086 5630 1382 5687 columnis
1408 5632 1704 5706 sapientia
1721 5631 1972 5690 fabrica-

2078 1716 2308 1771 ulutatu
2347 1717 2605 1789 suspiria
2645 1716 2996 1780 emittentes,
3039 1714 3314 1769 dixerunt
3366 1710 3696 1765 unanimes
3741 1727 3757 1763 :

2075 1829 2103 1855 ‹‹
2139 1808 2285 1861 Ecce
2307 1806 2400 1861 cui
2423 1805 2659 1870 servire,
2693 1820 2829 1860 ecce
2856 1804 2950 1858 cui
2973 1803 3244 1866 mililare,
3277 1819 3413 1858 ecce
3443 1803 3536 1858 cui
3561 1808 3760 1873 patre

2075 1895 2389 1968 superstite
2414 1894 2596 1949 ﬁdem
2641 1893 2969 1948 fecimus.»
3018 1895 3177 1947 Tunc
3219 1892 3564 1960 Beringerus
3621 1891 3760 1945 Bri-

2076 1984 2327 2040 tannicae
2357 1983 2616 2053 regionis
2642 1999 2846 2037 comes
2881 1981 3238 2053 pmoipuus,
3285 1980 3412 2035 inﬁt
3453 1979 3756 2034 ﬂexibilis

2076 2077 2132 2129 et
2163 2077 2412 2127 maestus
2460 2072 2623 2144 prior
2662 2086 2770 2142 pro
2818 2069 3146 2124 omnibus:
3203 2091 3229 2117 ‹‹
3265 2071 3308 2124 Ο
3363 2069 3631 2123 seniores
3687 2072 3759 2122 et

2077 2160 2559 2230 domni,Arnu1ﬁ
2589 2159 2841 2232 perﬁdia
2870 2158 3078 2213 dolose
3119 2157 3367 2230 decepti,
3413 2162 3756 2212 maerentes

2078 2258 2135 2308 et
2167 2253 2354 2308 tristes
2384 2250 2658 2324 plorabili
2691 2265 2834 2305 nece
2863 2249 3116 2322 piissimi
3148 2247 3756 2318 marchionis,prius-

2079 2359 2263 2414 quam
2294 2339 2674 2395 lamentabile
2705 2355 2924 2410 corpus
2955 2337 3184 2393 tumulo
3215 2336 3519 2400 condatur,
3539 2337 3758 2390 senio-

2080 2446 2206 2484 rem
2237 2429 2527 2484 faciamus
2558 2427 2749 2482 nobis.
2787 2431 2894 2480 Iste
2925 2441 3094 2498 puer,
3126 2429 3190 2480 ut
3217 2424 3338 2477 dux
3369 2421 3532 2476 nobis
3563 2421 3646 2474 sit
3681 2425 3752 2474 et

2079 2518 2381 2590 patricius,
2411 2517 2470 2572 in
2498 2516 2636 2571 sede
2667 2516 2852 2588 patris
2884 2521 2971 2570 est
3001 2511 3436 2582 subrogandus.
3471 2514 3541 2565 Ne
3573 2513 3752 2563 exte-

2078 2623 2154 2661 rae
2207 2611 2410 2677 gentes
2468 2621 2648 2677 super
2689 2621 2799 2659 nos
2842 2604 3154 2664 irruentes,
3207 2602 3436 2672 hocque
3491 2597 3752 2667 negotio

2078 2696 2257 2766 hujus
2284 2693 2614 2750 traditionis
2641 2692 2911 2748 inaudito
2941 2690 3260 2764 priueipari
3292 2704 3467 2761 super
3493 2703 3610 2742 nos
3643 2686 3752 2741 de-

2076 2783 2417 2845 liberantes,
2446 2781 2748 2836 vindicent
2775 2781 2888 2834 sibi
2930 2778 3419 2834 Northmannicas
3444 2775 3751 2830 Britanni-

2078 2889 2300 2945 casque
2349 2873 2520 2939 ﬁnes,
2570 2871 2679 2926 iste
2729 2887 2879 2942 puer
2923 2869 3315 2924 constituatur
3360 2867 3525 2921 istius
3573 2865 3750 2935 regni

2077 2962 2376 3035 princeps.
2412 2964 2775 3032 Scutumque
2806 2959 3106 3032 perditum
3137 2958 3319 3030 patris
3346 2962 3514 3010 scuto
3559 2954 3753 3010 refor-

2078 3056 2331 3116 mantes,
2363 3054 2884 3120 restaurantesque
2914 3049 3043 3118 ejus
3073 3045 3284 3108 soboli,
3312 3044 3635 3100 obstemus
3663 3060 3748 3098 re-

2079 3139 2411 3212 pugnando
2437 3137 2772 3193 volentibus
2805 3136 3102 3192 dominari
3143 3135 3332 3190 nobis.
3367 3156 3392 3182 »
3440 3132 3539 3187 His
3573 3133 3739 3187 dictis

2080 3227 2441 3283 unanimiter
2467 3225 2875 3282 callaudantes
2893 3227 3004 3280 hoc
3027 3223 3362 3291 consilium,
3382 3222 3747 3291 aggrediun-

2080 3322 2177 3372 tur
2233 3316 2479 3372 comites
2537 3331 2674 3370 cum
2733 3329 2957 3382 magna
3015 3313 3345 3384 frequentia
3398 3311 3750 3383 principum

2081 3410 2389 3462 cummoto
2410 3404 2638 3476 impetu
2663 3409 2719 3459 et
2739 3418 3047 3458 murmure
3083 3399 3436 3456 ululantium
3483 3399 3749 3468 ingentis

2079 3492 2422 3550 reverentiae
2480 3491 2841 3548 Richardum
2901 3507 3173 3562 puerum.
3229 3486 3754 3544 Tumultuantium

2081 3588 2281 3639 autem
2309 3581 2671 3655 populorum
2693 3595 3001 3635 murmure
3040 3578 3268 3648 sedato,
3296 3577 3390 3632 vix
3425 3575 3652 3648 adepto
3681 3576 3758 3630 si-

2079 3673 2281 3739 lentio,
2304 3671 2656 3742 Beringerus
2677 3674 2732 3725 et
2753 3670 3042 3736 Alannus,
3063 3668 3393 3739 caateriquaa
3421 3667 3756 3722 Nothman-

2080 3762 2195 3817 nise
2223 3761 2652 3832 Britanniasque
2683 3759 2948 3824 comites,
2991 3759 3146 3814 datis
3175 3757 3459 3812 manibus
3491 3756 3619 3810 suis
3667 3755 3757 3810 Ri-

2082 3851 2326 3912 chardo,
2360 3850 2755 3904 subdiderunt
2771 3866 2833 3904 se
2849 3848 3099 3903 libenter
3129 3847 3229 3917 illi,
3262 3851 3322 3901 ut
3342 3845 3756 3918 promiserant

2082 3940 2225 3996 olim
2253 3937 2404 4011 patri
2424 3937 2660 3994 viventi.
2688 3937 3167 4008 Pignoribusque
3190 3935 3598 4007 pretiosorum
3615 3949 3756 3988 san-

2083 4033 2311 4084 ctorum
2345 4025 2578 4092 delatis,
2607 4026 2882 4080 sanciunt
2920 4025 3002 4079 illi
3031 4030 3295 4080 tenorem
3345 4023 3754 4092 integerrima:

2080 4118 2380 4174 ﬁdelitatis
2412 4121 2468 4173 et
2496 4115 2884 4180 militationis,
2918 4119 3106 4170 morte
3151 4113 3494 4168 christiana
3541 4113 3757 4181 conju-

2081 4208 2346 4264 rationis.
2383 4206 2476 4262 His
2507 4204 2775 4260 ﬂebiliter
2799 4203 3067 4275 expletis,
3101 4202 3496 4275 pluribusque
3524 4201 3602 4256 ad
3633 4214 3754 4256 sua

2079 4301 2355 4363 reversis,
2402 4293 2732 4350 Richardus
2784 4309 2934 4364 puer
2986 4294 3338 4363 exspectatze
3397 4289 3747 4356 nobilitatis,

2081 4385 2542 4456 fortitudineque
2572 4382 2838 4448 celebris,
2871 4383 3241 4449 Rothomago
3269 4379 3564 4435 remansit
3608 4393 3754 4434 cum

2080 4474 2398 4543 tironibus,
2430 4472 2735 4545 patrisque
2763 4471 3122 4539 domlgenis.

2720 4576 3102 4617 APOSTROPHA.

2081 4653 2450 4722 Bothomage
2482 4667 2664 4724 super
2694 4649 2883 4706 missa
2912 4664 3064 4717 vage
3092 4649 3287 4704 littora
3316 4649 3641 4720 Sequente,

2082 4741 2231 4797 Urbs
2255 4740 2513 4797 fecunda
2540 4740 2716 4795 bonis
2744 4739 3046 4803 omnibus,
3079 4744 3136 4793 et
3165 4737 3454 4792 militibus
3485 4737 3633 4792 feris

2079 4830 2324 4902 Semper
2350 4829 2466 4884 feta
2485 4828 2646 4894 laon,
2672 4827 2834 4883 dives
2856 4843 3062 4898 opum,
3082 4826 3380 4898 plenaque
3394 4840 3758 4880 munerum.

2079 4919 2306 4974 Venatu
2325 4917 2624 4983 exhilaris,
2658 4915 2979 4981 sufﬁciens,
3012 4919 3068 4970 et
3097 4913 3458 4985 locupletior!

2080 5006 2392 5063 Multarum
2421 5005 2780 5077 specierum,
2815 5019 3122 5072 generum,
3157 5003 3439 5074 pisceque
3469 5001 3680 5058 ditior.

2080 5094 2225 5150 Altis
2251 5094 2630 5166 alitibusque,
2661 5093 3046 5164 aceipitrique
3077 5091 3318 5164 anticipi
3353 5090 3497 5145 seio.

2081 5183 2256 5240 Omni
2281 5183 2427 5256 quin
2457 5182 2687 5250 melior,
2718 5183 2865 5254 quin
2891 5182 3105 5254 potior,
3141 5181 3287 5235 urbe
3314 5180 3641 5252 potentior,

2080 5275 2287 5329 Portus
2299 5288 2485 5344 quam
2503 5276 2736 5341 vegetat
2759 5271 3041 5339 Belgicus,
3066 5270 3404 5339 etCelticus,
3431 5269 3758 5339 Anglicus.

2081 5361 2284 5418 Gaude
2312 5361 2665 5434 tripudians,
2694 5360 3024 5424 lastiﬁcans,
3057 5359 3371 5425 exilarans,
3404 5359 3555 5430 quia

2083 5451 2374 5508 Perfectus
2400 5451 2617 5519 senior,
2652 5455 2707 5506 et
2735 5451 3018 5507 dominus
3041 5449 3245 5516 legifer
3273 5453 3361 5504 est
3385 5448 3514 5515 tibi,

2082 5542 2368 5597 Defuncto
2385 5547 2440 5596 et
2470 5541 2790 5614 patredux,
2809 5539 3386 5613 patriciusunarchio
3398 5539 3756 5602 habebitur,

2081 5631 2414 5690 Richardus
2435 5631 2702 5703 celebris,
2719 5633 2917 5703 justus
2937 5637 2996 5688 et
3013 5631 3228 5702 almus,
3252 5629 3406 5703 pius,
3423 5630 3754 5698 innocens,
