4004 6178
741 154 835 208 DE
875 154 1120 211 GESTIS
1159 155 1592 214 NORMANNLE
1632 154 1870 213 DUCUM
1908 148 2103 208 LIBRI
2142 148 2343 206 TRES.
2371 183 2443 195 -—-
2468 155 2597 212 LIB.
2630 159 2725 212 lll.
2760 156 3180 213 RICHARDUS.

3596 166 3714 221 θαι

218 275 989 349 Sanctus,religiosusque,
1020 277 1346 347 benignus,
1372 293 1542 333 sacer
1567 284 1624 334 et
1652 277 1903 351 probus,
1938 276 1987 329 Α
2026 274 2413 331 Bernardum
2443 248 2777 353 principem
2805 280 3255 336 Northmannici
3276 283 3594 357 exercitus,
3649 291 3714 343 ut

218 364 523 422 Solemnis
550 365 803 421 celebris
830 381 944 439 pro
969 367 1220 436 meritis,
1254 365 1499 434 dignus,
1535 366 1835 431 amabilis,

216 454 505 522 Dilectus,
538 454 915 520 recolendas,
952 455 1344 522 reverendus,
1379 455 1814 521 memorabilis,

218 544 415 600 Saecla
440 545 576 615 jure
604 544 838 614 valens,
864 545 1001 615 jure
1034 550 1271 617 potens,
1299 544 1438 614 jure
1469 562 1579 617 per
1609 543 1838 600 omnia.

219 632 338 698 Qui
368 637 424 688 te
457 633 601 689 olim
626 633 953 689 moderans
985 637 1277 706 proteget,
1312 638 1370 688 et
1397 634 1790 690 auxiliabitur

218 724 290 777 Et
319 722 499 793 cujus
528 722 751 779 meritis
782 722 1083 777 continuis
1115 722 1290 777 saecla
1317 737 1431 794 per
1451 723 1659 777 omnia

217 810 590 882 Prsefulgens
612 810 1095 883 locupletaberis,
1124 816 1181 867 et
1210 810 1691 867 muniﬁcaberis.

220 902 291 955 Et
322 901 504 971 cujus
529 899 788 963 bonitas,
817 905 873 955 et
897 901 1113 972 pietas,
1137 903 1194 955 et
1222 901 1583 955 reverentia.

222 990 495 1059 Campos
527 988 727 1044 Elisios
760 989 1051 1045 scandere
1092 994 1144 1044 te
1175 991 1350 1057 coget
1382 989 1465 1043 ad
1497 988 1811 1044 ultimum.

293 1077 563 1133 Audiens
613 1082 814 1133 autem
869 1094 979 1133 rex
1036 1078 1290 1134 Franciae
1350 1078 1691 1133 Ludovicus
1724 1074 1918 1148 quod,

220 1164 461 1222 Arnulﬁ
490 1166 864 1222 Flandrensis
891 1167 1128 1223 comitis
1158 1168 1427 1222 versutia
1458 1168 1778 1238 deceptus,
1810 1179 1920 1237 pro

220 1256 545 1313 stabilitate
575 1263 981 1313 sacrosanctae
1039 1257 1335 1327 Ecclesiae,
1384 1261 1738 1329 sanctzeque
1780 1253 1921 1310 ﬁdei

223 1350 285 1402 et
314 1346 499 1418 pacis,
545 1361 781 1419 proque
828 1346 1113 1402 ﬁdelitate
1168 1346 1261 1401 sui
1306 1346 1741 1419 martyrizatus
1768 1347 1922 1401 esset

226 1436 357 1491 dux
396 1435 947 1491 Northmannorum
978 1435 1337 1501 Willelmus,
1408 1436 1669 1491 multum
1697 1434 1920 1491 condo-

223 1524 353 1591 luit,
384 1530 442 1580 et
486 1524 810 1597 optimates
842 1525 1011 1594 regni
1042 1524 1301 1596 exceptis
1337 1526 1553 1581 mortis
1609 1525 1740 1595 ejus
1770 1529 1918 1579 trac-

223 1613 520 1670 tatoribus
571 1615 804 1669 concite
864 1615 1300 1683 Rothomagum
1371 1614 1726 1686 properavit
1775 1628 1914 1668 cum

226 1703 356 1758 suis
385 1702 732 1770 comitibus,
767 1719 949 1775 super
991 1704 1083 1758 his
1112 1718 1247 1775 qua;
1280 1702 1524 1758 nefario
1556 1702 1783 1758 Arnulﬁ
1814 1716 1916 1757 co—

226 1792 391 1848 mitis
415 1796 546 1848 astu
578 1792 925 1848 acciderant
956 1791 1365 1847 consulturus.
1400 1793 1914 1860 Rothomagenses

232 1896 381 1937 vero
418 1880 678 1937 adventu
732 1881 893 1952 regis
926 1880 1208 1937 Ludovici
1261 1880 1490 1936 hilares
1522 1884 1917 1952 susceperunt

236 1985 380 2025 eum
429 1968 707 2037 volenter,
744 1974 1024 2043 putantes
1069 1976 1132 2025 ut
1178 1970 1478 2043 equitaret
1507 1986 1689 2042 super
1744 1969 1912 2026 Flau-

237 2058 505 2129 drenses,
549 2060 961 2131 acerbamque
1008 2064 1067 2115 et
1094 2058 1441 2132 pestiferam
1477 2059 1763 2115 ultionem
1803 2075 1915 2132 pro

228 2149 500 2206 inaudito
530 2149 774 2222 piaculo
803 2150 969 2222 quod
993 2151 1277 2219 fecerant,
1292 2149 1409 2204 illis
1440 2150 1690 2207 reddere
1716 2150 1912 2207 vellet.

230 2239 356 2293 Rex
381 2242 581 2293 autem
610 2238 948 2294 Ludovicus
975 2238 1054 2293 ad
1080 2254 1141 2293 se
1164 2237 1371 2293 venire
1393 2237 1528 2294 fecit
1548 2239 1915 2295 Richardum

228 2330 416 2382 tanta
459 2326 924 2398 pulchritudinis
954 2343 1237 2399 puerum,
1268 2327 1737 2401 lacrymansque
1773 2328 1916 2385 aﬂ‘e-

231 2418 336 2471 ctu
363 2415 576 2472 doloso
606 2420 665 2471 et
694 2415 1077 2472 fraudulento
1111 2415 1379 2489 suscepit
1407 2420 1463 2471 et
1492 2418 1801 2474 osculatus
1826 2422 1917 2474 est

232 2519 399 2573 eum,
425 2503 809 2576 retinensque
826 2505 1007 2576 erepit
1030 2504 1266 2576 epulari
1295 2509 1355 2559 et
1374 2505 1663 2561 recubare
1682 2523 1910 2563 secum.

236 2592 521 2665 Sequenti
550 2608 816 2666 namque
849 2593 943 2649 die
984 2593 1264 2649 nutritori
1309 2594 1454 2649 tanti
1484 2595 1729 2651 honoris
1764 2613 1914 2669 pue-

233 2697 375 2737 rum
423 2682 641 2738 volenti
672 2682 969 2738 deducere
1000 2683 1080 2738 ad
1112 2683 1364 2739 alteram
1394 2683 1667 2752 domum,
1701 2691 1765 2741 ut
1790 2685 1915 2741 bal-

234 2775 448 2827 nearet
474 2776 533 2826 et
558 2771 882 2828 custodiret
905 2788 1065 2837 eum,
1098 2771 1426 2844 prohibuit,
1442 2788 1562 2837 rex,
1579 2778 1635 2828 et
1663 2774 1917 2831 detinuit

238 2873 471 2915 secum.
506 2859 783 2915 Secundo
804 2864 859 2916 et
887 2859 1058 2916 tertio
1083 2859 1181 2915 die
1208 2859 1413 2914 itidem
1439 2859 1609 2915 altori
1639 2862 1917 2919 mstuanti

238 2947 459 3015 facere,
504 2964 628 3004 non
659 2948 796 3007 sinit
850 2966 973 3019 rex,
1024 2964 1237 3006 verum
1266 2949 1573 3023 prohibuit
1614 2952 1915 3009 obstinato
1947 2980 1988 3036 ρ

240 3037 446 3093 corde.
481 3038 976 3096 Animadvertens
1003 3039 1258 3094 nutritor
1300 3042 1542 3111 captum
1575 3056 1709 3097 esse
1735 3047 1914 3099 tanta:

242 3126 587 3183 dulcedinis
614 3143 893 3201 puerum,
936 3129 1017 3185 ad
1048 3128 1283 3184 nullum
1312 3132 1561 3185 conatus
1587 3136 1679 3187 est
1706 3136 1916 3205 postea

239 3215 467 3272 ducere
520 3216 740 3273 locum.
787 3219 972 3288 Hujus
1013 3218 1194 3287 igitur
1230 3218 1312 3273 rei
1342 3217 1505 3273 fama
1548 3223 1669 3276 tota
1711 3221 1917 3277 civitas

240 3304 623 3361 tumultuosa
652 3306 966 3377 excitatur,
1007 3321 1405 3375 murmurque
1460 3308 1754 3380 captionis
1811 3326 1919 3382 per

239 3397 433 3450 totam
477 3395 690 3451 urbem
738 3394 1029 3451 diffusum
1078 3395 1334 3467 sparsim
1390 3397 1729 3454 ventilatur.
1770 3402 1919 3457 Tan.

238 3481 388 3538 dem
418 3499 564 3539 vero
591 3484 930 3541 suburbani
960 3484 1305 3555 conglobati
1344 3501 1482 3541 cum
1508 3487 1760 3558 civibus,
1789 3488 1916 3560 ple-

236 3570 506 3644 beioque
549 3588 714 3629 more
742 3574 1036 3629 irruentes
1075 3574 1152 3629 ad
1184 3574 1437 3630 domum
1468 3575 1810 3649 principum
1841 3578 1919 3633 ci-

237 3659 444 3715 vitatis
472 3660 648 3733 illius,
684 3666 996 3734 cmperunt
1048 3662 1471 3735 blasphemare
1497 3680 1622 3727 eos.
1653 3666 1923 3723 emitten-

240 3751 333 3803 tes
375 3748 646 3820 ingentes
689 3751 966 3821 gemitus,
1027 3754 1084 3806 et
1122 3750 1384 3806 dicentes
1426 3752 1558 3807 altis
1613 3753 1865 3810 vocibus
1898 3776 1922 3823 ε

241 3857 273 3885 κ
316 3840 537 3894 Nostra
594 3839 957 3909 negligentia
1008 3839 1376 3895 Willelmum
1431 3841 1650 3897 ducem
1707 3844 1926 3915 prisci.

242 3942 442 3999 puum
471 3933 742 3984 nostrum
777 3928 1140 3984 advocatum
1182 3929 1496 3984 amisimus
1532 3947 1543 3983 :
1601 3935 1800 3987 vestro
1831 3937 1922 3989 ta-

245 4032 390 4072 men
417 4017 668 4074 consilio
696 4018 929 4090 perﬁdo
955 4033 1076 4073 non
1098 4018 1193 4074 hic
1214 4019 1385 4074 exsul
1405 4020 1919 4077 exterminabitur.

246 4110 367 4163 Nos
397 4122 609 4163 omnes
638 4108 911 4179 perjuros
941 4111 999 4163 et
1024 4123 1227 4177 regem
1257 4109 1438 4178 digne
1470 4109 1924 4179 necabimus,et

244 4196 615 4253 Richardum
642 4202 821 4253 tantae
851 4196 1091 4252 ditionis
1118 4213 1375 4269 puerum
1414 4214 1487 4253 ne
1517 4198 1747 4255 exsulet
1773 4199 1920 4256 libe-

243 4285 543 4342 rabimus.
574 4308 603 4336 »
667 4285 909 4341 Plurimi
960 4290 1160 4341 autem
1221 4286 1522 4358 principes
1572 4287 1919 4359 asperrimis

245 4374 474 4431 civium
505 4374 701 4429 verbis
731 4373 1032 4444 exagitati,
1079 4374 1356 4446 ferroque
1400 4374 1592 4430 induti
1645 4375 1922 4434 velociter

247 4469 309 4519 et
350 4464 559 4528 armis,
600 4462 853 4518 miscent
880 4478 944 4518 se
992 4468 1236 4519 armatae
1282 4462 1462 4535 plebi.
1498 4463 1740 4520 Plurimi
1781 4481 1919 4521 vero

247 4553 612 4608 rusticorum
644 4553 1084 4607 animositatem
1113 4557 1446 4607 metuentes
1479 4552 1762 4607 domibus
1792 4553 1917 4609 suis

246 4644 688 4705 remanserunt,
722 4641 875 4697 ostia
903 4640 1121 4701 obnixe
1149 4640 1563 4697 obﬁrmantes.
1598 4640 1756 4697 Illico
1776 4658 1919 4698 vero

251 4730 428 4804 plebs
470 4746 608 4786 cum
662 4730 909 4786 armatis
960 4729 1251 4785 militibus
1312 4729 1555 4785 ferventi
1614 4729 1817 4786 animo
1864 4736 1919 4787 et

252 4816 448 4873 citatis
504 4817 806 4885 gressibus
858 4817 1144 4874 festinant
1192 4833 1397 4887 regem
1447 4818 1729 4874 invadere
1779 4835 1919 4875 cum

253 4904 380 4961 suis
410 4906 885 4962 comitibus.Bex
913 4912 1115 4963 autem
1147 4912 1209 4962 ut
1239 4905 1609 4961 tumultuarii
1639 4907 1918 4978 strepitus

252 5011 536 5051 murmur
560 4994 807 5065 audivit,
840 4994 1020 5065 coepit
1042 4995 1341 5067 inquirere
1363 5010 1610 5050 causam
1636 4994 1791 5050 illius
1810 4995 1913 5052 rei.

254 5084 613 5156 Dictumque
640 5089 728 5139 est
771 5083 862 5138 ei:
905 5083 1139 5139 «Urbis
1186 5082 1353 5138 istius
1400 5083 1718 5156 principes,
1773 5084 1918 5156 quia

256 5173 622 5231 Richardum
650 5177 830 5229 tantae
858 5172 988 5246 spei
1018 5188 1274 5245 puerum
1318 5171 1378 5227 in
1423 5174 1697 5245 captione
1727 5177 1914 5243 tenes,

258 5263 519 5335 gestiunt
549 5268 604 5319 te
632 5262 918 5319 invadere
944 5261 1309 5319 festinanter.
1342 5261 1446 5317 Vix
1477 5262 1696 5318 evades
1725 5262 1919 5318 immi-

257 5368 414 5409 nens
436 5350 792 5425 periculum.
823 5350 923 5407 vix
942 5350 1297 5407 liberaberis
1330 5366 1366 5405 a
1395 5350 1584 5406 turbis
1614 5351 1837 5407 civium
1863 5353 1919 5407 et

259 5456 591 5498 armorum.
628 5463 656 5489 »
696 5441 867 5497 Mune
897 5456 1000 5495 rex
1047 5438 1248 5509 algida
1276 5455 1501 5511 pavore
1531 5455 1917 5511 praeoccupa-

257 5536 378 5598 tus,
410 5529 898 5602 imminentisque
928 5529 1116 5585 ruinae
1162 5544 1304 5583 casu
1352 5528 1640 5584 tremulus
1688 5532 1745 5583 et
1775 5545 1917 5584 con-

259 5634 496 5687 cussus,
526 5619 775 5680 tandem
798 5619 860 5676 in
904 5618 1294 5693 semetipsum
1323 5633 1619 5688 reversus,
1651 5617 1812 5675 misit
1839 5618 1919 5675 ad

1942 402 1947 411 .
2026 368 2383 419 succureret
2410 365 2463 421 ei
2494 382 2603 439 pro
2630 384 2837 423 amore
2871 369 2972 424 Dei
2996 368 3278 425 velocius.
3316 371 3429 437 Qui
3480 375 3713 433 concito

2023 450 2269 507 remisit
2297 453 2377 509 ad
2406 471 2547 511 eum
2578 457 2703 512 haec
2745 457 2931 512 verba
2974 457 3278 515 dicturum
3307 477 3319 516 :
3372 480 3403 518 ‹
3431 466 3560 520 Non
3588 479 3708 534 me,

2025 553 2145 594 nec
2174 538 2348 598 illum
2378 543 2687 612 liberabo;
2737 546 2839 599 sed
2874 546 2990 600 hac
3023 547 3316 606 seditione
3361 552 3594 619 oborta,
3648 558 3714 611 ut

2029 631 2337 700 animum.
2384 634 2657 690 interibo.
2696 657 2724 684 »
2782 637 2946 689 Tunc
3002 635 3217 691 iterum
3262 654 3366 695 rex
3412 642 3577 698 misit
3631 642 3711 699 ad

2029 732 2197 787 eum,
2250 725 2317 777 ut
2362 739 2485 795 quo
2514 723 2753 779 liberari
2784 728 2996 796 posset
3039 724 3211 781 daret
3262 727 3314 782 ei
3364 731 3704 788 consilium.

2030 808 2378 866 Bernardus
2424 817 2627 867 autem
2678 812 2896 868 timens
2940 829 3016 869 ne
3061 815 3432 873 occideretur
3476 819 3605 892 ipse
3650 824 3709 876 et

2030 911 2156 963 rex,
2198 902 2517 957 remandat
2564 906 2630 957 ut
2677 902 2982 974 accipiens
3034 903 3096 959 in
3140 904 3297 960 ulnis
3343 907 3707 963 Richardum

2031 988 2305 1057 praecelsi
2336 990 2538 1046 auxilii
2569 1007 2850 1063 puerum,
2878 992 3104 1048 veniret
3133 995 3387 1068 supplex
3417 995 3495 1051 ad
3523 995 3706 1052 mise-

2031 1074 2354 1134 ricordiam
2384 1079 2643 1139 militum
2678 1085 2734 1136 et
2765 1082 3009 1137 civium.
3052 1086 3173 1138 Rex
3201 1089 3403 1139 autem
3426 1084 3518 1139 sui
3547 1083 3705 1139 diﬂi~

2029 1164 2202 1232 dens,
2237 1184 2612 1241 suorumque
2650 1168 2953 1226 interitum
2982 1175 3038 1227 et
3067 1172 3531 1228 internecionem
3580 1187 3706 1228 me-

2030 1258 2224 1323 tuens,
2258 1257 2523 1328 suscepit
2550 1257 2613 1313 in
2639 1258 2904 1315 brachiis
2953 1260 3077 1315 suis
3106 1261 3469 1316 Richardum
3525 1265 3704 1317 tantm

2025 1339 2395 1400 liberationis
2424 1361 2709 1419 puerum,
2755 1353 2811 1403 et
2859 1346 3070 1404 detulit
3122 1357 3258 1403 ante
3307 1351 3703 1418 conspectum

2026 1434 2425 1497 armatorum,
2458 1450 2523 1489 se
2555 1439 2612 1491 et
2640 1452 2801 1501 suos,
2845 1436 3100 1510 supplici
3127 1451 3273 1492 voce
3302 1450 3563 1507 poscens
3588 1435 3704 1492 mi-

2026 1519 2416 1577 sericordiam
2461 1522 2728 1594 illorum,
2782 1525 3053 1581 occidere
3096 1523 3441 1581 volentium.
3494 1545 3523 1573 ‹‹
3555 1526 3702 1583 Ecce

1957 1624 1997 1677 Β
2024 1624 2137 1677 ego
2176 1613 2237 1666 et
2264 1615 2464 1667 vester
2492 1614 2711 1682 senior,
2752 1614 3053 1688 quidquid
3091 1614 3166 1669 de
3190 1629 3288 1668 me
3316 1610 3496 1667 vultis
3527 1610 3701 1668 facite

2024 1696 2162 1758 cito.
2194 1702 2431 1755 tantum
2459 1716 2538 1757 ne
2570 1719 2666 1759 me
2695 1720 2986 1777 meosque
3025 1700 3312 1758 occidatis
3357 1698 3702 1772 suppliciter

2022 1786 2329 1859 imploro:
2372 1790 2523 1862 quia
2562 1799 2756 1850 vester
2804 1794 3090 1850 dominus
3137 1806 3261 1846 non
3304 1794 3572 1845 moratus
3612 1794 3702 1846 est

2023 1890 2211 1948 penes
2242 1893 2337 1933 me
2369 1884 2435 1935 ut
2463 1887 2678 1954 captus
2706 1887 3023 1949 teneretur,
3054 1880 3161 1936 sed
3190 1883 3257 1934 ut
3282 1878 3505 1934 notitiis
3534 1893 3701 1948 rega-

2023 1962 2206 2033 libus,
2252 1965 2660 2042 palatinisque
2703 1968 3002 2028 facundiis
3044 1970 3454 2024 instrueretur.
3506 1971 3579 2023 At
3619 1966 3701 2023 illi

2024 2052 2378 2125 recipientes
2409 2057 2777 2117 Richardum
2818 2064 2995 2117 tantae
3027 2056 3258 2114 virtutis
3287 2072 3567 2129 puerum,
3611 2071 3700 2112 re-

2026 2158 2163 2213 gem
2202 2142 2557 2203 humillimaa
2586 2148 3029 2222 deprecationis
3055 2146 3323 2220 plenum,
3371 2146 3450 2202 ad
3496 2144 3700 2202 aulam

2025 2247 2149 2287 suae
2174 2231 2561 2292 habitationis
2583 2243 2641 2293 et
2672 2239 2750 2295 ad
2780 2255 2924 2293 suos
2946 2235 3141 2292 redire
3156 2236 3699 2307 permiserunt.Rex

2024 2324 2229 2381 autem
2276 2322 2612 2382 Ludovicus
2647 2329 2864 2384 anxius
2896 2341 3076 2399 super
3113 2325 3207 2381 his
3234 2324 3698 2399 importunitati-

2024 2409 2159 2476 bus,
2190 2425 2492 2484 superque
2531 2419 2798 2473 venturis
2824 2421 3047 2473 nutans
3078 2419 3136 2471 et
3163 2416 3443 2485 incertus,
3472 2414 3698 2472 salubri

2026 2515 2275 2557 suorum
2306 2501 2740 2576 episcoporum
2775 2511 2832 2561 et
2872 2505 3160 2561 comitum
3191 2505 3488 2575 consultu,
3537 2503 3698 2560 misit

2023 2592 2090 2647 ut
2119 2589 2197 2647 ad
2228 2605 2290 2645 se
2315 2589 2669 2650 festinarent
2706 2599 3029 2669 optimates
3055 2593 3306 2655 civitatis
3332 2594 3509 2663 illius,
3544 2592 3697 2649 scili-

2026 2682 2118 2734 cet
2147 2677 2438 2739 Bodulfus
2469 2685 2528 2737 et
2551 2683 2790 2754 Anslec,
2832 2689 3013 2756 atque
3055 2684 3412 2739 Bernardus.
3466 2670 3695 2745 Quibus

2025 2766 2346 2835 accersitis,
2414 2785 2751 2843 coramque
2801 2772 3098 2844 adductis,
3155 2788 3258 2828 rex
3323 2770 3696 2845 principibus

2024 2855 2156 2917 inﬁt
2184 2855 2364 2917 tristis
2399 2874 2411 2912 :
2449 2880 2478 2908 ‹‹
2518 2862 2766 2916 Terrore
2792 2863 3002 2917 mortis
3031 2862 3262 2919 domini
3280 2862 3459 2919 vestri
3485 2860 3698 2919 acriter

2027 2944 2393 3015 admonitus,
2426 2962 2662 3019 vosque
2709 2966 2892 3023 super
2917 2952 3083 3024 quod
3111 2951 3328 3008 occidit
3372 2952 3694 3021 solaturus,

2026 3035 2145 3091 huc
2175 3034 2399 3095 accessi
2435 3053 2447 3103 ;
2492 3037 2604 3093 sed
2650 3040 2897 3096 acrioris
2928 3040 3170 3098 tristitiae
3208 3043 3449 3099 maerori
3477 3039 3699 3099 tristior

2027 3123 2291 3191 obviavi,
2343 3124 2488 3196 quia
2534 3128 2712 3183 vestri
2762 3122 3115 3188 suburbani
3150 3147 3291 3188 cum
3333 3132 3585 3199 civibus,
3640 3134 3699 3187 et

2026 3213 2243 3277 milites
2273 3229 2412 3269 cum
2443 3215 2809 3274 rusticorum
2843 3224 3020 3291 coetu,
3053 3237 3150 3276 me
3180 3237 3472 3294 meosque
3492 3221 3695 3278 volue-

2025 3307 2167 3363 runt
2195 3306 2522 3370 conterere,
2541 3310 2600 3361 et
2623 3306 2948 3365 dilacerare
2969 3310 3281 3383 repentino
3301 3311 3559 3367 interitu.
3582 3309 3696 3366 Sed

2027 3393 2310 3464 pestifero
2340 3395 2518 3448 tanta;
2549 3393 2856 3452 seditionis
2894 3397 3084 3469 hoste,
3131 3403 3235 3455 tuo
3266 3399 3534 3469 consilio,
3568 3401 3697 3454 Ber-

2027 3482 2241 3549 narde,
2271 3480 2576 3551 liberatus,
2621 3483 2717 3540 dic
2746 3486 2895 3557 quid
2939 3503 3075 3543 sum
3125 3487 3410 3544 facturus.
3445 3491 3513 3544 Et
3558 3490 3694 3543 Ber-

2026 3572 2300 3632 nardus:
2354 3570 2535 3627 Nimis
2563 3588 2721 3643 mgre
2751 3578 2891 3631 tuus
2920 3575 3034 3641 fert
3061 3576 3302 3633 animus
3328 3578 3498 3651 quod
3538 3576 3693 3634 fecs-

2027 3666 2173 3718 runt
2201 3661 2265 3717 in
2295 3664 2349 3718 te
2390 3662 2592 3719 rustici
2631 3680 2771 3720 cum
2797 3665 3047 3722 civibus.
3095 3669 3338 3739 Oportet
3364 3668 3543 3738 igitur
3570 3666 3693 3723 sal-

2028 3764 2176 3806 vum
2210 3754 2267 3809 te
2296 3751 2464 3808 reddi
2484 3768 2521 3807 a
2549 3754 2872 3826 propalatae
2897 3755 3174 3828 nequitiae
3189 3756 3693 3829 fraude.Denique

2030 3836 2179 3907 quia
2206 3842 2407 3899 noster
2436 3839 2638 3895 senior
2663 3842 2789 3896 dux
2815 3841 3156 3908 Willelmus,
3189 3843 3327 3898 felix
3351 3859 3459 3914 per
3483 3843 3692 3899 omnia

2032 3926 2255 3981 exstitit
2306 3931 2462 3991 tuus,
2506 3927 2676 3983 decet
2713 3946 2835 4000 quo
2876 3934 3094 3985 terram
3131 3931 3510 3986 hereditario
3556 3931 3691 4001 jure

2031 4013 2328 4071 Richardo
2356 4031 2589 4085 magnae
2633 4017 2990 4089 posteritatis
3017 4034 3207 4090 puero
3234 4019 3687 4091 possidendam,

2033 4106 2410 4158 sacramento
2452 4120 2635 4159 sacras
2664 4104 2803 4161 ﬁdei
2849 4105 3251 4179 manibusque
3281 4123 3460 4180 super
3488 4123 3688 4164 sacro-

2032 4196 2240 4247 sancta
2279 4191 2646 4264 phylacteria
2686 4194 2893 4266 positis
2924 4195 3199 4252 sanciens
3224 4198 3570 4267 auctorizes,
3612 4201 3691 4253 te-

2031 4295 2149 4351 que
2176 4296 2304 4335 esse
2335 4280 2555 4337 abhinc
2583 4280 2930 4339 indemnem
2959 4283 3062 4353 illi,
3094 4290 3151 4341 et
3170 4285 3475 4360 deinceps,
3508 4290 3688 4360 atque

2029 4367 2368 4439 adjutorem
2399 4374 2455 4425 et
2481 4370 2857 4428 defensorem
2888 4378 2941 4430 te
2966 4389 3095 4431 esse
3126 4380 3332 4433 contra
3359 4375 3687 4447 terrigenas

2028 4472 2262 4513 omnes.
2310 4458 2401 4514 Sic
2430 4458 2692 4531 quiveris
2725 4461 2913 4518 laetari
2941 4468 3146 4520 nostro
3188 4464 3421 4520 servitio
3451 4468 3509 4519 et
3531 4464 3686 4519 mili-

2025 4546 2267 4615 tatione,
2298 4563 2409 4602 nos
2439 4553 2539 4605 tua
2560 4549 2741 4606 tutela
2770 4556 2828 4607 et
2848 4551 3367 4621 gubernatione.Si
3388 4550 3524 4624 quis
3544 4567 3685 4607 vero

2026 4634 2089 4690 in
2117 4638 2173 4691 te
2202 4635 2427 4693 rixatus
2446 4638 2638 4707 fuerit,
2655 4646 3032 4698 conteremus
3058 4645 3291 4711 eum,et
3306 4641 3354 4696 si
3381 4640 3684 4712 quiSpiam

2025 4723 2409 4781 insurrexerit
2435 4726 2497 4781 in
2523 4744 2655 4798 nos,
2684 4728 2895 4783 virtute
2927 4733 3039 4784 tuae
3071 4729 3348 4800 potentiae
3375 4732 3683 4800 prosterne

2025 4812 2214 4869 humo
2263 4817 2435 4869 tenus
2479 4831 2640 4870 eum.
2677 4834 2709 4868 »
2752 4818 2912 4871 Tunc
2941 4832 3044 4871 rex
3092 4815 3154 4870 in
3184 4815 3324 4871 dolo
3372 4817 3685 4887 respondit

2027 4903 2361 4959 Bernardo:
2398 4924 2427 4957 α
2443 4905 2854 4978 Quodcunque
2878 4905 3124 4961 retulisti
3148 4904 3682 4981 faciam,meosque

2024 4990 2288 5046 volenter
2318 4997 2422 5047 aut
2463 4992 2733 5048 nolenter
2757 4992 2949 5048 facere
2979 4992 3058 5049 ad
3087 5007 3357 5065 praesens
3388 5009 3625 5065 cogam.
3651 5018 3679 5047 »

2027 5078 2186 5135 Illico
2208 5079 2501 5135 Richardo
2521 5081 2843 5152 praedignm
2864 5080 3215 5136 innocentiae
3230 5097 3419 5155 puero
3434 5082 3680 5153 largitus

2026 5170 2115 5222 est
2140 5170 2362 5222 terram
2390 5168 2763 5223 haereditario
2784 5168 2881 5224 avi
2899 5168 3204 5242 patrisque
3223 5170 3355 5241 jure
3376 5171 3682 5243 possiden-

2024 5253 2169 5310 dam
2193 5271 2206 5309 :
2235 5254 2567 5328 deletisque
2594 5261 2939 5313 sanctorum
2959 5257 3351 5331 reliquiarum
3381 5259 3680 5332 phylacte-

2023 5344 2145 5412 riis,
2178 5344 2459 5401 manibus
2492 5361 2671 5418 super
2697 5346 2829 5418 ipsa
2858 5347 3176 5420 impositis,
3212 5351 3331 5406 Deo
3369 5350 3678 5408 nominato

2025 5435 2087 5492 in
2112 5435 2322 5508 primis
2362 5435 2588 5507 juravit
2630 5451 2692 5491 se
2734 5441 2940 5493 contra
2988 5454 3199 5495 omnes
3253 5440 3333 5496 illi
3384 5441 3675 5511 auxiliari,

2027 5541 2289 5599 suosque
2326 5524 2609 5598 praesules
2638 5529 2695 5581 et
2736 5527 2981 5583 comites
3009 5528 3170 5585 idem
3219 5530 3411 5587 facere
3462 5533 3674 5603 coegit.

2027 5616 2126 5675 His
2149 5616 2337 5675 taliter
2366 5616 2586 5675 sedatis
2606 5619 2662 5672 et
2681 5616 2946 5692 expletis,
2966 5635 3070 5677 rex
3093 5619 3499 5679 fraudulenter
3521 5622 3680 5696 prin-
