4002 6186
369 128 474 181 695

1346 121 1652 178 DUDONIS
1692 120 1950 176 DECANI
1991 117 2048 173 S.
2090 117 2396 182 QUINTINI
2435 114 2817 174 VIROMAND.

3720 124 3829 176 698

367 245 602 317 cipibus
624 242 1108 301 Morthmannicis
1136 243 1267 301 inﬁt
1296 261 1309 300 :
1347 267 1374 294 «
1396 242 1692 312 Quoniam
1740 242 2027 317 pollicita-
2063 242 2110 296 A
2213 242 2424 298 Comes
2453 258 2596 298 vero
2624 241 2905 297 Arnulfus
2932 241 3200 299 inaudita
3216 242 3599 300 fraudulenti
3634 243 3832 300 homi-

368 335 525 390 tione
545 333 873 404 juramenti
909 333 1141 389 veracis
1186 333 1367 391 ﬁdem
1394 335 1759 405 integerrimi
1806 332 2025 390 tenoris

365 428 564 479 vestro
596 422 812 478 seniori
836 422 1126 497 vobisque
1163 426 1363 498 peregi
1396 444 1410 494 ;
1444 430 1925 499 perseverantem
1956 424 2027 478 ﬁ-

365 512 606 569 duciam
641 512 822 567 vestri
848 512 1130 583 adjutorii
1168 515 1387 571 obnixe
1418 516 1493 572 de
1523 532 1619 571 me
1648 514 1939 581 habeatis,
1973 516 2029 568 et

366 600 567 656 nullus
597 604 864 656 vestrum
891 601 1188 659 ullatenus
1223 608 1391 661 nutet
1419 605 1640 661 auxilio
1694 602 2023 660 solaminis.

366 692 582 745 Verum
615 689 911 746 seniorem
931 690 1101 747 sinite
1123 709 1362 749 mecum
1393 694 1733 761 morari,ut,
1756 691 2028 748 facundae

364 778 651 835 ubertatis
682 779 980 852 colloquio
1004 780 1271 849 edoctus,
1288 781 1478 838 discat
1496 782 1763 849 deﬁnire,
1778 786 1835 838 et
1856 780 2030 837 detur

364 868 598 924 minare
634 868 821 925 verba
870 870 1240 943 scrupulosae
1282 872 1383 927 rei.
1440 872 1838 927 Plurimarum
1885 887 2027 927 vero

365 972 565 1013 rerum
594 957 866 1013 notitiam
888 957 1101 1013 melius
1130 958 1318 1015 discet
1345 960 1405 1014 in
1432 959 1654 1033 palatio
1678 975 2026 1032 meo,quam

366 1062 753 1103 commorans
781 1048 842 1102 in
883 1064 995 1104 sua
1020 1048 1224 1104 domo.
1261 1051 1631 1123 Quocunque
1656 1050 2022 1122 proﬁciscar,

365 1153 605 1193 mecum
656 1137 1110 1209 proﬁciscetur:
1153 1152 1514 1212 quocunque
1545 1140 1849 1208 morabor,
1901 1156 2028 1196 mo-

364 1226 615 1282 rabitur.
669 1225 905 1283 Efﬁcaci
952 1228 1139 1300 patris
1168 1228 1297 1299 ejus
1349 1229 1713 1285 adminiculo
1742 1229 2026 1299 regimen

364 1316 543 1371 totius
595 1316 854 1371 Francius
898 1321 955 1373 et
984 1318 1345 1388 Burgundiaa
1376 1324 1547 1375 teneo
1582 1337 1595 1386 ;
1644 1319 1779 1375 ideo
1830 1320 2026 1390 ajutor

365 1409 423 1460 et
450 1404 671 1460 solator
698 1405 818 1472 isti,
850 1406 1123 1479 quandiu
1168 1412 1467 1480 superstes
1499 1408 1686 1477 fuero,
1719 1425 1839 1465 ero.
1875 1411 2024 1476 Quia

364 1498 536 1566 pater
574 1493 743 1549 istius
773 1510 883 1567 pro
909 1512 1007 1551 me
1036 1499 1227 1551 morte
1255 1503 1709 1570 prmoccupatus
1734 1498 1861 1567 fuit,
1900 1499 2022 1555 bel.

2136 332 2274 388 cidii
2304 332 2401 388 luc
2432 333 2709 400 fcedatus,
2742 332 3079 405 timensque
3107 324 3336 389 futuros
3364 334 3757 389 vindicaturi
3782 333 3832 390 si

2134 420 2286 476 bene
2317 421 2533 490 egisset
2566 421 2720 490 regis
2751 421 3065 489 adventus,
3098 422 3261 478 misit
3282 423 3356 478 ad
3374 439 3526 478 eum
3562 421 3827 494 legatos,

2135 510 2239 582 qui
2266 511 2698 583 subsequentia
2724 509 3004 579 dicerent,
3038 527 3174 566 cum
3218 512 3508 568 maximis
3546 513 3830 567 muneri-

2135 598 2249 653 bus
2273 617 2284 655 :
2319 622 2347 650 «
2376 600 2625 656 Domine
2656 616 2757 655 rex
2786 599 3072 672 piissime,
3093 605 3294 657 noster
3321 601 3533 657 senior
3552 600 3830 673 plurima

2135 688 2418 745 subactus
2447 689 2809 757 inﬁrmitate,
2842 689 3094 745 mandat
3141 690 3245 745 tibi
3273 690 3433 746 ﬁdeli
3465 690 3825 758 servitium,

2136 777 2181 831 si
2213 777 2408 849 placet
2435 778 2715 850 recipere.
2748 779 2917 834 Falsa
2947 778 3274 852 prOpalataa
3304 779 3484 835 famae
3522 779 3828 852 opinione

2134 866 2371 936 audisti,
2412 866 2690 923 indebitae
2746 866 3020 922 Richardi
3076 866 3245 923 ducis
3297 868 3477 924 morti
3533 873 3827 925 nostrum

2131 956 2426 1012 seniorem
2480 957 2788 1013 Arnulfum
2824 956 3060 1023 favisse,
3094 974 3216 1030 qua
3246 974 3307 1014 se
3338 962 3566 1044 contra
3603 963 3668 1014 te
3700 958 3826 1014 vult

2134 1045 2373 1117 expiare
2402 1052 2458 1102 et
2483 1047 2825 1114 emendare,
2847 1047 3076 1118 judicio
3106 1051 3367 1118 tuorum,
3402 1048 3579 1117 igne.
3615 1048 3821 1105 Milites

2132 1149 2293 1201 vero,
2327 1135 2547 1207 quibus
2576 1135 2901 1191 Richardus
2929 1136 3189 1208 plurima
3214 1136 3377 1192 mala
3404 1136 3647 1208 intulit,
3694 1137 3822 1210 qui-

2131 1237 2249 1294 que
2280 1224 2455 1280 morti
2496 1224 2666 1280 illum
2692 1223 3129 1297 applicuerunt,
3161 1241 3233 1280 ex
3260 1230 3403 1281 tunc
3435 1225 3741 1291 minabit,
3776 1227 3821 1282 si

2130 1310 2351 1367 talibus
2381 1313 2551 1369 factis
2578 1314 2831 1384 gratiam
2865 1319 3028 1369 tuam
3059 1314 3272 1386 poterit
3286 1316 3820 1388 promereri.Qua~

2132 1406 2302 1457 tenus
2323 1404 2648 1460 annuendo
2664 1404 3049 1476 petitionibus
3073 1404 3203 1475 ejus
3223 1405 3566 1461 benevolus
3584 1406 3812 1475 faveas,

2129 1490 2304 1546 mittit
2342 1492 2447 1547 tibi
2493 1492 2677 1548 libras
2724 1494 2853 1549 auri
2884 1493 3185 1566 purissimi
3216 1493 3308 1549 bis
3357 1495 3613 1566 quinas.
3666 1495 3819 1559 Quin

364 1582 466 1638 lua
496 1583 793 1639 crudelior
818 1599 938 1652 ero,
958 1584 1007 1638 si
1027 1600 1149 1639 non
1182 1585 1499 1641 auxiliatus
1528 1586 1695 1643 fuero
1725 1587 1837 1644 isti.
1864 1607 1892 1641 »
1926 1589 2023 1646 His
2064 1596 2104 1649 Β
2133 1580 2309 1636 etiam
2340 1582 2627 1639 universae
2650 1582 2908 1653 regionis
2925 1600 3048 1639 suae
3070 1583 3289 1639 tributa
3308 1585 3643 1640 annuatim
3666 1585 3811 1642 dum

366 1672 548 1742 igitur
576 1672 970 1728 fraudulentis
998 1674 1153 1743 regis
1195 1674 1530 1732 simulantis
1570 1677 1822 1750 aloquiis
1863 1680 2025 1751 prin-

365 1761 526 1833 cipes
553 1760 1101 1817 Northmannorum
1130 1761 1382 1835 decepti,
1414 1764 1911 1837 mancipaverunt
1939 1768 2029 1824 Ri-

365 1849 681 1917 chardum,
711 1849 1059 1906 desideratas
1092 1851 1219 1923 spei
1257 1867 1533 1924 puerum,
1569 1855 1867 1912 Ludovico
1902 1857 2027 1928 regi

367 1938 446 1994 ad
475 1937 881 1993 educandum.
899 1941 1017 1994 Rex
1033 1955 1175 1995 vero
1195 1939 1334 1996 hinc
1357 1958 1495 1996 cum
1523 1958 1711 2015 puero
1728 1945 1806 1999 ad
1829 1945 2028 2002 Ebroi—

367 2025 632 2083 cacensis
664 2025 828 2081 urbis
853 2025 1155 2099 profectus
1188 2029 1410 2085 moenia
1439 2029 1799 2103 disponebat
1828 2034 2025 2107 reipu-

364 2114 536 2171 blicae
558 2115 716 2186 jura.
734 2115 1068 2171 Simulabat
1094 2132 1195 2171 ore
1220 2122 1276 2173 et
1295 2134 1474 2190 opere
1501 2118 1679 2176 bonae
1709 2121 2028 2179 voluntatis

367 2203 758 2275 adjutorium,
787 2219 996 2259 verum
1025 2204 1088 2260 in
1132 2206 1311 2262 corde
1361 2208 1607 2277 gerebat
1635 2210 1810 2266 malae
1835 2211 2026 2269 inten-

366 2293 543 2349 tionis
563 2292 955 2365 propositum.
990 2294 1095 2350 Diu
1127 2297 1437 2353 morulans
1470 2298 2027 2372 Ebroicas,cogens-

367 2397 486 2453 que
552 2381 808 2438 subdolo
843 2384 1021 2439 corde
1073 2384 1150 2440 ad
1192 2384 1537 2444 ﬁdelitatem
1589 2390 1758 2462 pueri
1808 2391 2028 2449 civium

368 2473 622 2540 turmas,
652 2470 864 2543 repetit
893 2473 1392 2543 Rothomagensis
1418 2477 1583 2533 urbis
1610 2479 1855 2551 palatia.
1888 2484 2029 2537 Pos-

368 2563 493 2614 tera
518 2558 636 2629 die,
650 2559 1022 2633 principibus
1044 2561 1295 2619 civitatis
1316 2566 1632 2635 accersitis,
1652 2568 2030 2628 fraudulenta

366 2653 424 2704 et
452 2648 664 2705 dolosa
706 2649 887 2706 verba
913 2651 1109 2707 retulit
1146 2669 1158 2706 :
1219 2675 1247 2702 «
1275 2655 1464 2727 Super
1487 2656 1697 2712 damni
1727 2663 1784 2714 et
1807 2658 2029 2716 doloris

366 2737 553 2793 nostri
598 2742 922 2807 auctorem,
974 2742 1336 2813 properandi
1392 2743 1587 2800 habeo
1619 2746 2024 2805 intentionem.

368 2828 647 2881 Revertar
675 2826 755 2881 ad
782 2827 1160 2897 Laudunum,
1191 2830 1495 2888 deducens
1523 2850 1765 2891 mecum
1796 2837 2033 2893 Richar-

368 2912 516 3008 dum
548 2913 784 3008 ﬁduciae
813 2920 1017 3008 vestrae
1049 2932 1308 2990 puerum
1333 2939 1345 2989 ;
1376 2921 1637 2995 hincque
1660 2926 2027 2996 Burgundio-
2066 2952 2106 3008 ρ

369 3000 548 3057 nibus
576 3002 793 3058 ascitis.
810 3007 1307 3082 Francigenisque
1328 3011 1720 3083 conglobatis,
1733 3014 2025 3073 obsidebo

367 3089 744 3148 Attrabatum
770 3092 963 3151 donec
1002 3096 1240 3170 capiam
1264 3098 1451 3156 illum.
1481 3102 1703 3159 Omnes
1724 3121 1866 3161 vero
1889 3106 2027 3162 sub-

366 3183 595 3236 vertam
649 3182 1012 3241 munitiones
1066 3186 1540 3260 Flandrensium,
1598 3197 1655 3249 et
1711 3194 2026 3268 dissipabo

367 3269 655 3327 hostiliter
714 3272 878 3330 bona
932 3274 1207 3349 illorum.1
1241 3279 1654 3354 Quodcunque
1710 3285 2025 3342 Arnulfum

369 3357 613 3430 scivero,
645 3360 784 3417 illuc
832 3363 951 3418 mei
1009 3364 1300 3421 exercitus
1355 3382 1627 3436 gressum
1680 3371 2026 3430 festinanter

366 3446 697 3518 protelabo.
760 3448 1051 3506 Ultionem
1103 3468 1290 3522 quam
1338 3462 1598 3513 meretur
1647 3460 1699 3514 ei
1749 3460 2022 3530 reddam,

369 3533 421 3586 si
486 3533 633 3588 forte
719 3534 890 3590 illum
967 3554 1229 3609 usquam
1284 3541 1607 3602 inveniam.
1658 3550 1771 3604 Vos
1824 3554 2025 3607 autem

371 3623 554 3675 estote
611 3623 952 3693 praeparati,
1008 3630 1074 3681 ut
1118 3632 1384 3685 vestrum
1434 3635 1730 3691 seniorem
1786 3655 2025 3696 mecum

366 3707 697 3765 vindicetis.
729 3732 757 3760 »
796 3710 1026 3770 Talium
1056 3716 1498 3789 sophismatum
1548 3723 2026 3787 simulationibus

368 3797 667 3868 excaecati,
726 3800 993 3861 siverunt
1047 3804 1260 3863 futurae
1316 3809 1447 3882 opis
1505 3827 1762 3885 puerum
1820 3818 1899 3875 ab
1954 3837 2025 3879 eo

368 3885 605 3944 deduci.

1008 3983 1392 4028 APOSTROPHA.
1418 4016 1427 4021 ι

512 4050 881 4123 Rothomage
911 4059 1050 4111 tuus
1073 4058 1259 4115 modo
1285 4077 1454 4134 puer,

512 4139 768 4195 Marchio
793 4142 927 4212 jure
956 4152 1168 4216 potens
1198 4149 1302 4206 tibi
1327 4151 1523 4223 datus,

511 4229 730 4299 Captus
765 4230 935 4288 adest
960 4235 1125 4307 quia,
1154 4238 1373 4310 plange
1404 4245 1731 4302 tremulans

512 4318 787 4406 Regeque
819 4322 1317 4399 Francigenisque
1337 4331 1600 4406 Satrapis

510 4404 770 4478 Ducitur,
801 4407 922 4464 heu
947 4410 1149 4468 dolor!
1183 4415 1419 4475 advena
1442 4404 1600 4480 velut

510 4494 821 4565 Dacigenis
851 4498 1079 4556 stolidis
1105 4505 1472 4575 proceribus.

706 4656 1072 4699 APOSTROPHA
1081 4686 1093 4700 .

509 4763 896 4856 Oquudovice,
1687 4784 1983 4856 Religioso

510 4853 567 4911 Si
596 4854 752 4912 bene
791 4857 971 4915 corde
1686 4853 2074 4949 Innocuoque

507 4945 655 5000 Vota
678 4950 928 5016 teneres,

1685 4963 1938 5036 Martyre
1968 4965 2195 5030 Christi,

2134 1669 2349 1726 vixerit
2374 1671 2477 1727 tibi
2510 1672 2664 1728 ultro
2715 1672 2916 1728 solvet.
2963 1673 3275 1728 Servitium
3325 1678 3499 1729 tuum
3558 1674 3660 1730 sui
3710 1691 3811 1747 per

2135 1759 2341 1815 omnia
2392 1759 2627 1829 facient,
2657 1765 2714 1817 et
2740 1777 3105 1835 quocunque
3150 1762 3478 1833 perrexeris
3514 1762 3807 1819 hostiliter

2134 1854 2403 1920 pergent.
2433 1850 2564 1923 Ipse
2594 1851 2876 1906 accedere
2906 1849 2981 1905 ad
3014 1855 3068 1905 te
3105 1851 3330 1923 nequit,
3353 1851 3500 1923 quia
3526 1852 3806 1925 podagra

2137 1938 2249 1993 scis
2280 1951 2419 1994 eum
2450 1939 2678 1995 irretiri.
2711 1942 2969 1996 Foveant
2992 1955 3198 2011 preces
3226 1944 3447 1996 nostra:
3476 1940 3801 2011 indulgen-

2136 2026 2277 2082 tiam
2309 2032 2423 2084 tuaa
2440 2029 2695 2102 pietatis,
2712 2029 2812 2085 teli
2843 2027 3129 2085 afﬂictum
3150 2028 3512 2085 inﬁrmitatis
3533 2030 3797 2095 vulnere,

2134 2114 2357 2189 talique
2403 2118 2528 2175 sine
2574 2135 2636 2174 re
2666 2118 2972 2191 culpatum
3011 2118 3277 2187 crimine,
3311 2118 3681 2175 miserantis.
3712 2117 3799 2174 Mi-

2137 2206 2350 2261 seratio
2376 2207 2674 2278 condigna
2698 2212 3075 2281 preeoccupet
3099 2208 3362 2265 furorem
3385 2213 3584 2279 tuum,
3598 2212 3666 2264 ut
3679 2223 3795 2263 non

2136 2294 2378 2352 deseras
2419 2312 2661 2352 servum
2706 2302 2897 2367 tuum,
2928 2296 3053 2352 sine
3083 2313 3270 2352 causa
3326 2314 3363 2353 a
3417 2304 3472 2353 te
3523 2312 3789 2353 exosum.

2135 2386 2257 2439 Tua
2286 2390 2374 2440 est
2402 2386 2685 2458 potentia,
2718 2389 3011 2458 tuumque
3041 2401 3296 2457 regnum
3328 2402 3342 2442 :
3396 2386 3521 2443 noli
3548 2385 3787 2459 perdere

2136 2472 2302 2544 quod
2333 2472 2434 2528 tibi
2474 2478 2564 2529 est
2615 2475 3031 2530 commissum.
3087 2474 3337 2530 Facilius
3384 2478 3557 2548 potes
3586 2489 3787 2529 omnes

2137 2560 2526 2618 Flandrenses
2556 2564 2804 2636 perdere
2828 2579 3014 2635 quam
3040 2579 3190 2619 vasa
3203 2563 3391 2620 vitrea
3420 2563 3637 2619 malleo
3656 2577 3783 2617 con-

2137 2654 2342 2706 terere.
2365 2674 2393 2701 »
2423 2654 2582 2708 Tunc
2612 2652 2768 2722 regis
2798 2651 3117 2708 consiliarii
3140 2653 3494 2708 muneribus
3518 2649 3779 2709 exciecati

2136 2734 2414 2791 dixerunt
2466 2736 2560 2792 ei:
2615 2759 2642 2785 «
2686 2740 2813 2793 Non
2844 2739 3077 2809 oportet
3126 2742 3180 2792 te
3229 2737 3332 2793 ulli
3377 2736 3775 2810 praajudicium

2136 2823 2349 2892 facere,
2382 2825 2488 2897 qui
2513 2841 2574 2881 se
2604 2826 2709 2881 tibi
2738 2824 2951 2894 satagit
2972 2824 3322 2895 justiﬁcare.
3363 2826 3686 2882 Immunem
3715 2838 3772 2879 se

2138 2930 2174 2970 a
2203 2914 2419 2971 doloso
2452 2915 2668 2972 scelere
2712 2915 2980 2985 mandat,
3038 2931 3299 2989 suosque
3335 2915 3647 2987 justiﬁcare
3674 2916 3769 2969 aut

2136 3004 2529 3060 exterminare
2570 3004 2876 3061 deliberat.
2918 3007 3028 3059 Pro
3057 3019 3180 3060 non
3228 3004 3623 3078 recuperando
3646 3016 3759 3072 quo

2133 3093 2385 3163 indiges,
2435 3110 2557 3151 non
2588 3094 2772 3150 debes
2801 3093 3049 3166 perdere
3079 3109 3264 3166 quem
3296 3098 3468 3163 tenes,
3500 3106 3672 3164 neque
3699 3092 3747 3144 te

2134 3182 2430 3239 ullatenus
2461 3183 2561 3240 illo
2591 3183 2880 3240 frustrari.
2917 3185 3136 3240 Omnes
3162 3183 3268 3257 qui
3299 3183 3615 3239 occidentur
3641 3193 3755 3235 non

2133 3270 2237 3326 tibi
2269 3275 2356 3327 est
2376 3272 2476 3342 jus
2507 3272 3118 3343 vindicare,residuos
3139 3272 3219 3328 ob
3249 3278 3501 3328 mortem
3528 3270 3761 3327 rixantes

2133 3359 2472 3431 paciﬁcare.
2506 3362 2901 3418 Reminiscere
2932 3361 3227 3418 malorum
3274 3366 3330 3417 et
3359 3361 3621 3435 pudoris,
3643 3373 3765 3431 qua:

2133 3449 2196 3503 in
2225 3452 2278 3504 te
2306 3451 2698 3507 Northmanni
2719 3452 3090 3521 Rothomago
3121 3455 3531 3520 exercuerunt,
3560 3456 3614 3507 et
3637 3463 3770 3522 prte-

2135 3554 2281 3594 cave
2325 3554 2401 3595 ne
2431 3541 2640 3612 pejora
2668 3540 2772 3596 tibi
2802 3540 3225 3613 impertientes,
3258 3540 3771 3597 Northmannicum

2135 3626 2409 3684 auferant
2480 3629 2588 3686 tibi
2662 3644 2938 3699 regnum.
2998 3650 3025 3678 ››
3102 3631 3263 3685 Tunc
3344 3629 3771 3685 Flandrenses:

2132 3738 2165 3796 ξ(
2214 3718 2427 3772 Praeter
2471 3717 2600 3774 haec
2642 3718 2895 3773 mandat
2936 3721 3139 3774 noster
3168 3717 3366 3772 senior
3402 3717 3510 3773 tibi
3546 3729 3775 3790 praema-

2133 3805 2364 3862 ximum
2436 3806 2751 3863 consilium
2810 3807 2993 3879 hujus
3043 3806 3146 3862 rei.
3225 3809 3379 3862 Tene
3435 3803 3776 3862 Richardum

2133 3893 2324 3950 ﬁlium
2373 3894 2433 3950 in
2478 3894 2928 3968 sempiternum,
2977 3898 3034 3950 et
3062 3911 3206 3950 usus
3247 3893 3476 3950 fructus
3520 3891 3685 3964 regni
3724 3889 3778 3945 in

2136 3989 2445 4040 aeternum.
2464 3985 2747 4058 Opprime
2776 3984 2907 4041 diro
2936 3983 3082 4055 legis
3108 3985 3256 4055 jugo
3277 3988 3337 4039 et
3361 3982 3603 4040 servitio
3630 3985 3779 4037 terra

2135 4073 2290 4130 illius
2337 4074 2724 4145 habitatores,
2778 4078 2836 4130 et
2864 4089 3012 4145 coge
3058 4073 3191 4130 illos
3244 4073 3459 4129 servire
3513 4072 3623 4129 tibi
3662 4070 3782 4126 obe-

2136 4163 2382 4220 dienter.
2434 4182 2465 4216 »
2535 4165 2715 4235 Cujus
2770 4163 2938 4237 pravi
2992 4163 3221 4220 consilii
3277 4162 3689 4219 exhortatione
3732 4160 3785 4213 et

2136 4254 2489 4310 muneribus
2541 4270 2645 4310 rex
2708 4255 2994 4327 deceptus
3048 4258 3107 4309 et
3161 4256 3492 4309 excaecatus
3547 4246 3785 4308 detinuit

2138 4343 2501 4399 Richardum
2552 4343 2699 4400 tanti
2756 4343 2926 4415 pretii
2978 4358 3254 4416 puerum,
3306 4347 3365 4398 et
3417 4342 3645 4398 dimisit
3689 4345 3781 4394 Ar-

2135 4432 2301 4489 nulfo
2331 4448 2467 4506 quae
2492 4432 2899 4491 fraudulenter
2920 4433 2995 4489 de
3018 4431 3318 4488 Willelmo
3339 4431 3533 4487 fuerat
3556 4432 3780 4503 propter

2135 4537 2275 4578 eum
2283 4564 2295 4577 .

2866 4612 3281 4686 Multiplicatos

2868 4701 3141 4774 Undique
3180 4704 3403 4758 tractus

2866 4794 2982 4848 Cur
3012 4790 3200 4847 abicis
3229 4788 3397 4861 quod

2866 4882 2897 4935 J
2902 4897 3003 4936 am
3025 4880 3403 4936 sacramento

2866 4968 3188 5038 Religionis

509 5033 774 5124 Quamne
805 5039 1072 5111 sacram,
1688 5033 2096 5124 SimPHCitate,
2869 5033 3354 5115 Christicolarum

507 5123 627 5213 [fex
652 5125 988 5213 recolende,
1688 5141 1756 5195 Et
1783 5123 2085 5213 probitate
2868 5149 3011 5203 Jure
3041 5143 3222 5201 tulisti
3251 5144 3282 5200 ?

509 5209 659 5308 gum
688 5209 1126 5308 “9.1.93an
1685 5209 2046 5290 Μυίὶίθοθιΐοο
2873 5238 2989 5295 Cur
3012 5233 3309 5291 resolutus

508 5297 862 5401 ξωρξιςίίᾶξῖί
894 5320 909 5370 ;
1684 5318 1972 5394 Belgiqua
1999 5338 2122 5396 qua
2141 5340 2325 5401 nunc,
2874 5329 3026 5398 Lege
3056 5323 3247 5381 ferina

506 5385 862 5489 auxiliante,
1686 5385 1901 5466 Celtica
1921 5385 2111 5470 necne
2312 5385 2325 5401 ⁷
2873 5385 3065 5489 Atque
3092 5410 3377 5480 nefanda,

502 5476 971 5574 {residiumque
1684 5499 1789 5553 Ast
1815 5499 2113 5571 Aquitana
2876 5476 3363 5574 Muneribusque,

506 5566 691 5623 Dante
724 5569 965 5629 salubre

1685 5587 1868 5647 Gallia
1894 5591 2093 5663 porgit

2874 5593 3151 5653 Proditus
3178 5594 3335 5659 astu,
