4002 6186
214 222 320 277 ωἸ

214 344 458 415 Linguis
478 345 819 415 honestum,

208 436 464 505 Jamque
488 434 727 491 revulsa

210 526 363 579 Pace
393 527 658 579 tenorem

210 611 587 669 Credulitatis
603 613 632 668 ?

210 704 331 758 Cur
361 701 755 775 sobolemque

211 790 377 846 Illius
410 790 577 861 almi,

211 882 361 935 Lore
392 879 638 950 ligatam

208 967 556 1041 lmpietatis,

1395 348 1618 404 Fomite
1647 362 1853 420 pravo,

1390 532 1528 583 Atra
1558 526 1779 599 cupido

1393 618 1554 673 Sorte
1582 616 1783 687 cupita

1391 706 1616 761 Detinet
1643 704 1811 759 exlex
1833 703 1862 758 7

1390 887 1614 957 Sperne
1645 888 1843 938 tenere

713 222 805 277 DE
846 222 1088 280 GESTIS
1126 221 1554 280 NORMANNLE
1593 223 1831 279 DUCUM
1869 218 2051 276 LIBRI
2089 222 2285 278 TRES.
2326 253 2397 264 —
2436 224 2566 279 LIB.
2609 226 2700 279 Ill.
2743 222 3158 281 RICHARDUS.

1392 438 1517 494 Heu
1539 439 1551 493 l
1580 435 1981 507 vegetandum

1390 794 1599 851 Desine
1628 807 1908 866 pravum,

1389 976 1653 1045 Quisque
1684 969 1947 1026 nefanda

2567 348 2719 405 Mitte
2749 347 3139 418 Richardum,

2568 436 2825 506 Postulo,
2859 436 3183 509 ephebum,

2566 527 2698 591 Quo
2723 542 2834 581 sua
2853 526 2993 598 jura

2564 614 2814 687 Impleat
2843 613 3023 669 alma.

2564 705 2693 769 Quo
2726 703 2891 777 capis
2920 703 3109 772 illum,

2563 796 2645 849 Tu
2678 793 2950 867 capieris,

2566 885 2632 938 Et
2656 883 2782 938 vice
2811 884 2994 954 digna

2565 972 2948 1041 Regredieris.

281 1062 418 1114 Erat
472 1064 672 1115 autem
715 1060 964 1133 quidam
1008 1062 1120 1119 tiro
1162 1065 1408 1121 nomine
1452 1062 1861 1129 Hosmundus,
1901 1066 1947 1117 A
1975 1059 2068 1115 dis
2121 1059 2291 1115 illum
2366 1062 2744 1117 sermonibus
2800 1062 3048 1119 libenter
3110 1064 3509 1136 insignibant;
3573 1068 3632 1123 et

208 1147 485 1203 Richardi
535 1165 788 1205 summas
837 1150 1192 1208 celebritatis
1247 1154 1414 1226 pueri
1463 1153 1768 1218 educator,
1810 1155 1867 1206 et

205 1236 362 1291 altor
393 1236 834 1307 sagacissimus.
888 1240 999 1305 Qui
1028 1242 1298 1313 quadam
1328 1242 1422 1297 die
1454 1241 1697 1297 absente
1726 1254 1863 1308 rege

205 1326 517 1381 immeritas
563 1328 855 1399 captionis
901 1345 1156 1401 puerum
1206 1331 1471 1404 equitare
1497 1330 1633 1387 fecit
1657 1329 1735 1385 ad
1763 1345 1865 1384 au-

205 1415 474 1487 cupium,
519 1421 585 1471 ut
632 1416 884 1473 disceret
931 1418 1100 1474 alites
1148 1437 1362 1493 capere
1410 1437 1519 1476 suo
1561 1419 1858 1492 accipitre.

205 1504 357 1559 Cum
397 1521 540 1561 vero
568 1521 673 1560 rex
703 1512 1112 1578 reverteretur,
1157 1513 1214 1565 et
1242 1510 1461 1579 reginae
1508 1509 1705 1564 verbis
1732 1510 1864 1564 Ger-

202 1594 405 1663 berga:
462 1596 636 1651 sciret
692 1596 859 1669 quod
914 1598 1159 1670 puerilis
1213 1599 1616 1655 delectationis
1663 1598 1862 1653 studio

202 1684 550 1740 memoralis
598 1685 856 1740 scientiae
880 1703 1030 1759 puer
1059 1687 1386 1745 Richardus
1428 1693 1595 1745 extra
1633 1688 1864 1743 Laudu-

202 1788 351 1828 num
380 1773 1116 1845 proﬁcisceretur,rogavit
1140 1777 1217 1833 ad
1250 1794 1311 1832 se
1342 1778 1543 1833 venire
1571 1780 1860 1833 Hosmun-

203 1861 353 1918 dum
385 1863 744 1933 magistrum
771 1865 1028 1935 ejus.lllo
1058 1882 1258 1923 coram
1289 1868 1505 1923 astanti
1533 1866 1699 1922 furiis
1720 1866 1861 1921 bac-

202 1951 416 2006 chatus
466 1951 722 2021 acerbis,
767 1952 1188 2009 demonstrans
1231 1955 1531 2011 obtectum
1562 1955 1666 2010 diu
1691 1954 1858 2010 nefa-

199 2040 305 2094 riae
335 2040 630 2111 captionis
678 2046 966 2097 secretum
995 2042 1159 2098 inﬁt:
1195 2066 1222 2092 ‹‹
1270 2044 1527 2116 Nequior
1550 2043 1855 2109 omnibus,

127 2111 494 2198 'quorsum
540 2128 835 2184 deduxisti
865 2130 1156 2186 seniorem
1196 2136 1363 2187 tuum
1386 2131 1813 2187 nudiustertius
1832 2133 1860 2188 ?

127 2200 145 2235 ⁷
203 2215 462 2270 Senioris
521 2216 603 2271 tui
655 2217 981 2288 poplitibus
1012 2220 1214 2290 coctis,
1266 2220 1522 2294 privabo
1563 2225 1615 2276 te
1646 2220 1856 2290 oculis,

200 2302 247 2357 si
273 2301 475 2358 forsan
507 2319 645 2358 eum
694 2321 1008 2377 quoquam
1047 2308 1307 2380 amplius
1345 2309 1605 2364 duxeris.
1641 2332 1668 2357 ››
1697 2311 1859 2364 Tunc

1972 1148 2263 1205 mellitluo
2334 1149 2614 1222 palatina:
2699 1151 3208 1207 sermocinationis
3287 1154 3629 1210 dulcamine

1972 1238 2346 1294 erudiebant.
2396 1242 2679 1294 Processu
2730 1256 2871 1295 vero
2925 1241 3227 1313 temporis,
3274 1244 3629 1298 Northman-

1971 1343 2189 1383 norum
2213 1333 2270 1382 et
2300 1328 2603 1384 Britonum
2646 1329 2926 1402 precibus
2955 1329 3270 1395 continuis,
3291 1330 3632 1402 jejunisque

1973 1416 2221 1486 singulis
2247 1417 2562 1473 mensibus
2593 1418 2975 1473 devotissime
3006 1418 3336 1474 exercitatis
3362 1418 3635 1491 placatus

1970 1520 2183 1574 regum
2236 1504 2360 1559 Rex
2392 1505 2701 1573 Dominus,
2761 1506 2974 1579 eripuit
3023 1505 3384 1563 Richardum
3432 1505 3633 1562 inesti-

1970 1593 2210 1649 mabilis
2260 1594 2810 1650 incrementationis
2853 1611 3111 1666 puerum
3139 1594 3330 1651 taliter
3374 1594 3450 1650 de
3476 1596 3634 1665 regis

1969 1683 2271 1738 manibus.
2342 1684 2666 1738 Praedictus
2723 1700 2989 1756 namque
3062 1684 3171 1740 tiro
3222 1684 3633 1750 Hosmundus,

1969 1773 2243 1846 provisor
2325 1771 2479 1827 illius
2549 1773 3035 1839 honestissimus,
3101 1773 3312 1829 videns
3385 1771 3637 1830 detineri

1971 1878 2151 1917 suum
2204 1861 2500 1916 seniorem
2556 1860 2797 1927 diutius,
2859 1867 2916 1917 et
2958 1861 3163 1917 vallari
3214 1860 3479 1918 vicissim
3536 1862 3633 1919 die

1967 1954 2269 2021 noctuque
2298 1964 2374 2004 ne
2400 1953 2605 2021 posset
2652 1948 2924 2004 subtrahi
2950 1948 3262 2016 tironibus,
3294 1950 3477 2022 coepit
3506 1965 3630 2006 me-

1967 2037 2142 2093 ditari
2190 2037 2501 2109 quomodo
2550 2038 2802 2109 eriperet
2844 2054 2985 2093 eum
3019 2038 3093 2093 de
3139 2038 3317 2094 tantis
3367 2038 3631 2095 custodi-

1966 2126 2103 2181 bus.
2134 2126 2407 2188 Quadam
2451 2125 2627 2196 igitur
2654 2126 2749 2181 die
2775 2125 2969 2196 coegit
3008 2126 3188 2197 hujus
3217 2127 3299 2182 rei
3331 2126 3522 2197 gratia
3552 2125 3632 2181 si-

1967 2215 2199 2272 mulata
2249 2214 2649 2271 imbecillitate
2708 2215 3057 2271 recumbere
3108 2220 3285 2272 tanta;
3345 2216 3632 2272 custodia

1967 2321 2245 2377 puerum,
2296 2308 2353 2359 et
2391 2304 2565 2375 quasi
2608 2303 2990 2359 dissimulata
3020 2304 3288 2376 corporis
3322 2304 3630 2377 sospitate,

200 2390 330 2446 aliis
374 2391 666 2447 tironibus
711 2395 930 2465 pariter
958 2412 1096 2451 cum
1126 2413 1196 2453 eo
1235 2397 1683 2453 commendavit
1711 2413 1860 2469 pue-
1900 2415 1940 2468 Β
1969 2394 2190 2450 emisso
2223 2392 2595 2465 frequentius
2632 2392 2877 2463 planctu
2926 2393 3424 2461 aggravarieum.
3451 2393 3634 2464 Cujus

199 2496 355 2550 rum,
406 2486 472 2536 ut
494 2482 861 2539 custodirent
914 2485 1243 2556 diligenter,
1293 2491 1350 2541 et
1378 2502 1451 2541 ne
1476 2491 1677 2558 posset
1720 2485 1865 2555 fuga

202 2568 356 2624 elabi
381 2570 773 2642 praeviderent
815 2589 976 2627 eum.
1010 2575 1395 2629 Hosmundus
1438 2579 1637 2629 autem
1670 2572 1865 2628 anim-

202 2657 518 2714 advertens
546 2665 790 2732 captum
816 2678 945 2717 esse
978 2663 1340 2718 Richardum
1388 2668 1565 2718 tantae
1601 2662 1865 2718 dulcedi-

200 2746 291 2803 nis
315 2763 594 2819 puerum,
637 2748 797 2805 misit
842 2751 919 2806 ad
945 2752 1456 2821 Rothomagenses
1490 2752 1594 2824 qui
1625 2751 1862 2807 nuntia-

201 2839 287 2889 ret
354 2834 781 2907 blasphemum
854 2842 1029 2893 tantae
1094 2838 1461 2911 deceptionis
1532 2839 1859 2909 negotium.

203 2924 715 2993 Rothomagenses
779 2941 925 2981 vero
1001 2930 1299 2983 mutatum
1372 2927 1630 2983 maleﬁci
1707 2927 1862 2996 regis

202 3016 505 3086 stupentes
530 3014 931 3086 propositum,
965 3031 1001 3071 a
1040 3018 1159 3072 Deo
1189 3016 1499 3089 requirunt
1520 3015 1863 3089 suppliciter

201 3102 348 3158 tanti
401 3102 625 3158 consilii
683 3104 993 3160 auxilium.
1043 3105 1270 3161 Mittunt
1320 3121 1464 3176 ergo
1508 3106 1585 3162 ad
1616 3122 1861 3161 omnem

202 3192 525 3248 Ecclesiam
569 3194 1051 3251 Northmannicaa
1110 3196 1536 3269 Britonicaeque
1578 3196 1859 3267 regionis,

199 3285 265 3336 ut
290 3280 513 3336 missas
544 3282 960 3339 concelebrent
1005 3284 1215 3340 devote
1258 3301 1370 3357 pro
1394 3301 1466 3341 eo
1504 3285 1857 3357 presbyteri,

199 3370 393 3425 clerus
438 3369 796 3442 psalmodiis
821 3377 1009 3437 vacet,
1055 3374 1437 3446 populusque
1468 3374 1645 3429 nudis
1692 3372 1860 3446 pedi-

198 3460 338 3527 bus,
371 3475 669 3533 saccoque
696 3460 944 3516 indutus
966 3462 1213 3532 jejunet.
1243 3463 1693 3519 Northmannici
1720 3478 1860 3519 vero

200 3548 598 3621 Britonicique
645 3549 930 3622 praesules
979 3551 1162 3621 hujus
1210 3552 1388 3608 tristis
1431 3551 1744 3621 legationis
1773 3551 1859 3607 fa-

200 3654 370 3694 mam
415 3638 746 3708 audientes,
775 3639 1122 3696 triduanum
1148 3642 1445 3713 jejunium
1471 3642 1530 3697 in
1560 3658 1684 3698 uno
1706 3658 1857 3715 quo-

198 3743 316 3800 que
346 3743 555 3783 mense
593 3727 820 3801 populo
850 3728 1203 3801 indicentes,
1235 3730 1633 3804 deprecantur
1657 3731 1858 3786 Domi-

198 3832 349 3871 num
378 3818 568 3871 Deum
610 3815 756 3871 fusis
796 3817 1094 3889 precibus,
1139 3818 1659 3891 eleemosynisque
1703 3818 1860 3874 datis

198 3903 569 3977 pauperibus
618 3905 984 3978 suppliciter,
1036 3912 1099 3963 ut
1131 3906 1344 3963 reddat
1380 3907 1465 3962 eis
1498 3906 1860 3962 Richardum

198 3993 346 4049 tanti
386 3992 664 4049 desiderii
725 4009 1001 4066 puerum.
1070 3996 1496 4051 Monachorum
1549 3996 1863 4051 canonico—

193 4097 458 4154 rumque
497 4081 688 4137 clerus
717 4099 829 4156 pro
878 4099 950 4140 eo
979 4084 1253 4157 psalmos
1295 4084 1547 4157 supplex
1581 4084 1861 4155 concinit,

193 4170 588 4244 populusque
612 4171 878 4228 lustrans
903 4173 1159 4229 devotus
1201 4173 1500 4243 ecclesias,
1532 4172 1863 4245 deprecati-

194 4277 309 4316 vos
353 4261 609 4330 gemitus
637 4262 865 4319 emittit.
914 4267 1141 4319 Interea
1188 4263 1519 4319 Richardus
1564 4263 1711 4319 tanti
1758 4263 1862 4318 de-

196 4351 355 4406 coris
385 4365 554 4422 puer,
600 4350 850 4422 insignis
894 4353 1214 4426 prosapia,
1257 4354 1566 4408 honestate
1610 4352 1860 4417 celeber,

194 4438 611 4494 instruebatur
664 4439 949 4495 omnibus
1002 4441 1061 4496 in
1132 4446 1382 4514 captura
1437 4440 1658 4496 notitiis
1707 4439 1866 4495 suﬁi-

196 4527 443 4583 cienter.
516 4527 778 4582 Ducebat
845 4528 1103 4584 solidam
1156 4529 1312 4585 illius
1383 4530 1566 4585 aetatis
1632 4534 1863 4601 partem

194 4614 419 4669 robore
466 4614 792 4683 cumulato,
848 4621 1094 4688 eratque
1169 4617 1529 4672 commodus
1597 4622 1655 4673 et
1706 4617 1865 4671 utilis

196 4702 489 4758 omnibus
544 4703 722 4775 quasi
772 4709 1046 4760 maturus
1088 4722 1238 4761 aevo.
1298 4706 1602 4776 Arguebat
1655 4722 1867 4762 secun-

195 4791 350 4846 dum
379 4791 535 4846 vires
550 4791 738 4847 aetatis
763 4792 1059 4865 quidquid
1080 4797 1206 4849 erat
1233 4793 1869 4867 illicitum.Floccipen:

195 4879 386 4935 debat
438 4879 736 4952 quidquid
785 4886 912 4937 erat
960 4881 1177 4937 animae
1231 4882 1619 4939 incentivum.
1668 4881 1867 4938 Vivaci

194 4968 403 5041 lepore
448 4966 762 5025 afﬂuenter
803 4970 1081 5026 armabat
1122 4970 1416 5043 linguam,
1475 4971 1867 5045 facundaeque

198 5056 489 5129 upertatis
545 5056 846 5131 colloquio
911 5058 1238 5129 insignibat
1294 5076 1450 5116 eam.
1504 5060 1869 5131 Peragrabat

197 5144 400 5201 studio
428 5148 486 5199 et
509 5147 869 5204 retractabat
895 5164 1033 5220 qua:
1058 5147 1394 5219 ignorabat,
1415 5166 1526 5206 nec
1556 5149 1861 5205 abdeban-
1901 5137 1944 5189 θ

196 5238 296 5290 tur
329 5233 383 5289 ei
412 5249 549 5307 quae
595 5240 734 5291 sunt
760 5236 1039 5292 obscura.
1096 5237 1361 5294 Pueritiae
1401 5255 1523 5294 suae
1564 5237 1868 5294 aetatulam

196 5324 348 5378 Jesu
398 5323 629 5379 Christo
682 5325 1101 5389 consecrabat,
1162 5341 1344 5397 seque
1405 5330 1595 5381 totum
1650 5324 1869 5380 divinis

196 5411 540 5484 praeceptis,
588 5416 806 5469 tenerae
852 5414 1052 5470 adhuc
1095 5413 1231 5469 licet
1277 5414 1467 5469 aetatis
1493 5419 1666 5483 esset,
1698 5430 1874 5470 man-

198 5499 464 5575 cipabat.
500 5501 709 5558 Divina
751 5518 1018 5577 namque
1050 5502 1445 5576 permissione
1486 5504 1601 5558 hoc
1645 5504 1869 5559 factum

197 5594 313 5661 est,
343 5594 411 5645 ut
453 5605 605 5663 puer
632 5592 1050 5665 concupiscuaa
1098 5591 1306 5647 formae
1332 5606 1456 5663 pra:
1487 5590 1711 5646 caeteris
1740 5590 1869 5646 niti-

196 5679 345 5749 dus;
364 5680 612 5738 nonnisi
650 5681 715 5738 in
742 5681 966 5754 palatio
1008 5681 1166 5752 regis
1198 5680 1540 5738 nutriretur.
1573 5679 1867 5739 Multimo-

1972 2480 2136 2537 falsaa
2182 2481 2485 2553 opinionis
2532 2497 2773 2536 rumore
2822 2479 3028 2535 civitas
3071 2479 3371 2552 impletur,
3404 2486 3460 2536 et
3501 2482 3633 2537 hac

1973 2568 2245 2624 simultas
2272 2584 2382 2640 pro
2411 2568 2656 2623 veritate
2702 2568 2865 2622 fama
2916 2567 3226 2623 nuntiante
3261 2567 3630 2639 propalatur.

1973 2656 2261 2714 Custodes
2303 2671 2447 2712 vero
2474 2656 2644 2712 tertia
2670 2655 2765 2711 die
2812 2655 3175 2710 aestimantes
3199 2659 3390 2711 morte
3414 2670 3636 2726 praeoc-

1971 2746 2181 2818 cupari
2223 2750 2400 2801 tanta:
2430 2746 2748 2815 diligentiae
2774 2760 3053 2818 puerum,
3100 2744 3219 2799 huc
3248 2743 3508 2816 illucque
3536 2759 3637 2800 ne-

1971 2833 2243 2890 cessitate
2301 2850 2410 2890 sua
2480 2837 2687 2889 euntes
2751 2833 3170 2889 discesserunt.
3248 2830 3636 2888 Hosmundus

1969 2923 2149 2993 igitur
2200 2928 2473 2980 comante
2502 2938 2641 2993 rege
2700 2929 2757 2979 et
2785 2923 3033 2991 civibus,
3079 2923 3378 2997 nudisque
3419 2922 3631 2995 plateis

1970 3013 2049 3069 ab
2102 3013 2472 3081 hominibus,
2526 3013 2709 3087 byrro
2757 3020 2813 3069 et
2852 3018 3030 3070 tantae
3074 3012 3440 3070 liberationis
3482 3026 3634 3085 puer

1970 3101 2234 3170 indutus,
2268 3103 2483 3158 citatus
2507 3103 2701 3175 equis,
2732 3103 3020 3159 Lauduno
3049 3103 3228 3159 exivit
3255 3102 3447 3168 citius,
3477 3100 3633 3174 rapi-

1970 3192 2172 3264 doque
2223 3209 2403 3248 cursu
2456 3197 2721 3248 castrum
2780 3192 3014 3265 appulit
3058 3192 3459 3249 Codiciacum.
3512 3189 3631 3245 Illic

1970 3280 2269 3337 aﬂluentis
2298 3282 2610 3354 probitatis
2650 3282 2950 3337 commisit
2987 3279 3324 3336 castellanis
3352 3294 3630 3351 puerum,

1968 3375 2027 3427 et
2049 3370 2352 3443 profectus
2379 3376 2469 3427 est
2507 3372 2566 3427 in
2594 3371 2730 3441 ipsa
2757 3374 2930 3427 nocte
2960 3369 3036 3426 ad
3078 3369 3357 3425 comitem
3386 3368 3633 3423 Bernar-

1966 3460 2114 3515 dum
2139 3460 2268 3531 ejus
2316 3459 2702 3527 avunculum,
2735 3460 2841 3533 qui
2880 3458 3233 3516 morabatur
3259 3455 3495 3513 moeniis
3527 3454 3634 3512 Sil-

1965 3549 2438 3606 vanectensium.

2608 3656 2993 3697 APOSTROPHA.

2125 3729 2572 3785 Northmanniaa
2604 3745 2764 3785 nunc
2794 3730 3101 3802 praesules,

2128 3817 2405 3889 Bellaque
2434 3818 2496 3872 in
2521 3818 2687 3873 omni
2716 3818 3020 3890 principes

2126 3906 2310 3975 Regni
2336 3906 2728 3978 triumphales
2750 3906 2950 3975 simul,

2126 3997 2193 4048 Et
2222 3993 2415 4048 clerus
2441 3993 2639 4049 omnis
2668 3992 2915 4062 ordinis,

2126 4081 2387 4153 Populus
2413 4080 2591 4135 simul
2617 4079 2924 4152 plorabilis
2954 4098 2966 4135 :

2127 4168 2316 4237 Pueri,
2341 4184 2537 4240 senes,
2569 4172 2626 4224 et
2649 4168 2928 4237 virgines,

2126 4262 2521 4330 Iuvenesque,
2555 4262 2802 4326 cuncue,
2837 4256 3092 4326 feminae,

2130 4347 2473 4419 Vulgusque
2504 4346 2565 4401 in
2592 4346 2792 4402 vicum
2819 4347 3110 4417 concitus,

2130 4437 2322 4494 Fletus
2348 4436 2636 4506 lugubres
2674 4436 2882 4492 mittite

2130 4526 2347 4584 Mmstis
2378 4525 2575 4582 modis
2604 4531 2661 4581 et
2688 4526 2930 4598 parcite.

2130 4619 2277 4672 Nam
2309 4615 2599 4685 gaudium
2628 4614 2799 4671 vobis
2830 4615 2976 4671 datu

2129 4703 2343 4759 Vinclis
2375 4702 2604 4760 solutus
2635 4704 2833 4774 regiis,

2131 4792 2382 4865 Elapsus
2409 4796 2468 4849 et
2500 4792 2850 4849 custodibus

2132 4881 2467 4938 Richardus
2499 4880 2697 4937 almus
2726 4880 3036 4943 innocens,

2132 4970 2396 5025 Prudens
2423 4985 2532 5041 per
2556 4967 2991 5035 sanctissimus,

2133 5058 2379 5113 Pulchre
2404 5056 2660 5111 decorus
2689 5053 3061 5128 splendibus,

2137 5145 2307 5201 Liber
2334 5143 2527 5199 tenaci
2557 5140 2869 5213 compede,

2136 5232 2315 5288 Vobis
2337 5230 2445 5286 erit
2473 5230 2599 5285 dux
2620 5231 2958 5300 praepotens

2138 5323 2340 5377 Grates
2367 5321 2486 5373 Deo
2515 5332 2675 5372 nunc
2704 5314 2930 5370 reddite

2136 5409 2251 5464 Pro
2279 5407 2529 5463 liberato
2553 5404 2822 5478 pignore.
3632 5470 3655 5483 κ

2051 5496 2387 5558 Bernardus
2404 5499 2604 5550 autem
2618 5492 2679 5548 in
2694 5492 2966 5547 obscurae
2982 5491 3173 5547 noctis
3185 5489 3417 5546 silentio
3426 5487 3638 5543 videns

1979 5587 2422 5653 Hosmundum,
2444 5582 2752 5640 admirans
2778 5581 2927 5637 dixit
2949 5582 3026 5637 ad
3051 5596 3210 5637 eum:
3264 5601 3293 5627 «
3326 5575 3480 5643 Quid
3509 5574 3634 5643 tibi,

1980 5676 2371 5740 Hosmundc?
2400 5673 2547 5737 nihil
2574 5671 2721 5736 boni
2751 5670 2827 5728 de
2872 5685 3011 5728 meo
3038 5671 3257 5743 nepote
3284 5669 3313 5724 ?
3336 5684 3367 5720 ι
3398 5664 3633 5725 Atille:
