4004 6178
374 182 481 247 609

1341 190 1644 252 DUDONIS
1684 190 1942 250 DECANI
1982 192 2039 249 Si
2083 186 2393 258 QUINTINI
2434 196 2816 253 VIHOMAND.

3690 194 3833 250 700

378 330 406 362 ι(
448 313 714 391 Domine,
746 314 795 369 si
842 329 1049 372 eruam
1080 333 1221 374 eum
1267 317 1343 375 de
1369 335 1559 374 manu
1607 318 1763 388 regis
1794 316 2030 385 atrocis,
2069 314 2118 373 Α
2156 320 2332 371 tanta:
2359 317 2676 387 diligentiae
2704 335 2977 392 puerum,
3007 317 3384 391 amplexibus
3406 316 3615 373 fruens
3642 320 3829 387 opta-

376 398 525 474 Quid
578 401 759 457 facies
810 403 886 459 de
907 404 1028 461 eo?
1056 426 1085 457 η
1136 410 1202 463 Et
1250 407 1614 464 Bernardus:
1667 430 1693 455 ‹‹
1726 410 1799 461 Te
1831 403 2031 459 multis

376 486 705 543 honoribus
734 488 987 546 ditatum
1031 492 1393 560 sublimabo,
1444 497 1497 548 te
1526 491 1831 547 beneﬁciis
1876 490 2032 545 locu-

376 574 664 648 pletatum
690 577 867 633 nimis
915 581 1209 637 exaltabo.
1242 586 1525 654 Nepotem
1569 596 1712 635 vero
1742 595 1944 635 meum
1972 578 2032 633 in

376 678 563 734 regno
606 666 789 737 patris
838 667 930 723 sui
975 670 1350 726 haereditario
1400 670 1770 736 restitituam,
1822 669 2032 723 North-

377 761 761 822 mannorum,
788 757 1216 832 Britonumque
1257 760 1557 833 principes
1587 759 1667 813 illi
1696 758 1909 813 servire
1940 775 2034 813 co-

380 846 541 910 gam.
576 863 604 892 »
658 838 746 898 Ad
801 846 929 902 11th
1000 848 1414 905 Hosmundus:
1473 872 1499 897 ‹‹
1542 851 1682 903 Sero
1743 845 2031 902 Lauduno

380 941 550 993 tuum
580 945 857 1012 nepotem
888 944 1043 1000 clam
1086 947 1372 1016 subtraxi,
1408 951 1465 1002 et
1509 943 2031 1000 Codiciacensibus

381 1028 718 1084 castellanis
765 1047 924 1097 eum,
968 1038 1033 1088 ut
1075 1036 1457 1104 custodirent,
1513 1032 1953 1089 commendavi.
2004 1053 2031 1080 »

382 1118 510 1172 Mox
536 1118 870 1174 Bernardus
899 1121 1069 1177 solito
1097 1123 1327 1179 ltetitior
1351 1124 1519 1179 citius
1565 1122 1833 1187 surrexit,
1867 1125 1924 1177 et
1953 1120 2033 1176 ad

384 1206 688 1274 Hugonem
716 1223 1009 1277 magnum
1039 1211 1255 1267 ducem
1303 1213 1554 1268 Parisius
1584 1216 1840 1285 prtepete
1870 1210 2033 1282 equi-

381 1294 507 1346 tatu
534 1292 875 1351 festinanter
922 1300 1278 1371 properavit.
1328 1303 1494 1371 Hugo
1520 1316 1779 1369 magnus
1826 1298 2033 1354 videns

381 1394 521 1435 eum
550 1380 728 1438 dixit:
763 1406 790 1431 ‹‹
825 1386 976 1450 Quid
995 1388 1072 1442 ad
1102 1404 1212 1443 nos
1244 1395 1366 1444 tam
1390 1391 1732 1463 repentinus
1761 1393 1819 1444 et
1844 1392 2035 1442 matu-

381 1468 539 1525 tinus
581 1473 970 1532 accelerasti?
1014 1501 1039 1527 ››
1093 1479 1327 1534 Atille:
1364 1503 1389 1528 ‹‹
1440 1482 1557 1534 Rex
1605 1480 1747 1552 quia
1782 1476 2034 1533 Ludovi-

382 1573 489 1614 cus
520 1576 723 1617 meum
770 1570 1051 1635 nepotem
1083 1568 1337 1623 strictius
1377 1574 1433 1624 et
1475 1568 1899 1640 praevidentius
1940 1583 2036 1620 cu-

2150 406 2243 471 tis,
2276 420 2414 462 eum
2460 423 2598 463 cum
2638 425 2861 477 magno
2891 408 3149 464 exercitu
3192 408 3264 462 ad
3302 406 3829 464 Silvanectensem

2142 494 2355 550 urbem
2384 498 2805 568 perduxitBex
2826 514 2966 552 vero
2994 495 3325 552 Ludovicus
3341 495 3607 567 duplicis
3642 494 3829 548 tristi-

2144 583 2257 649 tize,
2287 584 2503 641 scilicet
2533 602 2606 641 eo
2632 588 2793 658 quod
2826 590 3065 658 ceperat
3094 601 3367 657 puerum,
3401 590 3459 639 et
3481 583 3657 656 quod
3690 583 3831 654 ipse

2142 672 2386 744 elapsus
2410 680 2552 741 erat,
2609 681 2882 748 expertus
2912 692 3193 741 errorem,
3230 675 3387 729 misit
3430 675 3707 737 legatum
3742 672 3831 726 ad

2141 761 2360 817 ducem
2414 780 2705 834 magnum
2756 768 3084 832 Hugonem,
3138 768 3201 819 ut
3244 763 3493 817 reddere
3548 776 3831 834 puerum

2142 856 2381 920 cogeret
2428 854 2792 909 Bernardum
2841 854 3140 919 comitem,
3190 856 3357 922 Hugo
3388 853 3645 925 quidem
3692 867 3835 905 ma-

2143 957 2300 1011 gnus
2333 945 2650 999 remandat
2680 945 2800 1011 regi
2834 945 3017 999 verba
3049 943 3470 1015 subsequentis
3495 942 3832 998 orationis:

2144 1052 2171 1078 ‹‹
2211 1030 2731 1098 Silvanectensem,
2772 1037 2830 1087 et
2878 1032 3280 1098 Codiciacum,
3332 1035 3660 1087 Torotense
3692 1045 3831 1084 non

2144 1118 2413 1175 auferam
2458 1121 2777 1191 Bernardo,
2823 1126 2879 1176 et
2928 1120 3320 1177 Cretheltense
3368 1125 3663 1181 castrum,
3712 1134 3835 1173 ne-

2143 1224 2301 1279 queo
2332 1224 2541 1278 urgere
2574 1210 2703 1264 ullis
2735 1209 3152 1266 conaminibus
3179 1209 3349 1263 illum
3380 1213 3445 1264 ut
3472 1207 3699 1263 reddat
3734 1206 3837 1261 Ri-

2144 1296 2437 1352 chardum
2467 1297 2921 1353 dilectissimum
2965 1303 3240 1369 nepotem
3282 1314 3480 1352 suum.
3520 1320 3548 1345 n
3582 1301 3843 1351 interea

2147 1388 2478 1441 Bernardus
2520 1405 2722 1442 comes
2774 1388 3228 1445 Silvanectensis
3269 1387 3428 1441 misit
3457 1386 3532 1441 ad
3569 1389 3844 1440 Bernar-

2145 1474 2291 1529 dum
2318 1476 2878 1546 Rothomagensem,
2927 1481 3290 1547 caatcrosque
3341 1477 3840 1539 Northmannos,

2144 1562 2248 1634 qui
2302 1564 2600 1619 nuntiaret
2676 1565 2905 1619 concite
2960 1569 3206 1619 eventus
3277 1568 3539 1636 optatos.
3606 1563 3845 1618 North-

384 1648 583 1717 stodit,
619 1652 793 1707 venio
820 1653 899 1708 ad
938 1660 989 1709 te
1048 1660 1111 1710 ut
1157 1656 1416 1730 desuper
1458 1673 1596 1713 eum
1627 1657 1869 1729 aliquod
1898 1672 2035 1711 con-
2068 1676 2107 1728 Β
2149 1651 2352 1706 manui
2394 1652 2640 1723 quidem
2682 1657 2739 1708 et
2788 1652 3055 1707 Britones
3102 1652 3418 1707 desiderati
3468 1651 3645 1723 pueri
3695 1668 3847 1706 ere-

385 1737 583 1793 silium
632 1738 798 1798 mihi.
849 1744 986 1799 Etsi
1035 1745 1182 1801 forte
1207 1746 1423 1818 aliquis
1474 1762 1611 1802 eum
1651 1747 1724 1801 de
1756 1744 2035 1801 manibus

382 1823 537 1896 regis
585 1829 819 1901 eruerit,
862 1832 1040 1903 quale
1091 1835 1456 1905 adjutorium
1505 1836 1557 1891 ei
1596 1840 1696 1890 tua
1723 1834 2036 1890 clementia

382 1913 795 1986 impertietur?
827 1941 855 1968 »ι
909 1924 1069 1976 Tunc
1120 1924 1289 1992 Hugo
1344 1940 1640 1994 magnus:
1698 1925 1904 1980 Mirum
1952 1928 2040 1977 est

385 2003 667 2059 omnibus
724 2008 889 2077 quod
945 2010 1067 2079 agit
1093 2027 1197 2066 rex
1256 2014 1606 2069 Ludovicus.
1663 2015 1833 2069 Pater
1870 2011 2035 2085 pueri

385 2090 540 2147 illius
570 2109 680 2165 pro
705 2095 984 2154 fidelitate
1032 2102 1189 2169 regis
1229 2103 1513 2175 deceptus
1541 2109 1631 2159 est
1660 2108 1716 2159 et
1758 2101 2037 2158 interem-

386 2184 543 2252 ptus,
576 2187 634 2237 et
656 2180 783 2256 ipse
813 2190 971 2243 tenet
1016 2196 1261 2262 captum
1302 2192 1489 2247 tilium
1514 2193 1661 2263 ejus.
1700 2192 1933 2247 Utinam
1965 2190 2039 2245 de

385 2269 637 2327 vinculis
664 2276 816 2345 regis
845 2291 984 2333 eum
1012 2282 1224 2336 eruerit
1254 2282 1493 2354 aliquis,
1518 2288 1573 2337 et
1602 2282 1745 2337 mihi
1779 2281 2043 2336 adduxe-

386 2358 489 2415 rit!
524 2379 554 2413 ι
585 2364 650 2417 Et
676 2366 1009 2422 Bernardus
1033 2386 1046 2423 :
1074 2391 1100 2417 ‹‹
1137 2371 1403 2437 Domine,
1423 2372 1567 2444 quid
1602 2371 1779 2427 facies
1804 2370 1850 2424 si
1875 2369 2038 2441 quod

385 2451 631 2507 retuljsti
683 2454 1076 2529 adimpletum
1115 2460 1329 2517 fuerit?
1381 2487 1405 2510 ››
1440 2466 1505 2517 Et
1547 2466 1711 2530 Hugo
1743 2476 2037 2529 magnus:

388 2560 415 2588 «
451 2543 574 2610 Ego
601 2543 847 2614 quidem
868 2549 1311 2605 Northmannos
1330 2556 1385 2606 et
1418 2552 1678 2606 Britones
1706 2551 2041 2620 subjugans

384 2627 458 2697 ei,
489 2630 794 2700 possidere
850 2634 1068 2691 faciam
1118 2638 1286 2693 illum
1334 2652 1710 2712 quaecunque
1762 2643 1927 2711 pater
1956 2644 2041 2693 te-

386 2716 532 2772 nuit.
568 2720 784 2775 Contra
808 2730 1011 2788 regem
1056 2724 1135 2779 illi
1174 2727 1526 2791 auxiliabor,
1574 2733 1900 2797 contraque
1943 2730 2042 2779 Ar-

385 2804 644 2878 nulfum,
672 2824 1005 2884 omnesque
1047 2813 1425 2871 insidiatores
1452 2816 1692 2872 viriliter
1723 2815 1974 2887 juvabo.
2014 2837 2040 2862 υ

387 2895 549 2950 Tunc
575 2912 778 2953 comes
809 2900 1142 2958 Bernardus
1172 2906 1451 2977 precibus
1492 2906 1881 2961 accumulans
1907 2920 2041 2977 pre-

388 2996 507 3077 εἶρε,
532 2984 610 3039 ad
640 2987 825 3058 pedes
855 2991 1199 3063 suppliciter
1227 3009 1510 3050 corruens
1540 2996 1702 3050 dixit:
1738 3016 1765 3043 ‹‹
1799 2993 2044 3049 Domine
2075 3024 2115 3077 ο

390 3067 515 3127 dux
544 3078 1180 3148 praepotentissimeme
1210 3083 1485 3139 irascaris
1507 3101 1568 3138 se
1590 3088 1855 3156 repetam
1879 3082 2044 3154 quod

390 3158 528 3218 volo
553 3179 590 3219 a
615 3169 686 3221 te.
726 3169 794 3222 Ut
825 3168 1104 3225 credulus
1135 3176 1373 3229 tuarum
1404 3174 1870 3246 promissionum
1900 3187 2044 3227 con-

389 3249 622 3309 ﬁtenter
645 3256 918 3325 existam,
970 3260 1407 3331 pollicitationis
1452 3263 1774 3318 verborum
1806 3267 2046 3317 tuorum

390 3338 485 3396 fac
525 3340 671 3399 mihi
729 3351 831 3402 tua
879 3348 1161 3421 petitione
1192 3352 1374 3407 ﬁdem
1429 3352 1891 3421 integerrimam.
1946 3354 2050 3407 Has

390 3427 505 3484 beo
529 3432 693 3488 enim
724 3435 1039 3493 Codiciaco
1067 3440 1211 3494 tanti
1242 3442 1464 3496 amoris
1490 3456 1746 3513 puerum
1774 3439 2048 3511 captione

390 3518 547 3587 regis
602 3520 814 3592 perﬁdi
872 3524 950 3580 ab
1008 3526 1363 3583 Hosmundo
1428 3528 1766 3584 liberatum.
1828 3548 1853 3577 »
1924 3531 2051 3582 Dux

391 3622 547 3700 vero.
582 3625 847 3700 magnus
915 3615 1221 3683 gratulans
1276 3617 1351 3672 de
1404 3633 1591 3689 puero
1660 3622 1850 3682 eruto,
1906 3616 2052 3671 dixit

393 3692 595 3746 comiti
643 3696 980 3752 Bernardo:
1040 3721 1068 3748 «
1128 3703 1193 3755 Ut
1255 3702 1372 3771 [de]
1430 3702 1852 3774 propositionis
1902 3718 2050 3755 meae

393 3781 701 3852 proposito
772 3783 1125 3844 ﬁducialiter
1180 3791 1443 3845 securior
1513 3791 1617 3846 sis.
1670 3789 1885 3845 faciam
1947 3789 2048 3844 tibi

393 3871 451 3922 et
499 3867 581 3924 illi
637 3887 773 3944 quae
826 3876 1081 3949 supplex
1130 3878 1405 3951 requiris.
1456 3900 1484 3928 n
1535 3878 1737 3934 Allatis
1782 3892 1923 3933 vero
1965 3893 2050 3932 re-

393 3954 613 4029 liquiis,
672 3964 1076 4038 manibusque
1141 3982 1328 4040 supra
1377 3967 1605 4041 positis,
1673 3972 2048 4023 sacramento

393 4060 548 4186 ξεί-φ
578 4047 717 4105 ﬁdei
738 4055 1063 4125 spopondit
1091 4073 1152 4112 se
1178 4071 1367 4129 puero
1391 4063 1601 4113 contra
1635 4072 1849 4112 omnes
1879 4055 2047 4111 auxi-

438 4149 544 4186 tiI'l.

438 4149 544 4189 ἃῙἹ.

1036 4251 1395 4291 ΔΡΟΒΤΠΟΡΗΑ
1408 4279 1419 4291 .

539 4316 823 4373 Melliﬂuae
854 4320 1136 4379 bonitatis
1166 4340 1301 4397 ope,

540 4406 709 4474 Hugo
735 4413 1086 4483 potensque,
1119 4412 1466 4485 Valensque,
1500 4414 1732 4484 vigens,

541 4495 810 4567 Magnus,
842 4504 898 4554 et
923 4500 1200 4573 inclytus,
1226 4518 1296 4558 ac
1326 4503 1592 4572 meritus,

539 4585 974 4656 Magnanimus,
1008 4591 1225 4658 bonus,
1254 4587 1550 4649 almiticus

542 4674 836 4743 Miriﬁcus,
872 4680 1121 4751 probus,
1153 4682 1447 4752 egregius.

540 4766 756 4822 Auxilii
785 4784 920 4823 ecce
951 4776 1255 4827 memento
1287 4775 1391 4843 tui,

542 4857 609 4909 Et
632 4857 1009 4915 reminiscere
1036 4872 1226 4933 quam
1257 4862 1498 4934 peragis

544 4944 788 5001 Eximiaa
816 4949 1130 5020 probitatis
1160 4966 1335 5023 opus.

542 5035 1161 5119 Emeritumquejuva
1193 5054 1469 5112 puerum,

544 5124 806 5193 Protege,
837 5126 1121 5195 salvitica,
1157 5128 1352 5185 refove
1380 5148 1392 5197 ;

547 5211 719 5274 Quod
745 5219 911 5284 pater
936 5221 998 5271 ut
1032 5217 1214 5273 tenuit
1243 5222 1456 5287 teneat,

548 5299 813 5357 Gaudeat
836 5308 893 5359 et
920 5305 1218 5362 recidivus
1246 5321 1339 5377 eo,

549 5385 873 5459 Possideat,
907 5394 1147 5463 habeat,
1181 5396 1406 5457 faciens

547 5479 718 5544 Quod
748 5476 941 5538 facere
972 5485 1209 5542 assidue
1240 5487 1531 5543 ambierit.

477 5567 575 5624 His
603 5576 660 5625 et
708 5572 1123 5641 hujuscemodi
1177 5577 1452 5648 peractis,
1497 5592 1699 5632 comes
1727 5576 2063 5631 Bernardus

402 5656 619 5729 rapide
643 5658 911 5730 equitatu
944 5662 1329 5721 Codiciacum
1370 5665 1630 5738 expetiit,
1660 5669 1721 5721 et
1758 5664 2064 5721 osculatus

2145 1740 2346 1812 ptione
2376 1740 2628 1795 nimium
2678 1742 2917 1806 hilares,
2968 1741 3319 1813 persolvunt
3369 1744 3486 1796 Deo
3533 1740 3841 1811 omnipo-

2149 1829 2289 1884 tenti
2314 1845 2422 1900 pro
2448 1845 2520 1885 eo
2548 1834 2685 1886 vota
2710 1834 2767 1885 et
2796 1835 3012 1899 grates.
3061 1830 3249 1899 Hujus
3281 1829 3364 1884 rei
3398 1829 3592 1897 gratia
3624 1828 3837 1885 Silva-

2147 1918 2438 1973 neetensis
2486 1936 2686 1974 comes
2736 1919 3068 1974 Bernardus
3118 1918 3418 1990 profectus
3465 1923 3557 1973 est
3600 1925 3841 1973 contra

2150 2007 2518 2063 Bernardum
2548 2010 3089 2078 Rothomagensem
3137 2014 3193 2063 et
3232 2007 3619 2077 Dacigenam,
3666 2008 3837 2078 quid

2151 2102 2351 2166 ageret
2377 2097 2452 2152 de
2482 2113 2669 2169 puero
2716 2098 3117 2153 consulturus.
3171 2102 3441 2169 Cumque
3472 2097 3709 2152 mutuis
3748 2096 3842 2152 al-

2152 2188 2423 2242 ternatim
2455 2187 2833 2242 sermonibus
2874 2188 3249 2259 nimiumque
3276 2187 3518 2241 secretis
3544 2186 3838 2241 frueren-

2152 2282 2263 2343 tur,
2292 2277 2451 2331 etde
2500 2276 2864 2332 restitutione
2917 2277 3086 2348 pueri
3114 2276 3174 2331 in
3222 2291 3409 2344 regno
3447 2275 3556 2330 diu
3604 2282 3840 2331 tracta~

2150 2370 2299 2427 rent,
2330 2366 2629 2420 Bernardo
2664 2366 2972 2435 Dacigenaa
3022 2365 3167 2419 dixit
3196 2381 3399 2419 comes
3434 2365 3834 2419 Bernardus:

2155 2475 2181 2503 ‹‹
2215 2458 2293 2509 Ne
2324 2454 2471 2509 forte
2497 2471 2599 2508 rex
2642 2455 2976 2509 Ludovicus
3006 2454 3446 2510 animadvertat
3478 2460 3698 2509 nostrae
3728 2453 3839 2508 in-

2156 2543 2431 2598 tentionis
2455 2544 2981 2615 propositum,non
3012 2544 3248 2598 veniam
3275 2543 3501 2597 abhinc
3527 2547 3746 2598 contra
3773 2549 3839 2598 te

2154 2631 2413 2703 amplius
2439 2633 2515 2687 ad
2556 2631 2861 2703 placitum.
2900 2635 3114 2687 Verum
3157 2632 3329 2687 crede
3363 2632 3535 2704 quod
3569 2633 3835 2686 manda-

2154 2737 2295 2777 vero
2323 2722 2427 2776 tibi
2454 2722 2626 2785 signo
2655 2722 2804 2777 inter
2832 2739 2929 2777 me
2959 2728 3015 2778 et
3057 2727 3111 2778 te
3144 2722 3299 2778 facto
3328 2726 3583 2777 ostenso
3613 2737 3727 2793 per
3750 2721 3833 2776 le-

2155 2814 2383 2877 gatum,
2414 2814 2470 2864 et
2500 2810 2715 2865 rimare
2763 2810 3075 2878 ingenioso
3116 2810 3436 2866 conamine
3477 2826 3686 2877 regem
3722 2812 3832 2864 Lu-

2153 2897 2434 2952 dovicum
2460 2897 2707 2963 fatuare,
2741 2900 2884 2970 quia
2914 2899 3039 2954 vult
3080 2915 3195 2953 nos
3224 2905 3280 2953 et
3315 2915 3425 2953 vos
3448 2914 3675 2953 omnes
3700 2913 3830 2953 cru-

2155 2987 2361 3042 deliter
2389 2987 2655 3058 perdere.
2692 3010 2720 3037 »
2773 2987 2929 3043 illico
2973 2988 3246 3060 pluribus
3301 3003 3505 3042 rerum
3534 2993 3711 3042 caute
3743 3002 3827 3041 re-

2154 3077 2407 3150 plicatis,
2454 3077 2710 3149 quisque
2756 3094 2868 3132 sua
2893 3078 3143 3133 celerius
3191 3077 3406 3132 revisit.
3464 3081 3819 3133 lnterearex

2159 3166 2491 3221 Ludovicus
2548 3165 2623 3220 de
2671 3166 2849 3235 digne
2875 3166 3198 3238 ereptionis
3229 3166 3397 3237 pueri
3435 3165 3813 3221 absolutione

2158 3252 2391 3321 anxius,
2439 3257 2496 3308 et
2543 3252 2617 3307 de
2647 3254 3004 3308 remandato
3054 3254 3396 3308 difﬁdentiae
3453 3254 3539 3308 ab
3578 3256 3821 3323 Hugone

2159 3342 2411 3397 nimium
2468 3343 2645 3398 tristis
2696 3348 2752 3398 et
2816 3348 3090 3407 mmstus,
3156 3343 3313 3398 misit
3364 3342 3442 3398 ad
3508 3341 3827 3398 Fiandren—

2159 3432 2237 3485 sis
2270 3432 2459 3500 gentis
2508 3432 2788 3487 comitem
2829 3431 3164 3497 Amulium,
3215 3431 3319 3503 qui
3352 3432 3487 3502 ejus
3518 3432 3604 3486 rei
3651 3447 3827 3500 nego.

2160 3520 2237 3574 tio
2269 3520 2649 3575 auxiliabitur
2694 3519 2986 3586 nimium;
3036 3526 3335 3592 quatenus
3380 3519 3589 3575 venire
3619 3524 3830 3574 contra

2160 3624 2221 3663 se
2247 3609 2609 3664 acceleraret
2638 3609 2713 3664 ad
2749 3608 3054 3681 placitum.
3101 3609 3209 3675 Qui
3239 3607 3600 3663 festinanter
3625 3624 3831 3664 occur-

2158 3704 2355 3753 rentes
2384 3699 2495 3753 sibi
2524 3699 2582 3754 in
2628 3715 2788 3771 pago
2834 3699 3267 3765 Virmandensi,
3310 3699 3369 3753 in
3397 3698 3540 3753 villa
3571 3715 3715 3771 quae
3741 3697 3832 3752 di-

2161 3786 2311 3841 citur
2354 3787 2687 3851 Restibulis,
2738 3786 2842 3858 qui
2868 3792 3116 3854 agerent
3163 3791 3477 3858 cmperunt
3525 3786 3828 3841 meditari.

2161 3875 2438 3929 Amulius
2469 3890 2612 3930 vero
2642 3874 2807 3941 digni
2850 3874 3117 3930 interitus
3159 3874 3250 3930 sui
3282 3874 3627 3929 formidans
3662 3874 3832 3929 ultio.

2161 3980 2323 4033 nem,
2350 3963 2517 4019 vafro
2544 3964 2950 4019 stomachatus
2982 3969 3135 4033 astu,
3166 3962 3314 4018 dixit
3344 3964 3419 4018 ad
3457 3963 3833 4019 Ludovicum

2160 4070 2398 4119 regem:
2429 4076 2455 4103 ‹‹
2518 4052 2775 4122 Ingentis
2806 4052 3140 4107 formidinis
3171 4069 3391 4124 pavore
3417 4059 3749 4117 exterreor,
3782 4059 3837 4108 et

2164 4159 2354 4215 usque
2408 4142 2485 4197 ad
2535 4143 2811 4197 intimum
2869 4142 3269 4197 medullarum
3329 4158 3513 4213 super
3562 4146 3838 4197 venturis

2163 4232 2491 4296 concutior,
2562 4247 2637 4286 ne
2712 4232 2861 4286 forte
2941 4231 3337 4286 Northmanni
3416 4238 3475 4287 et
3560 4232 3843 4287 Britones

2166 4322 2396 4392 .iugoni
2423 4321 2561 4375 duci
2589 4326 2797 4376 contra
2844 4325 2898 4375 te
2928 4319 3142 4375 rixanti
3188 4321 3576 4375 vehementer
3604 4328 3843 4376 nostra!

2165 4412 2533 4467 confusionis
2584 4411 2823 4466 interitu
2879 4412 3266 4476 coluerentes,
3329 4411 3570 4467 militari
3645 4427 3845 4467 manu

2164 4501 2351 4556 ascita
2373 4500 2693 4568 insurgant
2742 4500 2801 4553 in
2832 4516 2943 4554 nos
2992 4502 3328 4555 unanimes.
3386 4503 3609 4555 Verum
3656 4516 3846 4573 super

2165 4590 2280 4645 hoc
2309 4590 2469 4644 dabo
2518 4589 2621 4643 tibi
2667 4589 3005 4655 consilium,
3054 4604 3128 4643 ne
3169 4588 3558 4644 incurramus
3606 4591 3847 4645 venturi

2166 4678 2377 4733 damni
2408 4677 2759 4749 periculum.
2820 4680 3062 4732 Excaeca
3104 4676 3282 4745 igitur
3320 4678 3535 4733 oculos
3570 4679 3847 4749 [lagonis

2168 4768 2520 4824 muneribus
2589 4772 2646 4822 et
2694 4767 3017 4836 beneﬁciis,
3076 4783 3150 4822 ne
3220 4768 3556 4839 possitquae
3629 4769 3847 4824 feceris

2165 4858 2297 4928 jure
2363 4855 2671 4923 refragari.
2761 4855 3033 4911 Concede
3093 4855 3173 4910 illi
3244 4856 3763 4913 Northmanniam
3810 4872 3847 4911 ι

2169 4949 2450 5017 Sequana
2500 4960 2689 5017 usque
2737 4945 2815 4999 ad
2861 4960 3048 5012 mare,
3101 4950 3165 4999 ut
3220 4944 3425 5000 valeas
3490 4960 3635 5017 quae
3700 4946 3847 5002 citra

2172 5039 2311 5089 sunt
2355 5034 2552 5106 quiete
2613 5040 2830 5089 tenere.
2886 5032 3278 5088 Northmanni
3328 5046 3473 5087 vero
3512 5033 3721 5089 taliter
3764 5035 3845 5089 di-

2172 5124 2279 5178 visi
2326 5122 2783 5190 desolabuntur,
2840 5127 2899 5177 et
2945 5138 3065 5177 non
3114 5126 3323 5177 contra
3372 5136 3487 5177 nos
3522 5122 3606 5177 ad
3656 5130 3846 5179 certa.

2174 5213 2338 5268 mina
2366 5212 2519 5267 ultra
2544 5212 2983 5267 excitabuntur.
3020 5212 3110 5267 Sic
3141 5210 3377 5266 minues
3400 5217 3459 5266 et
3488 5225 3851 5269 exarmave-

2170 5304 2253 5358 ris
2278 5302 2605 5374 potentiam
2651 5301 2909 5367 illorum,
2950 5314 3074 5357 non
3103 5315 3226 5356 uno
3256 5299 3369 5356 soli
3392 5301 3663 5358 Domino
3691 5302 3849 5358 mili-

2172 5392 2453 5449 tantium.

2814 5494 3198 5535 APOSTROPHA.

2175 5574 2456 5628 Inventor
2485 5570 2741 5633 sceleris,
2771 5569 2999 5624 consilii
3031 5574 3085 5623 et
3116 5567 3279 5633 mali,

2174 5667 2424 5719 Prorsus
2442 5660 2609 5734 quod
2638 5660 2884 5716 vetitum
2912 5663 3025 5732 est,
3056 5657 3283 5716 fraudis
3310 5660 3372 5713 et
3398 5658 3626 5731 impias,
