4002 6186
167 186 263 244 ’701

166 315 283 370 Cur
309 311 588 384 prmscire
618 311 720 367 Dei
742 309 990 367 consilio
1016 313 1121 365 tuo

164 400 354 458 Gestis
383 406 707 467 conterere,
739 405 797 456 et
822 399 1022 455 sistere
1051 397 1285 471 perﬁdo
1309 399 1340 455 7

164 489 330 546 Heu!
366 489 522 546 Heu!
554 488 839 545 occubuit
866 488 1124 562 perﬁdia
1147 492 1271 553 tua,

164 581 357 651 Hujus
381 580 510 651 jam
537 579 758 634 sobolis
783 578 1157 651 praemeritus
1181 581 1369 650 pater,

163 673 277 725 Pro
305 670 440 725 visu
472 669 705 725 Domini
731 670 938 742 purior
967 672 1035 723 ut
1062 667 1231 733 foret,

166 759 370 815 Fultus
398 759 703 829 martyrio,
736 758 898 813 testis
923 761 982 813 et
1008 754 1244 812 emicat.

167 851 331 904 lianc
360 862 484 903 non
514 847 931 903 contaminans
961 844 1321 919 improbitas
1353 847 1456 900 tua

162 937 489 1009 Torquebit
506 936 683 991 simili
709 941 767 992 et
796 936 1095 991 dilanians
1126 934 1328 1001 modo,

168 1026 271 1081 Hic
299 1040 438 1080 vere
468 1025 685 1081 sederit
711 1024 837 1080 dux
860 1023 1234 1093 luculentior,

166 1112 455 1179 Prudens,
484 1112 793 1185 paciﬁcus,
823 1111 1184 1185 promeritus
1214 1125 1437 1177 comes,

167 1205 444 1268 Sanctus,
475 1201 809 1273 religiosus,
837 1202 1036 1257 bonus
1066 1205 1122 1256 et
1147 1201 1281 1273 pius

166 1295 457 1349 Summus
481 1291 786 1364 patricius,
816 1290 1087 1346 mamhio
1123 1286 1431 1362 providus,

164 1380 457 1436 Defensor
479 1380 705 1452 patriae,
738 1385 800 1435 at
827 1379 1068 1449 indigus
1093 1378 1247 1450 opis,

167 1469 406 1525 Solator
433 1469 684 1535 miseris,
718 1469 865 1541 quin
892 1469 1086 1523 viduae
1116 1472 1172 1523 et
1200 1466 1475 1539 orphani.

164 1559 410 1615 Cunctis
437 1574 618 1614 omne
649 1558 903 1623 bonum,
932 1557 1222 1629 lucraque
1246 1568 1555 1628 prospera.

164 1646 425 1703 Effectus
445 1647 742 1720 populum
768 1647 1055 1718 regimine
1080 1660 1369 1715 congruo,

163 1736 480 1792 Conducet
503 1736 847 1803 moderans,
880 1735 1130 1807 legeque
1161 1735 1487 1804 corrigens,

164 1825 384 1897 Campi
410 1824 625 1880 siderei
654 1825 735 1880 ad
762 1840 989 1897 pascua
1019 1824 1242 1879 ctelica.

244 1915 368 1968 Rex
422 1928 565 1967 vero
620 1912 948 1967 Ludovicus
1006 1926 1193 1983 pravo
1250 1915 1458 1966 astutae
1500 1908 1835 1966 dolositatis

164 2002 423 2071 ingenio
450 2017 615 2069 usus,
649 2002 810 2056 misit
845 2001 1100 2068 ingentis
1154 2000 1497 2055 reverentiae
1548 1999 1835 2073 praesules

170 2088 262 2144 ad
287 2093 595 2158 Hugonem
619 2090 896 2154 velocius,
935 2095 998 2144 ut
1025 2105 1095 2145 ea
1124 2089 1243 2145 ﬁde
1273 2102 1397 2160 qua
1439 2092 1835 2145 concatenan-

163 2182 271 2233 tur
300 2179 498 2232 senior
524 2182 580 2232 et
611 2178 778 2232 miles
808 2178 1007 2233 venire
1038 2176 1336 2232 festinaret
1387 2176 1465 2232 ad
1494 2193 1557 2233 se
1594 2193 1839 2251 promp-

168 2265 307 2321 tius.
330 2267 497 2334 Hugo
517 2265 694 2333 igitur
724 2282 981 2335 magnus
1006 2265 1382 2320 creberrimis
1412 2266 1836 2338 episcoporum

165 2352 556 2425 petitionibus
585 2353 928 2426 suppliciter
952 2358 1193 2409 coactus
1223 2354 1527 2425 profectus
1564 2356 1654 2407 est
1692 2366 1837 2407 con-

172 2448 261 2497 tra
285 2456 493 2512 regem
524 2441 602 2497 ad
630 2442 834 2497 villam
883 2443 943 2497 in
984 2444 1119 2499 vico
1166 2444 1339 2513 juxta
1372 2440 1834 2513 Compendium,

169 2545 306 2603 quae
332 2531 550 2587 dicitur
576 2531 749 2597 Crux,
783 2533 1049 2605 dixitque
1084 2534 1163 2589 ad
1201 2546 1406 2601 regem
1441 2548 1453 2585 :
1488 2550 1518 2583 ια
1548 2530 1729 2600 Cujus
1755 2528 1838 2583 rei

170 2620 414 2689 negotio
435 2622 551 2676 huc
578 2637 674 2676 me
701 2621 1030 2677 accelerare
1061 2621 1180 2677 ﬁde
1209 2625 1266 2677 et
1286 2619 1496 2689 legatis
1522 2616 1838 2689 praecipuis

172 2709 515 2781 compulisti
542 2711 570 2765 εἴ
602 2731 630 2759 ››
678 2713 796 2765 Rex
824 2715 1027 2766 autem
1057 2728 1069 2766 :
1132 2733 1160 2759 «
1220 2714 1288 2766 Ut
1325 2708 1543 2764 reddas
1574 2707 1718 2761 mihi
1748 2707 1840 2761 Ri-

176 2798 493 2865 cbardum,
536 2814 717 2872 quem
748 2797 980 2855 furatus
1010 2804 1101 2855 est
1131 2798 1541 2859 Hosmundus,
1599 2800 1657 2853 et
1704 2810 1837 2869 per-

175 2886 345 2942 duxit
369 2886 449 2942 ad
470 2888 748 2943 comitem
776 2888 1168 2943 Bernardum.
1200 2912 1226 2936 »
1254 2886 1576 2958 Respondit
1593 2888 1838 2954 Magnus

656 188 747 243 ne
788 186 1029 243 casus
1067 143 1494 243 summa:
1534 176 1775 239 nucum
1811 174 1993 237 metu
2029 176 2226 237 rans.
2266 206 2338 224 -έ
2373 176 2507 240 us.
2548 176 2640 242 m.
2681 180 3098 243 manRDUS.

3478 182 3584 247 '10!

1852 307 1899 361 Α
1935 309 2158 362 norunt
2192 318 2327 380 qua:
2357 309 2736 382 spopondisti
2760 320 2967 383 puero,
3018 305 3391 385 Francusque
3425 314 3584 387 prius

1936 393 2099 468 cipes
2128 396 2500 455 laetiﬁcarth
2527 415 2590 455 se
2617 413 2798 473 super
2825 402 2941 457 hoc
2967 400 3232 458 consilio.
3272 404 3428 469 Quid
3469 408 3584 460 turn

1933 486 2070 558 pius
2102 486 2214 542 hac
2242 486 2536 545 infamia?
2581 490 2803 562 talique
2860 490 3235 562 blasphemia
3285 492 3432 564 quid
3477 490 3585 548 ob.

1934 575 2151 630 noxius
2170 575 2199 630 ?
2228 579 2424 633 Tantae
2455 578 2717 650 perﬁdiae
2758 588 2986 649 rumor,
3018 580 3285 653 tantique
3334 580 3588 637 maleﬁci

1935 661 2105 720 ducis
2134 665 2397 739 nequitia
2424 669 2838 741 promulgatur
2865 682 2972 743 per
3002 673 3123 726 tota
3170 685 3355 743 penes
3415 671 3590 726 Fran-

1936 753 2042 810 cite
2092 754 2397 811 civitatum
2426 758 2667 825 moenia,
2710 772 2922 815 omnes
2968 762 3281 815 susurrant
3309 759 3384 815 de
3425 762 3588 816 tanto

1937 841 2088 896 duce
2116 845 2175 897 et
2194 842 2507 911 advocato,
2537 860 2660 918 quo
2692 847 2873 903 modo
2902 847 3188 920 deceptus
3218 851 3308 904 est
3336 852 3393 904 et
3417 856 3588 903 mena

1938 930 2078 987 titus
2107 932 2456 989 muneribus
2486 939 2543 989 et
2570 934 2878 992 beneﬁcio.
2924 956 2950 985 η
3007 940 3224 993 Contra
3278 932 3447 993 istius
3500 928 3587 993 in-

1937 1019 2226 1075 vectionis
2256 1021 2570 1078 molimina
2617 1025 2782 1093 Hugo
2827 1036 3085 1095 magnus
3132 1026 3457 1098 respondit,
3507 1030 3586 1083 ab

1936 1108 2060 1163 imo
2110 1110 2309 1165 cordis
2359 1111 2634 1167 amittens
2681 1114 2983 1185 suspiria:
3016 1136 3043 1164 ‹‹
3084 1116 3246 1170 Veris
3299 1116 3586 1189 purisque

1938 1199 2318 1255 sermonibus
2346 1216 2480 1272 quae
2504 1206 2819 1257 exsecutus
2848 1217 2912 1257 es
2941 1201 3206 1269 retulisti,
3259 1204 3403 1275 quia
3445 1203 3589 1258 obli-

1937 1290 2033 1342 tus
2058 1290 2437 1356 sacramenti,
2469 1302 2594 1362 quo
2622 1306 2719 1346 me
2759 1290 3137 1347 defensorem
3167 1296 3224 1347 et
3256 1292 3592 1362 adjutorem

1937 1375 2108 1448 pueri
2136 1376 2443 1433 ultroneus
2469 1379 2738 1450 promisi,
2784 1384 3002 1436 terram
3034 1396 3070 1435 a
3098 1382 3376 1452 Sequana
3404 1394 3593 1451 usque

1940 1465 2020 1520 ad
2049 1480 2214 1521 mare
2244 1467 2621 1524 hwreditario
2645 1469 2779 1539 jure
2807 1470 2887 1525 ab
2924 1485 2995 1525 eo
3022 1467 3471 1541 possidendam,
3492 1467 3597 1524 do-

1941 1566 2022 1609 no
2050 1555 2205 1623 regis
2230 1556 2446 1629 recepi,
2476 1557 2650 1629 eique
2680 1558 3074 1628 integerrimas
3125 1558 3265 1614 ﬁdei
3312 1557 3597 1614 stabilitas

1872 1660 1913 1715 Β
1940 1646 2061 1698 tem
2092 1642 2222 1709 feci,
2251 1658 2466 1716 meque
2495 1646 2832 1715 adjutorem
2860 1646 3018 1701 illius
3048 1660 3119 1703 ex
3150 1660 3221 1703 ea
3250 1652 3425 1719 terra,
3461 1658 3595 1720 qum

1940 1731 2088 1788 citra
2128 1735 2470 1805 Sequanam
2501 1740 2607 1805 est,
2638 1736 2956 1808 perjurans
3002 1737 3335 1809 repromisi,
3386 1737 3434 1792 si
3462 1752 3597 1793 eam

1943 1834 2129 1893 quam
2159 1822 2304 1877 mihi
2325 1824 2487 1879 dedit
2529 1837 2845 1898 nunquam
2889 1827 3325 1882 contradixerit.
3379 1828 3595 1881 Verum

1941 1908 2085 1980 quia
2140 1910 2428 1966 mirabilis
2484 1912 2726 1982 ingenii,
2779 1914 3153 1986 ingentisque
3202 1912 3510 1969 industriae
3539 1913 3598 1985 et

1942 1997 2280 2055 calliditatis
2309 2015 2510 2056 comes
2541 2017 2629 2072 es,
2659 2007 2716 2058 et
2744 2008 2974 2059 astutus
3004 2004 3064 2058 in
3094 2004 3376 2059 omnibus
3410 2012 3594 2073 nego-

1943 2086 2057 2153 tiis,
2089 2102 2301 2159 precor
2324 2093 2389 2144 ut
2416 2105 2590 2145 eruas
2611 2107 2706 2146 me
2732 2090 2934 2163 aliquo
2963 2091 3331 2164 sophismate
3387 2105 3424 2146 a
3469 2089 3596 2145 bla-

1944 2176 2218 2248 sphemia
2246 2178 2428 2249 hujus
2459 2180 2738 2235 rumoris.
2768 2183 3025 2236 Decurso
3054 2181 3273 2236 adhinc
3304 2180 3401 2235 die
3426 2179 3596 2235 sedes

1944 2261 2084 2332 cies,
2116 2262 2533 2322 festinabimus
2562 2269 2725 2323 adire
2744 2269 3239 2324 Northmanniam
3263 2271 3449 2338 egoet
3472 2280 3595 2323 rex.

1946 2354 2075 2422 ipse
2105 2358 2305 2409 autem
2336 2358 2877 2427 Rothomagensem
2898 2359 3135 2428 urbem,
3162 2368 3277 2427 ego
3322 2370 3465 2413 vero
3494 2357 3601 2413 ob-

1946 2440 2156 2496 sidebo
2208 2447 2274 2497 ut
2320 2444 2589 2514 juratum
2645 2452 2734 2501 est
2783 2448 3185 2516 Bajocensem.
3254 2445 3601 2516 Aﬁligemus

1944 2528 2126 2597 igitur
2148 2533 2588 2589 Northmannos
2617 2536 2810 2591 taliter
2835 2540 2891 2591 et
2937 2536 3221 2603 Britones,
3269 2539 3325 2589 et
3372 2533 3601 2603 redige:-

1947 2632 2085 2672 mus
2115 2624 2180 2675 ut
2221 2622 2483 2677 serviant
2538 2624 2814 2679 humiles.
2870 2624 3148 2696 Quisquis
3202 2636 3342 2677 vero
3395 2625 3604 2677 contra

1946 2720 2061 2761 nos
2090 2714 2417 2765 contumax
2440 2710 2614 2768 fuerit
2664 2717 2724 2768 et
2758 2710 3013 2779 rebellis,
3069 2709 3600 2778 exterminabitur:

1946 2796 2223 2868 quisquis
2270 2814 2412 2855 vero
2441 2816 2625 2857 armrs
2656 2803 3120 2875 praesumpserit,
3178 2799 3499 2856 occidetur.
3547 2798 3605 2856 Si

1945 2886 2094 2957 quid
2125 2888 2454 2958 prudentia;
2492 2894 2550 2946 et
2576 2891 2795 2961 ingenii
2840 2891 3048 2959 habes,
3076 2904 3289 2964 precor
3330 2892 3388 2946 te
3436 2892 3501 2945 ut
3525 2887 3603 2944 ab

179 2978 346 3070 Hugo
380 2994 392 3030 :
430 2976 605 3070 «_Nisi
634 2980 832 3032 castra
860 2976 1084 3049 quibus
1116 2981 1333 3070 przee-st
1373 2974 1840 3070 Bernardusﬂilli
1870 3014 1911 3070 δ
1950 2976 2130 3045 hujus
2154 2978 2399 3048 perjurii
2425 2994 2585 3036 noxa
2613 2982 2854 3037 solvens
2880 2996 2976 3038 me
2996 2982 3232 3037 liberes.
3275 2998 3306 3033 ν
3345 2979 3603 3037 Cernens

176 3066 229 3121 vi
281 3065 605 3131 abstulero,
660 3082 897 3138 nequeo
956 3066 1153 3123 favere
1206 3064 1502 3121 ullatenus
1563 3062 1840 3136 precibus
1876 3062 1911 3070 ν
1949 3067 2150 3118 autem
2182 3067 2517 3122 Bernardus
2548 3069 2715 3140 quod
2762 3071 3090 3142 aperuisset
3132 3071 3304 3139 [iugo
3346 3078 3604 3138 magnus

176 3154 290 3209 tuis
348 3158 404 3209 et
454 3159 612 3209 voto.
659 3178 686 3203 ››
726 3156 887 3210 Tunc
944 3170 1047 3210 rex
1099 3170 1113 3209 :
1175 3178 1202 3204 «
1261 3153 1328 3211 Ut
1382 3169 1529 3209 mere
1588 3152 1841 3207 necessi-

174 3243 277 3297 tati
339 3257 461 3297 non
514 3242 791 3313 injurius,
853 3243 960 3297 sed
1003 3241 1230 3298 solatur
1282 3228 1549 3310 existas',
1627 3255 1841 3295 conce-

174 3328 319 3385 dam
355 3330 457 3386 tibi
492 3331 981 3387 Ebroicacensem
1024 3332 1079 3386 et
1106 3332 1566 3402 Bajocacensem
1598 3324 1845 3383 comita-

173 3422 328 3489 tum,
375 3421 520 3491 quin
558 3420 738 3476 etiam
799 3434 835 3476 a
895 3420 1174 3494 Sequana
1227 3416 1303 3476 ad
1352 3434 1517 3475 mare
1548 3432 1740 3490 usque
1778 3420 1844 3472 ut

174 3508 508 3579 possideas.
570 3512 721 3578 Ergo
778 3524 917 3565 vero
973 3524 1107 3582 quae
1159 3507 1302 3565 citra
1332 3510 1675 3579 Sequanam
1703 3510 1844 3561 sunt

174 3597 394 3653 tenebo
429 3642 443 3668 ,
527 3603 584 3654 et
632 3616 766 3671 quas
831 3614 978 3655 mere
1037 3599 1353 3655 voluntatis
1411 3601 1549 3653 sunt
1619 3610 1692 3652 ex
1749 3595 1840 3651 his

174 3686 450 3758 explebo.
513 3688 709 3744 Simus
768 3689 1095 3744 concordes
1154 3688 1214 3743 in
1262 3687 1427 3744 omni
1478 3686 1718 3757 negotio
1785 3690 1842 3742 et

174 3777 516 3845 unanimes,
570 3783 632 3834 ut
684 3776 853 3835 decet
898 3794 1101 3850 regem
1155 3782 1212 3835 et
1267 3776 1485 3833 ducem
1523 3781 1839 3851 perpetua-

174 3867 327 3921 liter.
360 3868 483 3935 Ego
526 3868 609 3923 cis
660 3870 1005 3943 Sequanam
1058 3882 1336 3941 pergens,
1396 3868 1841 3936 Rothomagum

176 3954 492 4025 obsidebo,
526 3960 589 4012 tu
618 3972 763 4015 vero
787 3956 1025 4013 mititari
1063 3972 1252 4012 manu
1310 3955 1555 4026 Bajocas
1609 3954 1842 4009 vallans

175 4050 544 4116 expugnato.
589 4046 680 4103 Sic
704 4050 1034 4103 atteramus
1086 4044 1528 4102 Northmannos
1579 4040 1843 4099 advenas

177 4139 234 4189 et
266 4134 563 4205 superbos
616 4140 954 4208 nostraeque
1004 4136 1211 4191 ditioni
1262 4132 1652 4205 subjiciamus
1690 4131 1840 4187 illos.

176 4223 390 4279 Taliter
444 4229 645 4279 autem
700 4225 1009 4281 mitescent
1061 4229 1118 4279 et
1175 4220 1682 4295 subjugabuntur,
1742 4225 1846 4276 aut

176 4312 554 4370 exterminati
606 4316 847 4370 Daciam
898 4314 1117 4371 celeres
1168 4312 1562 4387 repedabunt.
1596 4336 1623 4362 »
1673 4312 1844 4379 Hugo

174 4415 324 4457 vero
350 4401 475 4457 dux
505 4416 783 4473 magnus,
834 4403 992 4469 ﬁdei,
1052 4416 1239 4475 quam
1297 4401 1514 4458 iecerat
1544 4398 1845 4456 Bernardo

175 4503 293 4563 pro
321 4490 598 4547 Richardi
620 4491 932 4563 juvamine
961 4492 1181 4548 oblitus
1206 4511 1218 4560 ;
1264 4491 1411 4563 quin
1441 4491 1622 4546 etiam
1659 4488 1843 4544 bene-

175 4578 331 4635 ﬁciis
359 4593 429 4635 ac
459 4578 796 4637 civitatibus
836 4582 1176 4646 exorbatus,
1235 4579 1463 4653 pepigit
1516 4590 1656 4634 cum
1707 4591 1845 4645 rege

176 4668 366 4739 hujus
397 4670 806 4725 conventionis
836 4670 1050 4726 fcedus.
1087 4671 1235 4736 Quo,
1299 4674 1361 4725 ut
1405 4668 1535 4723 hinc
1562 4667 1844 4734 facerent,

178 4757 580 4814 determinato
625 4760 914 4831 tempore,
970 4758 1302 4827 regreditur
1370 4757 1449 4814 ad
1517 4771 1627 4812 sua
1683 4755 1845 4828 quis-

177 4861 323 4919 que.
354 4848 688 4903 Bernardus
722 4848 899 4917 igitur
943 4863 1145 4903 comes
1196 4848 1379 4918 hujus
1436 4845 1847 4902 conventionis

180 4949 412 5005 gnarus
464 4935 609 4992 adiit
648 4937 959 5007 Hugonem
1003 4937 1221 4992 ducem
1275 4936 1523 4992 celerius
1573 4934 1846 4989 veniens-

179 5039 303 5097 que
328 5030 465 5081 ante
495 5032 884 5097 conspectum
913 5025 1063 5096 ejus,
1124 5024 1270 5081 dixit
1327 5025 1505 5081 corde
1560 5023 1848 5094 vultuque

181 5114 502 5169 turbatus:
546 5134 576 5165 ‹
626 5115 755 5170 Dux
812 5130 1031 5184 magne
1087 5117 1144 5170 et
1188 5114 1501 5180 ﬁdissime,
1559 5109 1848 5184 prtecellis

180 5216 378 5274 usque
408 5216 571 5257 nunc
600 5203 883 5259 omnibus
910 5203 1155 5271 meritis,
1207 5206 1263 5258 et
1310 5202 1450 5257 ﬁdei
1494 5204 1716 5268 tenore,
1744 5197 1849 5254 sed

180 5292 408 5348 mirum
458 5292 603 5347 mihi
651 5307 757 5349 cur
808 5291 1110 5348 innocenti
1176 5304 1367 5364 puero
1426 5291 1706 5345 mentitus
1763 5302 1847 5356 es,

181 5382 347 5456 quod
382 5382 688 5437 ultroneus
715 5382 1062 5439 Christianae
1102 5378 1531 5451 conjurationis
1561 5377 1681 5433 ﬁde
1709 5390 1848 5449 pro-

182 5470 417 5526 misisti.
450 5472 757 5542 Oporteret
802 5474 854 5526 te
886 5485 1072 5542 quam
1121 5467 1447 5543 promisisti
1504 5480 1741 5521 servare
1780 5464 1848 5519 ﬁ-

180 5559 323 5615 dem
356 5558 630 5627 illtesam,
687 5564 742 5613 et
792 5558 1097 5614 nullorum
1159 5557 1460 5612 donorum
1510 5568 1757 5609 munere
1797 5557 1853 5609 et

179 5647 481 5708 beneﬁcio
507 5650 802 5707 exsecrari
843 5665 999 5707 eam.
1031 5642 1424 5705 Northmanm
1469 5648 1527 5702 et
1580 5644 1843 5705 Britones

1947 3167 2053 3207 cor
2080 3166 2282 3223 suum,
2304 3155 2453 3211 dixit
2477 3157 2554 3213 ad
2578 3172 2719 3213 eum
2749 3177 2761 3214 :
2792 3176 2823 3210 ε(
2860 3159 3081 3215 idcirco
3123 3157 3290 3231 quod
3316 3162 3381 3214 tu
3409 3156 3607 3213 senior

1950 3239 2441 3309 benignissimus,
2474 3245 2569 3301 vel
2591 3247 2736 3318 quia
2766 3247 2858 3302 ille
2884 3263 3073 3319 nepos
3106 3262 3275 3301 meus
3299 3244 3605 3301 dilectissiﬁ

1951 3340 2110 3397 mus,
2143 3330 2355 3385 melius
2378 3348 2567 3404 quam
2587 3338 2796 3407 potero
2826 3334 3313 3407 argumentabor,
3365 3334 3409 3389 si
3460 3333 3608 3388 forte

1947 3421 2216 3474 vestrum
2243 3421 2534 3491 cogitasse
2566 3425 2806 3481 turbare
2834 3426 3103 3500 quivero.
3138 3444 3165 3475 ››
3219 3423 3376 3480 illico
3404 3430 3607 3479 comes

1951 3508 2287 3565 Bernartius
2319 3512 2568 3569 consilia
2591 3515 2749 3584 regis
2772 3518 2833 3572 et
2887 3515 3133 3571 senioris
3178 3514 3290 3581 sui,
3340 3511 3611 3569 denomi-

1947 3602 2224 3672 nataeque
2253 3603 2694 3671 congressionis
2738 3616 2921 3678 super
2964 3606 3403 3662 Northmannos
3458 3607 3607 3659 tem-

1947 3702 2063 3761 pus
2092 3692 2391 3762 expertus,
2422 3693 2866 3766 recordatmque
2890 3692 3212 3750 Voluntatis
3240 3694 3332 3750 sui
3362 3692 3612 3749 senioris

1948 3777 2366 3835 benevolentia
2395 3780 2603 3851 laetior,
2627 3782 2971 3839 Silvanectis
2992 3797 3319 3852 regressus,
3348 3783 3509 3837 misit
3533 3781 3608 3836 ad

1956 3867 2322 3923 iternardum
2352 3870 2897 3940 Rothomagensem
2945 3875 3001 3926 et
3046 3871 3406 3939 Dacigenam
3447 3869 3610 3923 velo-

1953 3957 2101 4024 cius,
2153 3958 2212 4010 at
2257 3970 2393 4027 quae
2445 3957 2676 4011 audivit
2730 3956 2808 4012 ab
2862 3958 3106 4027 Hugone
3162 3955 3314 4011 duce
3364 3964 3610 4024 magno,

1952 4042 2134 4097 etiam
2162 4042 2534 4098 voluntatem
2564 4044 2693 4114 ejus
2742 4044 3053 4100 mandavit
3104 4043 3401 4100 secretius.
3457 4043 3612 4110 Quin

1954 4132 2135 4188 etiam
2162 4145 2239 4187 ne
2266 4130 2394 4202 regi
2421 4132 2720 4187 obnoxius
2764 4133 3057 4189 civitatem
3101 4130 3462 4202 defenderet,
3516 4148 3614 4190 ve-

1956 4230 2092 4273 rum
2123 4216 2307 4273 choro
2336 4216 2763 4274 canonicorum
2796 4217 3354 4292 monachorumque
3380 4230 3614 4293 praepa-

1957 4310 2108 4375 rato,
2141 4319 2279 4362 eum
2310 4306 2484 4380 quasi
2515 4307 2646 4377 ejus
2675 4306 2955 4364 adventui
2993 4307 3416 4378 congratularis
3466 4307 3615 4365 hila-

1874 4368 1921 4426 Β
1960 4368 2106 4451 riter,
2125 4368 2427 4468 reciperet,
2459 4399 2516 4451 et
2538 4368 2603 4451 ut
2632 4396 2863 4466 Hugoni
2905 4368 3144 4468 magni;
3178 4397 3318 4455 duci
3372 4402 3612 4464 terram,

1957 4496 2146 4558 quam
2171 4484 2251 4540 illi
2281 4484 2462 4552 dedit,
2492 4496 2695 4553 regem
2721 4486 3123 4543 contradicere
3148 4485 3473 4542 multarum
3522 4492 3615 4538 ar-

1959 4574 2479 4643 gumentationum
2508 4575 3028 4646 prosecutionibus
3074 4576 3327 4644 cogeret.
3374 4574 3617 4626 Bernar-

1956 4663 2074 4718 dus
2126 4676 2264 4719 vero
2295 4663 2789 4733 Rothomagensis
2841 4664 3029 4719 laetior
3081 4662 3375 4732 legatione
3432 4656 3615 4729 hujus

1958 4751 2206 4819 consilii,
2264 4764 2401 4825 quae
2462 4752 2657 4821 legato
2712 4753 3039 4808 disserente
3082 4755 3307 4806 secreta
3364 4746 3613 4815 audivit,

1960 4842 2385 4913 Northmannis
2416 4840 2787 4913 principibus
2819 4840 3018 4895 ascitis
3042 4835 3356 4894 intimavit.
3405 4835 3614 4891 North-

1958 4931 2167 4986 manni
2218 4934 2421 4986 autem
2472 4942 2597 4985 non
2638 4938 3009 5000 quemquam
3057 4926 3295 4982 illorum
3342 4923 3616 4997 decipere

1962 5019 2214 5076 scientes
2260 5028 2533 5089 unquam
2582 5017 2972 5084 Bernardum,
3030 5015 3174 5087 quin
3223 5012 3402 5069 etiam
3450 5013 3617 5086 quod

1961 5108 2224 5177 Hugonis
2255 5106 2461 5175 magni
2490 5105 2660 5159 ducis
2691 5106 2865 5160 sciret
2893 5108 3206 5169 secretum,
3239 5103 3368 5172 ejus
3399 5102 3617 5159 collau-

1959 5196 2255 5251 daverunt
2278 5194 2498 5265 pariter
2527 5188 2863 5248 consilium.
2892 5190 3118 5248 Statuto
3160 5205 3302 5248 vero
3350 5198 3617 5267 tempore

1961 5283 2274 5353 conjurato
2298 5282 2738 5353 progressionis
2764 5294 2777 5349 ;
2810 5281 2998 5337 ascita
3038 5281 3400 5352 Francigena
3425 5278 3615 5339 unde-

1961 5382 2199 5443 cunque
2230 5370 2422 5442 potuit
2464 5382 2651 5425 manu
2682 5366 2937 5435 militari,
2965 5370 3126 5426 Venit
3150 5380 3253 5426 rex
3290 5370 3349 5426 in
3389 5377 3615 5443 pagum

1960 5458 2065 5530 qui
2121 5457 2335 5513 dicitur
2386 5458 2592 5524 Calcis,
2640 5458 2937 5531 coepitque
2988 5454 3267 5519 infestare
3311 5464 3514 5528 gentes
3562 5462 3620 5514 et

1961 5549 2188 5620 praedia
2218 5549 2529 5604 incendiis.
2564 5551 2731 5618 Hugo
2763 5550 2960 5604 autem
2995 5549 3119 5604 dux
3143 5562 3399 5618 magnus
3416 5548 3618 5619 hujus-

1960 5639 2195 5696 cemodi
2224 5639 2630 5715 coniuratione
2658 5639 2909 5709 illectus,
2935 5639 3239 5714 profectus
3284 5641 3373 5694 est
3400 5636 3479 5693 ab
3510 5636 3618 5695 Ba-
