4002 6186
466 185 569 238 703
1437 188 1743 246 DUDONIS
1783 190 2041 246 DECANI
2083 188 2140 244 S.
2182 186 2490 252 QUINTINI
2527 190 2908 247 VIROMAND.
3778 197 3868 250 705

465 307 842 379 jocacensem
873 307 1221 364 comitatum
1255 326 1392 365 cum
1423 327 1645 381 magno
1676 313 1954 368 exercitu.
1997 315 2124 366 Ber-
2161 312 2207 364 A
2237 310 2510 382 tradicat,
2543 317 2599 368 et
2624 329 2747 369 non
2776 315 3084 387 possidere
3115 315 3251 388 plus
3281 330 3466 387 quam
3495 314 3689 370 tribus
3716 320 3869 374 nocti-

468 397 692 452 nardus
723 395 899 464 igitur
931 397 1424 468 Rothomagensis
1462 417 1585 456 non
1625 401 1944 457 immemor
1988 403 2120 455 Ber-
2233 399 2369 469 bus,
2401 405 2456 456 et
2477 401 2635 458 dicat
2665 419 2786 459 non
2817 409 3013 460 tenere
3042 421 3103 460 se
3142 420 3214 460 ea
3245 404 3532 476 amplius,
3565 405 3709 477 quia
3737 407 3865 463 malo

467 484 636 539 nardi
672 484 1122 541 Silvanectensis
1153 489 1384 544 comitis
1414 489 1661 557 consilii,
1718 490 1875 545 misit
1923 489 2001 544 ad
2040 503 2126 543 re-
2234 504 2298 544 es
2332 490 2579 546 consilio
2610 508 2781 549 usus.
2826 515 2854 543 »
2894 496 3013 549 Rex
3044 509 3183 549 vero
3212 493 3369 549 illico
3400 492 3569 548 misit
3598 492 3677 548 ad
3715 496 3868 565 litigo.

467 588 602 642 gem
631 571 998 630 Ludovicum
1024 576 1083 630 in
1118 577 1257 633 dolo
1285 580 1478 635 verbis
1510 579 1794 652 paciﬁcis,
1823 583 2124 652 quatenus
2234 593 2393 646 nem,
2450 579 2554 652 qui
2610 581 2832 638 diceret
2875 583 3056 653 hujus
3089 582 3170 638 rei
3224 597 3593 638 sermonem.
3639 585 3867 656 Cumque

467 666 812 731 properaret
836 663 914 718 ad
945 664 1240 722 civitatem
1269 669 1814 737 Rothomagensem
1837 685 1974 724 cum
2005 667 2126 739 epi-
2232 666 2464 736 legatus
2496 685 2698 726 coram
2733 674 2980 741 Hugone
3009 672 3163 728 duce
3188 676 3426 739 astaret,
3486 671 3788 745 hujusque
3809 675 3867 730 rei

467 750 666 822 scopis
696 751 1186 827 principibusque
1215 758 1361 822 suis,
1383 763 1440 812 et
1467 774 1541 813 ne
1573 758 1833 831 amplius
1857 758 2125 813 devasta-
2233 755 2415 810 verba
2441 755 2520 811 illi
2551 757 2870 830 intimaret,
2899 759 3228 831 obstupuit,
3277 759 3339 814 in
3384 775 3640 832 unoque
3696 760 3867 816 obtutu

465 844 552 894 ret
577 856 712 912 quae
744 859 852 897 sua
881 849 1050 900 erant
1079 846 1376 902 ferocitate
1410 852 1584 903 tantae
1612 849 1959 917 gentis.Rex
1981 862 2125 902 vero
2234 843 2466 899 deﬁxus
2519 845 2711 918 inquit
2744 864 2756 901 :
2815 869 2843 896 ‹‹
2879 847 3178 903 Calliditas
3235 847 3502 903 duorum
3564 848 3867 922 principum

465 930 646 1000 hujus
665 931 978 999 legationis
1009 935 1296 991 mandato
1325 936 1516 1007 laetus,
1565 937 1988 1009 regiminisque
2033 935 2126 991 sui
2235 935 2428 1004 coegit
2468 953 2670 1006 regem
2725 939 3017 994 mandare
3066 939 3180 995 tale
3209 940 3620 1012 propositum.
3654 965 3682 989 ››
3723 943 3868 1012 Hujus

466 1023 522 1074 et
546 1019 788 1074 honoris
818 1021 1152 1092 profectum
1181 1026 1604 1096 congratularis
1655 1027 1979 1096 adaugere,
2030 1041 2125 1080 su-
2234 1023 2412 1094 igitur
2441 1026 2926 1083 contradictionis
2955 1028 3140 1084 verbo
3165 1029 3423 1084 Parisius
3453 1029 3636 1098 Hugo
3666 1029 3782 1083 dux
3805 1045 3870 1084 re-

468 1109 645 1164 bacta
677 1109 822 1164 urbe
853 1115 908 1165 et
935 1113 1325 1184 principibus,
1382 1117 1540 1171 venit
1582 1118 2124 1185 Rothomagensem
2234 1113 2528 1184 grediens,
2587 1115 2745 1170 misit
2802 1117 2881 1171 ad
2931 1132 3134 1186 regem
3206 1117 3578 1172 Ludovicum
3635 1117 3868 1173 dicens:

466 1197 762 1253 civitatem
790 1215 928 1254 cum
959 1201 1338 1271 Fraucigenis
1365 1206 1774 1276 optimatibus,
1799 1204 2125 1277 prohibens
2235 1204 2412 1258 «Cur
2459 1205 2624 1276 quod
2681 1205 2828 1260 mihi
2885 1210 3255 1278 spontaneus
3329 1205 3574 1274 dedisti,
3637 1205 3867 1261 ablatum

466 1287 726 1359 reliquos
747 1289 1036 1344 exercitus
1075 1307 1149 1345 ne
1173 1292 1682 1365 depopularentur
1731 1300 1950 1350 terram
2002 1311 2125 1348 suae
2233 1291 2368 1346 est?
2401 1315 2428 1341 »
2472 1294 2794 1366 Respondit
2823 1311 2924 1350 rex
2959 1313 2972 1349 :
3007 1319 3032 1344 κ
3066 1295 3256 1350 Tellus
3296 1295 3751 1351 Northmanniaa
3778 1311 3869 1351 non

466 1377 704 1432 ditionis
735 1378 1011 1450 amplius.
1049 1383 1382 1438 Bernardus
1414 1401 1554 1440 vero
1599 1385 1912 1456 caeterique
1961 1384 2124 1456 prin-
2233 1380 2345 1434 nisi
2377 1381 2553 1438 unius
2584 1383 2832 1438 senioris
2855 1399 3128 1456 unquam
3178 1384 3438 1440 tuebitur
3487 1383 3866 1440 advocatione.

466 1465 646 1538 cipes,
677 1472 854 1539 atque
884 1468 1076 1524 clerus
1103 1471 1280 1526 totius
1313 1473 1498 1539 urbis,
1550 1478 1936 1529 occurrerunt
1981 1489 2124 1528 con-
2235 1472 2348 1525 Nec
2398 1471 2576 1527 debet
2623 1489 2752 1528 esse
2795 1473 3077 1544 divisum,
3135 1473 3301 1546 quod
3332 1473 3505 1529 decet
3554 1490 3685 1530 esse
3726 1475 3868 1530 conti-

468 1557 555 1609 tra
585 1562 817 1626 portam
847 1558 1318 1627 Belvacensium,
1351 1566 1408 1617 et
1438 1567 1790 1634 receperunt
1836 1562 2124 1616 animosas
2234 1575 2446 1616 nuum.
2488 1561 2654 1616 Rollo
2711 1561 2871 1616 enim
2929 1562 3120 1618 Dacizn
3170 1561 3396 1617 ﬁnibus
3448 1563 3866 1624 exterminatus,

465 1643 799 1700 calliditatis
829 1647 1066 1716 ingenio
1096 1665 1254 1704 eum.
1303 1651 1581 1706 Crastinaa
1629 1667 1768 1706 vero
1823 1650 1938 1706 diei
1977 1650 2128 1705 dilu-
2159 1671 2198 1724 Β
2237 1647 2395 1702 hanc
2423 1647 2532 1704 sibi
2558 1649 2784 1720 integre
2811 1650 3158 1717 vindicavit,
3217 1655 3273 1706 et
3318 1665 3442 1705 non
3491 1649 3867 1724 dispertitaab

467 1733 601 1788 culo
632 1734 792 1788 venit
827 1737 1156 1792 Bernardus
1182 1743 1318 1794 ante
1352 1745 1739 1812 conspectum
1765 1741 1921 1810 regis
1941 1740 2128 1795 Ludo-
2239 1735 2360 1791 ullo
2382 1743 2590 1808 postea
2619 1739 2855 1794 exstitit.
2889 1763 2916 1788 »
2949 1741 3103 1793 Gens
3135 1739 3430 1809 Dacigena
3481 1740 3676 1796 nescit
3715 1739 3867 1795 famu-

466 1821 598 1887 vici,
632 1827 688 1876 et
716 1823 892 1895 caepit
919 1825 980 1878 in
1010 1825 1149 1881 dolo
1181 1829 1543 1900 compellare
1575 1846 1713 1885 eum
1767 1829 1966 1884 verbis
2019 1830 2126 1884 hu-
2236 1823 2345 1880 lari
2376 1825 2486 1879 nisi
2517 1826 2620 1881 uni
2647 1827 2754 1881 soli
2785 1826 3034 1882 seniore.
3078 1829 3329 1897 Legatus
3360 1831 3570 1882 autem
3601 1842 3732 1899 quae
3757 1840 3864 1894 rege

467 1911 732 1966 millimis
767 1931 779 1966 :
815 1935 843 1961 «
878 1915 1122 1970 Domine
1150 1933 1251 1971 rex
1301 1917 1708 1985 invictissime,
1760 1919 1836 1973 ab
1862 1918 2006 1973 olim
2036 1935 2130 1972 us-
2239 1917 2521 1968 narrante
2553 1914 2797 1981 audivit,
2850 1914 3083 1983 Hugoni
3129 1913 3269 1969 duci
3327 1914 3646 1984 diligenter
3684 1912 3862 1969 retulit.

467 2015 584 2070 que
616 2015 774 2055 nunc
807 2003 1034 2070 integer
1061 2004 1407 2077 stabilisque
1439 2007 1706 2062 exstitisti
1737 2009 1875 2077 ﬁde,
1926 2011 1982 2062 et
2008 2006 2126 2061 col-
2240 2004 2464 2056 Interea
2514 2001 2852 2057 Bernardus
2913 2001 3370 2058 Silvanectensis
3417 2008 3625 2058 autem
3652 2000 3864 2056 audiens

467 2086 786 2142 laudabilis
813 2088 871 2142 in
899 2091 1063 2144 omni
1085 2094 1187 2146 tuo
1219 2109 1416 2165 opere.
1454 2098 1568 2150 Nos
1602 2095 1817 2150 ducem
1853 2100 1908 2151 et
1947 2095 2130 2150 advo-
2235 2089 2614 2162 inopinatum
2641 2091 3114 2163 citissimumque
3136 2106 3478 2160 regressum
3512 2090 3766 2160 Hugonis
3783 2089 3864 2143 du-

467 2181 666 2230 catum
694 2177 945 2249 pertidia
969 2180 1195 2235 Arnulﬁ
1225 2183 1556 2249 amisimus,
1591 2184 1695 2240 sed
1722 2185 1913 2253 gratia
1943 2185 2041 2239 Dei
2072 2188 2127 2238 te
2237 2177 2320 2232 Cis
2351 2177 2438 2232 SUi
2468 2179 2737 2248 senioris,
2771 2179 2930 2234 venit
2959 2178 3038 2233 ad
3067 2195 3206 2233 eum
3246 2178 3435 2234 citatis
3484 2178 3674 2250 equis.
3719 2175 3862 2232 Dixit-

466 2281 669 2334 regem
700 2265 1061 2323 advocatum
1093 2270 1268 2325 nobis
1301 2273 1804 2345 recuperavimus.
1858 2277 1982 2328 Non
2024 2289 2126 2327 cu-
2236 2281 2353 2337 que
2387 2283 2398 2320 :
2435 2289 2461 2315 ‹‹
2498 2269 2624 2322 Dux
2657 2266 3092 2339 perseverantis
3135 2267 3394 2336 ﬁduciae,
3451 2267 3737 2339 quoniam
3784 2279 3865 2319 no-

465 2369 672 2408 ramus
699 2354 772 2408 de
799 2355 986 2426 prole,
1010 2374 1196 2429 quam
1223 2359 1328 2414 tibi
1359 2361 1742 2416 Hosmundus
1781 2361 2008 2416 furatus
2038 2364 2130 2416 est
2234 2354 2404 2410 xialis
2435 2356 2794 2411 sacramenti
2826 2355 3056 2411 solutus
3088 2372 3150 2412 es
3192 2356 3508 2428 compede,
3561 2370 3777 2411 memor
3800 2353 3862 2407 sis

469 2445 526 2496 et
556 2441 799 2498 abstulit
827 2461 838 2498 :
869 2459 978 2499 nec
1008 2462 1279 2519 unquam
1319 2449 1448 2519 ejus
1492 2449 1725 2504 servitio
1773 2449 2126 2505 incumben-
2238 2445 2620 2511 sacramenti,
2649 2460 2771 2517 quo
2801 2449 2856 2500 te
2888 2444 3162 2500 Richardi
3189 2445 3362 2518 pueri
3392 2444 3722 2516 adjutorem
3750 2457 3861 2514 spo-

468 2535 554 2586 tes
586 2531 977 2587 militabimus
1024 2535 1097 2604 ei,
1147 2538 1289 2608 quia
1342 2537 1601 2593 melioris
1634 2539 1863 2594 consilii
1895 2542 1984 2594 est
2011 2554 2124 2593 nos
2235 2533 2516 2605 pondisti.
2561 2557 2588 2582 ››
2632 2537 2698 2589 Et
2727 2536 2895 2602 Hugo
2929 2551 2942 2588 :
2977 2556 3004 2582 «
3040 2533 3308 2606 Nequibo
3334 2533 3416 2588 illi
3445 2530 3859 2602 auxiliari,quia

468 2636 598 2675 esse
629 2621 858 2691 regales
889 2627 945 2678 et
972 2624 1289 2695 palatinos,
1320 2643 1504 2698 quam
1538 2627 1668 2682 talis
1693 2628 1924 2683 comitis
1958 2627 2127 2682 satel-
2235 2621 2434 2676 omnis
2467 2623 2934 2679 Northmannica
2960 2638 3106 2692 gens
3135 2623 3378 2678 subdita
3407 2628 3497 2679 est
3523 2622 3662 2693 regi.
3687 2643 3711 2669 η
3739 2623 3860 2676 Con-

465 2709 595 2764 lites
625 2726 752 2765 esse
779 2716 836 2767 et
864 2728 1086 2768 servos.
1121 2717 1356 2782 Verum,
1385 2717 1560 2771 nobis
1592 2717 1812 2771 mirum
1841 2716 1987 2788 quid
2017 2733 2125 2772 au-
2235 2715 2326 2767 tra
2384 2713 2717 2768 Bernardus
2752 2731 2765 2767 :
2810 2735 2836 2762 «
2883 2713 3227 2768 Praestolare
3283 2713 3563 2768 attentius
3616 2714 3854 2768 eventum

467 2798 746 2869 divimus,
780 2805 836 2855 et
860 2801 1013 2856 ultra
1042 2803 1340 2870 credibile,
1384 2822 1686 2879 supraque
1738 2806 1879 2861 satis
1931 2805 2124 2861 admi-
2236 2800 2340 2872 rei,
2373 2806 2431 2857 et
2459 2802 2607 2874 quid
2637 2801 2818 2858 futuri
2845 2801 3083 2874 parient
3111 2801 3238 2858 dies
3417 2824 3444 2850 »

466 2888 577 2941 rati
609 2905 1116 2960 sumus,quorum
1137 2892 1327 2948 relatu
1353 2893 1674 2950 didicimus
1701 2894 1868 2966 quod
1894 2894 2125 2964 Hugoni

467 2974 602 3029 duci
638 2992 876 3048 semper
906 2983 1112 3034 contra
1162 2984 1214 3036 te
1265 2982 1479 3038 rixanti
1533 2983 1949 3038 contumacius
1989 2999 2126 3039 con-
2157 3028 2196 3081 ρ
2308 3053 2351 3081 n
2878 2974 3195 3081 “sui”:

467 3063 689 3119 cessisti
720 3067 1049 3137 spatiosam
1075 3073 1294 3126 terram
1344 3087 1380 3126 a
1443 3072 1719 3144 Sequana
1776 3072 1960 3128 maris
2006 3071 2124 3128 ﬁne
2157 3053 2198 3082 ¹¹
2307 3053 2499 3152 ρξθῖν
2531 3069 2636 3108 0111‘
2662 3068 2896 3152 111990!”
2922 3053 3200 3152 Ιξᾶξξςῌιιί
3260 3141 3281 3152 _
3325 3141 3336 3152 O

465 3156 656 3220 tenus,
689 3159 745 3209 et
773 3155 972 3212 adhuc
1001 3163 1307 3231 expugnat
1331 3141 1790 3232 Bajocacensem
1832 3161 2121 3234 tellurem,
2307 3141 2602 3234 ξὲίξυείίυθ
2631 3141 2834 3234 Ρξὶξῗίεν
2869 3141 2977 3234 qui
3006 3141 3110 3197 tibi
3139 3141 3378 3234 Prom“;

2878 2960 3263 3000 APOSTROPHA.

465 3245 522 3297 et
549 3250 934 3318 praeoccupat
964 3223 1102 3302 cum
1135 3223 1359 3318 magno
1387 3223 1665 3306 exercitu.
1721 3250 1889 3306 Parvi
1933 3223 2122 3322 pretii,
2306 3228 2795 3329 Elljuspmﬁidio
2821 3229 3106 3329 οοηξίηιιο
3133 3245 3324 3329 Ῡθϐηδ
3345 3233 3492 3284 tenes
3514 3223 3678 3281 ωοάο

463 3347 568 3390 rex
594 3331 958 3401 dulcissime,
992 3352 1318 3408 parvaeque
1361 3337 1727 3394 militationis
1778 3318 1956 3410 atque
2007 3354 2124 3393 ser-
2306 3319 2376 3418 ξίῖ
2402 3318 2508 3418 qni
2753 3322 3038 3418 Operi}th
3063 3322 3152 3418 (ξεῖ
3192 3408 3224 3418 η
3336 3405 3346 3417 .
3393 3406 3426 3418 Α

462 3419 602 3486 vitii,
636 3421 801 3493 quod
833 3422 936 3478 tibi
960 3407 1294 3481 reservasti.
1328 3426 1540 3496 Viginti
1568 3427 1832 3482 millibus
1857 3407 2042 3482 armat

1949 3430 2123 3483 nato-
2307 3409 2416 3462 Pro
2438 3411 2515 3476 te,
2547 3411 2604 3463 et
2628 3407 2732 3480 qui
2760 3407 3043 3463 occubuit
3071 3407 3267 3464 hostia
3290 3407 3529 3462 victima

463 3523 598 3562 rum
627 3515 1047 3578 augmentatus
1078 3529 1140 3566 es
1172 3513 1482 3570 inimicum
1530 3521 1720 3571 tuum.
1778 3515 1920 3581 Quis
1979 3519 2126 3574 Con—
2305 3497 2479 3565 Regis
2509 3496 2742 3567 δίάθΓθί»
2765 3513 3022 3570 qumque
3047 3497 3232 3553 “item
3257 3497 3277 3517 ’
3309 3497 3424 3552 sui-

465 3595 934 3650 stantinensibus
964 3603 1020 3653 et
1045 3601 1546 3670 Bajocacensibus
1576 3604 1724 3659 vidit
1765 3603 2032 3660 fortiores
2062 3606 2125 3661 in
2309 3588 2376 3640 Et
2403 3585 2569 3658 qu°d
2592 3586 2722 3656 iam
2753 3586 2986 3656 genitor
3018 3603 3182 3653 θυαε,

462 3681 640 3749 bello,
673 3683 1086 3754 prudentiores
1114 3686 1176 3742 in
1205 3688 1456 3745 consilio
1477 3691 1505 3746 ?
1543 3691 1599 3748 Si
1639 3691 1956 3748 militarem
1999 3710 2130 3749 ma-
2305 3673 2536 3771 P011393
2564 3673 2826 3730 veridica
2854 3679 3098 3748 ΡθΓΡθίθ
3125 3673 3366 3771 “Emme,
3518 3762 3548 3771 _.
3642 3761 3671 3771 ,,
3819 3757 3828 3767 .

463 3786 631 3838 num,
686 3775 752 3827 ut
798 3771 1139 3842 Willelmus,
1193 3777 1504 3846 tenuisses,
1563 3779 1838 3835 omnium
1899 3782 2124 3855 quippe
2304 3763 2500 3819 Armis
2523 3779 2912 3855 θιεμρετᾷηε,
2945 3769 3003 3855 (ξι
3028 3763 3191 3855 quod
3218 3779 3368 3819 avus
3393 3762 3856 3818 οοηίίηιιίῖεδθηδ

463 3861 730 3933 gentium
755 3862 972 3918 horum
1003 3866 1250 3921 consilio
1276 3871 1332 3921 et
1361 3867 1544 3923 armis
1573 3868 1873 3926 dominari
1905 3852 2127 3942 quivis-
2306 3856 2472 3942 NUPC
2501 3852 2920 3942 Ρΐθεᾶιιάίθίυω
2950 3853 3096 3910 faCiS

463 3967 576 4006 ses.
611 3955 816 4008 Nonne
846 3952 1170 4010 Willelmus
1217 3957 1398 4028 hujus
1455 3957 1748 4041 exercitus
1807 3941 2043 4015 mediet:

1893 3941 2124 4016 ,djetate
2307 3945 2390 3998 Ex
2409 3941 2523 3997 hoc
2551 3941 2812 3997 innocuo
2833 3942 3032 3998 adhuc
3061 3942 3255 4016 probo
3284 3957 3473 4015 puero

461 4039 665 4108 fretus,
725 4042 1044 4098 comitante
1101 4047 1344 4116 Hugone
1393 4050 1450 4102 et
1504 4035 1788 4103 Herberto
1850 4065 2124 4105 seorsum
2308 4029 2621 4100 aiebam":
2654 4029 2870 4086 celebri
2899 4030 3186 4104 Prosapia
3218 4029 3495 4086 ΠοδίῙίίθΡ
3525 4035 3672 4085 Sato-

463 4130 748 4184 conduxit
775 4148 837 4186 se
876 4132 956 4187 ad
1010 4150 1212 4203 regem
1270 4135 1585 4192 Henricum
1635 4139 1930 4194 securus?
1983 4141 2043 4204 Οι

1270 4135 1585 4192 Henricum
1635 4152 1878 4194 securus
1902 4139 1930 4194 ?
1983 4139 2124 4204 Quis
2308 4121 2496 4191 Hujus
2522 4120 2727 4190 Πειείιίί
2751 4120 2847 4177 Ῑῑιθ

463 4215 724 4270 tuebitur
773 4223 828 4304 et
882 4219 1239 4292 defensabit,
1296 4224 1560 4295 proderit
1603 4229 1660 4280 et
1704 4227 1939 4298 praeerit
1985 4228 2043 4282 hl

2080 4228 2124 4283 ίο
2306 4209 2491 4264 Casus
2515 4207 2814 4264 innumeri
2833 4208 3222 4281 praepedient,
3252 4207 3332 4264 ob
3361 4207 3476 4263 hoc

463 4317 651 4372 quam
681 4303 969 4359 retinuisti
999 4307 1262 4363 civitati?
1304 4295 1752 4382 Bajocacenseg,
1787 4316 2122 4372 Constanti-
2159 4376 2191 4382 _
2305 4295 2458 4352 Olim
2480 4301 2534 4352 te
2565 4296 2820 4369 capient,
2853 4301 2908 4352 te
2940 4297 3238 4369 periment
3266 4295 3384 4352 ﬁne
3410 4295 3524 4350 sub
3557 4295 3777 4351 ultimo.

462 4404 800 4460 nensesque
830 4391 985 4446 hanc
1009 4376 1425 4453 custodiebant
1457 4401 1666 4456 urbem
1697 4403 1980 4458 Francico
2008 4408 2123 4458 An-
2157 4376 2201 4431 Β
2307 4402 2545 4458 Interim
2583 4416 2689 4458 rex
2736 4403 3066 4459 Ludovicus
3105 4403 3415 4458 morulans
3463 4402 3870 4469 Rothomagen—

464 4477 819 4550 glicoquein
851 4484 1029 4551 portu
1059 4483 1438 4541 eminentem.
1489 4491 1770 4545 Omnium
1819 4493 2122 4547 bonorum
2233 4493 2312 4547 sis
2343 4492 2508 4547 urbis
2533 4491 2856 4561 mcenibus,
2911 4492 3361 4565 disponensque
3408 4487 3871 4547 Northmannica-

463 4566 618 4621 illius
646 4571 812 4623 terra:
845 4566 1151 4626 afﬂuentia
1180 4572 1387 4629 aderat
1415 4576 1610 4644 nobis,
1647 4584 1701 4634 et
1751 4595 1994 4634 eramus
2043 4581 2126 4635 lo-
2233 4596 2368 4634 rum
2399 4593 2601 4635 rerum
2633 4581 2874 4651 negotia
2907 4586 2970 4636 ut
2997 4581 3301 4650 dominus,
3362 4579 3744 4636 fraudulenta
3791 4575 3874 4630 fa}

463 4655 725 4728 cupletes
755 4658 974 4730 opibus
1021 4659 1178 4714 illius
1221 4661 1463 4718 telluris.
1500 4667 1709 4739 Recipe
1750 4683 1892 4738 ergo
1919 4668 2123 4725 civita-
2233 4687 2314 4726 sae
2371 4670 2669 4743 opinionis
2721 4671 3068 4743 intentione,
3124 4675 3344 4744 putans
3401 4686 3461 4725 se
3512 4685 3649 4726 esse
3698 4679 3872 4736 regem

464 4749 604 4814 tem,
638 4747 782 4818 quia
812 4763 932 4803 non
963 4749 1258 4805 habemus
1290 4757 1567 4824 sumptus
1597 4755 1819 4827 quibus
1847 4757 1910 4812 in
1939 4773 2011 4814 ea
2035 4759 2122 4814 vi-
2233 4760 2782 4816 Northmannorum
2815 4765 2871 4816 et
2897 4761 3282 4823 advocatum,
3337 4759 3515 4815 labile
3559 4755 3876 4816 deducebat

462 4851 598 4891 vere
630 4835 967 4909 Ροεείωιιες
997 4838 1196 4910 daque
1220 4840 1457 4911 Hugoni
1488 4858 1624 4898 eam
1654 4860 1776 4916 quo
1813 4852 1996 4918 queat
2035 4865 2125 4904 re-
2232 4847 2347 4903 illic
2379 4848 2498 4904 otio
2529 4853 2783 4922 tempus.
2806 4849 3083 4914 Quadam
3106 4865 3370 4921 namque
3391 4849 3487 4904 die
3512 4848 3766 4920 quidam
3784 4844 3872 4900 tiro

462 4923 682 4980 bellare
715 4929 923 4980 contra
955 4930 1008 4981 te
1031 4927 1315 4984 securius.
1373 4932 1490 4986 Nos
1524 4932 1764 4988 Daciam
1795 4951 1933 4990 cum
1958 4938 2124 4993 omni
2237 4937 2532 4992 Francicae
2557 4937 2770 5008 gentis,
2800 4937 3192 4994 sufﬁcientem
3222 4937 3495 4992 omnium
3525 4952 3732 4993 rerum
3754 4948 3876 5006 opu-

463 5029 678 5083 genere
708 5020 912 5071 nostro
941 5021 1200 5089 praepete
1223 5019 1621 5089 navigationis
1647 5038 1827 5078 cursu
1871 5026 2121 5098 repeda-
2235 5025 2479 5082 lentiam
2514 5026 2824 5095 Dacigenae
2857 5026 3162 5094 Bernardi,
3210 5026 3358 5097 quin
3415 5027 3598 5082 etiam
3654 5035 3875 5087 uxorem

461 5102 682 5170 bimus,
714 5110 769 5160 et
794 5107 950 5161 hanc
982 5107 1209 5176 majore
1259 5108 1503 5166 collecta
1562 5111 1937 5171 multitudine
1975 5117 2125 5172 mili-
2235 5115 2628 5187 praepulchraa
2657 5115 2876 5188 speciei
2907 5120 2972 5170 ut
3001 5114 3353 5171 concederet
3382 5114 3516 5185 sibi,
3549 5131 3756 5185 regem
3801 5124 3877 5164 ro-

463 5193 593 5257 tari,
624 5198 689 5248 ut
713 5194 878 5248 R0110
922 5197 1258 5268 quondam,
1311 5198 1784 5270 devastabimus,
1843 5220 1952 5261 nec
1998 5210 2119 5274 tua,
2235 5203 2414 5272 gavit.
2475 5204 2677 5260 Caeteri
2729 5219 2993 5277 namque
3046 5204 3267 5259 tirones
3344 5203 3523 5273 hujus
3602 5197 3877 5276 petitionis

462 5296 573 5336 nec
606 5281 868 5350 Hugonis
897 5284 1004 5339 erit
1043 5287 1353 5356 posterius.
1386 5311 1414 5338 »
1448 5291 1567 5345 Rex
1597 5307 1738 5348 vero
1777 5292 2122 5367 deceptrici-
2235 5292 2462 5346 famam
2513 5294 2794 5348 secretius
2851 5292 3162 5349 audientes
3216 5294 3510 5348 venerunt
3564 5291 3644 5346 ad
3701 5300 3880 5358 regem

461 5369 578 5424 bus
619 5369 1008 5441 querimoniis
1054 5373 1390 5444 instigatus,
1447 5385 1723 5450 precatus
1767 5386 1855 5437 est
1883 5386 2124 5439 Bernar—
2232 5379 2496 5436 dicentes
2539 5399 2550 5436 :
2595 5405 2622 5431 ‹‹
2667 5382 2915 5438 Domine
2959 5399 3102 5453 rex,
3160 5381 3266 5438 tibi
3323 5381 3696 5436 incessanter
3751 5391 3882 5432 sem-

462 5458 609 5513 dum
669 5461 733 5512 ut
787 5457 957 5513 daret
1005 5460 1116 5516 sibi
1168 5464 1488 5520 concilium
1550 5483 1730 5539 super
1781 5468 1871 5523 his
1918 5469 2118 5526 rebus.
2229 5486 2338 5543 per
2383 5471 2696 5543 servimus,
2747 5477 2804 5528 et
2860 5471 3084 5527 nullius
3113 5471 3196 5527 rei
3229 5469 3604 5534 suﬂicientia,
3639 5467 3757 5524 nisi
3783 5461 3882 5521 cibi

461 5551 621 5604 Tunc
670 5548 1050 5603 Bernardus:
1099 5574 1126 5599 «
1170 5553 1318 5608 Mitte
1369 5553 1633 5623 legatum
1681 5556 1758 5611 ad
1811 5561 2122 5626 llugonem
2231 5564 2529 5633 potusque
2557 5560 2838 5617 ditamur.
2887 5561 3007 5616 Hos
3032 5560 3300 5638 advenas
3331 5559 3884 5616 Nortbmannosex.

462 5635 678 5692 ducem
704 5651 1018 5706 magnum,
1049 5639 1154 5710 qui
1199 5642 1618 5712 Bajocacensia
1663 5661 1805 5702 rura
1859 5645 1941 5702 illi
1983 5661 2124 5704 con-
2231 5649 2384 5722 pelle
2437 5649 2658 5706 abhinc
2706 5654 2765 5706 et
2819 5649 3170 5718 extermina,
3219 5635 3560 5723 precamur,
3604 5651 3664 5705 et
3686 5640 3884 5716 largire
