4004 6178
123 196 233 249 705

639 191 732 246 DE
771 189 1014 246 GESTIS
1051 172 1477 247 NORMANNIAS
1524 186 1775 246 nucum
1813 188 2003 247 LIBRI
2040 185 2239 249 rans.
2272 227 2344 238 —
2369 201 2499 257 ue.
2548 202 2637 261 ιιι.
2683 182 3108 270 RlCHARDUS.

3515 204 3618 277 706

120 315 303 374 nobis
333 314 594 414 illorum.
626 314 921 371 beneficia
975 315 1271 371 concessis
1324 310 1644 414 uxoribus;
1693 317 1810 369 Nos
1841 315 1892 369 Α
1930 315 2404 379 abscondetur?
2438 348 2464 375 ››
2499 330 2838 388 Bernardus
2867 341 3066 391 autem
3109 339 3279 395 tacite
3309 358 3444 414 quae
3475 359 3618 413 age-

121 421 280 462 vero
311 405 474 460 hanc
507 403 720 458 urbem
751 419 1030 474 regemus
1076 403 1312 459 servitio
1344 406 1457 458 tua:
1483 401 1814 481 ﬁdelitatis,

121 513 235 552 nec
295 495 373 552 de
429 495 749 566 cujuslibet
804 500 1150 550 nostrorum
1197 491 1544 550 inﬁdelitate
1599 498 1816 550 nutare

121 586 422 660 quiveris.
458 584 784 642 Consilium
812 585 998 656 hujus
1027 585 1110 641 rei
1163 584 1491 640 nefandum
1546 584 1816 640 enuclea-

123 681 224 732 tur
251 675 558 731 Bernardo
585 679 639 730 et
681 675 1040 743 Dacigenis;
1078 679 1491 730 verumtamen
1544 673 1814 728 vicissim

126 763 416 833 consulti,
477 762 914 819 commiserunt
959 763 1103 819 illud
1161 761 1562 818 taciturnitati.
1600 785 1628 811 ‹‹
1659 766 1815 831 Rege

124 870 280 910 vero
306 853 606 908 Ludovico
636 851 1006 908 Laudunum
1036 868 1330 921 regresso,
1359 851 1814 924 novercalisque

126 943 254 999 odii
278 942 405 998 zelo
437 941 930 998 aNorthmannis
985 941 1238 996 nimium
1289 946 1562 1014 pertreso,
1623 941 1814 1014 turpis

127 1032 400 1088 tironum
466 1030 758 1104 petitionis
807 1031 1145 1087 ambitione
1200 1031 1536 1086 admodum
1600 1031 1814 1098 tristes,

126 1120 581 1177 meditabantur
607 1119 919 1176 interitum
975 1120 1132 1190 regis
1177 1120 1556 1176 retractando
1605 1118 1820 1175 unani-

127 1226 285 1265 mes.
323 1211 391 1264 Ut
419 1213 613 1264 autem
639 1223 843 1278 regem
877 1208 1157 1280 decipere
1183 1207 1386 1280 aliquo
1426 1208 1683 1263 subdolo
1714 1224 1817 1263 co-

129 1298 385 1354 namine
455 1296 800 1370 quivissent,
856 1297 1416 1352 Nortlimannorum
1492 1297 1814 1370 optimates

134 1386 436 1442 miserunt
467 1386 543 1442 ad
591 1385 990 1454 Haigroldum
1023 1401 1227 1456 regem
1276 1387 1466 1441 Dacia:
1509 1386 1818 1442 nobilioris

69 1481 80 1489 '
137 1482 199 1531 et
229 1475 461 1531 ditioris
489 1474 760 1547 potentiae
792 1474 1039 1541 milites,
1074 1480 1138 1530 ut
1186 1474 1480 1532 Richardo
1538 1475 1819 1531 Willelmi

133 1565 350 1635 magni
381 1565 550 1620 ducis
582 1563 698 1619 ﬁlio
758 1563 1218 1632 consanguineo
1275 1581 1618 1621 succurrere
1657 1565 1816 1621 festi-

1930 405 2165 494 bantur
2187 413 2638 484 considerabat,
2672 420 2946 494 illiusque
2976 405 3618 488 invectionisilolorlim

1927 491 1994 546 in
2025 493 2210 548 corde
2237 499 2576 568 pressabat.
2615 491 2949 561 Ludovicus
3006 515 3207 567 autem
3256 531 3360 569 rex
3391 516 3620 572 Franci-

1929 596 2165 652 genum
2220 601 2478 643 monens
2531 591 2881 659 exercitum,
2936 596 3281 656 Herluinum
3335 605 3615 660 comitem

1929 670 2233 730 conduxit
2283 692 2510 746 secum,
2546 685 2866 753 castraque
2897 689 3154 740 metatus
3179 694 3266 744 est
3285 691 3426 748 citra
3455 694 3614 750 Divae

1928 758 2290 819 decursum.
2362 769 2888 825 Constantinenses
2956 777 3134 844 atque
3192 779 3613 847 Bajocacenses

1929 863 2078 903 eum
2096 866 2239 920 rege
2273 855 2599 921 Haigroldo
2633 857 2786 913 ultra
2841 858 2999 913 Divze
3031 861 3255 918 ﬂuenta
3283 864 3461 922 ﬁxere
3487 874 3615 924 ten-

1929 938 2107 994 toria.
2135 943 2474 1001 Bernardus
2499 948 2697 1019 primo
2719 964 2900 1004 mane
2935 966 3326 1025 consurgens,
3357 957 3517 1012 venit
3536 959 3614 1014 ad

1929 1043 2142 1096 regem
2202 1034 2573 1090 Ludovicum
2629 1035 2881 1092 dicens:
2918 1060 2944 1085 ‹‹
2979 1039 3228 1096 Domine
3272 1059 3395 1110 rex,
3451 1046 3613 1100 velo-

1931 1115 2063 1171 cius
2097 1135 2299 1189 surge,
2345 1129 2400 1178 et
2443 1123 2593 1195 quid
2648 1127 2952 1192 agendum
3000 1128 3092 1194 sit,
3136 1131 3417 1186 secretius
3471 1150 3611 1189 cum

1932 1205 2052 1260 tuis
2100 1207 2339 1266 rimare.
2393 1211 2650 1266 Alterius
2704 1214 2890 1269 moris
2933 1220 3021 1271 est
3060 1231 3207 1284 gens
3253 1219 3379 1272 haec
3423 1237 3611 1292 quam

1932 1297 2324 1369 Francigena,
2380 1306 2827 1369 argumentosae
2878 1303 3214 1360 calliditatis
3266 1307 3445 1362 nimis
3492 1309 3611 1380 ple-

1929 1399 2029 1439 na.
2069 1407 2096 1433 ››
2122 1389 2284 1444 Tunc
2310 1389 2565 1461 quidam
2609 1391 2904 1446 recubans
2953 1392 3332 1463 intrinsecus,
3364 1411 3608 1468 respon-

1927 1473 2015 1529 dit
2043 1475 2372 1546 Bernardo,
2427 1493 2568 1546 rege
2615 1480 2940 1551 adnuente,
3001 1483 3177 1536 stanti
3235 1482 3606 1541 forinsecus:

1929 1584 1956 1610 ‹‹
1991 1565 2121 1617 Pete
2152 1563 2486 1620 dormitum
2518 1566 2709 1637 citius,
2738 1569 2881 1640 quia
2924 1585 3047 1624 non
3097 1586 3382 1626 curamus
3412 1573 3487 1628 de
3528 1579 3610 1630 ta-

133 1659 313 1710 naret
347 1673 360 1720 ;
389 1653 530 1726 quia
558 1669 656 1708 rex
711 1652 976 1708 Franciae
1018 1652 1208 1721 gentis
1243 1654 1424 1708 totius
1467 1655 1818 1710 Northman-
1848 1666 1887 1719 Β
1925 1650 2102 1707 libus.
2131 1673 2162 1705 ›
2203 1656 2545 1710 Bernartius
2577 1673 2719 1713 vero
2749 1658 3174 1728 hujuscemodi
3219 1661 3414 1715 verbis
3443 1661 3610 1719 exas-

135 1743 256 1798 nite
291 1741 700 1798 monarchiam
729 1740 1087 1796 vindicabat
1115 1740 1246 1809 sibi,
1278 1741 1556 1797 auferens
1572 1759 1816 1798 omnem

137 1831 441 1886 honorem
490 1845 673 1902 puero
731 1828 1036 1884 Richardo
1081 1833 1250 1884 eruto
1303 1829 1436 1899 ejus
1479 1830 1812 1885 avunculis.

139 1918 502 1990 Haigroldus
530 1934 668 1973 vero
700 1934 805 1973 rex
837 1917 1034 1973 Dacise
1065 1918 1500 1986 magnanimus
1526 1919 1604 1974 ob
1653 1935 1818 1976 amo-

138 2025 280 2064 rem
313 2007 576 2063 Richardi
600 2007 688 2062 sui
717 2006 1070 2079 propinqui,
1102 2006 1330 2075 legatos
1377 2008 1817 2065 Northmanno-

139 2114 286 2152 rum
318 2097 632 2152 honoriﬁce
662 2096 926 2167 suscepit
958 2114 970 2163 ;
1004 2098 1480 2169 constructisque
1535 2098 1816 2166 navibus,

138 2187 362 2258 hisque
386 2185 617 2241 cibariis
644 2191 700 2241 et
721 2185 1015 2241 militibus
1048 2185 1310 2257 repletis,
1341 2187 1418 2242 ad
1458 2187 1654 2242 littora
1687 2185 1819 2241 sali-

139 2292 234 2332 nae
269 2274 577 2344 Corbonis,
607 2291 730 2347 qua
783 2274 928 2330 Diva
961 2274 1179 2347 rapido
1226 2281 1431 2332 meatu
1485 2275 1818 2347 procelloso

141 2363 301 2420 mari
332 2380 394 2419 se
420 2363 699 2434 infundit,
727 2380 868 2418 cum
894 2363 1231 2418 incredibili
1259 2365 1524 2420 tironum
1554 2364 1818 2419 multitu-

142 2455 306 2526 dine,
353 2454 522 2510 citius
551 2470 736 2527 quam
787 2453 979 2526 quivit
1010 2459 1191 2508 venit.
1242 2454 1662 2510 Constantincs
1719 2469 1822 2508 au-

144 2549 263 2599 tem
315 2548 373 2599 et
421 2543 851 2614 Bajocacenses
909 2541 1222 2597 audientes
1278 2543 1608 2599 adventum
1666 2541 1822 2610 regis

146 2632 452 2702 Haigroldi
503 2636 745 2704 propter
799 2647 1071 2686 amorem
1099 2630 1382 2687 Richardi
1416 2631 1608 2703 pueri,
1647 2645 1822 2685 vene-

142 2726 282 2778 runt
303 2721 524 2776 servire
544 2721 645 2775 illi.
682 2723 861 2776 Fama
888 2719 1046 2774 illico
1105 2735 1213 2791 per
1260 2719 1526 2775 Franciee
1580 2719 1823 2774 climata

145 2811 407 2868 celeriter
445 2809 796 2884 penetravit,
821 2808 1185 2864 denuntians
1211 2807 1652 2864 inaestimabilis
1676 2807 1826 2863 mul-

145 2901 413 2958 titudinis
441 2916 716 2973 paganos
747 2899 956 2955 adesse
988 2897 1288 2953 littoribus
1319 2898 1820 2955 Northmannicis.

1927 1747 2194 1813 peratus,
2225 1744 2460 1816 repetiit
2515 1751 2710 1802 castra
2765 1748 3272 1815 Rothomagensia
3323 1750 3604 1808 velocius.

1926 1834 2233 1888 Estuante
2265 1848 2409 1888 vero
2443 1835 2566 1891 sole
2616 1836 2765 1891 hora
2795 1836 2913 1890 diei
2949 1836 3138 1902 tertia,
3175 1845 3486 1908 coeperunt
3514 1842 3607 1896 Di-

1925 1938 2017 1976 vae
2041 1921 2283 1977 alveum
2347 1924 2939 1980 Constantinensium
2997 1925 3610 2001 Bajocacensiuinque

1927 2010 2182 2066 transire
2227 2011 2496 2078 agmina.
2552 2013 2889 2068 Bernardus
2939 2017 3144 2068 autem
3188 2013 3303 2068 hoc
3350 2015 3608 2087 intuens,

1927 2116 2130 2171 regem
2163 2099 2378 2154 iterum
2437 2102 2698 2174 expetiit,
2751 2102 2958 2157 dicens
2993 2121 3004 2157 :
3045 2127 3068 2150 ‹‹
3115 2104 3308 2173 Supra
3335 2106 3476 2160 satis
3508 2124 3610 2163 rex

1927 2188 2250 2245 dormitare
2277 2187 2479 2245 adhuc
2507 2191 2700 2257 stude,
2733 2191 2878 2262 quia
2900 2206 3048 2260 gens
3085 2191 3383 2261 Dacigena
3413 2199 3610 2252 trans-

1929 2293 2134 2348 gressa
2167 2276 2320 2332 Divze
2345 2277 2576 2334 ﬂumen
2608 2284 2724 2334 stat
2761 2278 3056 2350 equestris
3085 2279 3144 2333 in
3175 2277 3388 2352 littore,
3407 2283 3608 2338 nescio

1929 2368 2101 2437 cujus
2128 2365 2528 2432 animositatis
2550 2368 2900 2424 intentione.
2939 2391 2966 2417 ››
3027 2371 3145 2423 Rex
3177 2384 3314 2424 vero
3362 2371 3610 2428 minaci-

1929 2457 2044 2512 bus
2073 2454 2270 2510 verbis
2297 2456 2610 2525 excitatus,
2663 2457 2916 2512 surrexit
2947 2457 3135 2524 ocius,
3191 2459 3610 2535 comitumque

1930 2550 1988 2600 et
2015 2543 2271 2599 militum
2302 2543 2640 2615 frequentia
2671 2545 3040 2616 constipatus
3070 2545 3390 2601 festinabat
3417 2548 3500 2604 ire
3531 2548 3609 2604 ad

1933 2635 2025 2689 sui
2074 2632 2440 2703 colloquium
2488 2633 2784 2689 interitus.
2832 2637 3302 2705 Convocansque
3358 2637 3610 2692 Bernar-

1932 2723 2081 2778 dum
2110 2721 2349 2776 dixitad
2382 2738 2524 2777 eum
2556 2740 2568 2776 :
2606 2746 2634 2772 ‹‹
2667 2723 2874 2778 Nescio
2895 2723 3040 2795 quid
3089 2739 3258 2778 meus
3278 2723 3426 2780 mihi
3455 2742 3608 2798 prae-

1934 2812 2087 2882 sagit
2117 2814 2376 2877 auimus,
2405 2811 2649 2882 placida
2669 2829 2793 2868 non
2826 2813 2971 2867 mihi
3023 2817 3111 2868 est
3137 2812 3335 2885 quiete
3368 2820 3610 2870 conten-

1935 2906 2052 2957 tus.
2112 2902 2227 2954 Aut
2271 2913 2569 2970 pugnam,
2619 2906 2720 2955 aut
2784 2899 3008 2971 aliquid
3069 2916 3292 2955 navum
3350 2902 3611 2972 exagitat

144 2991 487 3048 Bernardus
515 2990 711 3060 igitur,
740 2989 1053 3062 caeterique
1079 2988 1624 3059 Rothomagenses,
1674 2988 1824 3044 ﬁde-
1856 3018 1896 3074 ε
1935 2989 2080 3046 mihi
2134 2988 2418 3042 invadere
2461 2988 2768 3044 sollicitus.
2823 3013 2851 3037 »
2905 2990 2992 3044 Ad
3046 2989 3170 3044 haec
3227 2991 3604 3046 Bernardus:

144 3081 373 3138 litatem
403 3080 560 3150 regis
592 3078 870 3134 Ludovici
895 3076 1097 3133 verbis"
1127 3076 1502 3144 simulantes,
1537 3078 1828 3133 miserunt

147 3171 222 3226 ad
256 3185 400 3226 eum
432 3169 495 3224 in
521 3168 683 3237 dolo,
714 3167 978 3223 dicentes
1013 3183 1024 3220 :
1069 3184 1100 3217 ‹
1135 3167 1439 3231 Quoniam
1487 3166 1828 3222 innumera-

147 3259 284 3315 bilis
317 3257 701 3331 copiosaeque
732 3254 1132 3311 multitudinis
1152 3256 1381 3326 pagani
1413 3255 1712 3328 primaevae
1738 3255 1830 3325 ju-

148 3348 410 3404 ventutis
440 3347 584 3401 ﬂore
619 3345 810 3415 nitidi,
860 3343 1080 3399 nostris
1109 3343 1337 3399 ﬁnibus
1389 3349 1528 3400 sunt
1556 3343 1825 3412 advecti;

150 3453 478 3511 precamur
503 3439 802 3507 quatenus
834 3433 1019 3489 ascita
1070 3448 1258 3488 manu
1317 3434 1577 3501 militari,
1619 3433 1832 3489 subve-

153 3529 287 3582 nias
338 3524 606 3580 velocius
657 3523 853 3593 nobis,
938 3522 986 3576 si
1035 3522 1516 3578 Northmannicae
1573 3523 1830 3592 regionis

156 3615 502 3688 principatu
535 3612 798 3683 gaudere
829 3611 1044 3667 mavis.
1079 3629 1104 3657 ι
1162 3613 1280 3665 Rex
1339 3617 1534 3666 autem
1594 3611 1827 3682 legato:

153 3709 342 3761 Fama
368 3703 681 3759 nuntiante
713 3701 917 3757 audivi
973 3715 1185 3755 verum
1222 3715 1350 3754 esse
1381 3700 1542 3772 quod
1600 3700 1767 3756 dicis.
1805 3723 1831 3750 ››

156 3793 542 3864 Quapropter
573 3807 678 3846 rex
701 3789 1040 3845 Ludovicus
1065 3787 1245 3858 hujus
1273 3789 1564 3860 pestiferae
1590 3789 1832 3859 legatio-

154 3881 250 3936 nis
281 3881 478 3937 relatu
503 3880 867 3944 admonitus,
906 3878 1204 3934 concitato
1233 3877 1608 3948 Francigenae
1643 3879 1832 3949 gentis

155 3971 448 4039 exercitu,
478 3969 642 4025 venit
672 3969 749 4024 ad
776 3969 1221 4036 Rothomagum
1249 3967 1615 4038 repentinus,
1647 3968 1836 4023 addu-

155 4076 306 4116 cens
358 4075 563 4115 secum
617 4057 968 4114 Herluinum
1017 4055 1295 4112 comitem
1348 4061 1405 4112 et
1453 4057 1833 4113 Lantbertum

155 4150 409 4204 fratrem
436 4149 584 4219 ejus.
617 4150 736 4203 Rex
763 4151 966 4203 autem
992 4145 1350 4215 Haigroldus
1378 4146 1534 4216 regis
1579 4146 1832 4201 Francia:

158 4237 422 4292 audiens
456 4233 1191 4307 adventum,fraudulento
1214 4233 1463 4291 consilio
1486 4235 1837 4290 Northman-

157 4342 391 4381 norum
424 4325 735 4380 mandavit
777 4323 979 4379 venire
1010 4323 1178 4378 illum
1206 4327 1414 4378 contra
1442 4339 1503 4378 se
1552 4322 1629 4378 ad
1655 4323 1834 4395 placi-

159 4422 317 4471 tum.
353 4417 506 4485 Rege
539 4418 740 4469 autem
771 4413 1072 4468 Ludovico
1128 4411 1449 4468 conﬁdenti
1475 4413 1535 4468 in
1573 4412 1835 4468 multitu-

162 4503 309 4559 dine
338 4503 704 4559 exercituum
735 4506 793 4558 et
821 4501 904 4556 ire
935 4500 1279 4574 disponenti
1331 4517 1452 4556 suae
1496 4501 1834 4556 damnatio-

160 4594 259 4649 nis
296 4592 378 4649 ad
410 4591 719 4664 placitum,
751 4590 898 4646 dixit
934 4589 1274 4645 Bernardus
1341 4588 1836 4659 Rothomagensis

163 4699 228 4739 se
280 4681 521 4738 ﬁdelem
577 4680 868 4737 simulans
924 4682 1335 4736 Francorum:
1370 4681 1580 4734 «Gens
1629 4683 1837 4734 contra

163 4788 360 4846 quam
409 4770 800 4844 proﬁcisceris
849 4769 929 4827 ad
960 4768 1426 4837 conciliandum,
1474 4767 1719 4824 internae
1749 4767 1834 4822 di-

158 4860 440 4917 lectionis
470 4875 675 4916 amore
707 4858 994 4925 recolens,
1019 4857 1223 4912 dilexit
1250 4861 1523 4912 nostrum
1556 4857 1831 4912 comitem

159 4949 550 5018 Willelmum,
580 4954 635 5004 et
670 4965 781 5022 pro
839 4964 962 5021 quo
1021 4947 1439 5020 martyrizatus
1496 4951 1584 5003 est
1625 4947 1835 5002 intimo

161 5039 372 5097 cordis
397 5039 614 5100 affectu
639 5039 766 5095 odit
794 5037 1071 5095 nimium.
1104 5037 1222 5093 Lite
1262 5037 1422 5094 enim
1448 5036 1709 5092 Herluini
1735 5052 1836 5091 co-

160 5129 353 5202 mitis,
383 5128 776 5186 Northmanni
803 5128 901 5184 tali
934 5127 1086 5183 duce
1112 5126 1344 5199 privati,
1377 5127 1838 5195 congredientur

160 5218 499 5276 intentione
525 5217 731 5273 mortis
758 5217 818 5272 in
849 5233 1008 5282 eum,
1059 5215 1107 5270 si
1154 5214 1300 5270 forte
1360 5229 1499 5270 eum
1561 5213 1834 5269 viderint.

165 5310 551 5381 Quapropter
577 5322 716 5361 eum
775 5304 896 5364 noli
934 5305 1151 5359 ducere
1183 5307 1400 5364 tecum,
1433 5317 1509 5358 ne
1540 5305 1707 5372 forte,
1769 5318 1839 5358 eo

164 5395 436 5466 cognito,
476 5400 761 5452 nascatur
805 5393 1111 5466 utriusque
1143 5391 1434 5448 exercitus
1488 5390 1778 5462 jurgium.
1810 5413 1836 5438 »

164 5489 332 5542 Tunc
361 5484 614 5557 quidam
663 5500 735 5539 ex
764 5483 1058 5543 tironibus
1109 5481 1405 5537 Bernardo
1460 5479 1840 5551 respondisse

165 5575 357 5632 fertur
391 5591 403 5629 :
439 5595 469 5626 ς
497 5578 649 5628 Num
672 5578 914 5645 propter
940 5576 993 5628 te
1019 5575 1384 5644 creterosque
1412 5568 1680 5625 advenas
1712 5568 1841 5623 talis

165 5680 398 5733 comes,
432 5667 500 5722 ut
551 5667 640 5720 est
690 5661 1028 5732 Herluinus,
1083 5660 1219 5718 ullis
1272 5658 1514 5719 latebris
1543 5657 1840 5732 repositus

1937 3102 1965 3130 ‹‹
1998 3083 2203 3135 Nonne
2225 3076 2508 3149 prohibui
2555 3078 2759 3133 multis
2811 3079 3356 3150 prOsecutionibus,
3384 3097 3460 3136 ne
3506 3096 3608 3134 co-

1937 3185 2065 3226 mes
2121 3165 2432 3222 Herluinus
2483 3167 2603 3222 huc
2652 3167 3086 3223 conduceretur
3115 3168 3197 3222 ‘In
3253 3168 3355 3222 His
3411 3169 3605 3237 dictis,

1935 3259 2095 3314 venit
2147 3255 2224 3312 ad
2259 3254 2481 3322 locum,
2537 3272 2661 3327 quo
2721 3256 3008 3328 placitum
3048 3261 3177 3311 erat
3223 3257 3604 3328 dispositum.

1937 3348 2143 3404 Stabat
2167 3350 2366 3400 autem
2390 3343 2506 3399 illic
2541 3361 2681 3399 cum
2712 3345 3316 3401 Constantinensibus
3352 3350 3409 3400 et
3437 3346 3608 3416 Bajo-

1939 3433 2290 3490 cacensibus
2320 3448 2424 3487 rex
2458 3432 2836 3502 Haigroldus,
2867 3449 3006 3502 rege
3040 3432 3336 3488 Ludovico
3357 3433 3606 3504 propius
3694 3487 3696 3490 ,

1940 3527 2132 3578 stante
2159 3538 2295 3577 cum
2331 3521 2707 3591 Francigenis
2741 3522 3112 3577 altrinsecus.
3169 3521 3374 3577 Stabat
3402 3527 3604 3576 autem

1941 3616 1998 3666 et
2022 3610 2136 3666 illic
2185 3613 2480 3666 Dacorum
2513 3609 2742 3666 delecta
2791 3611 3098 3680 juventus,
3132 3610 3356 3666 adnixa
3397 3610 3602 3676 hastis,

1942 3705 2272 3772 tenensque
2305 3704 2473 3754 scuta
2502 3699 2563 3754 in
2594 3699 2899 3766 manibus,
2951 3699 3307 3771 quaerebant
3344 3699 3607 3754 occasio-

1942 3807 2100 3856 nem,
2134 3807 2256 3863 qua
2289 3795 2533 3862 possent
2564 3794 2820 3847 Francos
2848 3790 3118 3845 occidere
3148 3795 3206 3844 et
3236 3807 3458 3860 regem.
3493 3794 3606 3845 Mu-

1943 3887 2058 3937 tum
2090 3879 2266 3948 igitur
2292 3879 2615 3934 voluntatis
2665 3878 2984 3950 colloquio,
3035 3893 3172 3945 rege
3196 3878 3516 3942 Ludovico,
3551 3882 3608 3931 et

1945 3969 2135 4026 Dacia:
2166 3984 2302 4037 rege
2335 3967 2676 4037 Haigroldo,
2701 3969 2720 3987 '
2751 3965 3172 4022 contuentibus
3197 3964 3605 4033 Francigenis-

1942 4073 2060 4130 que
2092 4062 2147 4112 et
2200 4055 2529 4125 Dacigenis,
2583 4071 2819 4110 necnon
2874 4053 3354 4124 Constantigenis
3410 4057 3464 4107 et
3505 4055 3608 4108 Ba-

1937 4145 2243 4218 jocacenis
2285 4143 2552 4216 undique
2603 4159 2806 4198 secum
2851 4141 3117 4212 armatis,
3179 4140 3610 4196 circumstanti-

1943 4236 2058 4292 bus
2091 4234 2369 4302 ;cuidam
2395 4232 2564 4288 militi
2581 4237 2722 4288 noto
2747 4231 3060 4304 quondam
3089 4231 3201 4286 sibi
3226 4231 3374 4288 dixit
3405 4247 3608 4286 comes

1944 4325 2258 4380 Herluinus
2288 4341 2300 4378 :
2331 4345 2357 4371 ‹‹
2385 4323 2566 4394 Cujus
2592 4321 2912 4394 sospitatis,
2965 4321 3258 4392 cujusque
3306 4319 3606 4392 prosperi-

1945 4415 2099 4482 tatis,
2123 4414 2217 4469 vel
2246 4413 2418 4484 cujus
2445 4411 2759 4482 facultatis,
2792 4415 2855 4467 tu
2878 4415 2934 4466 et
2963 4410 3132 4480 origo
3165 4410 3249 4464 tui
3275 4409 3545 4480 generis?
3577 4429 3605 4457 »

1945 4502 2269 4576 Respondit
2298 4501 2393 4558 ille
2427 4520 2439 4557 :
2466 4524 2493 4551 «
2522 4501 2785 4558 Salubris
2811 4517 2946 4556 sum
2973 4499 3422 4566 incolumitatis,
3447 4497 3608 4551 locu-

1945 4593 2238 4671 pletisque
2260 4591 2574 4660 felicitatis,
2625 4595 2804 4663 atque
2837 4587 3187 4645 sufﬁcientis
3235 4584 3603 4642 ubertatis.»

1945 4681 2468 4740 Constantinenses
2498 4696 2640 4736 vero
2662 4684 2719 4736 et
2737 4680 3167 4750 Bajocacenses
3199 4678 3508 4747 coeperunt
3527 4673 3606 4728 ab

1943 4773 2306 4842 interrogato
2356 4770 2653 4843 inquirere
2682 4769 2968 4841 quisnam
2999 4770 3175 4832 esset,
3208 4764 3312 4836 qui
3340 4761 3415 4816 de
3442 4777 3608 4817 com-

1946 4860 2142 4916 modis
2165 4877 2286 4915 suaa
2318 4857 2724 4932 prosperitatis
2775 4862 2897 4912 tam
2938 4852 3306 4910 familiariter
3347 4848 3608 4904 sciscita-

1946 4953 2126 5009 retur.
2172 4947 2495 5022 Respondit
2542 4945 2637 5002 ille
2692 4943 3174 5015 inquirentibus:
3233 4961 3260 4987 «
3292 4936 3610 4992 Herluinus

1949 5037 2356 5096 monasterioli
2378 5035 2557 5090 castri
2587 5049 2790 5088 comes
2808 5031 3168 5103 praecipuus.
3204 5049 3230 5075 ››
3274 5026 3609 5083 Constanti-

1947 5143 2164 5189 nenses
2195 5131 2397 5188 auum
2421 5124 2701 5185 dixerunt
2759 5117 3260 5192 Bajocacensibus
3293 5135 3305 5172 :
3340 5138 3366 5164 ‹‹
3405 5117 3610 5170 Nonne

1947 5216 2065 5281 hic,
2117 5214 2288 5286 cujus
2330 5212 2529 5285 jurgio
2581 5211 2674 5266 vel
2735 5227 2844 5284 pro
2901 5225 3023 5282 quo
3075 5207 3360 5278 deceptus
3407 5209 3500 5258 est
3555 5208 3612 5259 et

1950 5302 2364 5374 martyrisatus
2435 5305 2638 5356 noster
2687 5299 2884 5354 senior
2948 5295 3306 5364 Willelmus,
3354 5293 3610 5350 Marchio

1949 5392 2194 5463 duxque
2241 5389 2702 5445 honestissimus
2740 5388 2767 5442 ?
2826 5389 3148 5441 Erueturne
3219 5383 3314 5438 hic
3357 5380 3609 5436 infestus

1950 5479 2168 5536 nostris
2193 5477 2473 5534 manibus
2500 5479 2527 5532 ἱ)
2559 5499 2586 5525 ››
2620 5475 2716 5529 His
2747 5475 2936 5542 dictis,
2969 5468 3271 5528 commoto
3301 5484 3610 5525 murmure

1950 5566 2426 5640 incompescibili
2457 5569 2779 5637 torqueunt
2809 5579 2978 5619 arma
3010 5579 3222 5618 omnes
3276 5559 3610 5628 Dacigenae,

1950 5657 2118 5714 furiis
2175 5654 2530 5714 stomachati
2564 5673 2577 5724 ;
2627 5653 2895 5726 tantique
2962 5650 3193 5708 domini
3235 5652 3427 5705 morte
3480 5645 3613 5702 felle
