4002 6186
464 187 566 244 707
1443 180 1745 240 nunoms
1785 174 2042 234 DECANI
2078 175 2134 229 s.
2179 173 2499 239 QUINTlNl
2537 179 2920 239 vmouano.
3775 184 3854 239 το.

467 319 753 371 aestuante
779 310 1070 376 bacchati,
1095 307 1409 365 occasione
1439 311 1635 379 capta,
1663 304 1958 360 invadunt
1987 305 2119 357 Her-
2151 299 2201 356 Δ
2233 302 2496 372 fugitans
2529 305 2780 377 alipedis
2807 304 2944 377 equi
2967 320 3145 359 cursu
3175 303 3412 359 errabat
3447 303 3671 359 inanis.
3703 306 3851 370 Quen

465 406 696 460 luinum
718 402 1081 462 comitem,et
1099 399 1402 472 perimunt
1439 394 1812 468 imperterriti
1845 412 1858 460 ;
1890 391 2118 448 Franci-
2228 391 2478 464 quidam
2510 391 3003 461 Rothomagensis
3033 391 3201 446 miles
3242 391 3542 448 inermem
3573 393 3690 448 huc
3729 393 3852 447 illuc»

467 509 632 561 genie
663 498 864 547 autem
896 489 1202 562 cupientes
1232 487 1512 544 comitem
1545 484 1893 540 Herluinum
1914 481 2118 537 ulcisci
2225 497 2342 552 que
2372 483 2761 538 ﬂuctuantem
2818 479 3190 554 conspiciens
3243 481 3598 550 aggreditur
3630 499 3644 546 ;
3675 486 3729 536 et
3751 497 3851 539 eum

463 600 646 658 seque
675 581 859 639 armis
889 578 1056 644 tueri,
1096 577 1413 645 insurgunt
1445 591 1625 647 super
1661 589 1765 628 eos
1817 569 2112 641 intrepidi.
2226 569 2468 640 pmprio
2499 569 2743 624 nomine
2766 568 3374 640 compellansasperis
3405 568 3611 625 verbis
3641 569 3848 626 affatur:

463 657 643 745 Cujus
673 669 1004 729 occasionis
1033 667 1194 736 dolo,
1227 665 1413 738 praelii
1469 663 1789 719 certamine
1843 659 2118 716 atrociter
2228 679 2256 706 «
2289 660 2606 724 Quorsum,
2647 674 2750 712 rex
2805 657 3119 724 Ludovico,
3174 657 3366 715 tendis
3402 658 3429 714 ‘I
3472 673 3678 730 quove
3729 663 3848 713 tenes

461 764 627 830 inito,
653 759 857 818 Franci
884 759 1010 815 telis
1038 755 1379 826 lanceisque
1409 752 1738 825 pugnando
1777 748 2113 816 confractis,
2225 747 2526 802 desolatus
2551 747 2658 802 iter
2687 747 2714 802 ?
2744 749 2871 802 Non
2910 747 3128 802 nostris
3160 745 3412 803 elaberis
3440 745 3693 816 ﬁnibus,
3734 763 3848 818 quos

463 851 927 909 obluctabantur
955 848 1176 904 fortiter
1223 842 1612 900 mucronibus
1643 841 1938 896 extractis.
1970 841 2115 894 Tan-
2226 837 2440 907 injuste
2467 837 2757 894 invadens
2789 837 2962 893 stulte
3016 837 3286 909 irrepisti.
3320 861 3348 887 »
3392 837 3494 892 His
3557 837 3726 893 dictis
3765 843 3848 892 tor-

463 943 604 998 dem
649 939 945 996 multiﬂuo
975 935 1374 1009 pestiferoque
1428 928 2011 988 Constantinensium
2059 931 2116 981 et
2223 943 2416 998 quens
2442 927 2835 998 cainpitorem
2865 942 3112 998 equum,
3140 931 3197 982 et
3220 925 3453 982 irruens
3483 943 3672 999 super
3694 943 3847 993 regem

464 1028 976 1101 Bajocacensium,
1035 1039 1144 1080 nec
1195 1038 1314 1078 non
1373 1035 1752 1094 paganorum
1783 1023 1940 1073 cmtu
1976 1016 2114 1072 hinc
2225 1017 2589 1072 Ludovicum
2621 1031 2726 1088 per
2751 1016 3020 1072 habenas
3049 1015 3196 1071 freni
3239 1016 3395 1088 cepit
3420 1031 3590 1082 eum,
3627 1022 3790 1087 atque
3812 1017 3848 1069 vi

464 1121 602 1176 inde
633 1117 854 1184 vallati,
875 1113 1308 1185 jugulabantur
1333 1109 1636 1165 dilacerati
1667 1109 1819 1163 sicut
1842 1107 2114 1161 bidentes
2223 1106 2620 1179 compellebat
2647 1105 2911 1177 equitare
2942 1121 3168 1160 secum.
3205 1108 3327 1160 Rex
3368 1110 3577 1161 autem
3611 1105 3848 1160 omnibus

464 1225 500 1264 a
528 1206 817 1280 1upis.Sic
847 1203 1150 1259 mortifero
1207 1216 1314 1272 per
1360 1199 1632 1272 praelium
1681 1197 1948 1268 impulsu
1979 1212 2114 1251 con-
2223 1196 2407 1252 armis
2437 1197 2722 1268 privatus,
2777 1211 2886 1250 nec
2915 1195 3040 1249 erui
3097 1199 3310 1267 potens
3339 1194 3664 1250 atenentis
3709 1195 3851 1249 mani-

464 1295 669 1363 gressi,
725 1291 817 1347 bis
854 1305 1074 1346 novem
1129 1288 1375 1343 comites
1431 1284 1786 1342 nobilissimi
1818 1300 2114 1356 praeoccu-
2222 1288 2358 1353 bus,
2390 1286 2538 1341 dixit
2565 1285 2642 1340 ad
2671 1283 2838 1339 illum
2883 1284 3308 1339 maestissimus
3349 1303 3362 1339 :
3417 1306 3444 1333 «
3478 1284 3628 1348 Quis
3666 1299 3743 1349 es,
3786 1283 3849 1338 vel

461 1387 682 1455 pautur
709 1385 919 1446 morte,
955 1377 1230 1433 saeviente
1262 1380 1435 1433 Marte
1465 1374 1697 1446 dilapsi,
1727 1391 1801 1429 ex
1829 1378 1996 1446 parte
2027 1389 2114 1428 re-
2223 1391 2345 1448 quo
2376 1391 2473 1430 me
2501 1375 2723 1430 iturum
2749 1389 2878 1428 esse
2920 1377 3280 1445 contorques
3309 1374 3337 1428 ‘?
3362 1393 3390 1424 iv
3425 1372 3752 1445 Respondit
3777 1375 3849 1426 Rc

463 1473 552 1542 gis
586 1469 882 1535 Ludovici,
911 1484 1019 1524 nec
1051 1472 1176 1524 erat
1202 1467 1324 1521 ulla
1352 1482 1487 1537 spes
1518 1464 1671 1529 vitae,
1723 1463 1814 1518 vel
1844 1463 1998 1532 fuga:
2029 1479 2116 1518 re—
2223 1464 2651 1534 thomagensis.
2705 1485 2732 1512 «
2770 1466 2834 1518 Et
2881 1462 3018 1518 illuc
3050 1467 3105 1518 te
3135 1462 3379 1528 ducam,
3409 1477 3524 1518 nec
3558 1467 3673 1519 tuas
3703 1466 3848 1534 potas

463 1561 669 1617 siduis.
702 1563 821 1615 Rex
859 1575 1002 1614 vero
1030 1556 1360 1613 Ludovicus
1418 1553 1696 1627 praesidio
1753 1557 2112 1609 Francorum
2225 1555 2357 1610 tatis
2388 1554 2684 1609 ullatenus
2705 1553 2986 1624 deinceps
3013 1552 3146 1607 eris.
3179 1573 3199 1603 ι
3233 1555 3352 1607 Rex
3383 1556 3596 1607 autem
3616 1551 3848 1606 difﬁdens

461 1665 709 1705 cernens
736 1663 797 1703 se
825 1646 1184 1709 desolatam,
1225 1648 1622 1714 expertusque
1655 1641 1841 1712 praelii
1890 1641 2114 1712 pericu—
2156 1650 2196 1704 Β
2224 1647 2334 1711 sui,
2368 1649 2737 1715 miratusque
2794 1642 3140 1696 necessitate
3192 1641 3568 1697 imminentis
3621 1639 3845 1713 periculi,

459 1740 606 1801 lum,
633 1739 786 1806 fugae
817 1733 1104 1791 tardantis
1135 1731 1451 1804 expetebat
1479 1730 1914 1785 auxilium.Rex
1944 1730 2114 1802 quip-
2223 1734 2369 1789 dixit
2400 1734 2477 1788 ad
2497 1733 2821 1788 violentum
2854 1737 3162 1802 captorem
3189 1731 3280 1786 sui
3314 1749 3326 1785 :
3369 1750 3400 1783 ‹
3430 1731 3720 1798 Miserere,
3745 1745 3847 1801 pre-

458 1845 534 1902 pe
564 1826 925 1897 Haigroldus
945 1821 1316 1896 prospiciens
1349 1821 1560 1875 abesse
1616 1835 1817 1887 regem
1870 1820 2115 1874 Ludovi-
2223 1839 2346 1892 cor,
2385 1823 2662 1878 miserere
2708 1821 2844 1890 mei,
2874 1826 2930 1876 et
2949 1837 3088 1876 erue
3119 1837 3217 1876 me
3262 1827 3369 1893 per
3399 1827 3571 1877 tuam
3611 1821 3843 1894 pietatem

460 1935 619 1984 cum,
652 1915 878 1972 volucri
907 1913 1192 1985 sonipede
1221 1927 1438 1981 agmen
1467 1926 1678 1965 secans
1717 1910 2004 1976 medium,
2038 1909 2116 1965 ci-
2222 1913 2296 1968 de
2326 1912 2607 1967 manibus
2637 1910 3033 1983 quaerentium
3087 1909 3358 1965 animam
3405 1926 3630 1977 meam,
3662 1915 3715 1965 et
3735 1908 3842 1964 insi-

459 2013 582 2065 tato
603 2022 780 2063 cursu
801 2002 1274 2078 persequebatur
1297 2017 1455 2056 eum.
1483 2005 1600 2056 Rex
1628 2005 1828 2056 autem
1864 2000 2113 2056 Ludovi—
2221 2001 2523 2056 diatorum
2553 2000 2718 2055 mihi.
2771 1999 3024 2054 Restitue
3078 2015 3174 2054 me
3214 1999 3402 2054 monti
3455 1998 3755 2064 Lauduno,
3800 2000 3843 2049 ut

459 2113 565 2155 cus
593 2099 708 2153 hac
727 2095 980 2165 illacque
1009 2091 1316 2161 fugitabat,
1349 2090 1491 2162 quia
1517 2089 1665 2144 freni
1699 2106 1736 2146 a
1754 2091 1946 2163 capite
1975 2091 2114 2162 equi
2221 2105 2443 2160 queam
2470 2088 2707 2157 gloriari
2729 2087 3063 2155 etgaudere
3096 2088 3407 2144 Francisco
3436 2084 3840 2160 imperio.Nulla

459 2187 689 2259 delapsi
742 2183 1014 2239 habenas
1070 2179 1352 2235 manibus
1409 2178 1794 2243 solummodo
1851 2179 2109 2235 tenebat.
2222 2177 2412 2247 gloria
2437 2183 2738 2250 quaeretur
2767 2177 2894 2232 sine
2948 2181 3005 2232 te
3035 2177 3222 2244 mihi;
3263 2177 3582 2248 omnisque
3632 2174 3839 2232 facultas

460 2273 819 2344 Raigroldus
849 2274 1049 2326 autem
1075 2285 1179 2324 rex
1237 2267 1601 2323 Ludovicum
1631 2267 1823 2323 taliter
1858 2268 2111 2340 impedi-
2219 2273 2278 2323 et
2304 2267 2517 2335 honor,
2549 2267 2654 2339 qui
2685 2283 2856 2323 meus
2885 2266 3073 2335 fuerit,
3097 2265 3201 2322 tibi
3218 2269 3343 2322 erit.
3379 2270 3597 2335 Regem
3619 2270 3669 2321 te
3696 2279 3839 2336 super

460 2367 587 2420 tum
613 2377 755 2417 mox
783 2359 1043 2431 expetiit,
1077 2362 1132 2413 et
1174 2373 1281 2430 per
1303 2355 1588 2429 capulum
1643 2355 1966 2425 fulgentem
2015 2374 2114 2413 en-
2220 2375 2316 2415 me
2349 2360 2395 2414 si
2429 2359 2686 2414 volueris
2717 2358 3074 2414 constituam
3109 2377 3122 2425 ;
3157 2359 3205 2413 si
3235 2374 3380 2420 non,
3431 2357 3734 2413 dimidium
3772 2370 3836 2408 re-

459 2466 587 2506 sem
624 2453 856 2514 tenens,
888 2445 1106 2515 vagina
1162 2461 1311 2500 cava
1343 2460 1378 2499 a
1407 2444 1587 2499 latere
1644 2444 1862 2516 diripit,
1917 2445 2111 2501 militi-
2221 2448 2321 2516 gni
2353 2447 2704 2503 concedam.
2758 2447 2978 2502 Rerum
3013 2447 3455 2519 verborumque
3482 2448 3585 2502 ﬁat
3611 2445 3835 2502 maxima

457 2539 692 2611 busque
723 2536 845 2592 suis
869 2551 944 2590 ne
974 2533 1325 2601 elaberetur,
1359 2548 1509 2588 neve
1533 2533 1919 2601 occideretur,
1971 2549 2111 2590 eum
2219 2537 2368 2593 ﬁdes
2397 2538 2546 2592 inter
2575 2553 2671 2592 me
2701 2541 2775 2602 te,
2809 2543 3187 2592 sacramento
3215 2542 3272 2592 et
3301 2536 3683 2607 colligationis
3701 2533 3833 2590 Chri-

457 2624 919 2686 commendavit.
955 2628 1081 2695 Ipse
1112 2639 1254 2678 vero
1283 2626 1458 2695 capto
1487 2637 1624 2690 rege
1663 2623 2108 2691 congratulans,
2219 2627 2483 2681 stianae.»
2516 2627 2652 2680 Hmc
2677 2631 2949 2698 repetens
2974 2642 3078 2681 rex
3100 2626 3705 2696 crebrius,etexorans
3719 2638 3830 2678 cum

456 2719 534 2774 ad
562 2715 751 2790 praelii
790 2727 1076 2784 campum
1128 2711 1395 2766 concitus
1445 2711 1752 2779 remeavit,
1803 2715 1861 2767 et
1912 2711 2110 2767 adhuc
2219 2715 2520 2787 lacrymis,
2552 2715 2782 2787 proruit
2830 2715 2904 2770 de
2937 2731 3092 2787 equo
3151 2715 3228 2770 ad
3260 2716 3446 2787 pedes
3476 2731 3534 2770 se
3579 2712 3826 2768 ducentis.

454 2806 636 2862 armis
662 2807 920 2858 Francos
947 2817 1010 2856 se
1041 2804 1270 2854 tuentes
1295 2799 1373 2853 ad
1424 2798 1887 2854 internecionem
1920 2815 2108 2869 usque
2217 2807 2377 2860 Tunc
2410 2802 2578 2859 miles
2609 2819 2927 2875 percussus
2956 2804 3194 2874 lugubri
3235 2805 3462 2874 gemitu
3491 2803 3648 2873 regis,
3684 2816 3825 2856 coac-

453 2891 789 2966 prostravit,
844 2896 1022 2962 atque
1079 2889 1342 2944 Franciae
1397 2887 1588 2955 gentis
1641 2887 1868 2942 laceros
1914 2888 2108 2959 plagis
2217 2899 2432 2964 tusque
2469 2892 2852 2965 petitionibus
2883 2892 3234 2960 multitodis,
3275 2893 3552 2965 lacrymis
3575 2893 3647 2946 ita
3697 2889 3826 2944 fatur

455 2984 604 3037 Orco
654 2977 920 3033 detrusit.
970 2975 1358 3031 Northmanni
1411 2990 1551 3029 vero
1591 2975 1854 3043 victoria,
1898 2976 2107 3031 armis-
2138 3003 2178 3060 ο
2217 2981 2478 3036 obortis:
2512 3003 2537 3029 α
2569 2979 3034 3036 Promissionum
3066 2985 3304 3036 tuarum
3333 2982 3423 3036 fac
3479 2980 3606 3036 mihi
3646 2977 3820 3038 ﬁdem,

451 3084 569 3140 que
595 3072 651 3123 et
680 3065 885 3138 spoliis
910 3065 1098 3138 potiti,
1155 3064 1455 3137 praeliique
1510 3079 1795 3134 campum
1848 3063 2107 3120 lustran-
2216 3084 2328 3136 ego
2361 3067 2698 3122 conducam
2721 3072 2773 3122 te
2803 3067 3090 3123 Lauduno
3121 3067 3353 3124 salvum
3383 3075 3434 3124 et
3450 3066 3813 3123 incolumem.»

452 3161 538 3214 tes
585 3155 793 3222 securi,
855 3155 933 3211 ad
989 3154 1372 3210 humandum
1421 3152 1760 3208 detulerunt
1802 3153 2106 3209 exanimes
2220 3157 2552 3212 Voluntarie
2582 3173 2722 3212 vero
2753 3162 2930 3228 pacta
2988 3157 3264 3229 factaque
3298 3157 3422 3218 ﬁde,
3474 3154 3625 3224 cmpit
3659 3149 3806 3206 miles

451 3261 576 3302 sum
608 3244 820 3316 gentis.
2214 3262 2417 3315 regem
2443 3246 2798 3315 conducere,
2832 3247 3034 3301 relicto
3090 3249 3232 3302 recti
3268 3247 3474 3302 itineris
3503 3241 3645 3297 calle.
3676 3243 3809 3294 [nte—

2213 3351 2315 3390 rea
2381 3333 2879 3402 Rotbomagensis
2958 3335 3290 3390 Bernardus
3349 3333 3620 3406 ereptione
3677 3325 3817 3395 regis

1089 3437 1471 3476 APOSTROPHA.
2214 3423 2651 3491 maestissimus,
2709 3423 2868 3478 misit
2922 3423 3151 3479 concite
3203 3424 3458 3493 legatos,
3500 3437 3566 3478 ne
3587 3417 3822 3476 transiret

2211 3529 2314 3568 rex
2348 3512 2681 3567 Ludovicus
2732 3512 2810 3567 ad
2849 3529 3058 3568 omnes
3119 3515 3413 3586 Sequana:
3470 3516 3673 3585 portus.
3715 3511 3821 3580 Ipse

625 3601 808 3669 Digne
839 3616 948 3671 pro
979 3598 1203 3653 meritis
1227 3598 1398 3652 ducis
1431 3599 1630 3665 futuri,
2210 3617 2352 3656 vero
2385 3600 2555 3655 citius
2586 3617 2772 3671 quam
2830 3602 3040 3673 potuit,
3093 3603 3332 3658 tardum
3388 3618 3582 3671 regem
3625 3600 3822 3654 antevo-

623 3687 898 3744 Richardi
924 3687 1191 3753 celebris,
1223 3687 1486 3758 bonique
1517 3687 1675 3756 iusti,
2210 3689 2342 3744 laus
2368 3690 2692 3761 praecessit,
2726 3695 2782 3746 et
2813 3691 3255 3760 Rotliomagum
3309 3690 3658 3764 praepetibus
3682 3683 3821 3758 equis

622 3777 921 3846 Fulgentis
947 3776 1134 3851 pueri,
1169 3775 1506 3848 indolisque
1528 3792 1712 3831 sacrae
1747 3793 1758 3830 :
2210 3794 2349 3832 cum
2381 3777 2502 3831 suis
2535 3778 2823 3833 militibus
2854 3779 3220 3846 acceleravit,
3254 3786 3308 3835 et
3357 3781 3461 3852 qui
3514 3792 3697 3850 regem
3720 3787 3821 3846 per-

620 3870 824 3923 Vestra
853 3883 1083 3940 proque
1104 3865 1404 3931 ﬁdelitate,
1435 3881 1557 3937 qua
1584 3881 1745 3920 nunc
2207 3867 2511 3938 quirerent
2540 3866 2866 3922 ﬁdissimos
2887 3868 3292 3940 exploratores
3323 3869 3500 3924 misit.
3517 3868 3663 3926 Miles
3687 3878 3818 3929 vero,

619 3957 904 4013 Bellando
935 3955 1192 4030 patriam
1227 3954 1434 4010 tenetis
1456 3955 1651 4010 istam.
2207 3956 2313 4026 qui
2342 3971 2546 4024 regem
2575 3955 2827 4011 liberare
2885 3956 3238 4027 conabatur,
3270 3957 3438 4012 domi
3487 3973 3561 4012 ne
3616 3955 3741 4012 forte
3760 3952 3824 4006 in-

619 4047 1014 4103 Northmanni
1042 4062 1078 4100 o
1108 4059 1384 4118 proceres
1410 4044 1552 4100 satis
1589 4047 1859 4116 potentes
2207 4043 2506 4099 veniretur
2562 4044 2812 4099 retinere
2865 4045 3033 4100 illum
3081 4045 3290 4110 noluit,
3317 4046 3420 4101 sed
3448 4052 3626 4103 noctu
3659 4045 3713 4098 in
3753 4041 3825 4094 Se-

619 4142 681 4191 ln
704 4139 1028 4193 certamine
1055 4137 1241 4210 praelii
1273 4143 1329 4192 et
1359 4135 1679 4207 triompho.
2204 4149 2422 4205 quanze
2455 4131 2650 4188 insula
2680 4133 2962 4206 reposuit,
2991 4135 3238 4206 cupiens
3266 4134 3602 4191 conducere
3623 4147 3745 4189 eum
3766 4127 3826 4183 ad

620 4225 787 4280 Cauti
817 4229 870 4280 et
894 4225 1143 4280 consilio
1163 4225 1458 4297 probique
1481 4229 1715 4290 cuncto,
2207 4221 2586 4291 Laudunum,
2641 4223 3121 4294 exploratoribus
3176 4224 3434 4294 fatigatis
3492 4231 3552 4282 et
3599 4219 3824 4280 reversis.

616 4313 1160 4406 Servantesﬁstabili
1181 4318 1382 4369 tenore
1411 4329 1645 4385 pacem,
2130 4352 2173 4406 Β
2201 4310 2618 4406 Exploratores
2648 4311 2825 4406 igitur
2853 4313 3104 4369 scientes
3133 4315 3298 4386 quod
3321 4313 3400 4369 ab
3431 4313 3535 4369 illo
3562 4313 3724 4369 milite
3742 4309 3826 4364 lia-

618 4403 684 4455 Et
713 4415 896 4454 sacrae
927 4400 1066 4455 ﬁdei
1088 4401 1452 4472 petitionem.
2130 4399 2166 4406 '
2200 4399 2439 4455 beretur
2475 4416 2576 4455 rex
2605 4400 2954 4473 Ludovicus,
2986 4408 3272 4458 venerunt
3299 4403 3377 4458 ad
3408 4402 3663 4459 domum
3684 4401 3826 4470 ejus;

616 4493 782 4545 Nunc
808 4489 1046 4554 salvete,
1080 4489 1288 4558 valete,
1331 4494 1495 4544 avete
1518 4507 1772 4563 semper.
2201 4493 2258 4544 et
2283 4489 2638 4562 accipientes
2669 4506 2939 4557 uxorem,
2964 4491 3239 4564 ﬁliosque
3269 4497 3325 4548 et
3366 4491 3549 4554 ﬁlias,
3595 4506 3764 4563 equos
3788 4490 3830 4540 et

617 4579 684 4633 Et
703 4594 831 4647 vos,
863 4582 919 4632 et
951 4576 1212 4646 soboles,
1239 4576 1395 4632 sacri
1424 4582 1479 4631 et
1503 4583 1771 4648 nepotes,
2202 4594 2409 4651 equas,
2437 4595 2582 4635 oves
2639 4582 2696 4634 et
2751 4579 2955 4649 boves,
3014 4597 3380 4654 omnemque
3439 4578 3829 4655 supellectilem

615 4669 820 4724 Omnis
848 4667 1163 4740 progenies
1184 4669 1430 4722 sacratae
1457 4665 1675 4738 stirpis,
2200 4667 2331 4737 ejus
2357 4667 2656 4723 duxerunt
2691 4667 2770 4723 ad
2825 4669 3266 4739 Rothomagum
3311 4671 3618 4726 Bernardo
3672 4667 3828 4723 citius.

613 4758 1002 4828 Septenzeque
1034 4755 1236 4811 locum
1265 4754 1479 4827 quietis
1502 4760 1732 4826 aptum.
2202 4757 2368 4812 Miles
2395 4762 2597 4812 autem
2620 4757 2810 4813 sciens
2841 4758 3182 4814 nullatenus
3207 4776 3386 4832 posse
3419 4758 3709 4816 abscondi
3734 4771 3830 4812 am-

615 4847 754 4900 Post
783 4851 946 4902 artus
976 4844 1295 4914 lugubrem
1322 4843 1698 4912 solutionem,
2200 4845 2359 4918 plius
2408 4862 2632 4918 regem,
2706 4847 2867 4902 venit
2920 4849 3279 4919 quantocius
3347 4849 3424 4905 ad
3495 4845 3830 4905 Bernardum

612 4939 675 4991 In
708 4950 1068 5008 summoque
1097 4935 1260 4990 bono
1297 4934 1436 4990 novi
1468 4933 1668 4989 refecti
2202 4935 2767 5004 Rothomagensem,
2821 4941 2879 4991 et
2929 4937 3280 5008 provolutus
3336 4937 3416 4993 ad
3465 4938 3653 5010 pedes
3703 4935 3827 5005 ejus,

613 5027 793 5082 Sortis
823 5040 1131 5098 prospera,
1163 5024 1258 5079 bis
1288 5023 1504 5090 dualis,
1533 5027 1761 5079 octavae
1792 5039 1861 5080 ac
1890 5023 2004 5094 bis,
2199 5023 2636 5096 deprecabatur
2672 5029 2737 5079 ut
2779 5024 3070 5096 recipiens
3129 5042 3334 5095 regem
3373 5026 3649 5083 redderet
3687 5035 3828 5080 suam

613 5117 760 5169 Cum
791 5114 1012 5170 sanctis
1037 5113 1286 5186 capiatis
1317 5113 1644 5182 aggregati,
2197 5113 2310 5168 sibi
2354 5129 2623 5169 uxorem.
2678 5113 3015 5169 Bernardus
3053 5131 3196 5171 vero
3249 5115 3421 5172 solito
3474 5116 3682 5183 latior,
3717 5108 3829 5168 reci-

611 5203 882 5269 Regnum
911 5203 1017 5274 qui
1043 5203 1246 5275 patrias
1277 5203 1486 5258 tenetis
1515 5203 1718 5273 hujus,
2197 5201 2366 5274 piens
2387 5207 2670 5258 moestum
2693 5208 3057 5275 captumque
3079 5220 3303 5274 regem,
3327 5205 3590 5262 reddidit
3609 5205 3664 5260 ei
3684 5212 3829 5258 suam

613 5287 708 5341 Vis
737 5288 949 5345 virtute
973 5291 1233 5363 potentis
1263 5295 1322 5347 et
1343 5291 1586 5359 tenacis,
2196 5306 2465 5347 uxorem.
2545 5291 2690 5348 Misit
2749 5291 2927 5362 igitur
2991 5293 3066 5348 ad
3133 5293 3634 5352 Silvanectensem
3717 5292 3830 5345 Ber-

610 5373 885 5431 Richardi
913 5378 1083 5449 pueri
1111 5379 1173 5433 in
1202 5377 1504 5435 ﬁdelitate.
2195 5379 2477 5448 nardum,
2511 5385 2568 5436 et
2591 5381 2904 5437 mandavit
2955 5381 3009 5437 ei
3037 5387 3311 5454 optatum
3341 5383 3497 5453 regis
3551 5386 3826 5440 eventum

2196 5469 2528 5524 Bernardus
2579 5487 2718 5525 vero
2770 5487 2973 5526 comes
3016 5471 3220 5526 hilaris
3276 5476 3333 5528 et
3383 5471 3573 5540 lactus,
3615 5481 3828 5527 consur-

500 5555 727 5612 Interea
758 5570 859 5609 rex
882 5554 1218 5610 Ludovicus
1249 5555 1572 5611 custodum
1616 5555 1945 5628 spoliorum
1979 5572 2082 5611 cu-
2194 5574 2339 5628 gens
2369 5557 2523 5614 illico
2570 5563 2771 5630 noctu,
2803 5560 2881 5615 ad
2923 5563 3232 5630 Hugonem
3260 5563 3423 5617 venit
3464 5562 3681 5618 ducem
3710 5571 3824 5614 ma-

425 5644 674 5715 piditate
697 5644 1380 5715 deceptormnmanibus
1394 5645 1598 5714 evasit,
1611 5649 1671 5702 et
1687 5646 1803 5704 hac
1828 5643 2082 5718 illasque
2191 5661 2381 5718 gnum
2431 5647 2708 5717 Parisius,
2765 5649 2872 5722 qui
2911 5648 3061 5707 dixit
3082 5650 3139 5707 ei
3170 5668 3184 5706 :
3213 5672 3242 5702 α
3273 5650 3534 5722 Audisti,
3584 5646 3823 5710 deum
