4002 6186
120 195 312 247 -709

700 190 788 244 DE
829 188 1070 245 GESTIS
1112 171 1541 243 NORMANNIE
1582 178 1818 239 nurum
1856 176 2036 235 LIBRI
2075 174 2271 238 ratis.
2302 213 2372 224 -
2401 182 2529 240 LIB.
2575 187 2664 241 ni.
2716 185 3139 245 RICHARDUS.

3525 170 3653 248 710'

208 314 532 371 ventilante
562 315 724 371 fama
754 313 1006 383 alicujus
1033 311 1116 368 rei
1141 311 1465 367 novitatem
1489 310 1518 365 ?
1543 330 1570 359 ››
1602 309 1868 379 Respon—
1897 306 1945 360 Α
1974 305 2389 364 consolidabat
2416 326 2430 375 ;
2470 309 2630 380 jura,
2662 310 2969 384 legesque,
3004 312 3062 369 et
3099 316 3317 369 statuta
3373 314 3633 372 Rollehis

212 404 302 461 dit
334 426 361 452 ‹‹
396 403 680 459 Nullius.»
714 406 777 458 Et
805 401 898 457 ille
932 419 945 456 :
976 422 1003 451 «
1038 404 1147 455 Pro
1185 404 1344 455 certo
1374 397 1709 471 comperias
1738 394 1869 450 Hai-

216 492 499 563 groldum
529 507 732 561 regem
764 493 1057 546 Dacorum
1092 494 1334 562 propter
1359 486 1718 544 Richardum
1762 499 1869 540 ne-

1977 393 2146 449 ducis
2178 399 2373 452 tenere
2396 412 2503 470 per
2524 400 2731 455 omnia
2761 401 3036 471 cogebat.
3069 402 3253 458 Urbes
3283 406 3340 458 et
3392 404 3635 463 castella

1980 484 2212 540 munire
2232 485 2479 543 ﬁrmiter
2508 489 2845 559 satagebat,
2877 504 2953 547 ne
2998 490 3149 548 forte
3198 491 3436 549 fortuna
3481 494 3637 551 vices

208 586 419 654 potem
462 596 688 647 meum,
749 595 1049 651 suumque
1127 578 1559 652 propinquum,
1617 573 1871 631 bellasse
1978 587 2121 628 suas
2148 574 2402 632 adversa
2425 582 2689 635 verteret.

216 676 431 727 contra
460 686 661 739 regem
691 668 1080 735 Ludovicum,
1139 672 1196 723 et
1250 668 1310 723 in
1362 668 1494 739 ipso
1550 662 1872 720 certamine

213 764 432 832 quater
469 763 793 830 quaternos
815 757 1062 824 comites
1092 761 1454 829 peremptos,
1481 758 1540 810 et
1568 755 1873 809 monaste-

209 848 347 904 rioli
375 848 555 903 castri
600 847 879 903 comitem
929 845 1294 911 Herluinum,
1342 850 1398 900 et
1446 843 1690 899 fratrem
1744 840 1876 910 ejus

216 936 623 1002 Lambertum,
656 934 801 1006 quin
843 934 1019 989 etiam
1052 933 1358 1005 potestatis
1413 932 1576 988 caede
1623 926 1877 1001 asperri-

211 1042 321 1081 ma
353 1024 749 1092 Francigenis,
782 1038 984 1091 regem
1013 1023 1279 1095 ipsorum
1309 1023 1603 1091 fugatum,
1636 1024 1693 1075 et
1735 1032 1877 1089 cap-

218 1118 378 1180 tum,
408 1119 466 1170 et
496 1114 695 1169 adhuc
722 1111 1186 1179 Rothomagensi
1234 1112 1382 1167 urbe
1441 1111 1556 1165 sub
1608 1106 1880 1165 custodia

137 1231 145 1239 -
230 1204 542 1273 Dacigenaa
574 1201 861 1257 Bernardi
900 1202 1332 1275 mancipatum.
1368 1224 1395 1249 »
1457 1204 1623 1269 Hugo
1679 1202 1879 1254 autem

213 1293 345 1347 dux
369 1308 626 1357 magnus
653 1307 833 1364 super
859 1290 1024 1362 quod
1054 1290 1366 1346 dicebatur
1390 1295 1661 1363 stupens,
1683 1288 1831 1344 dixit
1860 1306 1875 1346 :

216 1403 245 1431 «
287 1382 457 1437 Modo
486 1382 611 1450 regi
656 1380 819 1453 quod
866 1384 1127 1434 meretur
1173 1379 1404 1445 accidit,
1458 1378 1635 1451 atque
1682 1377 1882 1433 comiti

218 1471 501 1526 Herluino
523 1470 691 1543 quod
716 1470 895 1539 digne
926 1468 1142 1535 decuit,
1170 1468 1513 1540 caeterisque
1531 1466 1883 1523 consiliariis

216 1560 385 1632 quod
416 1558 733 1629 oportebat
766 1558 907 1630 pati.
938 1556 1263 1611 Willelmus
1296 1572 1556 1629 namque
1586 1556 1710 1611 dux
1747 1560 1886 1611 Nor-

226 1648 658 1704 thinannorum
688 1663 797 1719 pro
828 1645 983 1715 regis
1033 1645 1332 1709 ﬁdelitate,
1390 1650 1445 1701 et
1492 1646 1882 1713 Francorum,
1906 1647 1961 1704 Β

220 1752 458 1809 proque
478 1736 644 1808 quod
678 1734 954 1790 Herluino
984 1734 1216 1806 pridem
1236 1734 1501 1790 ablatum
1533 1734 1725 1789 reddit
1754 1750 1884 1789 mo-

220 1825 541 1882 nasterioli
567 1829 856 1892 castrum,
896 1823 1311 1895 martyrisatus
1337 1823 1617 1879 occubuit
1640 1841 1653 1877 :
1676 1828 1733 1879 et
1760 1838 1884 1892 rex,

222 1931 415 1987 quem
445 1913 742 1969 decuisset
771 1912 1132 1968 exsecrabile
1189 1912 1382 1967 scelus
1437 1916 1494 1967 et
1549 1911 1886 1967 inauditum

230 2003 463 2071 ulcisci,
496 2002 741 2058 consilio
773 2001 1029 2057 Herluini
1055 2004 1111 2056 et
1154 2000 1380 2055 Arnulﬁ
1434 1999 1649 2074 perﬁdi
1696 1999 1887 2056 ﬁlium

231 2094 370 2163 ejus
410 2091 521 2147 sub
552 2091 821 2147 custodia
853 2091 1053 2153 tenuit,
1087 2095 1144 2145 et
1190 2095 1406 2145 terram
1448 2090 1887 2146 haereditariam

231 2181 322 2235 illi
350 2181 459 2235 sibi
488 2181 705 2251 injuste
744 2179 1088 2234 vindicavit.
1141 2178 1394 2251 Superni
1440 2179 1596 2247 regis
1643 2178 1887 2235 arbitrio

225 2269 600 2337 condignam
630 2268 913 2324 talionem
973 2268 1193 2341 patitur
1245 2284 1346 2323 rex
1392 2268 1729 2324 Ludovicus
1776 2284 1888 2342 pro

226 2357 500 2414 Willelmi
530 2357 701 2413 ducis
725 2356 849 2413 ﬁlio
879 2362 1094 2430 nepote
1124 2362 1247 2426 tuo,
1301 2373 1484 2430 quem
1535 2362 1783 2430 captum
1813 2363 1893 2414 te-

223 2447 379 2514 nuit,
408 2462 639 2520 proque
670 2452 826 2503 terra
856 2462 1045 2519 quam
1100 2447 1215 2503 sibi
1275 2447 1604 2519 usurpavit.
1657 2447 1891 2518 Majoris

222 2550 495 2609 namque
521 2534 751 2591 consilii
771 2550 959 2608 quam
999 2542 1225 2592 caeteras
1258 2540 1462 2606 gentes
1503 2539 1641 2591 sunt
1689 2537 1894 2591 North—

230 2625 471 2695 manni,
515 2625 620 2696 qui
668 2641 869 2695 regem
928 2625 1297 2680 Ludovicum
1346 2624 1713 2691 subegerunt
1758 2628 1896 2680 astu

226 2721 358 2771 tam
390 2714 706 2787 pervicaci.
742 2730 772 2765 ›
794 2717 955 2769 Tunc
989 2713 1330 2768 Bernardus
1365 2732 1377 2768 :
1413 2735 1439 2761 «
1464 2713 1734 2780 Domine,
1768 2729 1894 2768 me-

224 2808 439 2861 mento
465 2819 601 2876 quae
635 2803 782 2858 mihi
806 2819 1067 2874 meoque
1111 2802 1313 2874 nepoti
1368 2802 1743 2874 spopondisti
1775 2821 1787 2870 ;
1842 2806 1899 2857 et

226 2898 301 2948 ut
329 2893 500 2947 decet
526 2897 579 2947 te
615 2892 778 2962 juva,
809 2897 866 2947 et
893 2906 1142 2946 succure
1182 2890 1282 2945 illi.
1320 2914 1345 2938 »
1407 2892 1534 2945 Dux
1587 2907 1729 2946 vero
1781 2906 1899 2946 res-

2617 738 3003 781 APOSTROPHA.

2057 843 2101 897 Ο
2125 842 2279 913 pius,
2311 844 2597 916 prudens,
2628 847 2849 919 bonus,
2881 855 2938 905 et
2966 850 3273 907 modestus
3301 869 3314 919 ;

2062 930 2265 999 Fortis,
2287 936 2343 987 et
2373 940 2675 1001 constans,
2704 938 3088 1011 sapiensque,
3116 942 3334 1011 justus,-

2062 1018 2253 1086 Dives,
2288 1020 2562 1090 insignis,
2593 1024 2999 1099 locuplesque,
3030 1029 3235 1100 solers,

2278 1112 2397 1165 Rex
2429 1112 2763 1181 Haigrolde.

2060 1198 2349 1262 Quamvis
2378 1205 2436 1255 et
2464 1215 2588 1257 non
2617 1202 2697 1256 sis
2727 1203 3043 1260 chrismate
3072 1204 3394 1278 delibutus,

2064 1290 2129 1342 Et
2154 1303 2325 1344 sacro
2349 1289 2714 1362 baptismate
2741 1307 2863 1348 non
2893 1297 3138 1349 renatus
3166 1310 3181 1349 :

2066 1379 2147 1431 En
2174 1377 2325 1444 vale,
2357 1379 2663 1452 salveque,
2693 1384 2751 1437 et
2779 1384 2954 1438 aveto
2986 1397 3223 1455 semper

2278 1470 2339 1521 In
2359 1467 2597 1524 deitate.

2063 1553 2171 1616 Qui
2205 1555 2569 1611 Richardum
2593 1558 3001 1629 percelebrem
3031 1559 3279 1627 tuendo,

2066 1644 2218 1709 Rege
2245 1648 2441 1715 capto,
2468 1645 2973 1718 Francigenisque
3005 1647 3222 1703 stratis.

2067 1731 2274 1786 Praelio
2304 1733 2647 1788 certaminis
2672 1739 2730 1789 et
2760 1738 3002 1807 peracto

2279 1821 2519 1878 Vindice
2539 1824 2771 1879 dextra.

2068 1911 2251 1979 Regni
2280 1912 2553 1969 habenas
2576 1930 2738 1970 nunc
2762 1914 3044 1971 moderes
3073 1920 3363 1988 potenter,

2070 2004 2133 2055 Et
2160 2000 2311 2069 ligas
2340 2008 2587 2059 cunctos
2618 2003 2757 2059 ﬁdei
2787 2008 2988 2060 tenore
3021 2022 3035 2071 ;

2065 2090 2396 2147 Servientes
2423 2097 2487 2147 ut
2508 2092 2866 2149 famalentur
2893 2110 3124 2161 omnes,

2282 2182 2425 2235 Ecce
2457 2180 2756 2237 Richardo

2066 2266 2391 2336 Innocenti,
2414 2284 2603 2342 prope
2630 2274 2683 2325 te
2703 2270 2963 2341 pusioni,

2070 2357 2259 2413 Nobili
2283 2358 2689 2431 prosapiaque
2716 2362 2896 2426 creto,

2070 2448 2258 2517 Atque
2284 2444 2518 2501 ﬂorenti
2547 2446 2791 2512 meritis,
2815 2450 2872 2501 et
2899 2460 3030 2503 aevo

2286 2535 2494 2599 Ubere,
2522 2539 2579 2590 et
2607 2535 2789 2590 almo.

2074 2623 2371 2693 Gerberga
2400 2638 2542 2678 vero
2557 2624 2765 2691 regina
2783 2628 3035 2695 paterno
3062 2623 3444 2698 fraterneque
3464 2630 3663 2699 patro-

2004 2713 2161 2769 cinio
2192 2712 2427 2784 penitus
2459 2712 2747 2777 desolata,
2782 2716 3082 2785 tantaeque
3131 2715 3446 2770 anxietatis
3478 2715 3660 2771 detri-

2004 2808 2276 2859 mentum
2305 2816 2612 2875 perpessa,
2636 2801 2977 2875 nulliusque
3007 2800 3316 2860 solaminis
3369 2816 3475 2879 spe
3528 2805 3666 2862 stib-

2003 2892 2164 2955 nixa,
2194 2891 2340 2964 quin
2369 2890 2547 2946 etiam
2574 2890 2789 2946 timens
2818 2891 3065 2963 perdere
3094 2908 3301 2961 regna.
3334 2894 3663 2951 antistitum

226 2981 448 3055 pondit
479 2998 492 3035 ε
524 3003 551 3029 ‹‹
584 2986 920 3052 Antequam
950 2980 1101 3035 liber
1123 2995 1159 3034 a
1189 2979 1478 3034 custodite
1509 2979 1901 3051 impedimen-
1924 2998 1965 3053 ε
2006 2980 2255 3037 consilio
2304 2980 2470 3052 petiit
2524 2979 2792 3050 Hugonis
2843 2981 3049 3049 magni
3113 2982 3284 3038 ducis
3351 2985 3659 3055 suffragia.

228 3078 297 3127 to
336 3070 954 3141 reddatur,regnoque
984 3068 1249 3124 Francici
1282 3068 1515 3141 imperii
1548 3068 1900 3124 sublimetur

224 3176 339 3216 rex
356 3157 870 3225 Ludovicus,terra
902 3156 1382 3212 Northmannicze
1414 3154 1673 3225 regionis
1696 3156 1901 3228 quieta

225 3254 294 3304 et
316 3247 589 3314 solida,et
617 3247 697 3302 ab
725 3246 1021 3318 episcopis
1047 3245 1487 3317 comitibusque
1505 3250 1561 3300 et
1577 3245 1898 3302 abbatibus

226 3341 617 3393 sacramento
656 3350 810 3390 verae
842 3335 981 3389 ﬁdei
1010 3335 1303 3390 Richardo
1362 3339 1463 3389 tuo
1512 3335 1714 3407 nepoti
1766 3349 1903 3391 san-

226 3428 373 3495 eita,
407 3430 465 3482 et
492 3424 841 3480 inconvulse
870 3423 1233 3480 auctorizata
1250 3423 1600 3479 tenebitur.»

308 3569 552 3627 interim
580 3570 857 3626 luctuosa
886 3569 1052 3625 fama
1082 3567 1159 3623 ad
1182 3584 1357 3623 aures
1407 3567 1717 3637 Gerbergte
1749 3567 1897 3638 regi-

230 3678 330 3717 nae
365 3658 715 3732 perlabitur,
750 3664 806 3713 et
843 3657 1007 3729 quod
1066 3661 1275 3729 captus
1315 3661 1472 3712 esset
1508 3673 1633 3726 rex,
1683 3657 1899 3730 bisque

229 3765 462 3806 novem
492 3746 733 3803 comites
761 3746 1119 3818 interempti,
1154 3745 1465 3816 creterique
1493 3745 1701 3815 fugati,
1752 3762 1898 3801 enu-

233 3838 486 3894 cleatur.
517 3834 740 3903 Regina
770 3850 910 3889 vero
940 3832 1227 3904 lugubres
1278 3833 1435 3899 regis
1491 3832 1581 3888 sui
1625 3834 1901 3905 conjugis

232 3940 611 3997 suorumque
641 3924 1005 3979 incessanter
1029 3938 1205 3977 casus
1230 3921 1480 3991 deﬂens,
1507 3921 1902 3994 animumque

234 4032 422 4072 suum
473 4012 619 4069 tanti
671 4011 975 4068 infortunii
1016 4010 1310 4067 anxietate
1355 4009 1629 4065 atrociter
1675 4014 1906 4065 contor-

234 4121 458 4180 quens,
489 4102 841 4175 nullumque
873 4100 1111 4157 salubre
1147 4100 1261 4156 sibi
1292 4099 1608 4155 consilium
1653 4098 1792 4155 inde
1844 4101 1905 4155 in

234 4198 365 4251 tota
399 4191 649 4247 Francia
695 4189 1017 4262 reperiens,
1093 4188 1253 4244 misit
1301 4188 1378 4244 ad
1437 4192 1669 4260 patrem
1728 4203 1907 4242 suum

232 4282 770 4340 Transrhenanum
810 4295 1013 4350 regem
1045 4278 1360 4333 Henricum
1395 4281 1452 4333 et
1504 4277 1583 4332 ad
1632 4279 1907 4333 Ottonem

235 4373 487 4429 fratrem
515 4386 713 4437 suum,
747 4369 892 4424 ﬂore
918 4366 1253 4441 pubertatis
1304 4366 1581 4433 nitidum,
1606 4366 1910 4421 mandans

234 4460 538 4537 plorabile
569 4459 663 4515 sui
692 4457 1031 4514 detrimenti
1061 4455 1394 4525 negotium,
1427 4460 1493 4511 ut
1530 4454 1757 4511 adscito
1795 4454 1910 4510 mi—

233 4549 431 4607 litaris
490 4563 712 4604 manus
764 4547 1023 4604 exercitu
1073 4545 1377 4600 obsideret
1430 4545 1909 4615 Rothomagum;

232 4639 668 4711 redempturus
694 4636 749 4692 vi
775 4642 832 4693 et
854 4638 1144 4710 potestate
1177 4650 1354 4690 suum
1380 4633 1677 4689 seniorem
1706 4648 1910 4703 regem

240 4726 642 4785 Ludovicum.
682 4724 968 4783 Henricus
998 4727 1200 4781 autem
1227 4739 1329 4778 rex
1387 4723 1700 4792 Gerbergze
1756 4720 1911 4791 regi-

238 4834 339 4873 nae
375 4815 513 4870 ﬁliae
546 4831 670 4870 suae
696 4830 817 4871 non
848 4830 912 4869 se
934 4817 1256 4869 venturum
1308 4812 1626 4867 remandat
1677 4810 1757 4866 ob
1808 4810 1914 4866 ob—

241 4905 551 4963 sidionem
582 4904 659 4961 ad
692 4904 1156 4972 Rothomagum,
1185 4900 1329 4973 quia
1358 4900 1570 4957 merito
1627 4904 1684 4955 et
1733 4899 1914 4970 digne

239 4999 431 5069 atque
456 4992 678 5048 ultione
707 4992 809 5048 Dei
838 5007 943 5047 rex
974 4990 1313 5047 Ludovicus
1361 4989 1722 5062 acquisitum
1766 5005 1916 5062 prae-

236 5082 479 5157 judicio
498 5082 837 5154 patiebatur
859 5081 1020 5136 hunc
1042 5095 1252 5135 casum
1286 5097 1299 5146 ;
1345 5079 1486 5151 quia
1538 5078 1729 5134 ﬁlium
1784 5077 1917 5133 Wil-

244 5171 411 5231 lelmi
435 5170 626 5237 ducis,
659 5170 763 5242 qui
791 5185 902 5243 pro
927 5168 1209 5223 ﬁdelitate
1242 5183 1351 5223 sua
1382 5166 1613 5223 Arnulﬁ
1660 5166 1915 5240 perﬁdia

251 5258 523 5325 occubit,
578 5263 823 5331 captum
875 5257 938 5313 in
993 5256 1270 5312 custodia
1324 5256 1557 5321 tenuit;
1606 5259 1916 5328 totamque

249 5349 572 5421 regionem
612 5345 1165 5413 Northmannicam,
1192 5360 1382 5417 quam
1422 5360 1567 5399 suus
1594 5360 1744 5400 avus
1768 5359 1918 5417 prae-

250 5442 346 5498 liis
377 5437 716 5512 acquisivit,
747 5435 860 5493 sibi
889 5435 1108 5507 injuste
1126 5433 1469 5491 vindicavit.

330 5568 565 5620 Interea
594 5578 698 5618 rex
728 5559 1085 5629 Haigroldus
1116 5558 1560 5614 Northmannos
1601 5558 1921 5624 Pagenses-

252 5667 376 5727 que
399 5665 614 5708 omnes
648 5648 728 5706 ad
755 5647 1103 5706 ﬁdelitatem
1134 5644 1411 5703 Richardi
1434 5643 1608 5720 pueri
1659 5641 1923 5700 vicissim

2009 3071 2202 3134 Quam
2236 3069 2405 3136 Hugo
2435 3067 2560 3123 dux
2586 3082 2871 3136 magnus,
2908 3074 2964 3123 et
2993 3068 3309 3143 episcopos
3365 3088 3503 3128 cum
3563 3073 3665 3129 illa

2008 3159 2322 3215 comitatos
2348 3162 2685 3212 reverenter
2714 3158 2994 3230 suscepit,
3021 3162 3078 3213 et
3133 3174 3268 3230 quae
3326 3161 3667 3217 necessaria

2007 3252 2179 3304 erant
2206 3247 2534 3302 honoriﬁce
2564 3245 2950 3311 distribuens,
2982 3262 3185 3302 secum
3216 3247 3431 3303 diebus
3460 3249 3666 3304 multis

2007 3337 2278 3393 detinuit.
2312 3336 2548 3391 Interim
2579 3340 2779 3391 autem
2814 3335 2975 3391 misit
3003 3336 3509 3394 Silvanectensem
3566 3350 3669 3393 co-

2009 3427 2217 3483 mitem
2268 3423 2640 3480 Bernardum
2690 3422 2768 3479 ad
2821 3424 3363 3496 Rothomagensem
3420 3425 3669 3483 militem

2010 3514 2403 3583 Bernardum,
2429 3517 2494 3569 ut
2523 3513 2869 3569 convocatis
2894 3514 3289 3586 optimatibus
3319 3514 3671 3572 Northman-

2008 3604 2127 3660 nici
2156 3601 2384 3658 consilii
2416 3606 2764 3674 properaret
2794 3606 3001 3657 contra
3030 3618 3093 3658 se
3118 3602 3196 3659 ad
3228 3608 3507 3660 sanctum
3559 3604 3672 3660 cle-

2009 3709 2166 3749 rum.
2202 3691 2311 3757 Qui
2334 3692 2507 3762 jussa
2538 3690 2710 3746 ciﬁus
2746 3690 2906 3747 dicto
2937 3691 3358 3765 adimplentes,
3378 3696 3673 3749 venerunt

2012 3787 2220 3838 contra
2251 3781 2567 3849 Hugonem
2595 3794 2887 3847 magnum
2914 3780 3155 3848 ducem,
3198 3785 3503 3851 praeeunte
3543 3784 3672 3835 Ber-

2011 3871 2225 3940 nardo,
2257 3869 2335 3924 ad
2359 3868 2713 3941 praedictum
2735 3868 2935 3922 locum
2962 3868 3323 3922 festinanter.
3356 3871 3517 3923 Tunc
3548 3868 3673 3922 dux

2013 3972 2273 4028 magnus
2298 3961 2355 4011 et
2377 3954 2644 4027 episcOpi
2669 3954 2948 4008 dixerunt
2975 3954 3434 4009 Northmannis:
3469 3975 3498 4002 «
3526 3952 3675 4009 Red-

2014 4047 2133 4102 dite
2160 4049 2433 4100 nostrum
2466 4041 2643 4096 nobis
2672 4040 2965 4095 seniorem
2996 4040 3365 4096 Ludovicum
3390 4048 3612 4111 regem.
3642 4062 3671 4090 ››

2015 4140 2089 4192 At
2113 4134 2195 4190 illi
2228 4151 2240 4187 :
2276 4155 2301 4182 ‹‹
2337 4136 2465 4188 Non
2495 4130 2797 4197 reddetur,
2842 4145 3053 4186 verum
3109 4129 3456 4189 tenebitur.»
3514 4135 3675 4189 Tunc

2015 4240 2277 4293 magnus
2327 4225 2542 4290 Hugo:
2589 4242 2617 4269 «
2677 4218 2855 4274 Vobis
2908 4224 3109 4275 autem
3156 4219 3437 4278 dabimus
3483 4221 3675 4279 ﬁlium

1940 4349 1983 4404 ο
2015 4315 2145 4385 ejus
2175 4316 2231 4368 et
2278 4311 2432 4366 duos
2477 4307 2816 4381 episcopos,
2878 4308 3221 4383 tironesque
3274 4309 3495 4367 domus
3551 4329 3675 4369 suae

2015 4418 2170 4476 quos
2193 4404 2458 4473 quotque
2483 4396 2785 4453 volueritis
2800 4412 2909 4470 pro
2924 4413 3016 4465 eo,
3047 4402 3114 4454 ut
3138 4400 3513 4470 Francigente
3530 4417 3679 4474 pree-

2018 4491 2177 4548 sules
2208 4488 2599 4560 comitesque,
2631 4490 2688 4543 et
2717 4486 3016 4559 principes
3046 4492 3227 4560 atque
3280 4488 3531 4545 abbates
3580 4505 3681 4545 ve-

2018 4580 2188 4636 niant
2216 4582 2424 4634 contra
2442 4590 2551 4632 vos
2578 4575 2657 4632 ad
2685 4576 2958 4648 praeﬁniti
3013 4576 3297 4647 temporis
3340 4574 3628 4648 placitum
3660 4593 3675 4642 ;

2020 4674 2086 4726 ut
2112 4670 2490 4726 sacramento
2516 4665 2757 4736 integra:
2782 4678 3056 4737 verasque
3076 4664 3212 4720 ﬁdei
3237 4668 3455 4720 terram
3471 4664 3680 4719 North-

2021 4758 2316 4815 mannicre
2341 4755 2603 4826 regionis
2658 4754 3025 4810 auctorizent
3060 4756 3117 4808 et
3158 4751 3547 4807 corroborent
3597 4751 3680 4804 at-

2021 4865 2140 4921 que
2171 4846 2445 4903 sauciant
2472 4860 2685 4901 omnes
2714 4842 3008 4898 Richardo
3033 4845 3091 4896 et
3126 4839 3380 4921 posteris
3439 4837 3563 4892 suis
3616 4836 3681 4892 in

2021 4941 2439 5010 perpetuum.»
2462 4933 2586 4988 Hoc
2634 4944 2899 5005 namque
2957 4928 3273 4985 consilium
3322 4924 3680 4982 Northman-

2022 5042 2242 5082 norum
2272 5022 2570 5097 principes
2600 5020 3030 5085 collaudantes,
3060 5020 3118 5073 et
3144 5016 3205 5071 in
3236 5015 3500 5085 Hugonis
3556 5031 3683 5072 ma-

2025 5113 2127 5185 gni
2155 5111 2325 5167 ducis
2354 5109 2473 5165 ﬁde
2504 5123 2675 5180 spem
2705 5106 2882 5162 totius
2909 5104 3146 5160 ﬁducia:
3188 5102 3499 5172 habentes,
3552 5103 3684 5160 red-

2024 5200 2305 5257 diderunt
2333 5211 2557 5265 regem,
2589 5194 2781 5249 ﬁlium
2830 5194 2980 5263 ejus,
3033 5193 3312 5265 duosque
3368 5193 3682 5268 episcopos

2025 5287 2352 5344 Hildierum
2384 5283 2822 5351 Belvacensem,
2845 5286 2903 5337 et
2928 5281 3262 5338 Guidonem
3295 5283 3682 5341 Suessionen-

2027 5392 2178 5445 sem,
2201 5377 2258 5429 et
2274 5371 2756 5445 quamplurimos
2779 5369 2993 5427 milites
3020 5384 3131 5445 pro
3183 5384 3252 5428 eo
3310 5372 3681 5445 recipientes.

2027 5465 2202 5535 Hugo
2229 5477 2371 5517 vero
2399 5476 2656 5531 magnus
2680 5459 2928 5515 deduxit
2956 5474 3159 5531 regem
3188 5460 3265 5517 ad
3292 5476 3422 5530 sua,
3452 5462 3515 5515 ut
3539 5474 3685 5515 con-

2030 5549 2426 5622 gratularetur
2450 5564 2590 5604 cum
2620 5548 2745 5603 suis
2769 5552 2826 5603 et
2876 5564 3060 5605 uxore
3116 5564 3243 5605 sua.
3279 5551 3505 5606 Statuto
3545 5562 3686 5603 vero

2030 5638 2262 5697 deﬁniti
2312 5637 2550 5697 termini
2605 5641 2895 5711 tempore,
2953 5637 3143 5697 ascita
3181 5636 3421 5696 militari
3473 5642 3685 5706 manu,
