4004 6178
416 168 516 237 711

1380 156 1689 231 DUDONIS
1730 167 1991 226 DECANI
2033 168 2088 225 s.
2132 169 2444 233 QUINTINI
2485 171 2873 230 vmomun.

3748 183 3862 235 ⁸712

419 321 560 361 cum
589 301 947 376 praesulibus
980 301 1261 371 Franciae,
1289 300 1450 356 venit
1475 315 1579 355 rex
1609 312 1793 369 super
1822 294 2072 351 ﬂuvium
2109 295 2160 350 Α
2187 295 2514 368 prieclaris,
2547 298 2725 371 coepit
2751 299 3071 371 prmdignis
3113 300 3277 357 bona
3328 300 3704 374 operationis
3760 318 3863 358 co-

420 397 578 468 Eptae
632 397 838 449 contra
898 392 1362 460 Northmannos,
1421 406 1560 446 cum
1617 404 1844 458 magno
1922 386 2077 441 duce

418 485 687 553 Hugone.
719 481 995 555 Licetque
1023 481 1182 536 ﬁlius
1214 496 1380 549 suus,
1415 494 1597 551 quem
1627 493 1739 549 pro
1781 492 1844 532 se
1894 475 2076 530 dede-

417 577 528 640 rat,
563 574 719 628 esset
741 570 1208 640 Rothomagensi
1246 572 1393 625 urbe
1451 572 1742 633 mortuus,
1790 565 2076 621 manibus

419 676 603 734 supra
658 660 1032 733 phylacteria
1094 658 1481 731 reliquiarum
1528 656 1760 729 positis,
1815 653 2074 727 propriis

416 750 616 807 verbis
640 749 776 806 fecit
831 750 1209 805 securitatem
1264 747 1450 817 regni,
1502 745 1669 819 quod
1733 761 1878 800 suus
1924 759 2075 798 avus

417 837 586 895 ΒοΠο
615 838 670 893 vi
702 854 772 894 ac
795 841 1107 911 potestate,
1141 836 1321 891 armis
1351 840 1407 891 et
1456 833 1673 908 praeliis
1704 832 1816 888 sibi
1872 830 2077 903 acqui-

420 927 569 983 sivit.
603 932 733 1000 lpse
763 931 820 983 et
839 943 1051 982 omnes
1080 925 1365 998 episc0pi,
1421 923 1666 979 comites
1721 925 1779 978 et
1825 920 2075 976 abbates

420 1015 754 1085 reverendi,
785 1014 1209 1088 principesque
1254 1012 1515 1068 Francia:
1559 1011 1726 1081 regni
1778 1007 2073 1066 Richardo

418 1121 609 1178 puero
634 1104 957 1173 innocenti,
988 1108 1051 1158 ut
1078 1107 1272 1159 teneat
1295 1106 1352 1156 et
1402 1101 1723 1173 possideat,
1780 1105 1838 1157 et
1891 1099 2070 1155 nullis

418 1194 533 1249 nisi
565 1196 682 1249 Deo
705 1192 1011 1248 servitium
1038 1191 1167 1263 ipse
1197 1196 1255 1246 et
1284 1190 1579 1246 successio
1637 1190 1767 1261 ejus
1823 1190 2071 1255 reddat;

418 1287 475 1338 et
505 1282 557 1337 si
598 1282 735 1354 quis
797 1296 1091 1353 perversae
1138 1278 1465 1335 invasionis
1520 1279 1812 1334 rixatione
1868 1283 2077 1334 contra

415 1385 555 1427 eum
611 1369 917 1439 congredi,
966 1367 1060 1423 vel
1137 1367 1390 1439 alicujus
1446 1368 1751 1424 rixationis
1795 1383 2076 1438 congres-

418 1459 583 1516 sione
610 1459 894 1515 invadere
925 1473 1181 1528 regnum
1213 1457 1488 1513 maluerit
1520 1476 1533 1526 ;
1587 1458 1913 1513 ﬁdissimus
1966 1457 2074 1513 ad-

413 1549 576 1621 jutor
600 1549 663 1605 in
707 1548 874 1604 omni
928 1547 1192 1603 adversae
1247 1547 1774 1619 inopportunitatis
1823 1546 2077 1603 necessi-

2187 400 2437 442 ruscare
2464 386 2750 443 divinitus
2780 389 2972 445 factis.
3004 390 3235 447 Emula
3289 391 3583 447 virtutum
3637 406 3866 463 propo—

2185 472 2375 529 nebat
2400 473 2673 544 largiﬂue
2702 478 2951 549 praemia
2981 478 3230 545 cunctis,
3279 479 3756 551 monachosque
3812 486 3865 535 et

2188 562 2455 631 clericos,
2489 570 2668 638 atque
2694 566 2876 623 laicos
2903 569 3157 637 cogebat
3210 568 3564 625 incumbere
3597 568 3865 625 famula-

2185 650 2348 706 tibus
2376 653 2614 709 divinis.
2649 656 2901 712 Moribus
2931 661 3130 712 autem
3147 662 3204 713 et
3256 657 3483 713 meritis
3533 656 3865 729 splendide

2187 739 2455 809 fulgebat
2484 744 2720 816 opimis,
2748 740 2962 819 iStique
3012 746 3234 802 clerum
3277 764 3348 803 ac
3374 747 3690 820 populum
3718 754 3865 803 stre-

2187 844 2307 884 nue
2334 832 2688 890 moderabat
2712 834 2984 890 habenis.
3020 837 3242 892 Vindex
3268 842 3473 892 autem
3504 842 3642 893 erat
3699 853 3867 893 seve-

2186 933 2291 973 rus
2313 920 2623 988 scelerum,
2650 923 3082 997 largifluusque
3109 925 3491 998 dispensator
3520 925 3863 982 bonorum.

2190 1007 2514 1079 Sylvestres
2545 1027 2808 1085 namque
2837 1014 3027 1086 dapes
3055 1014 3264 1085 ingens
3285 1015 3682 1070 diversarum
3716 1015 3867 1070 fera-

2186 1110 2322 1151 rum
2348 1099 2521 1171 copia
2550 1101 2928 1158 ministrabat
2969 1102 3070 1170 illi,
3124 1103 3268 1177 quia
3318 1108 3460 1176 post
3512 1103 3866 1173 legitimam

2180 1182 2390 1253 judicii
2415 1188 2776 1266 justitiaeque
2808 1190 3265 1259 discussionem,
3285 1192 3567 1248 tradebat
3589 1208 3660 1247 se
3684 1207 3869 1247 vena-

2185 1274 2292 1329 tui.
2325 1275 2544 1332 Meritis
2572 1284 2805 1334 mactus
2833 1280 3206 1337 successibus
3243 1281 3559 1337 crescebat
3621 1281 3868 1337 adoles-

2187 1378 2347 1430 cens,
2382 1365 2805 1436 pullulantium
2847 1368 3127 1425 virtutum
3178 1370 3657 1441 exaggeratione
3727 1369 3869 1425 vitia

2189 1451 2779 1513 abolens.Tendebat
2828 1459 3015 1515 solers
3068 1476 3416 1533 sequaxque
3467 1459 3869 1532 perfectionis

2190 1542 2269 1597 ad
2299 1559 2607 1600 summum
2635 1546 2938 1619 bonitatis,
2969 1554 3036 1605 ut
3070 1549 3262 1622 quiret
3295 1548 3589 1619 gratulari
3644 1548 3867 1604 futurae

415 1641 535 1695 tate
551 1655 658 1711 per
687 1637 895 1694 omnia
921 1637 1223 1693 exstiterit.
1259 1636 1362 1691 His
1390 1635 1580 1691 taliter
1606 1636 1883 1705 legitimae
1936 1637 2079 1693 deﬁ-
2108 1644 2147 1696 Β
2193 1634 2417 1705 requiei
2450 1640 2717 1708 tempore
2743 1653 2881 1692 cum
2916 1638 3150 1693 sanctis.
3181 1640 3261 1693 Eo
3279 1654 3550 1709 namque
3584 1642 3865 1708 tempore

415 1727 658 1784 nitionis
715 1726 1003 1784 facundia
1063 1725 1491 1792 determinatis,
1560 1741 1698 1795 rege
1777 1727 2077 1783 Ludovico

417 1821 672 1885 astante,
703 1817 1077 1888 Hugoneque
1109 1830 1334 1884 magno
1366 1814 1517 1870 duce
1549 1819 1605 1871 et
1634 1815 1779 1882 suis,
1800 1832 2078 1888 proceres

417 1905 731 1961 Britonum
813 1908 871 1961 et
944 1903 1262 1977 optimates
1321 1904 1713 1959 Northmanni
1784 1904 2077 1961 Richardo

416 2010 607 2067 puero
634 1992 953 2051 inetfabilis
968 1992 1282 2066 probitatis
1303 1992 1427 2047 vice
1451 1993 1648 2048 cordis
1678 1994 1962 2050 manibus
2014 1995 2078 2051 li-

416 2083 765 2141 bentissime
792 2083 967 2152 datis,
1000 2087 1379 2138 sacramento
1437 2082 1742 2138 ﬁdissimae
1799 2084 2074 2140 Christia-

419 2192 510 2231 nae
537 2172 868 2230 securitatis
894 2172 1161 2228 fecerunt
1199 2171 1413 2227 iterum
1462 2172 1646 2227 ﬁdem
1684 2172 2073 2244 militationis,

421 2262 744 2335 auxiliique
774 2266 830 2317 et
886 2260 1119 2317 servitii.
1181 2262 1341 2315 Tunc
1390 2260 1838 2316 Northmannici
1867 2266 1924 2317 et
1956 2262 2073 2317 Bri-

419 2355 589 2408 tones
617 2349 983 2407 Richardum
1009 2348 1156 2404 tanti
1208 2348 1478 2414 honoris,
1530 2352 1828 2421 tantaeque
1879 2350 2073 2419 digni-

417 2441 574 2508 tatis,
628 2444 927 2511 tantaeque
978 2436 1193 2511 speciei
1249 2453 1507 2510 puerum
1550 2438 1932 2495 adduxerunt
1990 2440 2076 2495 ni-

417 2529 609 2586 mium
640 2528 969 2599 gaudentes
985 2527 1607 2597 Rothomagum.Cum
1629 2532 1829 2583 autem
1856 2529 2074 2584 utrius-

418 2634 536 2691 que
564 2632 746 2673 sexus
771 2632 967 2682 senes,
999 2615 1393 2687 juvenesque,
1445 2615 1635 2687 pueri,
1694 2620 1751 2673 et
1793 2617 2071 2686 infantes,

416 2707 567 2764 urbe
594 2706 1005 2779 territorioque
1034 2705 1223 2778 ipsius
1246 2704 1389 2777 pagi
1420 2721 1771 2763 commoran
1783 2713 1885 2776 tes,
1914 2725 2073 2765 com-

416 2796 715 2870 perissent
737 2794 903 2868 quod
934 2793 1264 2850 Bichardus
1294 2793 1645 2852 desiderata:
1661 2796 1909 2852 visionis
1924 2815 2075 2870 puer

417 2884 793 2953 acceleraret,
826 2881 1132 2939 frendente
1161 2882 1343 2953 vulgo
1384 2883 1618 2955 passim
1655 2900 1779 2957 prae
1828 2886 2070 2955 gaudio,

2188 1730 2313 1781 erat
2368 1725 2621 1797 quidam
2669 1726 3046 1799 Rodulphus,
3103 1728 3274 1798 cujus
3327 1742 3644 1796 agnomen
3686 1729 3864 1782 Torta

2184 1813 2536 1883 vocabatur,
2569 1815 2673 1887 qui
2694 1815 2871 1871 totius
2898 1815 3340 1872 Northmanniae
3383 1815 3693 1871 honorem
3728 1820 3863 1887 post

2183 1908 2439 1959 mortem
2461 1904 2732 1960 Willelmi
2770 1905 2945 1960 altius
3003 1905 3227 1961 caeteris
3280 1903 3685 1976 comparibus
3748 1904 3859 1959 sibi

2180 1991 2549 2057 vindicabat,
2579 1996 2636 2048 et
2673 2008 2766 2048 res
2796 1992 3082 2049 dominici
3134 1993 3287 2064 juris
3338 1992 3698 2047 indecenter
3749 1987 3859 2043 sibi

2182 2081 2538 2154 usurpabat.
2576 2082 2973 2138 Distribuebat
2994 2097 3364 2156 unoquoque
3394 2080 3493 2136 die
3552 2077 3857 2135 Richardo

2182 2168 2419 2225 decenti
2447 2186 2637 2242 puero
2663 2188 2801 2227 cum
2833 2172 2955 2227 suis
2986 2171 3275 2228 tironibus
3322 2169 3517 2226 diaria
3545 2180 3858 2241 propensa

2183 2256 2445 2314 denariis
2473 2259 2567 2315 bis
2613 2265 2699 2316 ter
2728 2260 2934 2316 tribus.
2967 2259 3517 2330 Aﬂligebanturque
3561 2255 3701 2326 ejus
3754 2252 3858 2309 do-

2182 2346 2438 2416 migenae
2465 2348 2718 2421 penuria
2755 2348 3053 2404 constricti
3082 2347 3353 2421 nequiter
3376 2351 3433 2402 et
3488 2345 3676 2401 fame.
3711 2346 3859 2408 Qua-

2184 2440 2430 2507 propter
2481 2436 2810 2493 Richardus
2875 2436 3167 2492 industris
3223 2434 3484 2491 scientias
3552 2430 3854 2505 ephebus,

2184 2522 2382 2578 ascitis
2412 2523 2671 2593 regionis
2702 2524 3147 2580 Northmanniae
3173 2522 3576 2597 principibus,
3600 2518 3755 2593 quid
3783 2516 3857 2572 de

2182 2610 2390 2684 inopia
2418 2613 2668 2669 modicae
2700 2613 3137 2670 distributionis
3169 2617 3387 2683 ageret,
3415 2612 3498 2667 ab
3531 2610 3620 2667 eis
3652 2606 3857 2664 scisci-

2182 2703 2359 2758 tatur.
2388 2703 2687 2775 Principes
2718 2719 2878 2774 vero,
2908 2703 3049 2775 quia
3079 2702 3161 2758 illi
3192 2705 3577 2758 sacramento
3614 2715 3770 2753 verae
3794 2694 3859 2749 ﬁ-

2181 2789 2275 2844 dei
2305 2791 2586 2861 colligati,
2618 2797 2674 2847 et
2702 2792 2990 2864 aliquanti
3012 2791 3315 2847 beneﬁciis
3343 2791 3476 2862 ejus
3493 2784 3855 2852 muniﬁcati,

2181 2880 2608 2936 nuntiaverunt
2632 2880 2886 2936 Rodulfo
2912 2880 3234 2949 agnomine
3264 2883 3454 2936 Tortaa
3500 2876 3860 2935 animosita-

415 2974 796 3045 irruenteque
826 2971 1130 3044 profusius
1187 2987 1367 3044 super
1421 2972 1660 3044 plebem
1712 2973 1908 3046 plebe,
1962 2991 2073 3048 pro
2103 2995 2142 3050 C
2181 2973 2301 3027 tem
2326 2970 2634 3025 irascentis
2680 2968 2949 3025 senioris.
3003 2968 3101 3024 Ille
3157 2973 3360 3024 autem
3404 2968 3856 3042 commilitones

416 3066 782 3135 recuperatae
828 3060 1033 3115 salutis
1092 3059 1325 3130 solatio,
1374 3061 1804 3134 comprimente
1858 3064 2072 3129 feriter,

417 3150 606 3207 turbis
627 3147 1167 3206 innumerabilibus
1198 3149 1592 3220 exaggeratis,
1642 3150 1934 3224 populum
1968 3167 2076 3224 po-

418 3238 958 3315 pulo,festinabant
986 3254 1254 3305 currere;
1278 3237 1410 3293 licet
1426 3255 1547 3295 non
1568 3239 1831 3295 valerent
1854 3244 2077 3297 mutuas

417 3334 906 3401 coacervataaque
932 3327 1342 3400 oppressionis
1394 3329 1702 3401 praepediti
1741 3328 2075 3398 obstaculo,

417 3419 662 3476 obviam
689 3418 773 3473 ire
799 3415 1080 3472 almiﬂute
1109 3414 1529 3488 melliﬂuaeque
1556 3417 1912 3473 innocentiae
1938 3435 2081 3491 pue-

416 3522 505 3562 ro.
542 3505 743 3562 Clerus
774 3502 953 3559 totius
987 3503 1270 3571 regionis,
1302 3503 1482 3557 rebus
1528 3504 1873 3560 monasticis
1930 3521 2079 3577 prae-

416 3594 666 3666 paratis,
694 3593 795 3647 vix
849 3596 1092 3662 propter
1144 3590 1435 3663 impetum
1482 3592 1865 3649 tumultuosae
1923 3595 2077 3650 mul-

418 3681 687 3739 titudinis
751 3684 918 3736 extra
975 3680 1326 3736 suburbana
1392 3681 1886 3747 Rothomagensis
1916 3684 2079 3740 urbis

417 3770 648 3838 exsiliit,
710 3769 1187 3841 collaudansque
1249 3772 1431 3825 Deum
1487 3770 1759 3827 recidivae
1817 3774 2078 3845 tripudio

415 3858 624 3933 prolis,
678 3858 997 3931 ferensque
1054 3874 1311 3931 corpora
1344 3863 1689 3915 sanctorum
1744 3861 1804 3916 in
1827 3861 2074 3931 feretris,

413 3948 664 4005 deduxit
692 3963 833 4004 eum
890 3946 970 4003 ad
1019 3946 1203 4003 altare
1254 3963 1449 4019 usque
1491 3953 1710 4004 sanctte
1759 3949 1861 4005 Dei
1911 3951 2077 4020 geni-

412 4038 594 4097 tricis.

1056 4175 1441 4217 APOSTROPHA.

554 4298 710 4356 Urbs
736 4299 1060 4369 luculenta,
1083 4300 1315 4357 micans
1354 4302 1537 4358 milite
1577 4317 1771 4367 sacro,

560 4391 1043 4460 Cunctorumque
1070 4389 1374 4445 bonorum
1402 4391 1583 4448 ubere
1611 4392 1810 4464 plena,

558 4475 908 4549 Tranquilla
935 4477 1202 4533 residens
1224 4476 1405 4534 effera
1426 4484 1654 4550 portus,

558 4567 602 4624 Ο
633 4567 1027 4637 Rothomage,
1057 4582 1206 4641 cape
1228 4573 1469 4639 perpete
1498 4568 1635 4626 laeta

559 4656 763 4713 Divino
794 4657 1080 4713 reducem
1106 4660 1343 4712 nectare
1376 4657 1644 4730 plenum,

554 4744 995 4817 Patriciumque
1020 4745 1238 4802 ducem
1264 4746 1398 4817 jure
1426 4751 1751 4819 potentem.

555 4833 832 4894 Miriﬁcus
860 4834 1155 4908 quoniam
1184 4835 1279 4891 hic
1310 4835 1750 4909 almiﬁcusque,

553 4922 862 4989 [elliﬂuus
892 4923 1114 4996 pariter
1142 4924 1286 4989 dux,
1312 4939 1535 4991 comes,
1574 4929 1755 4997 atque

552 5012 840 5071 Patricius
864 5012 968 5071 tibi
1000 5012 1127 5077 erit,
1157 5011 1427 5067 marchio
1455 5017 1760 5071 constans.

553 5103 622 5156 Et
650 5102 821 5173 cujus
850 5100 1079 5157 fament
1107 5099 1250 5155 olim
1279 5100 1648 5158 redolentem

555 5191 785 5259 Augere
811 5206 1117 5264 propenso
1139 5193 1231 5245 sat
1254 5189 1643 5262 probitatum.

555 5280 820 5344 Quatuor
839 5285 1167 5350 agnoscent
1197 5279 1439 5336 climata
1468 5282 1677 5351 cosmi,

556 5367 823 5424 Sanctior
851 5368 1134 5425 exstiterit
1160 5385 1342 5426 nemo
1367 5371 1532 5443 quod
1558 5371 1713 5444 ipso,
1806 5444 1810 5448 θ

553 5460 618 5512 In
649 5456 828 5528 facto,
861 5457 1040 5527 dicto,
1071 5460 1217 5531 quin
1258 5459 1568 5516 meditatu.

551 5548 756 5602 Exstat
784 5561 928 5602 nam
957 5547 1016 5602 in
1053 5547 1238 5603 tribus
1266 5548 1358 5604 his
1385 5565 1625 5605 summa
1664 5548 1882 5619 negoti.

480 5634 642 5694 lllico
672 5632 1029 5693 satellitibus
1044 5636 1415 5710 constipatus
1476 5636 1961 5710 prudentissimis
2008 5642 2072 5695 et

2184 3076 2326 3115 suos
2352 3058 2579 3115 remisit
2597 3059 2672 3114 ad
2702 3058 3060 3114 Richardum
3097 3058 3505 3127 sagacissime
3540 3058 3855 3131 probitatis

2183 3163 2461 3221 puerum,
2494 3147 2828 3219 deprecans
2854 3152 2920 3203 ut
2940 3146 3141 3203 liceret
3168 3147 3367 3203 venire
3390 3163 3456 3202 se
3489 3153 3627 3202 ante
3654 3146 3842 3214 illum,

2184 3242 2241 3293 et
2269 3236 2507 3309 expiare
2535 3253 2595 3292 se
2625 3237 2718 3291 his
2738 3237 2962 3309 quibus
2985 3237 3315 3292 offenderat
3345 3252 3514 3292 eum.
3546 3239 3705 3292 Tunc
3727 3251 3847 3290 me-

2184 3324 2450 3381 morialis
2480 3327 2650 3397 puer,
2680 3325 2957 3398 expensis
3009 3325 3244 3381 illorum
3294 3326 3720 3397 petitionibus,
3762 3341 3853 3381 re-

2185 3413 2502 3488 spondisse
2530 3414 2715 3471 fertur
2744 3432 2757 3469 :
2788 3438 2815 3463 «
2837 3414 3002 3471 Scitis
3016 3432 3218 3471 meum
3242 3432 3427 3471 avum
3452 3416 3621 3471 hanc
3643 3415 3853 3471 urbem

2184 3503 2403 3577 praeliis
2423 3503 2761 3560 vindicasse
2782 3504 2950 3560 sibi.»
2974 3504 3466 3578 Responderunt:
3497 3528 3525 3555 ‹‹
3564 3506 3850 3562 Scimus.»

2186 3596 2254 3649 Et
2272 3593 2367 3648 ille
2402 3610 2414 3647 :
2442 3615 2469 3642 «
2501 3596 2740 3650 Meusne
2761 3599 2931 3667 pater
2952 3598 3108 3649 sorte
3129 3594 3514 3650 haereditaria
3546 3595 3714 3651 hanc
3761 3610 3853 3650 ur-

2185 3682 2327 3739 bem
2352 3682 2541 3739 tenuit
2566 3682 2594 3738 7
2634 3686 2839 3739 Nonne
2854 3688 2991 3756 post
3022 3683 3112 3739 avi
3129 3683 3439 3756 patrisque
3470 3700 3696 3741 necem
3725 3700 3852 3757 pos-

2186 3772 2377 3827 sidere
2411 3772 2546 3843 jure
2598 3772 2974 3828 haereditario
3027 3772 3220 3828 debeo
3245 3773 3273 3828 ‘I
3324 3771 3533 3828 Videte
3587 3774 3639 3829 si
3690 3778 3855 3846 pater

2184 3862 2334 3933 ejus,
2364 3865 2469 3916 aut
2499 3878 2670 3929 avus,
2700 3866 2805 3917 aut
2830 3877 3115 3934 proavus,
3144 3862 3302 3917 hanc
3333 3862 3555 3918 urbem
3587 3870 3656 3919 ut
3706 3864 3856 3919 tenet

2183 3951 2368 4006 tenuit
2403 3969 2415 4019 ;
2448 3956 2506 4007 et
2532 3950 2835 4007 rimamini
2867 3951 3039 4022 cujus
3057 3955 3145 4007 est
3163 3951 3617 4025 praejudicium,
3651 3967 3852 4009 meum

2183 4056 2261 4095 an
2294 4056 2532 4095 suum.»
2566 4039 2679 4095 Illis
2710 4044 2912 4096 autem
2945 4056 3124 4113 super
3148 4039 3370 4096 talibus
3402 4039 3584 4096 dictis
3616 4046 3853 4114 stupen-

2181 4127 2380 4194 dibus,
2432 4127 2817 4184 subintulisse
2872 4132 3044 4185 caute
3097 4128 3352 4184 dicitur:
3410 4150 3440 4177 ‹‹
3468 4128 3530 4184 Si
3579 4134 3854 4184 nostram

2182 4216 2437 4286 gratiam
2464 4215 2587 4271 vult
2624 4216 2951 4289 promereri
2974 4216 3287 4283 ullatenus,
3321 4221 3497 4273 exeat
3538 4233 3575 4273 a
3617 4217 3856 4272 civitate

2182 4306 2542 4377 quantocius
2569 4305 2696 4377 ipse
2726 4310 2781 4361 et
2809 4305 3007 4361 omnis
3034 4305 3262 4361 familia
3300 4305 3434 4377 ejus
3467 4323 3481 4373 ;
3538 4309 3595 4360 et
3644 4321 3858 4361 more-

2183 4397 2279 4449 tur
2308 4393 2368 4449 in
2400 4393 2540 4449 villa
2567 4410 2690 4450 uno
2720 4394 2995 4450 milliario
3027 4394 3104 4450 ab
3143 4393 3291 4449 urbe
3324 4406 3697 4464 segregatus,
3740 4394 3858 4450 do-

2182 4497 2294 4537 nec
2318 4481 2547 4551 legatos
2577 4498 2718 4539 suos
2743 4482 2891 4538 mihi
2920 4483 3132 4552 mittat,
3154 4487 3211 4538 et
3235 4482 3385 4555 quid
3410 4482 3495 4538 illi
3524 4482 3859 4539 remanda-

2181 4587 2325 4627 vero
2356 4570 2580 4627 audiat.
2616 4570 2791 4637 Quod
2834 4571 2885 4627 si
2935 4570 3384 4644 ﬂoccipenderit
3420 4576 3649 4628 nostrae
3705 4588 3862 4645 pra:-

2183 4658 2473 4732 ceptionis
2513 4659 2850 4727 consilium,
2906 4675 3017 4716 nos
3067 4659 3425 4716 abdieamus
3478 4661 3864 4719 omnimodis

2182 4766 2321 4805 eum
2358 4767 2371 4816 ;
2404 4753 2461 4804 et
2489 4750 2792 4805 mittemus
2822 4749 2902 4805 ad
2940 4749 3355 4820 Francigenas,
3382 4755 3449 4806 ut
3497 4768 3683 4824 super
3742 4752 3864 4808 hoc

2182 4839 2424 4909 negotio
2454 4839 2598 4895 dent
2624 4839 2801 4895 nobis
2830 4839 3068 4896 salubre
3125 4840 3461 4896 consilium.
3494 4864 3523 4892 »
3579 4841 3666 4897 llli
3710 4858 3864 4897 vero

2183 4945 2320 5001 quae
2351 4928 2667 4984 audierant
2691 4928 2946 4985 Rodulfo
2970 4932 3157 4985 Torta:
3177 4929 3700 4986 renuntiaverunt.
3764 4932 3866 4988 Ille

2182 5036 2326 5075 vero
2364 5018 2705 5089 egressione
2756 5036 2865 5076 sua
2921 5035 3289 5092 suorumque
3340 5025 3569 5092 putans
3622 5020 3865 5095 placari

2184 5108 2482 5164 seniorem
2532 5124 2756 5173 suum;
2802 5107 2951 5180 quin
3001 5107 3181 5163 etiam
3246 5107 3587 5179 formidans
3646 5125 3870 5182 super-

2181 5200 2501 5251 venturum
2534 5194 2831 5251 Francicae
2863 5195 3053 5263 gentis
3100 5195 3447 5264 exercitum,
3504 5196 3870 5266 digrediens

2182 5299 2322 5338 cum
2348 5283 2513 5338 omni
2542 5282 2768 5338 familia
2798 5298 2833 5338 a
2855 5283 3107 5349 civitate,
3154 5288 3424 5339 moratus
3451 5288 3545 5339 est
3595 5284 3659 5339 in
3717 5302 3869 5357 pra-

2181 5371 2253 5428 tis
2281 5372 2662 5428 rusticorum.
2727 5372 2966 5428 Interim
3036 5372 3363 5429 Richardus
3417 5377 3603 5429 tanta:
3646 5372 3873 5432 induso

2181 5460 2304 5517 trite
2334 5478 2484 5534 puer
2505 5461 2824 5518 conﬁrmat
2851 5462 2959 5518 sibi
2984 5465 3358 5517 sacramento
3389 5478 3551 5518 vera:
3575 5462 3729 5519 ﬁdei
3762 5465 3871 5521 de-

2178 5551 2304 5607 vios
2333 5552 2571 5621 milites,
2603 5552 2877 5608 sanciens
2906 5551 3145 5608 vinculo
3174 5550 3479 5608 fidelitatis
3532 5553 3728 5609 etiam
3782 5560 3873 5610 to-

2179 5638 2295 5696 tius
2324 5640 2490 5697 urbis
2516 5641 2811 5699 concives.
2840 5643 3110 5698 insecuta
3138 5655 3406 5713 namque
3447 5641 3571 5708 die,
3634 5643 3869 5699 Rodul.
