4002 6186
255 136 354 190 7l3

734 135 824 189 DE
862 134 1103 189 GESTlS
1140 128 1567 187 NOBMAN‘NLE
1606 126 1846 185 DUCUM
1886 126 2065 182 LIBRI
2104 128 2302 185 TRES.
2345 159 2414 168 -—
2452 130 2589 188 LIB.
2630 132 2721 188 III.
2766 132 3191 191 RICHARDUS.

3572 144 3678 196 714

249 257 346 313 fus
365 260 541 313 Torta
562 256 765 329 plures
791 256 1263 313 commilitonum
1296 254 1374 310 ad
1400 257 1575 310 tantae
1602 251 1764 308 misit
1786 267 1911 307 mo-
1948 255 1994 306 Α
2027 250 2320 322 tentionis,
2351 254 2599 326 cupiens
2642 261 2699 313 et
2740 256 3093 313 desiderans
3124 259 3308 315 ﬁliam
3340 278 3513 319 suam
3543 279 3681 321 con-

247 344 455 401 destiae
486 362 763 417 puerum,
800 350 861 399 ut
896 345 1253 416 permitteret
1303 358 1363 397 se
1404 342 1480 397 ad
1507 339 1911 413 judicandum
2018 339 2269 410 jungere
2298 341 2589 400 Richardo
2613 344 2753 400 duci
2784 345 3003 418 copula
3024 346 3257 403 faederis
3277 351 3674 409 connubialis.

250 440 311 491 et
352 434 432 490 ad
457 434 911 505 justiticandum
944 433 1138 489 venire
1182 438 1318 489 ante
1350 432 1538 499 illum,
1572 429 1916 503 recipiendo

246 522 473 597 pignus
504 522 855 579 offensionis
883 522 1174 578 debitum.
1197 522 1365 577 Tunc
1396 537 1547 594 puer
1577 523 1916 593 praecautus

248 616 482 682 arguta:
528 612 743 668 mentis
800 611 1177 667 animositate
1235 615 1617 667 commotus:
1670 607 1916 674 «Scitis,

248 699 467 773 inquit,
495 701 638 775 quia
666 701 1004 758 inauditum
1037 701 1456 774 priejudicium
1488 700 1636 755 mihi
1660 699 1804 755 olim
1837 697 1918 753 fe-

252 788 381 845 cit?
406 813 433 837 ››
480 790 963 862 Responderunt:
1019 814 1043 839 ‹‹
1073 790 1323 847 Scimus.
1348 814 1375 838 »
1416 822 1485 829 —
1527 812 1554 837 ‹‹
1584 792 1788 844 Nonne
1833 791 1920 842 te-

251 877 528 935 meritate
559 896 680 934 suae
711 879 979 935 audaciae
1007 878 1205 934 adhuc
1227 878 1409 934 facit?
1458 881 1629 933 Prata
1670 876 1920 932 rustico-

251 984 395 1023 rum
439 984 710 1024 meorum
752 968 1006 1024 falcibus
1038 968 1247 1035 tondit,
1280 967 1450 1040 equis
1477 967 1771 1040 depascit,
1804 965 1923 1022 cal-

252 1056 431 1112 cibus
460 1058 728 1124 conterit,
760 1073 978 1113 vaccas
1026 1062 1082 1112 et
1109 1057 1345 1125 arietes,
1378 1061 1583 1112 tauros
1616 1060 1673 1111 et
1701 1071 1920 1127 porcos

254 1144 477 1201 occidit
522 1151 578 1201 et
616 1146 894 1202 comedit.
933 1148 988 1203 Si
1022 1162 1143 1201 non
1173 1146 1515 1202 discesserit
1545 1161 1580 1201 a
1606 1145 1823 1200 nostris
1852 1144 1921 1199 ﬁ-

255 1234 440 1290 nibus
488 1236 936 1304 exterminatus,
970 1237 1230 1291 incurret
1277 1234 1550 1290 debitum
1589 1233 1921 1307 periculum

254 1322 542 1379 velocius.
578 1323 746 1390 Quod
775 1323 1043 1380 suasistis
1075 1339 1267 1396 usque
1298 1323 1502 1392 modo,
1528 1322 1610 1378 illi
1640 1327 1698 1378 et
1724 1322 1923 1378 adhuc

257 1413 561 1470 suadetis:
597 1415 704 1471 sed
726 1428 1118 1487 nequaquam
1144 1414 1226 1469 illi
1255 1413 1536 1487 proderit.
1561 1436 1587 1461 ››
1612 1412 1694 1469 llli
1721 1418 1923 1468 autem

260 1518 446 1575 super
489 1503 708 1559 talibus
746 1503 917 1559 dictis
965 1502 1354 1570 admirantes,
1387 1502 1725 1558 ceciderunt
1756 1502 1815 1557 in
1843 1501 1925 1558 fa-

2024 428 2190 484 Tunc
2238 435 2482 503 uterque
2549 434 2918 490 Bernartius:
2977 457 3003 483 ‹‹
3031 437 3357 509 Nescimus,
3413 439 3676 511 domine,

2024 533 2203 590 super
2246 519 2357 574 hoc
2405 520 2607 577 rimari
2654 522 2992 591 consilium,
3036 525 3145 581 sed
3198 529 3298 582 tua
3342 526 3558 600 pietate
3604 531 3684 587 da

2023 621 2379 679 prosperum
2410 608 2588 681 hujus
2620 611 2972 669 invectionis
3018 613 3326 671 solatium.
3361 615 3685 691 Hucusque

2026 700 2128 751 tuo
2159 696 2409 753 consilio
2437 714 2745 773 prospero,
2777 702 2917 758 recti
2949 702 3171 759 itineris
3220 704 3434 761 callem
3480 711 3685 763 tenen-

2025 790 2111 840 tes
2146 785 2473 855 gradimur,
2506 788 2722 845 abhinc
2752 790 2980 864 obliqui
3008 792 3234 849 itineris
3261 794 3555 866 ambages
3582 812 3686 869 pe-

2028 872 2188 928 nitus
2234 874 2610 945 abdicautes;
2660 883 2711 934 te
2761 879 2912 935 duce
2967 881 3285 951 advocato,
3318 883 3463 956 quin
3504 886 3686 941 etiam

2030 962 2390 1031 consiliario,
2426 964 2585 1020 salva
2616 966 2732 1021 ﬁde
2764 984 2948 1040 quam
2992 970 3284 1027 Richardo
3323 973 3523 1030 comiti
3548 974 3687 1030 feci-

2028 1068 2185 1119 mus,
2219 1053 2585 1122 gradiemur.
2612 1075 2641 1107 ›
2696 1056 2867 1126 Hugo
2894 1074 3035 1113 vero
3062 1061 3271 1116 secreti
3300 1062 3391 1117 sui
3418 1063 3681 1120 benevo-

2027 1137 2156 1193 lum
2178 1140 2358 1212 coepit
2380 1142 2645 1214 pandere
2669 1146 3061 1217 propositum.
3085 1169 3111 1194 ‹‹
3126 1149 3465 1220 Requisistis
3483 1151 3682 1207 adhuc

2028 1226 2323 1285 Richardo
2354 1229 2494 1286 duci
2528 1233 3075 1289 Northmannorum
3100 1251 3349 1292 uxorem
3374 1238 3686 1311 voluptuo-

2030 1333 2111 1371 sae
2140 1316 2498 1375 humanitati
2523 1326 2580 1376 et
2608 1320 2884 1391 dignitati
2913 1323 3043 1394 ejus
3072 1339 3402 1394 congruam
3432 1331 3488 1381 et
3512 1328 3687 1382 habi-

2030 1404 2250 1461 lem?»
2315 1410 2811 1481 Responderunt:
2870 1416 3388 1485 «Nequaquam.»
3444 1418 3510 1470 Et
3553 1415 3685 1471 ille:

2031 1516 2059 1543 ‹‹
2089 1496 2387 1561 Quorsum
2418 1497 2809 1555 intentionem
2839 1501 3014 1556 vestri
3059 1501 3287 1558 consilii
3324 1504 3572 1573 vertitis,
3601 1504 3694 1560 vel

259 1592 392 1647 cien
423 1608 619 1659 suam,
652 1592 953 1649 dicentes:
990 1616 1016 1640 ‹‹
1043 1593 1311 1662 Domine,
1343 1608 1661 1665 precamur
1701 1608 1777 1647 ne
1806 1592 1924 1647 ira—
1962 1605 2003 1659 Β
2032 1584 2349 1654 cujuslibet
2400 1586 2586 1643 ﬁliam
2641 1588 2722 1644 illi
2778 1589 3141 1646 vindicando
3195 1591 3641 1663 subjugabitis?
3666 1617 3692 1641 ››

260 1687 482 1753 scatur,
515 1698 662 1738 neve
701 1681 988 1738 desaeviat
1024 1699 1085 1738 in
1114 1698 1226 1738 nos
1254 1682 1418 1738 furor
1448 1686 1623 1747 tuus;
1670 1682 1815 1755 quia
1840 1681 1925 1737 tui

257 1788 369 1843 per
393 1771 600 1827 omnia
628 1770 836 1826 ﬁdeles
866 1788 1093 1837 sumus,
1117 1788 1225 1827 nec
1251 1771 1333 1826 illi
1354 1787 1625 1844 unquam
1654 1771 1924 1828 adhaere-

258 1860 542 1916 bimus.»
598 1859 683 1915 llli
736 1865 938 1916 autem
985 1860 1376 1932 discedentes,
1425 1877 1560 1933 quae
1609 1861 1927 1916 audierunt

263 1948 523 2005 Rodulfo
555 1948 748 2005 Tortae
796 1949 1305 2005 renuntiaverunt.
1354 1949 1451 2005 Ille
1478 1966 1620 2005 vero
1645 1949 1926 2005 difﬁdens

266 2038 387 2107 sui,
420 2043 591 2110 prata
638 2038 899 2094 celeriter
927 2038 1208 2104 deseruit,
1242 2044 1298 2094 et
1326 2055 1466 2094 cum
1504 2039 1669 2095 omni
1700 2039 1928 2095 familia

266 2126 495 2181 concite
548 2126 801 2182 Parisius
852 2127 1031 2182 venit.
1062 2126 1278 2182 Videns
1327 2132 1529 2183 autem
1576 2128 1734 2184 filius
1773 2129 1926 2200 ejus,

259 2212 367 2284 qui
428 2218 554 2268 erat
607 2213 865 2270 Pariacze
920 2214 1086 2269 urbis
1145 2214 1486 2287 episcopus,
1547 2217 1927 2289 repentinum

258 2299 592 2355 adventum
622 2302 771 2371 ejus,
800 2301 1040 2371 diriguit
1066 2320 1079 2369 ;
1115 2302 1359 2375 imoque
1389 2303 1633 2359 trahens
1665 2320 1701 2360 a
1726 2310 1929 2378 pecto-

258 2405 326 2444 re
372 2389 648 2461 suspiria,
681 2389 830 2447 dixit
858 2410 869 2446 :
924 2414 951 2440 ‹‹
978 2393 1111 2460 Cur,
1144 2397 1335 2464 pater,
1366 2409 1507 2448 cum
1537 2394 1705 2449 omni
1744 2395 1930 2450 utriu-

261 2495 417 2551 sque
449 2495 626 2534 sexus
651 2479 878 2536 familia
902 2480 1020 2537 huc
1051 2481 1442 2537 accelerasti?
1472 2506 1500 2531 ››
1530 2482 1626 2538 Ille
1654 2499 1795 2539 vero
1825 2484 1929 2540 de-

264 2567 526 2623 trimenti
580 2568 671 2623 sui
719 2569 1003 2644 episcopo
1032 2586 1267 2640 casum,
1294 2576 1473 2643 atque
1513 2571 1933 2628 calamitosum

263 2656 573 2712 infortunii
620 2659 711 2713 sui
755 2659 952 2715 retulit
980 2659 1334 2732 periculum.
1380 2660 1707 2733 Episcopus
1738 2666 1795 2717 et
1823 2678 1931 2735 pa-

264 2750 355 2801 ter
380 2746 509 2816 ejus
537 2746 694 2802 misit
725 2751 781 2802 et
804 2747 1032 2804 remisit
1060 2748 1290 2818 legatos
1321 2747 1400 2803 ad
1431 2752 1609 2804 tantae
1641 2748 1932 2806 fortitudi-

261 2834 362 2891 nis
393 2850 669 2907 puerum,
704 2837 810 2892 sed
840 2853 964 2893 non
1014 2836 1239 2909 profuit
1285 2836 1398 2892 illis
1446 2837 1508 2893 in
1549 2854 1929 2912 prosperum.

264 2923 543 2980 V’identes
573 2931 774 2982 autem
819 2926 1084 2982 seniores
1133 2926 1580 2982 Northmanniaa
1611 2929 1778 3000 quod
1808 2934 1931 2985 tam
1969 2959 2009 3014 ρ

264 3014 593 3086 prudenter
617 3016 1072 3072 exterminasset
1101 3015 1435 3089 principem
1454 3016 1699 3087 militiae,
1725 3018 1934 3075 timue-

264 3109 410 3159 runt
440 3103 607 3159 illum
638 3104 832 3161 valde.

330 3196 479 3251 Cum
510 3199 709 3250 autem
735 3193 1078 3263 insignibus
1102 3194 1401 3267 tantisque
1437 3196 1757 3268 refulgeret
1784 3196 1937 3253 indi-

267 3283 374 3337 ciis
402 3283 710 3355 praesentis
740 3283 1073 3355 futuraeque
1102 3283 1277 3339 bonae
1307 3285 1691 3357 Operationis,
1720 3286 1933 3343 Gallia-

266 3387 387 3445 que
418 3371 928 3427 commorantium
955 3376 1184 3427 mentes
1216 3373 1487 3445 tantique
1534 3375 1769 3443 sagacis
1796 3391 1933 3447 per-

267 3462 505 3518 celleret
532 3462 696 3518 fama
722 3461 1150 3531 adolescentis;
1184 3467 1363 3536 atque
1388 3463 1641 3521 rutilans
1674 3464 1934 3538 copiosis

267 3555 702 3623 quaternarum
730 3550 1014 3606 virtutum
1063 3551 1366 3624 profusius
1416 3553 1817 3620 incrementis,
1850 3570 1938 3610 re-

268 3655 463 3710 gnum
488 3640 933 3695 Northmanniaa
960 3640 1108 3696 nulli
1134 3640 1419 3697 subactus
1450 3642 1563 3697 nisi
1594 3645 1714 3698 Deo
1736 3642 1937 3716 dispo-

269 3744 423 3784 nens
475 3732 540 3784 ut
580 3744 704 3795 rex,
751 3728 1091 3785 moderaret
1127 3729 1353 3800 judicio
1399 3730 1545 3801 justi
1590 3731 1935 3807 regiminis;

272 3822 445 3889 Hugo
470 3818 595 3873 dux
620 3833 881 3888 magnus
908 3834 1157 3875 cernens
1184 3836 1323 3875 eum
1348 3820 1687 3889 vigoratum
1709 3825 1767 3875 et
1787 3836 1937 3893 prae-

271 3908 586 3964 cellentem
617 3907 679 3963 in
709 3908 993 3964 omnibus
1021 3908 1212 3976 factis,
1237 3908 1550 3964 mandavit
1574 3909 1651 3965 ad
1684 3926 1747 3965 se
1777 3909 1940 3964 veni-

269 4013 333 4053 re
366 3997 646 4053 comitem
677 3998 1052 4053 Bernardum
1074 4001 1554 4053 commorantem
1587 3998 1732 4053 urbe
1757 3997 1937 4054 Silva-

270 4086 558 4152 nectensi,
607 4087 792 4143 ascito
840 4087 1061 4160 pariter
1103 4086 1404 4142 Bernardo
1449 4086 1935 4156 Rothomagensi.

272 4176 505 4243 Quibus
535 4176 652 4232 ait:
701 4176 1150 4232 «Plurimorum
1197 4175 1619 4231 insidiatorum
1660 4176 1938 4232 Richardi

270 4266 671 4323 adolescentis
700 4266 932 4323 comitis
970 4266 1200 4336 legatos
1248 4265 1456 4335 habui,
1484 4264 1588 4338 qui
1616 4269 1939 4321 retractant

272 4361 331 4411 et
361 4360 657 4411 conantur
685 4359 904 4411 terram
934 4353 1453 4411 Northamannicee
1483 4354 1744 4424 regionis
1770 4353 1937 4410 inva-

271 4444 419 4500 dere
449 4443 871 4515 congressione
898 4442 1115 4499 hostili.
1150 4441 1483 4498 Richardus
1511 4458 1622 4497 nec
1659 4442 1785 4513 regi
1826 4457 1937 4498 nec

271 4532 418 4588 duci
437 4532 665 4598 militat,
692 4547 800 4587 nec
832 4530 934 4586 ulli
963 4530 1076 4586 nisi
1107 4534 1226 4587 Deo
1258 4530 1515 4603 obsequi
1544 4536 1805 4604 praestat.
1825 4531 1937 4587 Te-

272 4626 379 4678 net
398 4621 574 4677 sicuti
589 4637 692 4677 rex
717 4620 1136 4676 monarchiam
1157 4619 1638 4675 Northmannicee
1656 4619 1936 4692 regionis,

273 4715 337 4767 et
360 4726 483 4766 non
503 4710 684 4766 habet
707 4709 934 4765 amicos
957 4708 1069 4764 sibi
1089 4725 1395 4765 connexos
1416 4708 1808 4765 inextricabili
1836 4709 1940 4765 fa:-

272 4801 419 4857 dere
450 4799 727 4871 adjutorii
749 4804 806 4856 et
830 4800 1143 4855 societatis.
1172 4798 1400 4855 Arnulﬁ
1431 4799 1664 4855 comitis
1687 4798 1942 4872 perﬁdia

272 4895 449 4965 pater
475 4889 630 4946 illius
675 4888 977 4959 occubuit,
1016 4888 1210 4945 videte
1262 4904 1337 4945 ne
1384 4889 1615 4963 perﬁdo
1667 4888 1941 4960 ejusdem

274 4979 614 5036 calliditatis
642 4978 826 5035 livore
855 4977 1207 5050 decipiatur.
1242 4980 1362 5034 Rex
1404 4982 1607 5034 autem
1658 4994 1781 5035 non
1823 4978 1938 5034 im-

274 5083 514 5125 memor
532 5072 668 5124 ante
695 5066 1014 5134 malorum,
1044 5066 1490 5123 animositatem
1508 5067 1603 5123 sui
1624 5067 1942 5123 detrimen-

276 5159 324 5215 ti
367 5163 426 5214 et
465 5156 759 5230 captionis
806 5156 1003 5212 adhuc
1035 5156 1320 5226 ruminat,
1353 5161 1409 5212 et
1433 5172 1711 5229 quaerens
1739 5156 1941 5213 interi-

276 5253 410 5305 tum
438 5250 646 5301 vestrae
690 5244 1102 5318 pcrdititionis,
1131 5244 1288 5300 illius
1333 5246 1417 5300 rei
1468 5245 1608 5301 dolo
1649 5245 1939 5317 plurimos

278 5333 395 5389 sibi
416 5334 694 5389 associat.
710 5333 957 5397 Quaerite
978 5348 1122 5402 ergo
1145 5332 1385 5389 salubre
1406 5331 1578 5387 vobis
1600 5331 1940 5399 consilium,

277 5427 347 5479 ut
377 5422 565 5479 securi
597 5421 950 5477 insidiarum
992 5427 1048 5478 et
1094 5420 1540 5493 deceptionum,
1568 5436 1641 5475 ne
1682 5420 1938 5475 timeatis

282 5512 525 5568 fatalem
547 5512 872 5568 mundanee
892 5511 1190 5568 varietatis
1215 5512 1515 5565 eventum.
1534 5531 1562 5557 ››
1596 5509 1716 5564 Hoc
1739 5513 1942 5564 autem

279 5601 406 5658 dux
439 5602 611 5673 Hugo
638 5618 895 5673 magnus
919 5600 1282 5675 propinabat
1305 5597 1612 5673 proposito
1641 5601 1829 5656 cautae
1854 5598 1943 5655 in-

574 5701 818 5756 ΡΑτιιοι.
851 5700 1022 5757 CXLI.

2031 1674 2368 1730 Bernardus
2416 1692 2555 1732 vero
2604 1678 3059 1734 Silvanectensis
3118 1679 3446 1737 affectuose
3488 1682 3694 1738 talium

2031 1762 2513 1835 propositionum
2560 1765 2925 1834 inductione,
2967 1767 3452 1825 animadvertens
3500 1770 3693 1826 inten-

2034 1850 2256 1907 tionem
2324 1852 2417 1908 sui
2470 1854 2738 1920 senioris,
2783 1856 3092 1927 respondit
3153 1857 3471 1931 proloquio
3520 1875 3695 1930 argu-

2034 1946 2321 1997 mentosae
2378 1943 2636 1998 mentis:
2698 1968 2723 1993 ‹‹
2754 1945 3023 2015 Domine,
3080 1945 3431 2015 ignoramus
3496 1949 3691 2019 cujus,

2034 2030 2148 2085 nisi
2197 2035 2437 2087 tuam.»
2496 2036 2667 2103 Hugo
2714 2051 2852 2090 vero
2900 2038 3147 2105 Magnus
3191 2035 3525 2108 intelligens
3572 2036 3697 2093 ani-

2034 2120 2426 2178 madvertisse
2473 2128 2795 2196 utrumque
2845 2124 3127 2181 affectum
3175 2126 3497 2184 voluntatis
3547 2144 3693 2197 suae,

2038 2214 2246 2282 aperta
2275 2211 2472 2266 cordis
2506 2212 2596 2267 sui
2644 2213 2968 2270 intentione
3012 2214 3227 2270 dicitur
3265 2216 3647 2288 respondisse
3679 2234 3692 2271 :

2038 2320 2068 2353 ‹
2093 2304 2220 2356 Non
2263 2306 2351 2356 est
2390 2303 2615 2375 quippe
2660 2320 2792 2359 mos
2844 2305 3102 2359 Franciae.
3138 2309 3201 2361 ut
3230 2306 3509 2378 quislibet
3532 2307 3695 2380 prin-

2037 2405 2177 2462 ceps
2220 2390 2418 2446 duxve
2462 2392 2834 2464 constipatus
2866 2392 3275 2449 abundantius
3317 2400 3481 2451 tanto
3511 2396 3696 2453 milite

2037 2484 2376 2551 perseveret
2404 2479 2631 2535 cunctis
2662 2480 2874 2535 diebus
2919 2480 3108 2537 taliter
3136 2481 3198 2536 in
3223 2483 3492 2539 dominio
3521 2484 3694 2540 ditio-

2038 2568 2131 2623 nis
2179 2584 2323 2639 sum,
2381 2574 2446 2623 ut
2501 2584 2625 2624 non
2673 2573 2777 2624 aut
2828 2569 3121 2625 famulatu
3172 2571 3494 2627 voluntatis
3551 2590 3696 2640 suae,

2042 2661 2145 2712 aut
2194 2660 2438 2712 coactus
2487 2656 2546 2712 vi
2589 2662 2646 2712 et
2697 2661 3009 2729 potestate,
3042 2658 3356 2714 incumbat
3393 2658 3697 2729 acclivius,

2038 2745 2406 2818 imperatori,
2435 2746 2528 2802 vel
2554 2746 2698 2816 regi,
2731 2746 2944 2803 ducive
2969 2766 2981 2803 :
3016 2751 3073 2803 et
3102 2746 3153 2802 si
3182 2746 3331 2803 forte
3352 2764 3699 2821 persevera-

2040 2833 2189 2889 verit
2216 2834 2276 2888 in
2309 2833 2633 2890 temeritate
2663 2835 2932 2891 audaciae
2965 2852 3107 2903 suae,
3137 2840 3204 2893 ut
3230 2851 3353 2892 non
3382 2835 3701 2893 famulare-

2040 2927 2135 2979 tur
2164 2922 2339 2979 alicui
2369 2923 2636 2979 volenter
2678 2926 3049 2998 prmcopiosa
3093 2925 3363 2982 ubertate
3411 2925 3704 2983 sufﬁcien-

2041 3013 2133 3068 tiae
2165 3029 2322 3081 suae;
2354 3012 2547 3068 solent
2575 3013 2628 3069 ei
2654 3013 2799 3069 rixae
2830 3013 3359 3089 dissensionesque
3390 3020 3569 3089 atque
3608 3033 3705 3074 ca-

2040 3119 2144 3158 sus
2170 3101 2625 3158 innumerabilis
2656 3103 2995 3159 detrimenti
3042 3106 3364 3177 saepissime
3413 3106 3698 3163 accidere.

2043 3193 2415 3264 Quapropter
2446 3191 2493 3246 si
2523 3191 2843 3263 placuisset
2873 3192 3166 3248 Richardo
3198 3194 3337 3249 duci
3368 3198 3470 3249 tuo
3497 3196 3702 3266 nepoti

2043 3280 2308 3352 seipsum
2333 3280 2569 3336 ﬂectere
2600 3286 2663 3335 ut
2690 3280 2970 3336 militaret
3009 3281 3175 3348 mihi,
3207 3286 3408 3337 vestro
3442 3281 3708 3337 saluber-

2040 3369 2195 3426 rimo
2238 3369 2487 3426 consilio
2533 3374 2746 3443 sponte
2794 3369 2980 3426 ﬁliam
3026 3386 3228 3427 meam
3278 3370 3582 3427 connubio
3622 3370 3705 3426 illi

2037 3457 2355 3528 jungerem
2406 3464 2464 3514 et
2488 3463 2654 3515 terrae
2686 3476 2874 3532 quam
2913 3460 3289 3517 hmreditario
3332 3460 3467 3531 jure
3518 3460 3709 3533 possi-

2043 3546 2160 3613 det,
2195 3547 2513 3603 continuus
2543 3546 2821 3604 defensor
2863 3552 2922 3605 et
2969 3549 3207 3605 auditor
3250 3553 3458 3605 contra
3495 3566 3707 3606 omnes

2044 3636 2393 3693 adessem.»
2438 3641 2597 3694 Tunc
2640 3654 2842 3694 comes
2883 3638 3335 3695 Silvanectensis
3369 3640 3703 3697 Bernardus

2045 3726 2261 3782 dixisse
2285 3726 2502 3783 fertur:
2537 3726 2876 3788 «Quoniam
2897 3729 3140 3801 quidem
3166 3728 3530 3785 Richardum
3558 3729 3705 3785 ado-

2044 3814 2368 3871 lescentem
2415 3817 2653 3883 ducem,
2701 3834 2908 3872 meum
2951 3822 3253 3888 nepotem,
3300 3822 3544 3888 captum
3593 3818 3708 3887 pri-

2048 3903 2189 3959 dem
2237 3905 2440 3972 tenuit,
2482 3920 2814 3976 omnesque
2868 3905 3312 3959 Northmannos
3365 3919 3472 3973 per
3522 3903 3708 3957 ﬁdem

2046 4006 2152 4046 rex
2183 3990 2516 4046 Ludovicus
2562 3990 2811 4062 perdere
2840 3989 3056 4055 voluit;
3105 3989 3320 4043 melius
3360 3992 3502 4060 opto
3556 3989 3605 4043 si
3642 3989 3708 4043 ﬁ-

2046 4079 2192 4135 liam
2213 4082 2379 4134 tuam
2399 4078 2635 4133 dederis
2663 4093 2914 4134 uxorem
2939 4076 3022 4132 illi
3051 4081 3113 4133 ut
3142 4076 3351 4133 militet
3366 4077 3491 4145 tibi,
3519 4094 3707 4151 quam

2048 4166 2259 4223 doloso
2306 4166 2505 4238 regi.»
2565 4166 2732 4221 Dedit
2786 4165 2987 4238 itaque
3041 4166 3212 4236 Hugo
3266 4166 3390 4222 dux
3447 4182 3708 4238 magnus

2050 4256 2344 4312 Richardo
2376 4254 2748 4312 nobilissimo
2785 4254 3148 4312 adolescenti
3193 4255 3378 4312 ﬁliam
3410 4273 3583 4313 suam
3614 4258 3710 4313 ﬁr-

2051 4349 2359 4401 mamento
2420 4344 2821 4413 sacramenti;
2874 4360 2998 4400 non
3067 4350 3268 4402 tamen
3324 4350 3542 4403 statuta
3578 4346 3707 4417 lege

2051 4433 2410 4491 fescenninae
2459 4432 2872 4506 coemptionis,
2898 4449 3109 4490 verum
3140 4434 3528 4491 denominato
3547 4435 3710 4503 jura-

2052 4527 2232 4597 toque
2261 4522 2513 4579 termino
2560 4522 2949 4579 connexionis
2993 4523 3394 4579 connubialis.
3429 4526 3576 4579 Cum
3608 4538 3711 4577 au-

2055 4618 2170 4671 tem
2226 4613 2408 4685 hujus
2463 4612 2737 4669 veridicae
2802 4612 3104 4669 relationis
3171 4612 3335 4668 fama
3391 4610 3548 4679 regis
3601 4612 3709 4664 Lu-

2051 4702 2247 4759 dovici
2327 4718 2503 4759 aures
2588 4701 2786 4758 cordis
2861 4700 3233 4773 percelleret,
3309 4697 3709 4768 comitemque

2049 4790 2365 4848 Arnulfum
2394 4790 2605 4848 futurae
2636 4788 2879 4845 ultionis
2914 4787 3214 4843 interitum
3246 4784 3485 4857 penitus
3510 4783 3712 4839 formi-

2050 4881 2296 4938 dantem
2337 4880 2717 4953 pertubaret;
2762 4876 2929 4950 quod
2982 4873 3311 4930 Richardus
3360 4872 3712 4928 Northman-

2050 4987 2269 5027 norum
2311 4970 2435 5025 dux
2480 4968 2612 5023 ﬁliae
2667 4964 2935 5037 Hugonis
2979 4962 3186 5032 magni
3233 4960 3405 5016 ducis
3452 4961 3711 5018 maritali

2052 5058 2377 5127 connubio,
2436 5055 2626 5126 gratia
2676 5052 3035 5127 posteritatis
3094 5054 3151 5106 et
3206 5048 3599 5105 successionis
3647 5066 3709 5106 se

2052 5147 2380 5221 copularet,
2430 5143 2788 5215 servitioque
2841 5141 2970 5211 ejus
3022 5154 3132 5211 pro
3176 5153 3266 5208 ea,
3307 5154 3538 5211 proque
3583 5139 3711 5195 uni-

2050 5234 2202 5291 versi
2256 5231 2450 5288 solatii
2516 5228 2816 5301 adjutorio
2886 5226 3708 5305 incumbenshmilitansque

2051 5324 2383 5394 conjunctae
2438 5318 2707 5376 amicitiae
2753 5316 3172 5389 competentia,
3218 5316 3576 5390 foederisque
3624 5318 3711 5374 in-

2052 5410 2321 5469 solubilis
2353 5425 2514 5466 nexu
2540 5425 2602 5465 se
2631 5407 2713 5463 illi
2739 5406 3041 5477 colligaret
3070 5424 3081 5461 :
3132 5406 3301 5463 nimii
3340 5406 3612 5463 tremoris
3642 5406 3709 5462 ti-

2052 5518 2218 5559 more
2244 5498 2553 5574 perterriti,
2582 5512 2656 5551 ne
2689 5500 2991 5552 tantorum
3017 5495 3277 5551 duorum
3299 5494 3525 5549 ducum
3554 5494 3704 5549 mili-

2054 5597 2182 5650 tum
2208 5588 2540 5662 frequentia
2565 5589 3011 5645 contererentur
3042 5585 3272 5643 subacti
3293 5583 3707 5641 Virmandensi

3352 5683 3419 5736 23
