4004 6178
255 153 360 206 717

750 147 842 200 DE
885 141 1133 200 GESTIS
1174 144 1620 208 NORMAHNIJE
1660 141 1901 202 DUCUM
1940 140 2114 202 LIBRI
2154 139 2372 198 TRES.
2421 171 2488 182 -—
2529 142 2653 202 1111.
2694 147 2782 204 lIl.
2822 143 3238 202 RICHARDUS.

3614 153 3727 208 718

256 290 432 334 secus
486 270 829 344 praecincta,
891 267 1050 338 viget
1101 263 1600 340 inexpugnabilis
1650 267 1732 327 ab
1789 264 1954 328 omni
1983 266 2030 318 A
2062 263 2249 331 vicus,
2285 267 2365 319 ut
2399 267 2787 336 proﬁciscaris
2813 269 2891 326 ad
2920 269 3130 334 urbem
3192 268 3740 344 Bothomagensem

259 368 431 432 gente
479 364 934 432 superventura.
994 359 1339 414 Precamur
1364 358 1583 430 itaque,
1612 362 1774 415 verte
1825 361 1952 412 tan-

261 457 457 512 tarum
510 450 824 518 legionum
900 441 1247 504 exercitum
1318 447 1395 504 ad
1459 445 1953 515 Rothomagensis

260 541 427 598 urbis
459 555 713 612 pagum,
741 537 882 610 quia
911 539 1258 604 antequam
1309 534 1758 600 Northmannici
1797 534 1950 595 ruris

261 631 412 688 fines
471 628 754 698 attinges,
807 621 1299 698 deportabuntur
1353 626 1454 686 tibi
1498 625 1653 682 illius
1697 623 1949 682 civitatis

262 719 487 778 claves.
536 740 564 768 »

696 817 1054 862 APOSTBOPHA
1097 817 1172 855 AD
1221 819 1527 864 ARNELFUM,

668 897 847 949 Posse
880 893 1079 948 sistere
1102 906 1215 946 cur
1245 893 1366 961 Dei,

672 981 953 1038 Omnium
986 995 1237 1051 quoque
1269 981 1520 1052 praescii,

670 1069 847 1136 Velle,
883 1069 1056 1138 cujus
1089 1082 1248 1139 opus
1279 1074 1499 1137 manet,

670 1163 738 1218 Et
767 1158 952 1216 callor
977 1156 1124 1230 petit
1150 1158 1378 1226 omnia,

672 1247 932 1315 Regibus
965 1245 1138 1318 cupis
1159 1246 1408 1318 asperis,

669 1334 1167 1399 Contumacibus,
1195 1333 1508 1406 improbis,

665 1422 1105 1491 Arrogantibus
1139 1426 1196 1480 et
1227 1422 1402 1479 malis
1433 1424 1461 1480 ‘I

667 1511 955 1576 Quamvis
977 1510 1292 1566 emeritum
1315 1511 1536 1568 ducem

667 1599 832 1655 Heu!
867 1603 1101 1670 patrem
1133 1599 1336 1669 tetigit,
1373 1604 1533 1671 tuus,

666 1688 841 1746 Istius
869 1686 1040 1760 pueri
1073 1688 1222 1744 sacri

668 1781 888 1844 Mucro,
924 1776 1184 1834 sanctior
1213 1782 1277 1833 ut
1309 1776 1484 1834 foret.

665 1867 848 1924 Testis
877 1865 1183 1924 almitluus
1214 1867 1312 1923 Dei
1351 1885 1364 1922 :

670 1961 817 2016 Vota
845 1971 968 2014 non
1003 1960 1104 2012 tua
1129 1955 1342 2012 frivola

667 2046 826 2104 Velle
856 2044 1224 2118 prospicient
1253 2049 1428 2100 tuum
1463 2063 1476 2108 ;

670 2139 815 2192 Ecce
846 2135 952 2191 sed
985 2149 1190 2190 comes
1221 2133 1456 2201 almior,

669 2224 926 2282 Marchio
955 2222 1328 2294 locupletior,

672 2319 924 2387 Duxque
956 2311 1219 2374 sanctior
1243 2311 1550 2378 omnibus,

666 2403 910 2468 Nobilis,
947 2399 1220 2468 celebris,
1254 2399 1410 2472 pius,

666 2495 892 2560 Justus,
923 2487 1242 2553 almiﬁcus,
1269 2487 1516 2558 probus,

671 2583 960 2641 Sanctus,
984 2577 1306 2642 innocuus,
1335 2574 1554 2644 bonus;

673 2670 863 2725 Omne
886 2666 1018 2737 jam
1050 2667 1263 2719 statuet
1287 2662 1538 2734 bonum,

671 2760 865 2821 Omne
893 2755 1165 2818 conteret
1189 2756 1245 2807 et
1267 2751 1516 2812 malum.

353 2848 833 2906 Multimodarum
865 2858 1134 2915 namque
1164 2841 1516 2914 petitionum
1545 2843 1949 2916 persuasioni-

280 2939 399 2997 bus
429 2954 530 2993 rex
556 2937 705 2993 Otho
736 2933 1111 3006 compulsus,
1143 2931 1328 2987 movit
1355 2937 1529 2988 tantae
1552 2933 1948 2990 multitudinis
1990 2947 2030 3002 α

278 3026 626 3093 exercitum,
658 3024 1088 3098 profectusque
1144 3025 1235 3076 est
1289 3037 1428 3075 curn
1475 3038 1612 3092 rege
1652 3022 1949 3080 Ludovico

280 3132 465 3188 super
515 3118 670 3186 Eptae
728 3112 1013 3178 rivulum,
1067 3109 1177 3181 qui
1233 3110 1485 3166 termino
1534 3110 1949 3184 diremptionis

276 3205 496 3265 limitat
545 3203 800 3260 Francius
860 3198 1429 3271 Northmanniaeque
1479 3217 1753 3269 regnum.
1787 3204 1948 3257 Tunc

280 3299 460 3350 vocat
489 3293 636 3350 Otho
666 3289 1013 3357 Arnulfum,
1064 3288 1430 3344 incentorem
1477 3291 1651 3345 totius
1699 3289 1862 3357 mali,
1893 3293 1949 3346 et

275 3381 525 3454 requirit
549 3380 747 3438 claves
781 3375 1282 3445 Rothomagensis
1331 3376 1514 3444 urbis,
1560 3383 1622 3438 ut
1670 3378 1780 3434 sibi
1807 3394 1947 3450 pro-

279 3470 529 3527 miserat
549 3467 870 3542 deportari.
906 3464 1090 3520 Arnul
1101 3463 1188 3518 fus
1210 3479 1350 3520 vero
1376 3463 1698 3522 intentione
1719 3469 1947 3534 argutae

279 3557 500 3615 mentis
554 3556 731 3628 coepit
785 3570 990 3624 regem
1047 3553 1339 3612 Othonem
1393 3551 1562 3610 affari
1592 3570 1603 3608 :
1639 3576 1665 3601 ‹‹
1703 3552 1950 3610 Domine

281 3663 408 3710 rex,
439 3661 618 3700 nemo
645 3640 1242 3711 Rothomagiensium
1267 3641 1448 3698 audet
1478 3646 1530 3697 te
1561 3641 1787 3712 agredi,
1805 3642 1950 3714 quia

279 3735 504 3792 abhinc
528 3733 970 3801 Rothomagum
1002 3745 1193 3802 usque
1222 3734 1415 3786 exstat
1440 3730 1610 3786 tellus
1641 3730 1944 3799 silvestris,

282 3826 860 3893 commoranturque
929 3817 1242 3876 latrocinia
1305 3823 1643 3876 exercentes
1699 3818 1758 3876 in
1816 3819 1946 3891 ejus

283 3912 454 3968 silvis
479 3917 535 3968 et
558 3911 727 3966 lucis.
763 3912 860 3964 Est
891 3909 1045 3966 alius
1073 3907 1363 3964 decursus
1395 3925 1693 3980 aquarum
1721 3908 1783 3964 in
1814 3924 1947 3982 pro-

281 4003 471 4069 ximo,
525 4017 662 4072 quas
709 4003 959 4058 vocatur
985 3997 1255 4068 Andella,
1308 3997 1492 4070 pratis
1543 3996 1946 4069 omnibusque

281 4107 489 4148 rerum
519 4088 841 4147 aﬂluentiis
871 4087 1231 4161 propensius
1259 4087 1491 4148 referta.
1527 4085 1610 4148 lbi
1637 4101 1790 4154 cras,
1842 4101 1947 4158 pe-

282 4181 493 4248 timus,
551 4179 703 4250 ﬁges
756 4178 1025 4245 tentoria,
1075 4176 1431 4250 venientque
1456 4175 1594 4232 illuc
1632 4174 1948 4248 optimates

281 4268 875 4339 Rothomagentium,
902 4267 1154 4324 ferentes
1188 4266 1288 4322 tibi
1319 4265 1514 4322 claves
1543 4265 1708 4321 urbis
1732 4269 1787 4320 et
1812 4282 1948 4338 pre-
1982 4279 2024 4334 ι)

280 4359 422 4417 tiosi
451 4358 697 4416 honoris
724 4373 996 4414 numera.
1034 4379 1062 4406 ››
1088 4360 1210 4413 Rex
1238 4371 1378 4412 vero
1428 4355 1580 4411 Otho
1627 4354 1952 4427 deprecati-

282 4449 379 4505 vis
438 4452 682 4503 coactus
735 4445 953 4511 verbis,
1013 4445 1232 4502 abhinc
1278 4442 1560 4500 secedens
1586 4442 1647 4499 in
1687 4443 1949 4504 Andellte

280 4535 517 4593 ﬂuvioli
545 4535 768 4591 resedit
797 4534 1002 4607 pratis.

362 4622 630 4681 Diluculo
656 4639 800 4679 vero
830 4621 1100 4678 subdolis
1149 4620 1482 4678 calliditatis
1536 4636 1740 4676 comes
1797 4619 1952 4678 stetit

284 4717 430 4769 ante
461 4713 755 4769 Othonem
780 4727 1000 4782 regem,
1034 4711 1461 4785 episcoporum
1489 4714 1646 4766 coetu
1695 4709 1949 4766 ducum-

285 4817 410 4875 que
440 4805 497 4856 et
521 4817 841 4874 procerum
867 4799 1198 4874 frequentia
1225 4800 1629 4874 constipatum
1685 4802 1742 4856 et
1769 4797 1949 4856 reful-

283 4894 550 4964 gentem.
586 4891 842 4964 Cupiens
872 4894 1072 4946 autem
1099 4888 1374 4946 Richardi
1408 4887 1776 4962 prtefulgidae
1803 4887 1950 4944 ado-

283 4979 584 5036 lescentiae
613 4978 869 5036 multare
898 4978 1144 5052 pubem,
1187 4992 1479 5050 regesque
1511 4977 1846 5038 conducere
1873 4977 1953 5034 ad

287 5067 841 5136 Bothomagensem
869 5066 1103 5134 urbem,
1137 5065 1282 5120 dixit
1311 5065 1389 5120 ad
1422 5066 1754 5122 Othonem:
1781 5087 1807 5113 ‹‹
1841 5068 1952 5122 Ru-

286 5157 438 5213 bore
491 5155 705 5212 futurae
762 5152 1245 5210 subsannationis
1323 5155 1952 5228 Rothomagensesque

289 5244 547 5316 confusi,
578 5243 1055 5300 verecundantur
1085 5242 1280 5298 claves
1308 5241 1537 5300 mittere
1560 5243 1682 5311 tibi,
1711 5243 1826 5300 nisi
1849 5259 1954 5318 op.

288 5333 481 5410 pressi
509 5333 726 5390 fuerint
776 5333 1145 5389 immanitate
1194 5331 1394 5392 hostili
1462 5335 1726 5390 Duorum
1776 5332 1953 5404 igitur

287 5440 504 5494 regum
537 5428 956 5495 tantorumque
987 5422 1210 5478 ducum
1257 5426 1310 5476 ct
1339 5437 1657 5494 procerum
1690 5423 1952 5479 exercitu

289 5513 510 5580 vallati,
537 5529 661 5569 non
691 5513 961 5568 different
989 5508 1284 5567 civitatem
1314 5509 1563 5567 reddere
1604 5511 1728 5567 tibi.
1793 5514 1950 5578 Qua-

290 5607 538 5680 propter
563 5606 840 5676 precatur
870 5606 921 5658 te
951 5600 1168 5658 obnixe
1194 5617 1365 5657 meus
1396 5599 1594 5656 senior
1621 5616 1725 5657 rex
1744 5599 1942 5658 Ludo-

2061 351 2432 416 matutinus.
2467 355 2612 414 Mitte
2638 363 2770 422 ante
2801 365 3185 432 conspectum
3236 363 3350 421 tum
3402 361 3736 434 maiestatis

2059 439 2558 504 robustissimum
2585 445 2901 517 legionem,
2929 463 3066 520 quae
3118 446 3410 512 invadens
3443 449 3735 512 hostiliter

2060 538 2454 604 prieoccupet
2481 534 2801 606 civitatem;
2832 540 2896 594 ut
2921 536 2970 590 si
2989 553 3143 609 quos
3163 537 3492 596 forinsecus
3515 543 3740 604 stantes

2059 618 2408 682 certaminis
2431 625 2619 694 gratia
2647 625 2955 694 invenerit,
2985 625 3065 686 ad
3110 626 3409 689 civitatem
3467 627 3743 693 ferociter

2058 710 2350 780 retrudat,
2406 713 2666 787 hincque
2723 714 2978 779 tentoria
3034 719 3136 774 tua
3191 715 3432 776 illorum
3494 735 3744 780 securus

2059 802 2139 858 ad
2190 807 2432 873 portam
2485 804 2906 868 Belvacensem
2959 804 3126 875 figat.
3192 807 3343 866 Cum
3393 812 3596 868 autem
3643 825 3748 883 ap-

2058 889 2454 962 propiaveris,
2510 897 2648 954 tuus
2704 892 2945 966 meique
2998 891 3250 949 senioris
3296 894 3588 958 exercitus
3641 912 3746 954 eos

2061 978 2346 1038 sollicitos
2428 981 2691 1052 reddat,
2771 982 2979 1055 sicque
3037 981 3098 1038 in
3147 981 3344 1056 primo
3403 985 3748 1048 certaminis

2061 1074 2361 1138 apparatu
2418 1086 2611 1144 eoque
2653 1069 2839 1144 prwlii
2867 1070 3152 1131 conflictu
3179 1072 3575 1146 contemplari
3601 1073 3743 1150 qui-

2062 1155 2326 1214 verimus
2379 1159 2553 1231 cujus
2610 1160 2887 1220 valentius
2937 1163 2995 1218 et
3041 1160 3414 1222 fortitudinis
3442 1163 3568 1226 haec
3599 1163 3748 1224 urbs

2063 1251 2278 1304 exstat.
2325 1270 2351 1300 n

2139 1337 2288 1392 Tum
2319 1337 2570 1410 quidam
2615 1354 2804 1411 nepos
2857 1337 3014 1409 regis
3071 1339 3317 1396 Othonis
3372 1341 3520 1402 dixit
3567 1341 3750 1404 verbo

2068 1422 2380 1482 elationis:
2417 1447 2447 1480 α
2479 1427 2728 1486 Domine
2775 1443 2900 1499 rex,
2963 1427 3012 1486 si
3063 1427 3199 1488 licet
3229 1429 3356 1502 tibi,
3389 1431 3751 1495 antecedens

2071 1512 2196 1583 ibo,
2249 1520 2568 1589 castraque
2613 1523 2717 1576 tua
2772 1517 3065 1580 metabor.
3124 1518 3181 1578 Si
3225 1518 3376 1580 forte
3421 1521 3753 1592 ingruerint

1993 1618 2039 1676 Β
2071 1607 2283 1662 centra
2311 1622 2407 1662 me
2429 1605 2605 1673 bella,
2636 1623 2750 1677 ego
2782 1612 3090 1670 conteram
3117 1607 3320 1679 gladio
3364 1625 3574 1672 eorum
3618 1611 3751 1676 mil-

2067 1691 2169 1748 lia.
2205 1694 2488 1767 Experiar
2526 1695 2700 1766 cujus
2731 1695 3102 1754 habitudinis
3170 1697 3421 1771 cujusve
3472 1699 3745 1761 valentia:

2068 1781 2166 1837 vel
2217 1783 2579 1844 fortitudinis
2629 1789 2770 1846 sunt
2820 1784 2884 1840 in
2912 1785 3142 1858 praelia,
3200 1787 3450 1858 cujusve
3498 1790 3746 1852 cautelae

2066 1872 2546 1946 provisionisque
2570 1879 2626 1930 et
2653 1873 2976 1947 prudentia
2999 1875 3062 1934 in
3092 1875 3270 1939 bello.
3308 1879 3526 1939 Contra
3554 1883 3746 1940 Dacos

2066 1965 2124 2016 et
2153 1961 2373 2020 Alanos
2399 1964 2742 2036 Gothosque
2793 1969 2854 2020 et
2908 1964 3189 2035 Hungros
3233 1982 3394 2039 saepe
3431 1968 3739 2040 dimicavi,

2064 2066 2277 2115 verum
2309 2056 2518 2111 contra
2549 2054 2994 2116 Northmannos
3044 2069 3384 2127 numquam
3437 2063 3743 2119 certamen

2063 2137 2189 2195 inii.
2223 2141 2478 2202 Aciebus
2504 2141 2858 2214 praeparatis
2886 2141 3192 2206 lacescens
3216 2159 3342 2212 eos,
3371 2145 3742 2219 expugnabo

2065 2227 2366 2285 civitatem
2391 2234 2448 2285 et
2477 2229 2790 2302 dissipabo
2843 2231 3198 2303 dispergens
3255 2233 3502 2296 advenae
3541 2234 3738 2306 gentis

2061 2316 2325 2389 plebem.
2359 2341 2387 2372 ››
2421 2320 2544 2374 Hoc
2576 2325 2777 2380 autem
2807 2319 3100 2378 referebat
3125 2321 3413 2392 jactantia
3444 2323 3737 2398 juvenali,

2061 2405 2352 2476 ignorans
2404 2408 2640 2464 varium
2689 2408 3117 2481 casualemque
3172 2417 3457 2474 eventum
3524 2413 3734 2488 praalii,

2061 2498 2373 2572 Extemplo
2392 2514 2492 2558 rex
2512 2498 2661 2554 Otho
2681 2497 3032 2562 humillimis
3054 2500 3348 2570 regalium
3373 2503 3734 2575 petitionum

2059 2588 2306 2649 monitis
2331 2591 2596 2654 coactus,
2631 2587 2808 2648 citato
2853 2588 3114 2648 exercitu
3164 2591 3545 2661 progreditur
3599 2591 3733 2654 mit-

2061 2677 2192 2730 tens
2223 2680 2359 2739 ante
2391 2692 2452 2731 se
2487 2691 2784 2748 perversis
2813 2675 3083 2739 elationis
3116 2681 3396 2750 nepotem.
3417 2679 3729 2742 adornatis

2058 2761 2422 2833 legionibus.

2697 2870 3084 2917 APOSTROPHA,

2205 2944 2355 3006 Otho
2380 2958 2484 2998 rex
2514 2958 2774 3012 magnus
2798 2943 3153 3006 recolandus
3185 2949 3388 3017 atque,

2204 3033 2320 3086 Cur
2349 3030 2711 3091 Richardum
2741 3031 3142 3105 percelebrem
3173 3049 3554 3107 sacrumque,

2202 3118 2495 3187 Nobilem,
2519 3119 2892 3193 justumque,
2923 3120 3206 3193 probum,
3240 3122 3605 3193 modestum.

2201 3207 2603 3264 Marchionem
2634 3207 3073 3282 patriciumque
3105 3214 3382 3272 sanctum

2205 3298 2269 3350 Et
2297 3295 2515 3352 ducem
2538 3311 2721 3367 nunc,
2755 3296 3336 3372 magnanimumque
3359 3297 3595 3373 fortem,

2202 3383 2410 3438 Ambis
2435 3383 2648 3440 infesto
2678 3383 2904 3442 laniare
2935 3389 3092 3444 caatu

2202 3473 2268 3528 Et
2296 3471 2560 3542 maligno
2589 3473 3000 3534 contaminare
3029 3471 3186 3543 nisu,

2199 3561 2267 3614 Et
2293 3559 2587 3616 honorem
2618 3559 2817 3616 tollere
2844 3559 3237 3634 principatus,

2199 3647 2353 3714 Quin
2374 3648 2601 3722 potenti
2632 3647 2836 3706 sistere
2868 3647 3130 3720 cogitatu

2197 3739 2240 3794 Ν
2250 3736 2374 3794 111111
2403 3737 2576 3806 Regis
2605 3737 2928 3814 superique
2958 3735 3181 3798 summi
3204 3737 3232 3793 ?

2195 3827 2370 3884 Posse
2397 3825 2597 3882 nullus
2625 3841 2771 3880 nam
2796 3827 3023 3899 Supero
3052 3824 3305 3892 resistet,

2196 3911 2350 3968 Velle
2379 3927 2490 3969 nec
2515 3913 2646 3983 jam
2677 3912 2976 3967 sidereum
3005 3911 3285 3972 reﬂectat.

2197 4000 2303 4060 Hic
2335 4017 2557 4067 comes,
2586 3999 2734 4065 dux,
2775 3998 3180 4073 patriciusque
3209 4014 3504 4072 summus,

2196 4087 2462 4146 Marcbio
2492 4091 2758 4156 sanctus,
2791 4086 3061 4158 celebris,
3086 4086 3397 4148 medestus

2201 4176 2454 4248 Legibus
2485 4176 2725 4250 plebem
2756 4175 3095 4236 moderabit
3115 4177 3290 4240 almis

2199 4271 2456 4340 Torquet
2483 4270 2712 4324 astutus
2741 4265 2973 4328 laceros
3001 4283 3280 4340 reosque,

2200 4361 2390 4428 Atque
2411 4355 2588 4428 justis
2617 4355 2867 4434 praemia
2895 4354 3080 4426 digna
3104 4355 3302 4420 dedat.

2201 4443 2457 4502 Moribus
2482 4443 2702 4502 sanctis
2730 4443 3077 4517 meritisque
3106 4443 3362 4516 fulgcm,

2203 4531 2294 4589 Sic
2324 4531 2446 4606 poli
2478 4531 2856 4606 splendentia
2886 4532 3134 4594 scandet
3158 4538 3337 4591 astra.

2199 4624 2282 4680 Tn
2306 4626 2518 4696 potens
2539 4638 2639 4680 rex
2671 4626 2851 4694 atque
2881 4621 3090 4690 vigens
3122 4621 3465 4696 valensque,

2201 4711 2528 4768 Contereris
2559 4710 2806 4768 numine
2833 4709 3219 4784 sempiterno,

2199 4799 2519 4860 Incubabis
2541 4799 2924 4873 ridiculaeque
2951 4812 3159 4862 sannae
3185 4815 3198 4864 ;

2200 4889 2415 4964 Sicque
2444 4886 2866 4947 Northmannis
2897 4883 3256 4957 reprobatus
3284 4883 3400 4948 ibis

2200 4977 2291 5032 Ad
2321 4982 2433 5035 tuae
2465 4974 2620 5030 sedis
2649 4971 3026 5031 verecundus
3057 4971 3283 5034 aulam.

2131 5069 2278 5123 Cum
2299 5069 2501 5122 autem
2529 5077 2717 5135 nepos
2747 5062 2901 5133 regis
2931 5061 3180 5118 Othonis
3205 5061 3722 5142 appropinquaret

2058 5158 2296 5228 porLam
2325 5151 2595 5218 civitatis,
2628 5166 2763 5224 quae
2794 5152 3176 5227 nuncupatur
3209 5149 3720 5219 Belvacensis,co-

2057 5258 2236 5300 rusco
2264 5241 2531 5314 equitatu
2557 5237 2836 5295 ferventis
2884 5235 3154 5296 elationis
3202 5237 3524 5312 hostilique
3556 5237 3724 5302 belli-

2066 5331 2189 5387 cosi
2232 5327 2569 5388 certaminis
2617 5325 3042 5397 congressione
3094 5325 3355 5384 feritaret
3403 5327 3465 5384 in
3518 5327 3725 5390 North-

2061 5434 2321 5476 mannos
2350 5416 2592 5473 aciebus
2621 5414 2946 5487 adornatis,
2977 5414 3092 5489 ipsi
3145 5433 3284 5474 vero
3331 5415 3725 5480 Northmm

2065 5509 2271 5568 talium
2303 5505 2788 5564 colluctationum
2833 5505 3026 5576 gnari,
3081 5506 3432 5568 simulantes
3490 5505 3721 5580 fugam,

2060 5599 2234 5674 quasi
2271 5595 2584 5658 hostilibus
2613 5595 2866 5661 convicti
2891 5593 3243 5672 repetebant
3283 5594 3535 5659 celerius
3577 5609 3727 5669 prp-
