4004 6178
324 188 430 245 719

1317 181 1623 239 DUDONIS
1657 177 1911 235 DECANI
1943 175 2000 232 S.
2037 175 2345 241 QUINTINI
2375 180 2753 237 VIROMAND.

3633 184 3750 239 720

322 311 545 368 sidium
569 307 753 365 urbis.
788 308 1050 365 Saxones
1097 322 1236 363 vero
1288 306 1440 361 ﬁctae
1492 304 1646 374 fugae
1700 300 1974 358 simulate
2017 304 2065 356 A
2092 300 2470 360 animositate
2494 318 2733 376 pungor
2756 302 3109 375 praenimia;
3158 303 3453 360 incertum
3483 320 3756 378 namque

318 398 556 465 hilares,
592 395 918 466 taliumque
945 409 1199 449 casuum
1230 396 1446 450 eventu
1475 407 1578 448 eos
1604 390 1977 453 adamantes,

319 484 834 561 persequebantur
864 498 967 539 eos
988 482 1295 538 hostiliter.
1330 480 1600 536 Tandem
1624 494 1767 535 vero
1790 491 1980 549 nepos

316 575 472 646 regis
501 587 858 642 congressus
890 587 1070 644 super
1091 575 1339 644 pontem
1363 573 1550 642 portae
1581 564 1974 633 Belvacensis,

315 663 570 737 putabat
598 677 944 735 expugnare
965 661 1189 718 moenia
1205 659 1390 716 urbis.
1421 655 1813 715 Northmanni
1835 670 1977 711 vero

313 752 453 809 hinc
484 751 624 808 inde
654 750 867 807 armati
921 750 1397 822 congredientes,
1455 752 1514 804 et
1568 762 1747 820 super
1782 761 1885 801 eos
1913 747 1979 799 ut

312 840 517 898 leones
574 857 754 914 super
802 840 1066 913 pecudes
1119 839 1477 935 exsilientqs,
1518 838 1828 909 coeperunt
1874 849 1978 889 eos

312 929 577 987 lacerare
606 933 1070 1002 prosternentes,
1103 932 1160 985 et
1183 922 1451 984 occider'e
1498 925 1626 981 telis
1674 922 1977 981 mucroni-

314 1019 553 1092 busque
587 1017 869 1087 coruscis,
901 1021 1082 1090 atque
1139 1017 1476 1088 discerpere
1531 1015 1859 1081 securibus,
1914 1017 1981 1069 ut

314 1108 588 1165 bidentes
642 1106 787 1179 lupi.
845 1105 1011 1161 Multi
1061 1121 1203 1161 vero
1259 1104 1598 1161 Saxonibus
1636 1103 1975 1172 interfectis,

315 1197 712 1271 pluribusque
739 1193 949 1250 attritis
981 1199 1036 1249 et
1062 1193 1407 1262 vulneratis,
1430 1193 1775 1264 defungitur
1799 1207 1980 1265 super

315 1290 561 1358 pontem
588 1282 982 1340 mucronibus
1012 1286 1069 1339 et
1105 1282 1329 1339 lanceis
1358 1299 1550 1355 nepos
1602 1282 1777 1353 regis.
1832 1284 1979 1338 Tan-

314 1374 455 1430 dem
486 1372 878 1429 Northmanni
925 1372 1175 1429 victoria
1219 1373 1409 1445 potiti,
1464 1374 1709 1447 capiunt
1757 1371 1978 1427 multos

312 1462 655 1535 principum
686 1461 748 1517 in
777 1461 1058 1517 conﬂictu
1097 1461 1379 1517 mortiferi
1408 1461 1769 1518 certaminis.
1826 1459 1978 1516 Beli-

312 1552 418 1626 qui
445 1568 586 1608 vero
615 1553 881 1608 Saxones
915 1555 1195 1625 nepotem
1244 1551 1398 1621 regis
1453 1556 1759 1608 mortuum
1798 1566 1978 1623 super

2086 395 2177 446 est
2204 392 2349 449 mihi
2373 394 2649 466 prmscire
2678 393 2824 466 quid
2856 393 3164 463 agendum
3190 394 3265 450 sit
3302 394 3361 449 in
3408 399 3531 450 tam
3567 396 3757 469 pesti-

2086 479 2213 537 fera
2267 482 2521 539 tristium
2577 488 2900 539 eventuum
2953 499 3327 557 casuumque
3374 484 3758 541 contritione.

2085 573 2222 643 Vos,
2254 572 2358 645 qui
2386 577 2531 629 natu
2563 588 2868 646 sensuque
2897 573 3161 644 majores
3191 574 3352 645 estis,
3365 590 3760 647 quorumque

2087 660 2337 717 consilio
2366 677 2504 734 quae
2534 662 2921 735 exsequenda
2952 667 3090 718 sunt
3117 662 3402 730 delibero,
3436 664 3637 719 cuncti
3666 680 3763 719 sa-

2088 750 2220 821 gaci
2247 750 2494 807 internae
2517 751 2919 807 meditationis
2945 752 3206 823 cogitatu
3234 753 3559 822 rimamini,
3600 751 3765 826 quid

2086 843 2318 912 oportet
2345 839 2724 896 laudabiliter
2752 840 3019 913 exsequi.
3071 841 3423 911 Maleﬁcum,
3477 842 3529 897 si
3573 841 3765 898 vobis

2085 927 2302 1000 placet,
2335 929 2672 1001 sophistam
2701 929 2941 1002 capiam
2975 929 3311 999 Arnulfum,
3361 930 3764 1002 vinctumque

2086 1016 2310 1073 catenis
2343 1018 2634 1075 Richardo
2666 1018 2867 1074 comiti
2898 1018 3129 1075 mittam
3161 1036 3300 1075 eun:
3328 1038 3341 1087 ;
3386 1024 3451 1075 ut
3492 1019 3767 1076 vindicet

2085 1106 2160 1163 de
2182 1122 2253 1163 eo
2282 1111 2515 1180 patrem
2540 1123 2738 1175 suum,
2770 1107 2917 1180 quia
2941 1107 3350 1164 fraudulenter
3395 1108 3589 1180 coegit
3648 1124 3765 1164 nos

2089 1196 2207 1251 huc
2236 1212 2559 1269 properare
2588 1200 2646 1252 et
2671 1212 2874 1266 regem
2912 1196 3295 1267 Ludovicum,
3323 1197 3566 1270 cupiens
3601 1197 3767 1253 occi-

2085 1283 2225 1340 dere
2252 1284 2471 1341 ducem
2502 1284 2883 1354 Richardum,
2918 1289 2981 1341 ut
3009 1285 3153 1341 olim
3200 1291 3429 1359 patrem
3473 1303 3692 1341 suum.
3736 1310 3763 1333 »ι

2085 1376 2246 1430 Tunc
2303 1374 2590 1445 praesules
2638 1379 2695 1430 et
2744 1374 3063 1447 optimates
3133 1375 3569 1448 responderunt
3635 1375 3770 1445 regi

2088 1463 2325 1533 Othoni,
2353 1462 2617 1519 dicentes
2649 1480 2662 1517 :
2692 1486 2717 1513 ‹‹
2754 1463 3126 1519 Exsecrabile
3148 1465 3377 1520 cunctis
3402 1469 3578 1538 atque
3608 1467 3772 1521 vitu-

2087 1549 2352 1623 perabile
2382 1550 2667 1606 omnibus
2696 1550 2805 1607 erit
2833 1551 2881 1606 si
2910 1552 3196 1624 capietur,
3242 1553 3411 1626 sique
3453 1552 3769 1609 Richardo

311 1646 558 1715 pontem
579 1641 779 1712 jacere
808 1644 1137 1707 cernentes,
1170 1656 1431 1713 eumque
1461 1657 1600 1696 cum
1626 1655 1850 1710 magno
1870 1639 1977 1694 im—
2008 1656 2049 1708 Β
2086 1637 2165 1694 ad
2195 1638 2573 1711 puniendum
2622 1639 2904 1695 mittetur.
2955 1640 3318 1696 Verecundia
3367 1641 3768 1714 dedecusque

312 1734 457 1804 petu
539 1729 814 1804 duroque
893 1729 1174 1785 conﬂictu
1225 1729 1543 1801 rapientes,
1618 1728 1977 1784 ducentibus

314 1818 739 1876 Northmannis
770 1818 1064 1892 plurimos
1093 1817 1333 1873 illorum
1363 1822 1573 1891 captos
1631 1818 1710 1874 ad
1752 1816 1977 1873 moenia

312 1908 500 1975 urbis,
532 1905 932 1979 deportabant
956 1906 1035 1962 ad
1081 1910 1325 1962 caeteras
1368 1906 1721 1978 phalanges.
1768 1905 1977 1975 Jurgio

313 1996 451 2052 duri
505 1994 841 2068 prolixique
894 1994 1080 2067 praelii
1134 1993 1327 2051 taliter
1382 1996 1672 2067 sejuncto,
1737 1994 1979 2050 stabant

312 2085 452 2140 hinc
486 2086 750 2141 Saxones
774 2087 833 2139 et
854 2082 1060 2138 Franci
1089 2087 1146 2139 et
1174 2083 1522 2139 altrinsecus
1560 2083 1973 2149 Northmanni,

311 2190 425 2231 nec
453 2172 761 2230 ambiebat
788 2188 935 2243 gens
965 2173 1415 2229 Transrhenana
1451 2173 1709 2247 amplius
1730 2189 1792 2228 se
1814 2189 1977 2229 com-

313 2263 564 2320 miscere
593 2261 761 2335 ipsis.

388 2356 617 2409 lnterea
646 2350 964 2407 mortifera;
993 2350 1296 2407 relationis
1338 2351 1502 2408 fama
1541 2368 1746 2422 regem
1796 2353 1977 2410 Otho-

314 2459 476 2511 nem,
505 2441 806 2499 crudelem
835 2441 1068 2514 nepotis
1099 2446 1353 2498 mortem
1406 2442 1789 2513 denuntians,
1847 2459 1978 2517 per-

317 2530 459 2587 culit
485 2548 498 2599 ;
531 2534 844 2602 totumque
874 2529 1198 2586 exercitum
1227 2547 1436 2587 rumor
1465 2532 1612 2588 tanti
1640 2532 1977 2589 detrimenti

318 2619 711 2676 conturbavit.
746 2619 905 2675 Illico
937 2620 1276 2676 communis
1314 2622 1542 2678 ratione
1597 2622 1827 2678 consilii
1877 2624 1983 2680 ho-

318 2707 521 2765 stiliter
546 2708 893 2764 invaserunt
919 2707 1238 2780 civitatem,
1268 2710 1575 2782 cupientes
1608 2715 1786 2767 tanta:
1815 2728 1980 2767 reve-

315 2797 517 2854 rentiae
542 2795 780 2868 juvenis
810 2796 1115 2852 vindicare
1146 2798 1524 2868 sanguinem.
1551 2801 1817 2856 Saxones
1837 2816 1980 2857 vero

318 2890 376 2942 et
403 2886 614 2941 Franci
641 2884 789 2941 nihil
817 2885 975 2941 circa
1019 2885 1234 2941 urbem
1282 2888 1681 2961 proﬁcientes,
1724 2889 1830 2945 sed
1868 2906 1979 2963 pro

2086 1727 2365 1783 obscenae
2422 1727 2791 1783 confusionis
2847 1732 2903 1784 et
2953 1728 3181 1796 damni,
3237 1746 3375 1802 quae
3432 1729 3767 1800 condignae

2085 1816 2381 1872 mercedis
2411 1816 2795 1873 retributione
2827 1818 3066 1890 pateris,
3100 1835 3221 1875 non
3242 1819 3571 1886 delebitur;
3610 1819 3767 1891 quia

2087 1907 2228 1961 tuus
2254 1905 2546 1962 exercitus
2572 1905 2932 1962 Richardum
2959 1911 3015 1962 et
3046 1924 3188 1963 suos
3213 1907 3462 1977 indigna
3485 1907 3768 1963 obsidio-

2085 2008 2167 2048 no
2196 1993 2568 2066 opprimens,
2600 1993 2695 2049 hic
2723 1994 2942 2065 injuste
2974 2000 3258 2052 moratur.
3287 1997 3398 2052 Sed
3424 1996 3497 2051 de
3525 2002 3763 2051 nostrae

2085 2082 2475 2151 regressionis
2503 2083 2867 2154 profectione
2898 2083 3123 2139 salubri
3155 2085 3401 2140 consilio
3445 2085 3655 2155 stude,
3708 2090 3768 2141 et

2087 2187 2163 2227 ne
2189 2171 2447 2227 deterius
2474 2172 2824 2245 turpiusque
2855 2172 2959 2228 tibi
2989 2178 3286 2243 contagat,
3303 2190 3440 2229 cum
3469 2175 3650 2230 omni
3673 2174 3764 2230 in-

2088 2259 2346 2315 tentione
2376 2259 2804 2315 animadverte.
2861 2263 3146 2332 Nepotem
3194 2265 3443 2335 tuosque
3492 2263 3763 2319 comites

2088 2347 2485 2420 satellitesque
2512 2352 2568 2403 et
2595 2364 2778 2421 quam
2811 2348 3102 2421 plurimos
3131 2348 3345 2405 milites
3374 2351 3550 2422 hujus
3586 2351 3762 2406 obsi-

2089 2436 2287 2492 dionis
2313 2437 2515 2507 jurgio
2540 2436 2699 2507 juste
2729 2436 3061 2509 perdidisti,
3094 2437 3238 2510 quia
3260 2439 3551 2495 civitatem
3590 2441 3761 2495 hanc

2085 2524 2305 2597 injuste
2358 2525 2650 2581 invadens
2702 2525 3014 2582 obsedisti.
3086 2528 3457 2583 Inconsultus
3522 2531 3761 2586 etenim

2089 2615 2474 2686 suggestione
2495 2615 2648 2671 vafri
2674 2615 2901 2671 Amulli
2936 2617 3051 2672 huc
3072 2617 3408 2674 accelerasti
3432 2637 3444 2686 ;
3469 2635 3761 2691 praecave

2088 2721 2163 2761 ne
2192 2706 2566 2761 inconsultus
2591 2705 2965 2775 regrediaris.
3017 2708 3064 2760 A
3117 2706 3265 2762 mari
3293 2707 3367 2763 ad
3402 2711 3760 2781 Sequanam

2088 2811 2283 2868 usque
2314 2794 2753 2865 eonglobantur
2780 2810 2991 2850 omnes
3023 2795 3251 2866 incolae,
3291 2802 3543 2870 postque
3590 2799 3761 2856 bien-

2086 2883 2257 2940 nium
2289 2883 2546 2953 gestiunt
2574 2888 2628 2940 te
2660 2882 2902 2939 aciebus
2932 2885 3281 2956 praeparatis
3310 2885 3758 2945 invadere.Non

316 2974 593 3049 plurimis
614 2990 863 3031 suorum
888 2975 1256 3032 exercituum
1295 2977 1509 3033 occisis
1552 2980 1808 3035 nimium
1858 2980 1983 3052 eju-
2012 3012 2053 3068 C
2088 2977 2177 3029 est
2224 2978 2443 3028 nostra;
2494 2972 2837 3028 valitudinis
2892 2973 3196 3045 nostrique
3246 2974 3473 3030 consilii
3505 2982 3562 3031 et
3596 2980 3752 3050 opis,

318 3064 529 3131 lantes,
556 3063 1007 3120 revertebantur
1035 3064 1115 3121 ad
1142 3070 1358 3134 castra,
1410 3066 1830 3126 defunctorum
1886 3087 1982 3127 ca-

319 3153 545 3210 davera
594 3154 1001 3227 deportantes.
1062 3156 1301 3228 Nepotis
1344 3174 1488 3213 vero
1540 3164 1730 3216 morte
1770 3160 1982 3233 hisque

318 3242 930 3317 inopportunitatibus
981 3260 1087 3300 rex
1140 3244 1291 3301 Otho
1329 3252 1597 3317 muastus,
1652 3248 1984 3322 vidensque

317 3331 519 3388 venire
547 3348 846 3405 pagenses
877 3332 1033 3389 illius
1062 3338 1231 3389 teme
1261 3335 1340 3389 ad
1372 3335 1583 3392 urbem
1606 3336 1981 3406 altrinsecus,

317 3420 467 3477 dixit
492 3421 616 3477 suis
644 3421 1017 3494 principibus
1054 3439 1067 3476 :
1103 3444 1130 3471 ‹‹
1164 3425 1436 3478 Potestne
1467 3425 1594 3480 hinc
1624 3426 1768 3480 urbs
1793 3426 1982 3483 valla-

317 3510 368 3565 ri
395 3513 603 3565 nostro
633 3508 916 3578 exercitu,
949 3514 1015 3565 ut
1061 3510 1167 3582 qui
1208 3513 1671 3568 transvehunter
1720 3514 1981 3586 navigio,

317 3612 441 3653 non
466 3596 980 3666 transgrediantur
1000 3598 1028 3652 ?
1055 3621 1084 3648 ››
1117 3599 1574 3671 Responderunt
1607 3620 1620 3656 :
1673 3625 1701 3652 «
1752 3608 1983 3678 Nequa-

316 3702 528 3758 quam,
552 3685 697 3759 quia
718 3686 997 3757 Sequana
1026 3685 1279 3759 simplex
1309 3694 1366 3745 et
1395 3689 1713 3760 singularis
1758 3695 1985 3766 procel-

316 3772 389 3829 lis
408 3773 532 3829 suis
558 3773 752 3846 quatit
774 3789 980 3829 muros
1028 3774 1303 3843 civitatis,
1355 3777 1503 3849 quin
1561 3780 1740 3836 etiam
1797 3781 1984 3838 incre-

317 3867 582 3920 mentata
612 3868 670 3919 et
691 3868 1028 3936 repugnata
1056 3864 1336 3921 ﬂuctibus
1358 3868 1564 3938 maris,
1586 3869 1982 3928 determinato

317 3968 496 4008 cursu
523 3951 683 4007 lunae
713 3952 1033 4008 crescentis
1089 3957 1147 4009 et
1204 3954 1552 4025 deficientis,
1612 3957 1981 4016 incremento

317 4041 635 4114 septenarii
686 4040 944 4111 numeri,
997 4046 1287 4099 testuante
1341 4044 1525 4101 ﬂuctu
1599 4053 1983 4122 praeoccupat

315 4135 522 4202 portas
554 4133 609 4184 et
636 4128 862 4185 moenia
891 4129 1055 4185 urbs.
1091 4148 1121 4182 ›
1159 4134 1321 4187 Tunc
1376 4149 1482 4189 rex
1524 4136 1675 4192 Otho
1714 4136 1875 4193 misit
1902 4137 1981 4193 ad

316 4216 701 4284 Richardum,
737 4221 799 4272 ut
826 4217 1028 4273 liceret
1054 4218 1107 4274 ei
1133 4225 1306 4277 oratu
1335 4227 1535 4294 petere
1567 4231 1841 4281 sanctum
1866 4230 1982 4282 Au-

318 4307 604 4362 doenum.
638 4309 784 4361 Data
818 4322 956 4362 vero
982 4308 1195 4364 orandi
1222 4309 1479 4381 licentia,
1532 4329 1637 4368 rex
1684 4330 1823 4370 cum
1861 4315 1980 4388 epi-

320 4395 521 4468 scopis
548 4398 607 4451 et
632 4394 911 4467 ducibus,
930 4395 1215 4469 depositis
1236 4399 1438 4469 armis,
1467 4402 1629 4458 venit
1656 4403 1737 4459 ad
1764 4420 1979 4460 mona-

320 4481 585 4550 sterium,
617 4482 782 4554 quod
812 4487 905 4539 est
931 4483 993 4539 in
1025 4485 1317 4543 suburbio
1348 4487 1620 4557 civitatis,
1661 4490 1723 4545 in
1751 4490 1981 4548 honore

318 4570 601 4643 cultuque
633 4571 826 4627 sancti
872 4574 1021 4629 Petri
1075 4575 1385 4648 sanctique
1432 4562 1704 4634 Audoeni
1743 4579 1982 4636 dedica-

317 4659 656 4716 tum.Multa
684 4675 827 4716 vero
857 4660 1110 4719 donaria
1139 4662 1220 4718 ibi
1251 4663 1499 4735 largitus
1522 4670 1611 4722 est
1633 4666 1763 4739 ipse
1789 4672 1847 4725 et
1866 4668 1979 4739 sui,

316 4748 705 4821 residensque
751 4748 814 4804 in
861 4765 954 4821 eo,
1011 4751 1309 4806 accersitis
1356 4754 1745 4825 optimatibus
1782 4756 1978 4814 dixit:

319 4860 347 4888 α
388 4837 541 4902 Quid
589 4837 766 4894 nobis
818 4839 1125 4909 agendum
1165 4840 1256 4911 sit,
1317 4841 1520 4898 animo
1577 4844 1894 4914 decernite,
1928 4852 1985 4905 et

317 4925 466 4999 quid
516 4925 698 4996 hujus
750 4926 974 4997 negotii
1032 4926 1143 4982 sibi
1199 4927 1435 4985 videtur
1476 4936 1723 5002 rectum,
1750 4933 1984 4992 intimet

318 5015 595 5088 quisque.
629 5018 873 5072 Precatu
902 5015 1061 5086 regis
1120 5016 1421 5087 Ludovici,
1476 5022 1830 5095 comitisqua
1879 5027 1984 5081 Ar-

319 5103 469 5159 nulﬁ
507 5102 764 5160 subdolo
813 5104 1182 5177 sophismata
1235 5106 1485 5181 decepit,
1515 5109 1635 5176 huc
1680 5114 1979 5183 venimus,

319 5204 443 5261 quo
471 5204 594 5244 non
619 5190 909 5248 honorem
934 5200 1377 5268 recuperantes,
1409 5197 1514 5252 sed
1543 5198 1839 5256 damnum
1883 5218 1982 5257 ve-

321 5278 791 5351 recundiamque
820 5286 999 5356 atque
1026 5286 1444 5342 confusionem
1497 5289 1685 5345 nostri
1736 5290 1983 5348 honoris

322 5366 569 5440 turpiter
596 5368 875 5439 patimur.
901 5373 1050 5428 Nihil
1081 5373 1369 5431 adversus
1396 5378 1838 5435 Northmannos
1861 5380 1981 5436 ullo

321 5455 518 5511 hostili
547 5459 862 5515 conamine
888 5462 1209 5532 praevalere
1239 5469 1343 5536 qui
1372 5466 1653 5535 verimus,
1705 5468 1848 5540 quia
1875 5485 1984 5541 per

321 5547 612 5617 Sequanae
637 5547 877 5603 alveum
929 5556 1142 5607 cuncta
1188 5568 1477 5626 prospera
1530 5555 1642 5611 illis
1694 5556 1984 5613 submini-

318 5639 600 5694 strantur.
633 5637 990 5695 Intolerabili
1016 5639 1218 5714 itaque
1245 5645 1476 5700 crucior
1518 5646 1750 5703 tristitia
1796 5651 1976 5719 atque

2090 3061 2373 3117 diuturno
2404 3061 2690 3133 temporis
2714 3060 3025 3116 intervallo
3072 3062 3169 3117 hic
3225 3063 3467 3119 morari.
3531 3067 3748 3135 Regem

2092 3149 2461 3206 Ludovicum
2491 3148 2738 3220 paenitet
2758 3148 3013 3204 nimium
3040 3151 3158 3206 huc
3196 3150 3451 3220 venisse,
3506 3153 3647 3224 quia
3680 3154 3741 3208 in

2087 3240 2270 3311 hujus
2299 3237 2627 3295 obsidionis
2656 3237 3001 3294 dilatatione
3055 3239 3221 3295 novit
3259 3255 3321 3295 se
3373 3240 3525 3296 nihil
3575 3242 3743 3314 protr

2090 3345 2243 3385 cere.
2275 3326 2556 3384 Arnulfus
2585 3343 2728 3383 vero
2754 3327 3025 3401 plurimis
3071 3328 3515 3401 sophismatum
3549 3332 3753 3387 amba-

2092 3417 2268 3488 gibus
2297 3416 2624 3485 intricatus,
2670 3416 3052 3489 promulgato
3107 3418 3198 3473 sui
3246 3418 3550 3475 mendacii
3591 3421 3754 3490 inge-

2091 3506 2212 3573 nio,
2236 3506 2332 3562 hic
2357 3510 2413 3561 et
2442 3504 2538 3561 hic
2584 3504 2894 3572 latitando,
2949 3521 3072 3561 non
3131 3506 3321 3562 ambit
3365 3508 3756 3565 sermocinari

2091 3601 2290 3652 tecum
2311 3594 2591 3668 amplius.
2625 3596 2692 3651 Et
2712 3594 2847 3650 ideo
2875 3595 3122 3650 internae
3148 3595 3555 3652 meditationis
3601 3599 3760 3666 cogi-

2090 3688 2218 3741 tatu
2247 3688 2573 3741 retractans
2598 3683 2901 3757 perpende
2919 3684 3066 3757 quid
3091 3684 3263 3740 nobis
3283 3686 3760 3744 Transrhenanis

2092 3773 2401 3846 agendum
2427 3773 2499 3828 sit
2527 3772 2588 3828 in
2617 3773 2732 3829 ista
2763 3772 3096 3828 obsidione.
3134 3773 3279 3829 Urbs
3308 3790 3429 3831 non
3462 3776 3756 3849 capietur,

2090 3863 2332 3919 obsides
2372 3877 2494 3917 non
2526 3861 2854 3929 dabuntur,
2900 3877 3113 3918 verum
3160 3862 3539 3921 ineluctabile
3580 3866 3759 3922 nobis

2090 3952 2386 4009 damnum
2417 3956 2714 4007 accrescet
2731 3951 3011 4008 velocius.
3047 3952 3280 4008 Utinam
3319 3958 3436 4009 tuae
3460 3955 3757 4025 jussionis

2087 4046 2385 4115 praecepto
2415 4044 2569 4096 esset
2596 4040 2869 4113 quisquis
2897 4046 3192 4111 nostrum,
3250 4058 3373 4114 quo
3403 4047 3629 4099 terram
3657 4059 3759 4116 pe-

2088 4132 2176 4188 tiit
2207 4129 2453 4187 exordio
2482 4130 2807 4186 nativitatis
2838 4147 2961 4186 suae
2988 4131 2999 4185 !
3036 4130 3149 4187 Sed
3179 4131 3323 4203 quia
3350 4130 3531 4187 nobis
3553 4133 3757 4189 adhuc

2089 4222 2336 4278 minime
2367 4219 2671 4276 sufﬁciunt
2689 4225 2844 4288 vota,
2872 4237 3209 4293 precamur,
3244 4226 3457 4293 torque
3506 4239 3759 4295 prospe-

2088 4328 2171 4368 τω
2199 4309 2586 4382 regressionis
2617 4309 2884 4380 vestigia,
2919 4315 3138 4367 terram
3161 4316 3378 4366 nostrae
3429 4311 3752 4367 nativitatis

2089 4401 2410 4473 repetitura
2443 4416 2455 4453 :
2487 4422 2513 4448 ››
2558 4398 2750 4469 Hujus
2780 4398 2957 4468 igitur
3003 4399 3294 4455 sermonis
3347 4399 3761 4457 collocutioni-

2088 4490 2205 4545 bus
2229 4506 2334 4545 rex
2364 4488 2513 4546 Otho
2543 4487 2944 4558 submonitus,
2969 4486 3419 4560 formidansque
3441 4489 3766 4562 pestiferos

2091 4578 2270 4635 futuri
2295 4576 2541 4651 periculi
2571 4592 2771 4645 casus,
2797 4575 2973 4649 quasi
3001 4575 3154 4631 infra
3184 4581 3403 4631 statum
3436 4594 3566 4633 suae
3599 4594 3771 4634 men-

2092 4668 2164 4724 tis
2193 4671 2484 4740 receptus,
2518 4665 2741 4721 diutius
2792 4665 3091 4721 meditans
3142 4664 3272 4721 infit
3326 4665 3715 4740 principibus
3750 4686 3765 4722 :

2094 4781 2121 4808 ‹‹
2147 4761 2227 4814 Ne
2256 4757 2464 4830 pejora
2490 4754 2790 4827 prioribus
2816 4753 3139 4810 infortunia
3164 4754 3405 4809 fortuitu
3421 4755 3595 4827 patia
3622 4773 3766 4823 nur,

2091 4862 2239 4903 neve
2266 4844 2457 4902 nostri
2478 4843 2701 4900 inimici
2753 4844 2942 4900 nostri
2987 4842 3322 4899 detrimenti
3367 4845 3769 4902 successibus

2092 4936 2387 4993 exsultent
2415 4934 2696 5007 amplius,
2724 4934 2831 4991 iter
2850 4939 3067 4991 nostrae
3096 4933 3510 5004 regressionis,
3569 4936 3618 4991 si
3661 4953 3772 4992 vo-

2091 5026 2184 5082 bis
2214 5026 2375 5097 libet,
2417 5040 2549 5081 cras
2599 5027 2961 5096 repetamus.
3000 5045 3026 5072 η
3066 5023 3189 5078 Hoc
3240 5038 3508 5095 namque
3570 5026 3775 5081 consi-

2092 5115 2238 5171 lium
2264 5113 2700 5170 Transrhenani
2743 5112 3153 5168 collaudantes
3201 5127 3307 5185 per
3352 5111 3588 5183 omnia,
3631 5131 3772 5170 ora-

2092 5205 2252 5260 tione
2284 5203 2417 5259 fusa
2446 5203 2506 5258 in
2537 5201 2725 5259 sancti
2751 5202 2901 5259 Petri
2926 5202 3236 5274 sanctique
3274 5201 3551 5258 Audoeni
3605 5203 3772 5261 basi-

2088 5294 2226 5364 lica,
2275 5297 2552 5365 repetunt
2602 5292 2819 5348 hilares
2896 5292 3165 5348 tentaria.
3249 5290 3537 5347 Arnulfus
3621 5311 3771 5351 vero

2091 5399 2314 5449 comes,
2342 5383 2531 5438 relatu
2560 5382 2989 5455 quorumdam,
3023 5386 3088 5437 ut
3107 5374 3461 5454 pr?evidcret
3478 5397 3557 5437 ne
3588 5400 3774 5457 cape-

2087 5477 2268 5538 retur,
2300 5471 2567 5537 edoctus,
2596 5471 2868 5527 obscurae
2899 5470 3088 5525 noctis
3120 5469 3436 5526 conticinio
3470 5487 3773 5544 expet-ge-

2089 5558 2247 5614 facto
2277 5575 2387 5614 suo
2418 5560 2698 5627 exercitu,
2730 5559 2940 5614 castris
2970 5558 3356 5630 tentoriisque
3377 5559 3770 5631 complicatis

2091 5648 2373 5705 secretius
2475 5655 2655 5722 atque
2736 5664 2808 5704 ex
2908 5647 3073 5704 omni
3147 5646 3543 5721 suppellectili
3620 5664 3775 5705 one-
