4002 6186
344 153 438 204 721
846 153 935 206 DE
973 149 1217 208 GESTIS'
1245 151 1673 207 NORMANNIxE
1712 150 1950 206 DUCUM
1987 147 2171 203 LIBRI
2210 150 2405 205 TRES.
2439 181 2507 190 —
2530 152 2659 206 LIB.
2697 155 2784 208 III.
2829 152 3256 212 RICHARDUS.
3658 160 3764 214 722

340 273 488 329 ratis
517 274 687 347 equis
727 279 781 330 et
818 274 1122 347 plaustris,
1182 280 1363 331 noctu
1401 259 1654 330 °silenter
1709 279 2001 345 cauteque
2029 276 2076 328 Α
2113 272 2346 328 Ordinis
2415 278 2601 348 atque
2659 277 3007 350 gradusque
3074 278 3404 335 monastich
3468 279 3764 353 suppleat,

339 368 521 435 atque
548 363 886 420 clanculum
913 363 1236 438 profectus,
1281 364 1586 438 repetebat
1638 379 1778 420 rura
1833 363 2002 419 Flan-
3485 371 3694 442 [ornet,

341 451 583 507 drensia
608 451 1041 508 velocissimus.
2291 453 2546 524 Stringat
2567 460 2623 511 et
2651 456 3001 529 ampliﬁcet,

972 543 1370 597 APOS'I'ROPIIA.
2113 540 2382 613 Legeque
2411 545 2665 600 normali
2695 545 3060 618 compellens
3091 545 3283 602 vivere
3315 551 3490 616 cogat

343 630 517 699 Otho,
549 646 723 700 surge
752 629 1034 696 velocius,
1069 636 1126 686 et
1154 630 1292 700 fuge
1317 646 1478 686 nunc
1510 631 1682 697 citus,
2293 630 2535 687 Servitio
2564 633 2895 702 Altilhroni,

371 711 376 716 ’
524 719 790 775 Natalem
820 724 953 791 pete
977 719 1217 788 glebam
1244 720 1256 774 ἓ
2116 716 2325 790 Sicque
2352 720 2640 777 corollarii
2663 723 2862 796 superi
2877 723 3238 780 commercia
3267 723 3530 791 lucrans,

343 808 572 864 Vindex
600 824 743 864 nam
772 825 1024 881 superus
1050 813 1152 864 tua
1176 808 1401 864 territat
1427 809 1692 879 agmina.
2293 809 2454 866 Vivet
2479 811 2540 866 in
2568 828 2702 868 arce
2733 813 2876 885 poli.

528 898 784 966 Surgens
809 913 971 952 nunc
1003 897 1116 953 cito
1145 897 1288 952 cede
1323 897 1336 952 !

1327 951 1333 952 ί
1515 986 1536 997 -
2533 951 2894 991 APOSTROPHA
2923 955 2995 992 AD
3026 954 3362 994 IIICHARDL'M.

344 989 565 1042 Ductor
594 987 884 1042 subdolus
918 987 1159 1043 evanuit
1187 992 1324 1042 tuus
1359 1005 1372 1054 ;
1406 1002 1479 1041 en
1510 986 1655 1055 fuga

523 1078 596 1130 Te
628 1090 788 1129 nunc
828 1091 968 1130 crue
999 1090 1232 1149 praepes
1267 1075 1279 1128 !
2295 1055 2604 1125 Richarde,
2631 1057 2848 1125 bonus,
2879 1059 3254 1128 recolendus,

344 1165 560 1220 Contra
587 1164 733 1220 velle
766 1165 865 1220 Dei
897 1145 1043 1237 quid
1072 1145 1270 1220 adhuc
1301 1162 1556 1219 recubas
1589 1163 1616 1218 ?
1641 1164 1797 1232 Fuge

1685 1178 1797 1232 ηερ
2295 1145 2478 1215 Digne
2511 1147 2911 1214 venerandus,
2940 1149 3260 1215 amandus,

527 1261 689 1309 Nunc
718 1254 756 1324 i,
784 1234 945 1309 nunc
976 1254 1134 1324 fuge,
1157 1268 1341 1319 nunc,
1370 1267 1554 1307 nunc.
2295 1236 2362 1289 Et
2392 1234 2681 1324 ιιιδιΓοῘιίΟ,
2889 1235 3319 1324 70017116581111“!
3352 1269 3419 1276 —

347 1345 495 1399 Cum
526 1323 993 1400 Northmannica
1010 1323 1380 1415 praepedient
1407 1341 1512 1397 tibi
1540 1345 1597 1397 et
1616 1340 1880 1410 agmina,

1591 1340 1880 1410 ιαεωίηδ,
2295 1326 2448 1378 Num
2473 1323 2846 1395 praetimidos
2877 1323 3171 1391 faciendo,

527 1432 674 1502 Heu,
704 1433 824 1488 heu
857 1433 868 1486 l
909 1412 1297 1505 turpius—ibis.
2299 1413 2488 1484 Super
2517 1412 2628 1467 hos
2652 1412 2828 1468 timor
2847 1412 3016 1468 irruit
3042 1428 3176 1468 ecce

347 1523 628 1577 Grcssum
659 1539 820 1578 nunc
851 1529 1003 1594 pete,
1037 1538 1198 1577 nunc
1230 1521 1387 1592 fuge,
1411 1535 1571 1576 nunc
1605 1518 1713 1574 iter
1744 1517 1927 1591 arripe

1702 1534 1713 1574 τ
1744 1517 1939 1591 arripe
2294 1501 2466 1570 Regis
2501 1501 2733 1557 domini
2760 1501 3188 1574 omnipotentis
3215 1534 3282 1542 —

527 1610 699 1664 Fides
729 1588 937 1664 cedépe
969 1625 1116 1678 coge
1151 1609 1162 1662 ι
1301 1588 1324 1592 ⁷
1864 1588 1886 1591 ”
2038 1629 2078 1682 Β
2295 1592 2374 1644 Ne
2414 1588 2698 1645 sollicitus
2724 1589 2939 1646 timeas
2970 1607 3155 1660 nunc,

349 1701 468 1754 Rex
498 1715 680 1762 nunc,
709 1715 785 1753 ne
812 1714 1042 1770 pereas,
1063 1677 1236 1768 iuge,
1269 1696 1433 1766 cede,
1465 1695 1873 1768 liquesceque,
2040 1677 2072 1682 —
2295 1677 2621 1770 {8.011199%
2655 1679 2754 1770 Dei
2779 1678 3141 1770 celerﬁsjﬁ-m

531 1790 743 1859 Septus
777 1766 976 1842 ιεξιητθ
1009 1766 1168 1841 omni
1198 1766 1222 1840 g'
1528 1766 1550 1768 “
1755 1766 1768 1767 ⁷“
2299 1767 2558 1822 Perculsi
2591 1768 2798 1823 animo
2830 1766 3138 1837 fugiendo,

359 1855 690 1932 Richardus
715 1876 953 1946 juvenis
977 1876 1206 1948 probus
1232 1880 1288 1931 et
1309 1875 1443 1948 pius
1467 1879 1524 1931 et
1543 1873 1742 1930 bonus
2297 1855 2500 1950 Ῑίξυῐξεῗε
2527 1856 2812 1950 “Iambus
2836 1856 3164 1950 οεξΡίθιηίιΠ,

537 1940 765 2034 Αεζωεή
789 1966 916 2036 jam
945 1940 1083 2020 citat
1110 1940 1341 2036 ingens,
2298 1940 2506 2039 (ἔξδάίρ
2535 1940 2737 2039 Plut“?
2760 1940 3108 2039 Πλονίθῐιξυξ·

359 2056 642 2109 Summus
673 2054 960 2120 marchio,
1003 2053 1125 2108 dux
1156 2069 1418 2126 quoque,
1451 2050 1754 2124 patricius,
1787 2064 2010 2118 comes,
2301 2029 2807 2128 _5_i°‘V'i¥‘Pat1'i_am
2833 2029 3227 2128 reDedabunt-

533 2146 596 2197 Et
625 2147 677 2196 te
708 2143 915 2197 cedere
939 2142 1130 2210 gestit.
1175 2119 1194 2125 -
1299 2119 1322 2126 -
1451 2119 1472 2124 —
1737 2119 1744 2122 ⁷

1737 2119 1744 2122 ⁷
2301 2122 2385 2175 Tu
2405 2119 2637 2189 legibus
2664 2124 2720 2175 et
2747 2119 3113 2192 populorum

349 2229 535 2299 Hujus
565 2235 755 2284 sector
785 2207 973 2297 humi,
1007 2217 1292 2302 locuples,
1325 2228 1524 2285 bonus
1553 2233 1611 2284 et
1639 2243 1847 2297 sagax.
2297 2209 2487 2264 Index
2516 2208 2751 2302 εξηίξηοε
2771 2207 3135 2302 ι’θάοωεξδίε·

526 2322 640 2372 Aut
664 2334 808 2386 non,
841 2322 944 2373 aut
973 2297 1369 2387 velim—exstat.
2299 2302 2402 2352 Αεῐ
2429 2297 3077 2387 θοίοῙθείᾶε-ἓ-ῖεξῖυθηάο,

348 2409 571 2476 Legum
601 2410 656 2461 et
685 2385 1002 2462 distribuet
1026 2385 1253 2479 populo
1285 2405 1770 2462 moderaminum

1380 2405 1770 2462 ideraminum
2303 2386 2618 2441 Famulatu
2647 2385 2960 2441 sollicitare

524 2492 712 2548 Judex
741 2494 939 2564 justus
965 2473 1262 2550 habenas.

2301 2474 2565 2530 Practico
2597 2473 2998 2546 theoricoque,

349 2581 564 2636 Damni
594 2562 848 2655 postque
878 2583 1160 2653 lugubria
1189 2583 1391 2638 debita
1422 2580 1633 2638 ﬂebilis
2300 2563 2585 2655 Tl‘IfOl‘me
2613 2563 2728 2618 hoc
2753 2562 2978 2655 Οΐεξίιξίε
3009 2576 3249 2655 ᾷεωθιι.

528 2650 711 2740 Digne
742 2650 991 2726 scandet
1021 2671 1368 2742 Olympum.
2304 2653 2526 2708 Deitate
2556 2668 2746 2742 sacrae
2770 2650 3064 2707 Trinitatis

621 2775 985 2815 APOSBROPHA
1019 2777 1089 2814 AD
1120 2774 1503 2815 LUTIIDOVICUM
1536 2773 1736 2813 REGEM.

1536 2773 1736 2813 ngam.
2305 2744 2512 2812 Coges,
2541 2740 2784 2812 urgebis
2813 2746 2870 2797 et
2899 2756 3103 2810 auges.

350 2849 541 2912 Quem
573 2847 773 2917 regale
812 2848 1020 2916 decus,
1054 2852 1356 2920 sceptrum
1414 2845 1763 2920 passimque
1820 2861 2019 2901 corus—
2761 2883 3144 2924 Aposmopm,

1784 2935 1943 3005 [cum
2045 2980 2086 3033 ο
2303 2993 2534 3049 Insidiis
2561 2992 2860 3065 remisque
2891 2993 3197 3049 hiantibus

527 3026 761 3082 Jactitat
785 3025 1096 3094 eximium,

353 3117 673 3170 Stemmate
731 3114 915 3185 regali
944 3131 1128 3187 quem
1157 3113 1432 3186 exporgit
1456 3128 1604 3168 sexu
1641 3112 1719 3169 ab
1762 3117 2014 3184 utroque

532 3202 709 3273 Regia
736 3202 1074 3274 progenies,

351 3293 540 3356 Quem
571 3291 740 3347 decet
769 3292 953 3348 attolli
981 3307 1222 3347 summo
1252 3290 1591 3360 conamine,
1622 3306 1758 3363 quae
1786 3294 1923 3344 sunt

529 3381 707 3449 Regia
725 3381 772 3436 si
801 3380 1063 3453 peragis,

349 3471 416 3524 Et
436 3469 610 3540 cujus
636 3470 845 3541 proavi
875 3470 967 3525 bis
999 3475 1084 3525 ter
1113 3469 1224 3525 tria
1248 3484 1438 3539 regna
1457 3467 1728 3524 feruntur

529 3559 851 3614 Conciliare
880 3558 1010 3625 sibi,

348 3650 463 3702 Cur
489 3646 721 3702 vicibus
753 3647 931 3703 tantis
955 3647 1321 3703 Richardum
1353 3651 1612 3702 sternere
1644 3645 1846 3714 gestis,

527 3736 930 3792 Percelebrem
953 3737 1240 3808 juvenem
1269 3737 1296 3792 ἱ)

349 3825 612 3880 Perﬁdiae
644 3825 882 3880 deditus
913 3843 1087 3881 casso
1109 3825 1408 3881 conabere
1438 3828 1653 3880 cuncta

528 3919 794 3986 Namque
825 3930 1008 3988 supra
1039 3914 1181 3971 satis
1220 3915 1367 3969 haec.

347 4007 515 4058 Nunc
546 4003 743 4072 fugias
776 4004 998 4076 potius,
1028 4003 1224 4074 magis
1251 4003 1380 4057 haec
1410 4001 1700 4056 sententia
1742 4006 2006 4074 praestat,

529 4095 786 4164 Praepete
807 4109 964 4164 equo
996 4097 1051 4148 et
1081 4091 1324 4148 volucri.

349 4182 570 4236 Contra
601 4182 1045 4238 Northmannos
1072 4181 1216 4236 olim
1238 4178 1459 4236 bellare
1489 4178 1722 4252 cupisti,

529 4271 681 4336 Quid
712 4287 946 4326 memor
975 4270 1165 4340 attigit
1195 4287 1278 4326 es.

344 4363 496 4415 Nam
523 4365 732 4432 captus
755 4359 896 4414 belli
920 4336 1264 4429 certamine,
1306 4357 1672 4414 succubuisti
2042 4336 2086 4389 D

525 4447 774 4503 Casibus
802 4447 1150 4504 innumeris.

344 4542 514 4594 Nunc
569 4540 730 4608 fuge,
790 4538 956 4608 cede,
1017 4538 1251 4608 recede,
1317 4537 1488 4593 itiner
1545 4553 1691 4610 cape
1761 4536 2008 4610 praepeti

1683 4626 1932 4697 [gressu,

2305 3083 2545 3140 Cunctis
2576 3083 2873 3155 malisque
2904 3083 3176 3151 traditus,

2309 3174 2537 3227 Exosus
2566 3171 2842 3240 nimium,
2875 3176 2940 3226 ut
2963 3171 3273 3244 putridum
3293 3187 3497 3244 pecus,

2305 3260 2513 3317 Clades
2543 3276 2782 3333 perosa,
2813 3259 3072 3327 odibilis,

2300 3349 2540 3404 Pestifer
2568 3353 2624 3404 et
2646 3365 2900 3416 nocuus,
2931 3348 3080 3421 quin
3108 3346 3398 3421 perﬁdus,

2299 3437 2576 3509 Injurius,
2605 3437 2832 3493 cunctis
2853 3436 3003 3504 lues,

2299 3531 2364 3583 Et
2385 3527 2544 3584 dicto
2565 3532 2623 3584 ct
2645 3528 2822 3597 facto,
2855 3525 3262 3596 meditamine,

2299 3616 2608 3673 Obnoxius
2634 3616 2880 3683 cunctis,
2908 3632 3068 3688 reus,

2296 3706 2566 3779 Amplius
2597 3707 2763 3762 haud
2782 3722 3036 3762 renoves
3061 3705 3190 3776 jam
3215 3705 3418 3776 jurgia

2299 3796 2500 3852 Nullos
2532 3795 2741 3851 citabis
2773 3795 2996 3864 litibus,

2299 3884 2511 3940 Desine
2541 3883 2907 3939 Richardum
2930 3884 3241 3953 juvenem,
3262 3879 3546 3951 probum,

2296 3972 2792 4027 Prtedestinatum
2818 3971 2948 4040 jam
2977 3973 3117 4024 Deo.

2299 4058 2574 4124 Marchio,
2609 4056 2914 4130 patricius,
2948 4056 3073 4111 dux
3102 4058 3157 4110 et
3186 4069 3410 4120 comes,

2300 4147 2550 4218 Electus,
2584 4145 2801 4213 almus,
2824 4148 3183 4218 praepotens,

2300 4235 2607 4307 Egregius,
2624 4236 2845 4307 justus,
2876 4234 3012 4308 pius
3042 4239 3097 4291 et
3120 4232 3368 4307 probus,

2299 4328 2551 4383 sanctus
2579 4312 3028 4397 modestusque,
3057 4324 3367 4392 innocens,

2301 4414 2618 4484 Religionis
2647 4430 2919 4486 apexque
2951 4431 3134 4471 sacrae
3156 4414 3381 4484 cluens,

2298 4506 2363 4559 Et
2386 4503 2582 4559 forma
2610 4519 2857 4560 normae
2886 4503 3183 4577 praecluis,

2297 4589 2429 4650 Ιδηα
2457 4609 2700 4648 summa
2725 4592 2871 4648 boni
2896 4593 3078 4663 hujus
3100 4590 3282 4647 lucidi

523 4716 728 4772 Vivere
758 4715 809 4770 si
829 4716 1037 4788 cupias
1073 4717 1086 4771 ι
1683 4679 1764 4697 W‘
1784 4679 1800 4682 Ὗ
1821 4679 1831 4681 ⁷
1853 4679 1863 4680 ί
2295 4681 2532 4737 Plebem
2561 4681 2720 4738 fovet
2747 4679 3296 4738 Northmannicam.

339 4806 547 4874 Jurgia
570 4820 680 4860 nec
721 4809 954 4877 repetas
981 4808 1208 4872 contra,
1239 4820 1420 4877 quem
1447 4804 1689 4860 dextera
1718 4805 1932 4874 sanxit,
2188 4809 2368 4878 Igitur
2398 4808 2631 4882 plebeio
2656 4808 2838 4879 hujus
2889 4805 3255 4862 nocturnalis
3307 4802 3634 4860 murmuris
3684 4806 3772 4858 tu-

526 4893 754 4948 Judicis
783 4894 1043 4965 aetherei,
2115 4898 2309 4954 multu
2363 4897 2844 4969 sonipedumque
2875 4894 3121 4967 strepitu
3173 4908 3343 4962 reges
3380 4890 3657 4961 exterriti,
3687 4890 3776 4946 ni-

344 4985 537 5049 Qnem
567 4999 822 5039 censura
847 4983 944 5038 Dei
960 4983 1347 5056 praedestinat
1374 4983 1800 5056 omnipotentis
2117 4988 2374 5059 miaeque
2425 4985 2760 5041 formidinis
2799 4989 3055 5040 tremore
3097 4980 3375 5055 perculsi,
3427 4980 3490 5036 in
3519 4979 3772 5050 caligine

523 5073 781 5128 Moribus
804 5078 861 5128 et
879 5072 1127 5142 meritis,
1429 5131 1434 5134 ,
2115 5077 2388 5131 obscurae.
2419 5073 2606 5128 noctis
2639 5071 3138 5144 putabantgratia
3167 5069 3509 5125 certaminis
3531 5069 3772 5126 Richar-

341 5161 636 5216 Ecclesias
667 5160 799 5216 altis
828 5161 1115 5217 extollens
1143 5161 1528 5229 culminibus,
1560 5177 1683 5234 quo
2115 5165 2264 5220 dum
2323 5163 2536 5218 adesse
2592 5177 2730 5216 cum
2769 5161 2910 5216 suis.
2968 5164 3226 5231 Repente
3275 5158 3650 5216 conclamata
3685 5164 3775 5216 est

523 5249 808 5318 Alditicet,
841 5253 1078 5317 statuat,
2116 5249 2389 5306 omnium
2422 5249 2585 5305 salus
2610 5248 2863 5321 vitaeque
2888 5247 3111 5304 ﬁducia
3136 5263 3394 5322 spesque
3423 5247 3662 5306 vivendi
3686 5263 3775 5304 re-

339 5339 616 5408 Protegat
643 5343 700 5393 et
722 5338 1036 5410 populum,
1071 5337 1323 5394 caelestis
1347 5337 1688 5410 pneumatis
1719 5343 1931 5394 auctus
2117 5337 2291 5395 cessit
2320 5336 2398 5393 ab
2429 5336 2732 5393 omnibus.
2757 5337 3121 5407 Ignorabant
3149 5337 3309 5394 enim
3329 5338 3476 5411 quid
3506 5343 3769 5409 agerent,

523 5430 762 5482 Nectare
784 5427 1079 5499 septiﬁdo,
2116 5427 2474 5483 ﬂuctuantes
2503 5441 2625 5498 quo
2665 5443 2727 5482 se
2757 5425 2900 5495 fuga
2926 5431 3236 5484 verterent.
3272 5430 3430 5485 Mens
3473 5427 3772 5499 siquidem

341 5516 580 5583 Muniat,
614 5515 849 5587 exaltet,
871 5516 1199 5572 defendens
1219 5515 1483 5586 adjuvet,
1514 5517 1694 5586 atque
2116 5517 2356 5573 illorum
2386 5515 2631 5588 trepidis
2686 5517 2867 5572 rebus
2915 5517 3186 5586 nutabat,
3219 5532 3440 5590 corque
3465 5517 3772 5590 praetrepi-

522 5605 802 5661 Hostibus
827 5605 1055 5679 eripiat,
2118 5607 2267 5664 dum
2290 5606 2726 5678 indignumque
2747 5605 3008 5663 veritatis
3024 5609 3141 5664 huc
3159 5606 3418 5679 illucque
3432 5605 3768 5664 vacillabat.
