4002 6186
272 155 377 219 ’123

1260 142 1565 208 DUDONlS
1606 142 1861 205 DECANI
1903 139 1958 204 S.
2002 136 2309 213 QUINTINI
2347 136 2728 203 VIRDMAND.

3612 142 3719 196 72$

272 275 434 343 Alius
466 292 637 339 enses
669 276 1044 350 ampleXatus
1075 279 1140 332 ut
1176 282 1386 332 amens
1412 273 1724 344 fugitabat,
1779 263 1931 328 alitis
1962 272 2012 325 A
2042 270 2179 326 ﬁcia
2209 275 2265 326 et
2315 262 2568 326 donaria
2626 271 3021 325 sacrosanctae
3079 263 3342 350 ecclesiae
3399 258 3726 321 distribuit

272 378 439 431 scuta
464 369 754 428 revellens
782 366 998 422 insano
1025 364 1237 439 spiritu
1285 364 1459 437 quasi
1513 378 1622 435 per
1672 360 1933 417 latebras

275 462 534 521 errabat.
557 457 670 513 Alii
699 472 837 511 vero
868 454 1121 511 tentoria
1183 452 1501 526 castraque
1549 454 1706 508 terra
1760 450 1934 506 tenus

271 536 748 627 prosternebant,
783 541 880 600 alii
908 546 1110 599 autem
1159 551 1347 616 equos
1377 540 1636 614 phaleris
1688 544 1935 627 exorna-

271 640 439 695 bant.
472 639 573 691 Hic
602 635 717 689 hac
755 632 1011 704 illacque
1059 648 1181 704 quo
1229 630 1534 687 nesciebat
1584 626 1933 693 cursitabat,

272 722 369 779 hic
400 718 764 792 stupefactus
786 720 843 772 et
871 716 1159 772 tremulus
1192 722 1434 787 unoque
1464 713 1676 770 obtutu
1705 710 1937 767 deﬁxas

271 809 558 869 haerebat.
588 807 687 863 Hic
718 806 868 863 inter
884 804 1274 876 ﬂuctivagam
1324 803 1764 875 tremulumque
1822 800 1941 873 ple-

273 900 416 956 bem
445 896 801 970 quaeritabat
856 910 1036 950 suum
1077 893 1393 960 seniorem,
1444 892 1540 948 hic
1589 891 1740 947 inter
1772 906 1936 946 com-

283 987 533 1044 mistum
563 1000 805 1056 gregem
831 983 1076 1039 inermis
1101 982 1393 1056 palpabat
1420 981 1733 1036 clamitans
1761 995 1939 1035 suum

282 1076 553 1133 militem.
584 1074 688 1129 Hic
715 1072 869 1146 pede
893 1062 1068 1128 celeri
1093 1077 1305 1141 gressu
1336 1067 1540 1140 fugam
1572 1067 1830 1141 petebat,
1877 1066 1939 1122 hi

278 1164 450 1239 equis
475 1161 806 1219 calcaribus
837 1156 1025 1216 citatis
1046 1158 1305 1215 inermes
1336 1157 1690 1229 fugitabant.
1746 1157 1814 1211 Hi
1844 1156 1938 1212 tri-

274 1254 416 1311 lices
443 1250 657 1308 loricas
680 1245 1001 1323 galeasque
1031 1255 1179 1305 auro
1238 1252 1510 1321 cemptas‘
1566 1247 1763 1303 furtim
1809 1246 1942 1302 abs-

278 1341 640 1410 condebant,
672 1339 734 1395 hi
764 1334 1121 1395 ornamenta
1176 1332 1400 1407 regalia
1447 1341 1775 1409 caeteraque
1827 1336 1938 1391 sibi

278 1428 688 1486 vindicabant.
723 1426 1079 1483 Pavidorum
1101 1433 1273 1483 exere
1297 1428 1467 1481 tuum
1493 1432 1768 1480 murmur
1792 1424 1943 1480 mul-

278 1521 375 1574 tus
400 1516 527 1589 (sic)
556 1515 669 1572 alte
698 1506 1039 1583 resonabat,
1072 1522 1269 1588 voque
1296 1506 1680 1570 inarticulatae
1725 1512 1942 1569 tumul-

2044 357 2400 415 lfetissimus.
2430 358 2530 413 His
2559 354 2637 414 ita
2669 351 2868 413 divino
2893 356 3044 412 nutu
3064 348 3333 427 eXpletis,
3356 350 3552 427 Coepit
3574 360 3729 426 prte-

2045 448 2258 521 cipuus
2283 448 2345 504 in
2373 448 2539 504 omni
2560 452 2714 503 terra
2762 447 3332 511 Nortlima'nnor‘um,
3373 444 3731 499 Britonum-

2044 554 2185 611 que,
2215 541 2577 594 Francorum
2610 541 2668 593 et
2696 533 3194 606 Burgundionum
3213 534 3441 590 haberi.
3486 533 3731 589 Nitebat

2045 626 2206 682 enim
2230 642 2338 698 pro
2364 632 2651 696 generum
2697 623 3025 695 nobilitate,
3083 620 3336 679 ﬂorebat
3363 621 3730 678 bonitatum

2044 716 2363 786 agalmate,
2417 716 2672 773 Moribus
2738 718 2863 770 erat
2908 712 3169 783 illustris,
3257 702 3726 783 sublimiorque

2045 806 2256 861 merito
2283 800 2477 860 astris.
2514 803 2714 875 Eiiigie
2743 800 3046 871 rutilabat,
3078 800 3347 874 nullique
3378 802 3619 874 pietate
3644 812 3731 856 se-

2046 894 2282 949 cundus
2313 898 2457 949 erat.
2494 896 2720 949 Statum
2749 882 3091 964 reipublicae
3121 886 3349 945 Archos
3382 886 3729 945 melliﬂuus

2046 982 2401 1053 adornabat,
2424 982 2739 1055 Omnisque
2763 979 3073 1054 probitatis
3092 976 3258 1035 fama
3282 986 3467 1051 super
3497 976 3731 1033 aethera

2044 1075 2224 1127 notus
2274 1075 2417 1127 erat.
2470 1070 2835 1127 Monstrabat
2882 1068 3068 1124 solers
3102 1066 3350 1138 jugibus
3376 1060 3584 1136 factis,
3611 1071 3730 1122 stu-

2045 1159 2179 1230 diis,
2229 1149 2517 1232 exemplis
2577 1158 2633 1214 et
2682 1156 3081 1225 dOCUmentis,
3136 1154 3341 1211 omnia
3383 1152 3730 1211 commoda

2045 1248 2354 1304 imitandae
2392 1247 2693 1303 bonitatis.
2758 1244 2934 1302 Vultu
2983 1245 3180 1301 clarus
3238 1244 3382 1313 erat,
3423 1244 3729 1316 omnique

2046 1342 2183 1393 actu
2213 1334 2428 1393 clarior
2457 1335 2684 1392 cunctis
2713 1332 3038 1405 exstiterat,
3059 1331 3250 1389 dulcis
3267 1328 3583 1389 emicabat
3605 1328 3728 1387 elo-

2044 1427 2210 1499 quio,
2242 1426 2450 1481 habitu
2480 1429 2537 1481 et
2589 1424 2823 1480 incessu
2855 1421 3137 1479 omnibus
3168 1423 3426 1479 suavior.
3488 1420 3726 1476 Nitidus

2046 1532 2149 1571 ore
2178 1510 2482 1582 memﬂuo,
2513 1522 2759 1569 serenus
2785 1522 3022 1585 semper
3038 1511 3219 1568 corde
3243 1510 3722 1582 jucundissimo.

280 1611 380 1662 tus
411 1604 759 1677 clamorque
788 1600 1129 1660 ululatuum
1185 1598 1433 1658 confuse
1468 1596 1739 1658 tinnibat.
1790 1603 1941 1668 Qua—
1974 1618 2011 1677 Β
2047 1604 2336 1660 Fervebat
2358 1620 2622 1676 namque
2653 1602 2791 1669 ﬁde,
2812 1618 2915 1674 spe
2944 1604 3000 1656 et
3028 1600 3334 1667 charitate,
3366 1597 3723 1670 dUplicique

277 1698 523 1769 propter
569 1692 957 1749 tumultuario
1015 1682 1373 1765 plebeioque
1426 1691 1610 1763 hujus
1677 1690 1939 1747 confusae

281 1783 655 1854 altivolaeque
695 1772 1134 1838 vociferationis
1192 1779 1405 1836 tinnitu
1436 1772 1943 1851 Rothomagenses

280 1870 536 1937 excitati,
569 1869 958 1924 formidantes
1007 1878 1081 1924 ne
1112 1864 1676 1942 prteoccupa'rentur
1700 1873 1943 1941 repente

281 1958 496 2015 futurae
527 1955 880 2028 crepusculo
910 1955 1004 2011 die
1032 1956 1160 2027 [sia
1188 1949 1235 2026 Γ.
1271 1950 1429 2028 diei],
1471 1956 1816 2011 munierunt
1845 1972 1943 2010 ur-

280 2047 424 2103 bem
449 2044 802 2102 custodibus
828 2043 1096 2116 armatis,
1150 2043 1384 2117 ipsique
1416 2038 1730 2116 pervigiles
1760 2060 1942 2117 praes-

280 2134 623 2192 tolabantur
669 2133 865 2189 tristes
908 2138 1158 2189 eventus
1212 2130 1524 2208 praeoptati
1562 2132 1765 2205 praelii.
1796 2136 1943 2190 Cum

282 2229 483 2281 autem
513 2239 733 2280 aurora
754 2223 1081 2279 tenebr0sae
1114 2216 1304 2279 noctis
1339 2220 1656 2293 caliginem
1687 2223 1944 2295 puniceo

282 2312 507 2370 amictu
528 2311 795 2368 emicans
845 2311 1190 2379 desiccaret,
1222 2302 1523 2384 rebusque
1555 2309 1717 2367 eolor
1759 2310 1948 2367 notio-

280 2401 494 2475 nisque
521 2400 870 2470 imaginatio
901 2400 1137 2467 rediret,
1171 2398 1481 2474 coeperunt
1508 2396 1946 2457 TranSrhenani

281 2487 544 2559 magalia
584 2487 949 2567 succendere
986 2487 1214 2562 iterque
1246 2478 1594 2545 desideratas
1626 2488 1945 2558 regressio-

282 2576 378 2632 nis
404 2580 689 2650 repetere,
718 2576 1075 2650 viarumque
1097 2575 1290 2648 ignari
1306 2574 1419 2633 hac
1436 2575 1692 2650 inache
1710 2575 1946 2650 pravidi

280 2664 927 2723 ﬂuctuare.Richardus
954 2672 1095 2722 vero
1125 2665 1245 2721 dux
1274 2662 1946 2734 magnanimus,florida

284 2770 564 2827 congruae
596 2754 926 2827 pubertatis
976 2750 1260 2825 lanugine
1312 2745 1585 2818 decoruS,
1638 2748 1818 2823 hujus
1864 2752 1947 2808 rei

283 2849 497 2900 eventu
538 2843 741 2898 hilaris
798 2847 852 2899 et
909 2842 1075 2897 laetus
1125 2842 1313 2898 voluit
1348 2841 1483 2896 illos
1533 2841 1779 2913 aggredi
1808 2857 1948 2896 cum

2048 1692 2147 1748 Dei
2179 1696 2235 1747 et
2261 1684 2521 1765 proximi
2541 1690 2875 1746 dilectidne.
2910 1686 3187 1744 Prudenti
3220 1687 3615 1760 simplicitate
3643 1702 3727 1741 re-

2047 1781 2313 1851 nidebat,
2342 1780 2716 1852 simplicique
2764 1778 3084 1851 prudentia
3115 1774 3497 1846 comscabat,
3520 1775 3720 1847 jurgia

2048 1872 2303 1944 litesque
2333 1868 2390 1925 et
2414 1869 2574 1925 rixas
2606 1873 2842 1924 strenue
2871 1865 3142 1931 sedebat,
3182 1866 3633 1940 pupulumque,
3660 1869 3719 1919 ut

2050 1965 2220 2033 pater
2245 1959 2419 2029 iilios,
2447 1957 2840 2013 amicabiliter
2890 1952 3155 2026 regebat.
3192 1950 3582 2011 Exuberabat
3619 1953 3718 2007 bo-

2048 2046 2301 2104 nitatum
2333 2044 2688 2114 commodis,
2718 2044 3085 2101 informabat
3110 2043 3401 2116 plurimos
3452 2043 3716 2115 probita-

2051 2141 2179 2192 tum
2209 2135 2517 2208 exemplis.
2548 2135 2614 2191 In
2633 2135 2818 2190 domo
2848 2134 3072 2206 quippe
3104 2134 3234 2203 ejiis
3268 2134 3482 2188 veritas
3504 2136 3563 2186 et
3592 2130 3715 2200 glo-

2048 2226 2157 2291 ria,
2188 2223 2251 2279 in
2276 2223 2560 2296 cperibus
2590 2215 2747 2278 illius
2773 2221 3025 2294 ae‘QuitaS
3080 2216 3435 2293 splendebat
3464 2220 3525 2275 et
3548 2218 3712 2290 justi:

2050 2314 2131 2369 tia
2152 2312 2563 2385 yoptimatum
2601 2318 2868 2384 namque
2914 2312 3280 2366 Franeorum
3337 2310 3393 2364 et
3445 2308 3712 2377 Burgun-

2050 2402 2299 2457 dionum
2335 2396 2500 2470 gesta
2514 2396 2928 2470 dirigebantur
2950 2399 3080 2470 ejuS
3105 2394 3481 2472 providentia
3514 2398 3707 2470 reique

2050 2488 2305 2561 publicae
2337 2489 2749 2545 tractabantur
2779 2488 2942 2543 utilia
2980 2487 3136 2542 illius
3187 2478 3526 2559 prudentia.
3576 2487 3706 2555 Ejus

2050 2593 2315 2650 namque
2341 2571 2684 2644 sanctitatis,
2718 2575 3023 2646 dignitatis
3053 2572 3110 2630 et
3152 2570 3489 2641 aﬁluentiae,
3534 2568 3702 2642 longe

2050 2665 2287 2738 lateque
2313 2666 2766 2722 diffundebatur
2795 2669 3039 2737 eXperta
3064 2657 3286 2737 opinio.
3323 2658 3703 2719 Flandrenses

2052 2761 2110 2811 et
2139 2752 2460 2812 Orientales
2482 2748 2983 2828 obtemperabant
3010 2754 3139 2825 ejus
3170 2744 3443 2825 imperio.
3497 2755 3698 2808 Verum

2052 2844 2343 2917 quantam
2366 2844 2611 2899 minime
2642 2842 2801 2899 Valet
2828 2838 3075 2898 lucerna
3092 2840 3319 2898 coalitus
3348 2832 3697 2898 candelabro

288 2932 416 2987 suis
448 2930 733 2986 omnibus
758 2930 1108 3003 praeparatis
1134 2929 1399 2986 aciebus.
1433 2930 1949 3000 Rmhomagenses
1980 2976 2017 3005 ρ
2054 2934 2337 3005 imposita
2365 2933 2594 2989 latitare
2649 2932 2761 2988 sub
2810 2931 2998 2987 modii
3055 2931 3290 2995 umbra,
3343 2931 3515 3003 arpi:
3553 2945 3692 3003 prae-

284 3035 428 3075 vero
456 3017 815 3093 praecupidae
842 3012 1283 3088 congressionis
1327 3012 1707 3093 propositum
1736 3036 1771 3076 a
1797 3019 1950 3076 duce

284 3112 450 3163 tanto
510 3123 791 3164 amovere
849 3108 1155 3177 conantes,
1187 3102 1467 3165 dixerunt
1487 3100 1709 3165 blande
1738 3109 1949 3165 unani-

283 3212 412 3252 mes
448 3214 461 3252 :
493 3216 523 3250 ‹
559 3192 804 3253 Domine
837 3190 961 3253 dux
991 3188 1759 3271 praepotentissime,tenera
1783 3197 1950 3269 viges

285 3285 483 3343 adhuc
515 3291 705 3354 aetate,
755 3303 891 3361 spes
947 3284 1166 3344 nostrae
1193 3277 1398 3344 salutis
1441 3288 1499 3343 et
1528 3285 1784 3344 ﬁduciae.
1820 3290 1951 3344 For-

286 3375 614 3443 midamus,
648 3374 697 3431 si
725 3370 922 3445 iveris,
953 3387 1029 3431 ne
1085 3374 1525 3449 praeoccuperis
1552 3372 1767 3433 morte.
1827 3377 1949 3432 Hac

284 3463 584 3519 simultate
618 3464 835 3535 decipi,
892 3468 959 3519 ut
1007 3479 1230 3534 remur,
1262 3480 1374 3520 nos
1428 3460 1793 3524 autumant;
1845 3481 1950 3521 no-

281 3550 498 3622 bisque
530 3552 614 3606 sic
669 3550 816 3606 urbe
871 3547 1338 3624 prosilientibus,
1369 3568 1581 3625 capere
1635 3567 1771 3609 eam
1799 3570 1948 3627 prae-

280 3637 576 3708 judicant.
610 3640 739 3693 Non
795 3643 885 3693 est
913 3634 1102 3693 nostri
1127 3630 1359 3694 consilii
1412 3634 1464 3695 te
1494 3630 1820 3697 nobiseum
1869 3641 1950 3697 ad

282 3723 466 3795 hujus
498 3723 838 3781 certaminis
869 3720 1143 3798 praelium
1196 3717 1499 3797 congredi.
1550 3721 1766 3785 Verum
1796 3745 1948 3802 qua-

281 3811 567 3887 licunque
598 3811 782 3869 modo
812 3814 994 3886 hujus
1040 3805 1125 3870 rei
1157 3831 1286 3871 sors
1332 3831 1395 3870 se
1425 3806 1668 3886 habeat,
1708 3816 1952 3873 viriliter

284 3918 425 3958 cum
455 3901 733 3976 pluribus
765 3902 977 3961 urbem
1007 3896 1261 3961 custodi.
1294 3899 1409 3961 Nos
1449 3920 1592 3961 vero
1618 3921 1723 3962 eos
1773 3911 1946 3963 caute

282 4007 723 4066 prosequemur
741 3998 800 4050 et
823 3994 1004 4051 armis
1034 4009 1138 4051 eos
1194 3993 1484 4051 lacessere
1514 3993 1889 4052 conabimur.
1922 4020 1950 4046 »

284 4081 472 4150 Hujus
525 4076 801 4138 blanditii
859 4087 1123 4156 syrmate
1170 4077 1271 4139 vix
1322 4078 1548 4140 evictus
1597 4083 1947 4153 Richardus,

280 4167 518 4237 juvenis
576 4169 855 4242 praecluis
884 4166 1233 4243 nobilitatis,
1279 4166 1427 4228 urbe
1485 4182 1626 4229 cum
1677 4168 1952 4248 pluribus

283 4255 594 4325 remansit,
628 4257 942 4331 metarique
969 4259 1289 4316 satellitum
1318 4264 1376 4317 et
1412 4258 1675 4318 tironum
1705 4263 1951 4335 agmina

288 4344 516 4415 regalia
542 4348 994 4419 prosequentes,
1028 4344 1489 4420 prosternebant
1536 4344 1827 4424 plurimos
1857 4369 1951 4409 oc-

287 4432 573 4490 cidentes.
613 4428 879 4491 Tandem
927 4428 1210 4509 quaedam
1266 4432 1534 4510 phalanx
1592 4432 1951 4498 Rhotboma-

285 4520 562 4593 gensium
591 4523 891 4580 commisit
913 4520 993 4581 ad
1024 4520 1260 4593 silvam,
1293 4543 1430 4600 quae
1461 4518 1678 4584 dicitur
1735 4528 1952 4587 Malifo-

284 4611 554 4678 raminis,
583 4628 724 4668 cum
765 4608 852 4668 eis
892 4608 1186 4687 praelium,
1238 4619 1417 4688 atque
1474 4609 1801 4690 opitulante
1833 4621 1951 4674 Deo

285 4699 529 4758 devictis
556 4701 831 4758 hostibus
860 4696 1117 4760 obtinuit
1143 4698 1536 4778 triumphum.
1584 4696 1781 4764 Altera
1810 4723 1952 4764 vero

288 4791 501 4849 concio
531 4792 801 4863 similiter
843 4790 1438 4865 Rothomagensium,
1471 4795 1823 4869 praestolans
1873 4796 1953 4852 ad

287 4877 482 4936 exitus
507 4879 797 4937 silvarum
818 4880 1081 4938 duorum
1100 4893 1318 4953 regum
1345 4884 1953 4958 exercitum,proster-

288 4965 376 5022 nit
396 4970 456 5023 et
481 4967 698 5024 occidit
734 4968 1032 5040 plurimos
1060 4969 1346 5040 hostium,
1395 4970 1681 5044 fugatque
1709 4977 1952 5028 caeteros

288 5069 484 5127 usque
504 5056 585 5112 ad
604 5056 1076 5115 Ambianonsem
1099 5062 1824 5131 pagum.Rotomagenses
1842 5074 1951 5116 aua

290 5145 412 5200 tem
440 5144 610 5216 potiti
633 5146 710 5201 de
753 5146 1011 5204 inimicis
1039 5145 1374 5218 victoriam,
1400 5149 1569 5206 urbis
1614 5154 1951 5208 remeantes

290 5230 370 5287 ad
388 5231 685 5304 praesidia,
714 5248 851 5305 quia
882 5235 1230 5292 acciderunt
1280 5237 1609 5295 reluterunt
1658 5239 1952 5296 Richardo

290 5318 517 5376 omnia.
548 5321 712 5376 Tune
740 5320 1071 5378 Riohardus
1096 5324 1427 5381 recolendas
1459 5326 1764 5383 memoriis
1788 5336 1951 5384 mar-

289 5408 447 5482 ehio,
481 5408 728 5483 duxque
745 5413 804 5465 et
827 5412 1110 5483 patricius
1137 5414 1952 5488 princellentissimus,grates

289 5498 717 5572 prmmaximas
741 5500 868 5571 regi
916 5501 1273 5558 seculorum
1303 5515 1442 5559 cum
1500 5508 1666 5562 omni
1711 5507 1868 5562 clero
1896 5502 1956 5563 et

287 5587 519 5662 populo
535 5588 795 5651 reddidit
820 5589 1365 5661 mansuetissimus,
1417 5593 1725 5667 multaque
1775 5595 1951 5651 bene»

2055 3023 2361 3078 maximus
2389 3022 2539 3078 inter
2569 3027 2709 3077 sues
2739 3020 2970 3091 haberi,
3004 3024 3187 3092 quem
3213 3010 3445 3075 indiciis
3472 3017 3688 3075 mirabi-

2054 3109 2212 3166 libus
2243 3104 2508 3167 Christus
2540 3103 2829 3166 Deminus
2860 3102 3157 3182 disposuit
3181 3100 3543 3164 manifestari.
3576 3100 3679 3160 ila-

2057 3199 2414 3269 gniﬁcabilis
2444 3199 2635 3254 clerus
2683 3206 2740 3254 et
2767 3198 3050 3271 populus,
3079 3198 3180 3270 qui
3247 3196 3380 3253 tanti
3406 3188 3561 3251 ducis
3585 3208 3679 3267 pa-

2054 3284 2271 3343 rabant
2320 3286 2716 3359 jussionibus.
2796 3282 3231 3359 Omnipotentis
3292 3292 3544 3357 namque
3593 3280 3687 3337 Dei

2055 3376 2377 3432 auxiliante
2401 3375 2734 3443 clementia,
2763 3380 2821 3431 et
2872 3375 2966 3431 sui
2990 3374 3161 3431 ducis
3191 3366 3468 3431 Rieliat‘di
3502 3378 3692 3446 procu-

2052 3471 2221 3522 rante
2248 3456 2502 3531 solertia,
2535 3456 2648 3520 illis
2675 3465 2734 3521 in
2760 3455 2974 3521 diebUs
2995 3464 3247 3538 pulchra
3286 3464 3500 3519 Christi
3527 3460 3692 3519 eccle-

2056 3554 2164 3623 sia,
2194 3559 2251 3609 et
2274 3554 2529 3609 nimium
2556 3554 2793 3610 decora.
2826 3553 3085 3612 Moribus
3114 3554 3340 3626 quippe
3370 3552 3553 3609 sacris
3579 3551 3694 3631 ejus

2054 3644 2287 3700 monitu
2309 3638 2804 3716 componebatur,
2834 3651 2902 3698 ac
2952 3642 3290 3712 insignibus
3341 3643 3618 3697 virtutum
3648 3635 3702 3693 ll-

2054 3732 2439 3800 lustrabatur,
2472 3748 2594 3788 non
2624 3732 2857 3788 habens
2884 3740 2991 3804 per
3020 3724 3245 3788 crimen
3275 3728 3578 3787 maculam
3606 3743 3701 3784 nec

2055 3839 2162 3895 per
2189 3821 2597 3895 duplicitatem
2626 3812 2862 3892 rugam;
2907 3814 3199 3877 Radiabat
3228 3824 3493 3892 namQue
3524 3819 3583 3875 in
3619 3830 3705 3872 su-

2056 3910 2343 3967 bhmitate
2374 3910 2757 3983 praelatorum
2814 3909 2995 3966 solari
3055 3910 3384 3976 venustate,
3428 3912 3605 3982 atque
3652 3906 3705 3960 in

2054 3999 2387 4056 humilitate
2440 3994 2847 4069 subjectorum
2901 3990 3096 4053 lunari
3156 3990 3533 4053 claritudine.
3592 3994 3707 4067 Ipse

2054 4103 2197 4143 vero
2223 4086 2357 4143 vitae
2407 4086 2749 4142 innocentis
2790 4089 3007 4142 statum
3058 4077 3493 4154 benignissima
3525 4087 3708 4140 mente

2056 4172 2368 4241 retinebat,
2394 4165 2991 4247 gubernaculumque
3022 4164 3441 4229 ecclesiasticae
3477 4172 3708 4245 dispen—

2057 4262 2325 4331 sationis,
2398 4263 2576 4318 corde
2636 4264 3038 4332 serenissimo,
3088 4258 3223 4319 licet
3274 4260 3470 4318 laicali
3512 4260 3707 4318 ordine

2057 4350 2432 4408 adornabat:
2466 4351 2645 4423 facto,
2677 4352 2834 4408 dicto
2885 4348 2942 4408 et
2971 4352 3235 4421 cogitatu
3265 4358 3565 4425 prospero
3600 4356 3712 4405 om-

2058 4441 2236 4497 nibus
2253 4441 2579 4497 excellebat
2631 4442 2980 4498 meritorum
3019 4436 3266 4509 lumine,
3326 4439 3710 4511 moribusque

2057 4528 2437 4586 coruscabat.
2468 4528 2782 4586 Enimvero
2818 4526 3066 4603 Spit-itus
3118 4531 3308 4586 sancti
3340 4526 3536 4599 gratia
3560 4529 3712 4585 locu-

2055 4619 2273 4692 pletius
2304 4617 2625 4690 dilabatur,
2659 4618 3034 4693 septiiidique
3086 4619 3461 4674 charismatis
3490 4617 3712 4692 sapien-

2057 4708 2139 4764 tia
2167 4707 2526 4781 propensius
2555 4706 2981 4779 repletabatur.
3018 4704 3294 4772 Quotidie
3348 4701 3711 4767 meritorum,

2057 4796 2452 4868 omniumque
2486 4795 2789 4852 bonorum
2822 4791 3131 4852 atﬂuenua
3182 4786 3424 4865 dignius
3453 4793 3713 4865 augebit-'-

2057 4889 2173 4954 tur,
2204 4884 2473 4954 diligenti
2529 4884 2847 4957 subtilique
2878 4884 3263 4953 indagatione
3312 4882 3714 4956 perscrutaba-

2057 4978 2155 5029 tur
2181 4972 2387 5033 omnia
2415 4978 2550 5047 qua?
2579 4971 2776 5029 laicali
2829 4971 3133 5029 intellectu
3184 4971 3415 5028 discere
3467 4970 3711 5046 poterat.

2060 5065 2194 5119 Erat
2221 5078 2485 5135 namque
2516 5062 2736 5117 ditatus
2766 5060 3098 5117 honoribus
3131 5061 3565 5127 sanctimoniae,
3594 5058 3711 5116 illu-

2060 5156 2280 5209 stratus
2308 5150 2682 5207 commerciis
2706 5149 3187 5221 magniﬁcentiae,
3231 5149 3480 5222 Spiritus
3535 5148 3713 5205 sancti

2059 5239 2249 5311 gratia
2275 5244 2597 5311 praeeunte.
2645 5237 2996 5294 Caelestibus
3026 5236 3319 5307 inhiabat,
3365 5236 3504 5292 ‘vitia
3526 5233 3710 5309 parvi-

2057 5328 2381 5403 pendebat,
2409 5326 2756 5399 incolasque
2802 5325 3285 5382 Northmannicaa
3314 5322 3537 5382 telluris
3591 5322 3710 5392 lege

2059 5417 2338 5486 augebat.
2369 5418 2506 5471 Erat
2526 5420 2725 5471 autem
2749 5416 2992 5486 juvenis
3018 5414 3569 5484 mansuetus,omui
3588 5427 3711 5487 pro-

2058 5506 2241 5562 bitate
2271 5503 2553 5578 repletus,
2607 5518 2847 5559 morum
2888 5503 3156 5559 benitate
3187 5502 3572 5574 grandaevus,
3598 5500 3651 5556 et
3677 5502 3710 5553 a

2061 5594 2288 5653 Christo
2299 5594 2361 5651 in
2370 5592 2721 5650 humilitatis
2732 5591 3022 5662 gradibus
3042 5584 3708 5648 mndattis.Monstrabat
