4002 6186
264 140 371 192 725

766 140 855 193 ne
894 139 1133 195 GESTIS
1172 125 1607 198 NORMANNLE
1644 136 1882 196 nucum
1923 134 2099 193 LIBRI
2140 133 2415 191 τιθῇς.-
2442 135 2575 193 LIB.
2618 135 2707 193 iu.
2751 134 3168 193 RICHARDUS.

3580 143 3687 195 726

260 260 445 315 verbo
461 266 519 315 et
550 277 730 333 opere
752 278 873 334 qua
902 262 1120 321 mentis
1170 261 1497 321 intentione
1543 260 1916 315 introductus
1953 259 2005 317 Α.
2027 255 2329 313 humiliter
2361 259 2889 329 cjusjussionibus
2919 265 2976 317 et
3004 260 3194 329 dictis,
3226 266 3281 318 et
3308 261 3685 337 obtempera-

258 355 391 407 erat
418 350 501 409 ad
525 350 780 409 salutem
805 351 1110 420 regiminis
1143 352 1319 408 totius
1350 350 1576 423 patriae.
1600 353 1734 409 Erat
1754 366 1921 410 nam~

258 436 685 510 quemelliﬂua
723 438 979 495 dulcedo
1001 439 1266 504 fortium,
1301 439 1584 495 fortitudo
1605 438 1915 510 debilium,

256 526 543 586 defensor
568 527 977 599 ophanorum,
1003 528 1232 587 solator
1254 528 1634 597 miserorum,
1666 527 1919 587 baculus

259 614 577 677 orborum,
599 619 906 686 reparator
938 615 1347 685 ecclesiarum,
1377 615 1478 673 lux
1521 615 1756 672 sincera
1809 631 1919 669 cae.-

254 719 493 773 oorum,
526 719 680 775 apex
713 704 1087 775 clericorum,
1124 704 1289 761 salus
1319 704 1647 772 agentium,
1679 703 1918 759 culmen

255 807 569 861 generum,
596 793 777 850 decus
806 794 1155 865 praesulum,
1179 793 1340 848 salus
1368 793 1711 859 viduarum,
1745 808 1919 846 cacu-

252 897 399 939 men
430 882 832 947 sacerdotum,
862 888 1097 941 amator
1125 882 1440 949 frriterum,
1501 882 1691 941 cultor
1743 882 1917 937 virtu~

254 973 409 1033 tum.
438 969 705 1027 maxima
759 986 897 1042 spes
947 970 1264 1025 omnium:
1298 970 1489 1042 pietas
1540 974 1913 1037 maestorum,

251 1058 649 1121 memorabile
668 1059 888 1131 pignus
915 1060 1337 1137 amicitiarum,
1365 1058 1570 1131 palma
1593 1058 1916 1129 desperanv

252 1147 429 1215 tium,
454 1146 635 1205 tutela
662 1147 1179 1220 presbyterorum,
1228 1148 1400 1203 sedes
1452 1146 1678 1216 legum,
1718 1150 1913 1201 rector

250 1235 643 1308 populorum,
670 1241 880 1309 pastor
908 1253 1269 1310 pauperum,
1322 1236 1516 1293 forma
1560 1235 1909 1308 proborum,

253 1341 427 1385 arma
454 1325 730 1393 militum,
772 1326 1068 1395 judicium
1117 1325 1531 1381 accusantium
1561 1330 1616 1379 et
1672 1339 1914 1378 accusa—

252 1417 473 1477 torum,
503 1414 656 1473 libra
685 1414 1111 1485 quaestionum,
1159 1414 1460 1483 mitigator
1486 1412 1771 1480 rixarum,
1804 1427 1910 1483 pa-

255 1507 338 1559 ter
385 1502 682 1571 exsulum,
742 1508 1012 1575 receptor
1075 1502 1491 1575 profugerunt,
1555 1500 1905 1561 distributor

2025 345 2174 401 bant
2204 346 2550 407 obedientes
2582 349 2711 418 ejus
2743 348 3075 422 praeceptis.
3112 353 3238 422 ipse
3284 351 3527 421 regebat
3576 368 3679 407 eos

2025 430 2268 499 blande,
2305 440 2366 493 ut
2390 435 2849 507 parterfamilias
2880 452 3105 505 servos,
3130 440 3186 493 et
3211 436 3410 497 alebat
3431 455 3533 497 eos
3555 440 3683 495 dul-

2027 521 2171 578 citer
2198 523 2402 579 fomite
2460 524 2916 597 benignissimo,
2976 530 3045 583 ut
3088 534 3257 600 pater
3310 527 3481 588 ﬁlios.
3542 529 3679 598 Ejus

2024 610 2276 671 consilio
2310 613 2719 671 tractabantur
2749 613 3074 674 commoda
3103 615 3434 673 secretioris
3458 616 3681 677 ordinis

2027 697 2142 753 sub
2192 699 2474 773 palaestra
2523 702 2794 758 tbcoricaa
2842 703 2977 761 vita:
3005 702 3384 771 desudantis,
3431 705 3684 780 ejusque

2024 785 2188 847 cultu
2216 788 2670 849 adornabantur
2690 791 2854 847 utilia
2883 792 3109 853 ordinis
3124 792 3483 866 ampliorem
3499 794 3681 855 vitam

2024 875 2319 946 ducentis,
2352 878 2570 937 scilicet
2601 880 2712 935 sub
2744 882 3017 953 practicae
3046 883 3176 944 vitae
3233 898 3429 953 agone
3468 884 3684 941 colluc-

2026 965 2206 1023 tantis
2236 966 2672 1040 rempublicam
2700 973 2956 1037 strenue,
2989 970 3331 1046 blandeque
3361 977 3418 1033 et
3469 971 3680 1033 leniter

2023 1053 2304 1125 praelatos
2334 1070 2537 1123 regere
2565 1058 2837 1124 cogebat,
2871 1063 2927 1113 et
2956 1073 3030 1117 ne
3061 1059 3237 1118 alicui
3289 1060 3473 1121 ullum
3530 1077 3679 1135 prae.

2017 1140 2317 1212 judicium
2350 1142 2629 1210 facerent,
2664 1144 3008 1205 minabatur
3051 1152 3108 1203 et
3160 1149 3527 1221 postulabat.
3592 1150 3679 1207 Ri-

2020 1229 2250 1289 cbardo
2285 1247 2419 1293 vero
2450 1231 2603 1291 duce
2635 1234 2837 1301 sagaci
2852 1234 3139 1309 justeque
3165 1235 3368 1306 legum
3401 1238 3679 1299 modera-

2021 1319 2183 1375 mine
2207 1324 2428 1380 terram
2457 1336 2611 1393 pene
2644 1324 2824 1384 totius
2853 1322 3051 1381 Gallias
3077 1323 3391 1386 salubriter
3417 1331 3678 1395 regente,

2022 1408 2404 1469 exsultabant
2440 1409 2731 1471 caelorum
2765 1412 2944 1479 cives,
2985 1412 3317 1473 immensas
3356 1415 3682 1487 praeconio~

2021 1511 2156 1555 rum
2180 1495 2388 1555 laudes
2419 1496 2745 1557 individua:
2775 1499 3039 1560 Trinitati
3063 1500 3405 1560 referentes.
3447 1502 3679 1559 Gaude-

248 1591 576 1660 bonorum,
623 1591 815 1646 dulcis
876 1608 1047 1647 amor
1093 1592 1499 1658 vernularum,
1563 1589 1908 1660 exemplum
1941 1607 1985 1663 Β
2018 1582 2123 1640 bat
2152 1584 2348 1643 omnis
2377 1589 2552 1653 terra,
2579 1586 2849 1659 jubilans
2879 1588 3131 1649 Domino
3162 1589 3223 1648 in
3250 1588 3472 1652 laetitia.
3506 1590 3679 1653 Plauv

251 1686 608 1741 cunctorum
643 1698 656 1747 ;
688 1696 872 1744 mena
902 1680 1123 1750 furum,
1154 1680 1576 1741 detrimentum
1606 1678 1908 1735 latronum

248 1768 605 1829 emendator
645 1769 1081 1838 confessorum,
1133 1785 1289 1841 opus
1326 1768 1639 1840 pietatum,
1694 1784 1906 1823 murus

248 1858 595 1925 regionum,
620 1857 825 1916 lumen
855 1863 1226 1923 cunctorum,
1270 1857 1570 1929 specimen
1626 1856 1905 1913 sanctita-

246 1950 404 2012 tum,
463 1945 636 2006 dulce
688 1953 868 2018 caput
916 1946 1253 2012 consulum,
1308 1946 1624 2005 auxiliator
1671 1960 1904 2018 regum,

246 2038 550 2104 protector
578 2035 848 2095 omnium
876 2034 1259 2107 populorum.

652 2139 1012 2184 APOSTROPHA
1051 2140 1125 2185 AD
1159 2140 1498 2181 RICHARDUM.

241 2210 466 2265 Censor
491 2209 570 2265 ab
599 2226 817 2269 occasu
848 2228 1031 2283 quem
1052 2211 1183 2267 laus
1204 2213 1477 2285 exporgit
1508 2214 1651 2283 Eoo,

240 2298 430 2355 Fama
457 2298 762 2359 recensitre
790 2298 1009 2370 laudis,
1032 2305 1382 2373 septemque
1406 2300 1605 2373 trioni,

237 2386 451 2455 Patrici
473 2387 784 2461 lticbarde,
808 2406 1032 2459 comes,
1076 2390 1201 2446 dux
1252 2390 1543 2458 marcbio,
1601 2390 1897 2463 princeps.

239 2474 571 2545 Belligione
602 2477 822 2547 calens,
855 2479 1224 2550 probitatum
1251 2478 1559 2550 agalmate
1586 2477 1828 2545 ﬂorens,

238 2562 519 2636 Alloquio
544 2564 725 2635 mitis,
756 2565 1095 2627 bonitatum
1124 2582 1323 2625 merce
1354 2565 1622 2632 celebris,

237 2652 462 2711 Callem
489 2654 695 2724 iudicii
725 2671 971 2715 servans
1001 2654 1415 2713 moderamine
1442 2653 1609 2727 legis.

239 2742 502 2801 Grandia
532 2744 903 2805 causidicum
928 2750 1215 2817 superant
1245 2749 1345 2801 tua
1373 2744 1534 2803 facta
1590 2743 1898 2825 pusillum,

234 2833 555 2904 Compress
563 2850 662 2892 um
674 2832 931 2895 nimium
942 2850 1143 2895 rerum
1155 2848 1370 2904 aggere
1382 2834 1896 2897 multimodarum.

2018 1672 2244 1733 debant
2271 1689 2485 1734 omnes
2517 1674 2580 1731 in
2609 1675 2857 1735 excelsis
2887 1680 2944 1733 et
2970 1677 3519 1750 referebantgrates
3545 1683 3679 1741 0m.

2015 1762 2328 1836 nipotenti,
2359 1763 2464 1837 qui
2490 1763 2603 1819 illis
2630 1766 2948 1838 patricium
2975 1771 3031 1823 et
3093 1768 3313 1831 ducem
3364 1773 3669 1831 tantorum

2012 1850 2314 1909 bonorum
2340 1852 2720 1915 incrementis
2738 1854 2990 1927 largitus
3018 1861 3106 1913 est
3135 1856 3452 1921 cluentem.
3472 1860 3678 1921 North-

2012 1939 2221 2000 manui
2250 1956 2392 1997 vero
2419 1945 2583 1999 tanto
2611 1958 2861 2002 censore
2888 1947 3173 2019 tantoque
3213 1945 3511 2007 advocato
3540 1962 3674 2018 gra-

2012 2030 2224 2095 tantes,
2248 2027 2469 2100 illoque
2497 2035 2789 2103 praesente
2812 2047 2937 2091 non
2961 2037 3196 2092 tantum
3220 2033 3335 2093 frui
3382 2034 3671 2107 volentes,

2010 2132 2218 2173 verum
2250 2117 2429 2175 etiam
2456 2117 2531 2182 de
2572 2121 2915 2194 posteritate
2963 2123 3314 2194 cogitantes,
3367 2127 3433 2185 ut
3483 2124 3673 2197 gloria

2011 2206 2195 2277 prolis
2224 2206 2349 2263 viro
2376 2223 2500 2271 non
2525 2208 2970 2288 deesset,utque
2993 2211 3101 2273 viri
3118 2212 3387 2283 germine
3402 2228 3527 2274 non
3538 2215 3670 2275 des-

2010 2294 2297 2355 tituantur
2316 2312 2423 2374 per
2443 2298 2867 2375 progenierum
2897 2301 3330 2370 successiones,
3382 2307 3674 2365 venerunt

2011 2384 2088 2443 ad
2120 2400 2259 2448 eum
2288 2384 2553 2449 dicentes
2580 2404 2595 2445 :
2629 2410 2658 2443 ‹‹
2689 2390 2799 2449 Res
2829 2388 3123 2463 cujusque
3146 2391 3543 2465 negotii,quae
3575 2408 3667 2454 sa-

2010 2477 2319 2535 cramento
2350 2490 2505 2537 verae
2536 2474 2677 2536 ﬁdei
2702 2475 3176 2537 determinantur
3196 2478 3275 2536 ab
3296 2480 3664 2541 orthodoxis.

2010 2577 2209 2641 operai
2239 2562 2500 2642 pretium
2528 2567 2618 2623 est
2643 2580 2767 2637 quo
2810 2564 3162 2643 expleantur
3208 2566 3669 2631 indeterminato

2010 2650 2204 2724 spatio
2235 2651 2513 2731 prastiniti
2556 2651 2861 2726 temporis.
2924 2653 3215 2725 Quocirca
3242 2654 3431 2716 ﬁliam
3481 2659 3673 2727 Hugo»

2008 2739 2123 2806 nis,
2177 2740 2385 2811 magni
2434 2743 2797 2805 Francorum
2854 2741 3051 2811 ducis,
3100 2758 3288 2821 quam
3340 2742 3440 2805 illo
3468 2759 3673 2817 super-

2010 2829 2140 2890 stite
2198 2835 2578 2891 sacramento
2632 2832 3111 2895 connectendam
3184 2832 3293 2894 tibi
3363 2832 3668 2894 connubio

231 2921 351 3013 Nec
383 2920 536 3013 valet
573 2921 889 3013 exsequier
905 2921 1075 3013 quod
1109 2922 1308 3013 gestit
1336 2921 1591 2985 scribere
1640 2940 1895 2997 semper,
1927 2957 1969 3013 ο
2007 2919 2280 3013 sanxisti,
2323 2924 2652 3013 antequam
2704 2922 3073 3013 pristiniatur
3116 2924 3409 3013 terminus
3463 2923 3667 3013 statuti

229 3012 417 3064 Actus
446 3009 708 3082 impetus
739 3010 939 3071 eximii
964 3027 1109 3072 nam
1135 3010 1267 3069 vicit
1295 3011 1567 3083 inertem,

228 3097 577 3162 Quamlibet
604 3098 937 3159 immeritus
964 3098 1179 3172 poterit
1209 3099 1371 3177 quod
1407 3100 1664 3157 scribere
1695 3105 1893 3161 certet.

224 3186 392 3243 Heu!
423 3188 624 3245 atheta
652 3188 751 3249 Dei
784 3189 988 3258 vigeas
1019 3188 1080 3245 in
1107 3188 1366 3247 culmine
1396 3189 1534 3247 divi.

226 3277 465 3338 Gaudia
486 3294 623 3337 cum
655 3278 878 3337 sanctis
906 3278 1135 3341 habeas
1163 3294 1271 3351 pcr
1298 3294 1533 3350 pascua
1560 3279 1748 3353 pacis.

300 3370 450 3427 Cum
484 3370 684 3427 autem
707 3365 1037 3428 Richardus
1058 3366 1327 3427 marcbio
1348 3366 1596 3423 celebris
1620 3367 1895 3431 videlicet

222 3452 515 3515 columba
538 3453 773 3529 Christi,
808 3454 932 3509 sine
983 3454 1115 3510 felle
1159 3455 1595 3523 amaritudinis,
1648 3456 1895 3513 eniteret

222 3542 460 3605 omium
490 3543 792 3607 bonorum
837 3543 1035 3611 titulis,
1089 3544 1480 3617 quietumque
1528 3550 1585 3601 et
1628 3545 1888 3607 solidum

222 3631 304 3693 ab
360 3631 620 3693 inimicis
674 3636 897 3693 teneret
952 3648 1205 3702 regnum
1256 3634 1730 3697 Northmannicae
1776 3635 1886 3699 Bri-

230 3722 610 3794 tanniamque
683 3722 963 3793 regionis,
1041 3722 1328 3799 nullaque
1399 3738 1545 3793 gens
1640 3724 1888 3785 auderet

220 3810 458 3873 feritare
516 3828 657 3872 cum
712 3812 1102 3875 Richardidis.
1160 3816 1349 3881 Hugo,
1398 3813 1522 3875 dux
1552 3830 1813 3884 magnus
1830 3819 1890 3871 et

221 3899 533 3967 mirabilis,
561 3904 802 3957 coactus
830 3900 1233 3961 imbecillitate
1275 3900 1367 3955 sui
1408 3902 1695 3979 corporis,
1754 3919 1888 3965 coa-

220 3988 467 4045 dunatis
496 3989 714 4061 pariter
743 3989 1031 4051 militibus
1054 3989 1198 4057 suis,
1229 3994 1553 4064 antequam
1602 3991 1887 4065 defunge-

216 4082 403 4145 retur,
436 4077 496 4135 in
520 4078 800 4141 extremis
815 4078 1067 4152 positus,
1093 4077 1239 4139 dixit
1268 4095 1279 4135 :
1305 4100 1332 4127 ‹‹
1364 4079 1660 4143 Richardo
1682 4081 1887 4145 Norths

214 4182 586 4231 marinorum
640 4166 779 4223 duci
832 4166 1370 4240 praepotentissimo
1418 4167 1606 4231 tiliam
1656 4184 1880 4239 meam,

213 4256 351 4312 licet
381 4262 605 4319 tenera!
629 4256 817 4315 rotatis
870 4257 961 4328 sit,
1006 4257 1220 4319 futuris
1273 4257 1497 4336 nuptiis
1553 4259 1875 4323 connubio,

214 4350 598 4405 sacramento
642 4351 839 4407 vestro
887 4345 1140 4407 consilio
1196 4346 1447 4415 tradidi;
1480 4363 1690 4421 quam,
1740 4366 1874 4405 cum

213 4449 488 4504 congrua
516 4434 854 4509 habilisque
886 4435 1012 4491 viro
1042 4435 1232 4505 fuerit,
1263 4434 1464 4504 largiri
1494 4435 1575 4491 illi
1630 4436 1881 4493 nullate-

212 4540 333 4580 nus
360 4523 669 4583 diﬁ'eratis.
714 4528 841 4596 Ipse
871 4540 1012 4580 vero
1043 4523 1246 4581 uxoris
1276 4540 1427 4590 mea!
1483 4524 1708 4605 ﬁliique
1737 4526 1877 4594 mei,

210 4613 363 4676 dum
384 4613 445 4675 in
475 4613 537 4668 id
562 4613 878 4679 aetatiserit,
897 4613 1226 4679 advocatus
1248 4615 1340 4681 sit,
1367 4630 1591 4695 vosque
1618 4615 1879 4673 consiliis

211 4704 346 4774 ejus
377 4702 789 4768 saluberrimis
819 4709 875 4760 et
928 4704 1228 4767 mandatis
1283 4704 1536 4767 ultronci
1592 4705 1879 4771 inhaerea-

209 4791 349 4851 εἰς.»
379 4792 664 4851 Defuncto
689 4809 831 4849 vero
863 4796 1107 4863 Hugone
1138 4796 1501 4859 Francorum
1531 4794 1705 4862 duce,
1752 4812 1876 4861 om.

210 4897 322 4937 nes
374 4881 692 4943 unanimes
748 4882 825 4937 ad
879 4881 1262 4949 Richardum,
1322 4887 1496 4945 tantae
1569 4885 1876 4956 potestatis

208 4969 651 5041 marchionem,
683 4986 1036 5037 convenere,
1068 4986 1249 5049 seque
1283 4971 1713 5033 commiserunt
1760 4974 1873 5039 sub

208 5059 547 5133 patrocinio
578 5059 812 5123 consilii
841 5060 971 5131 ejus
998 5065 1054 5121 et
1076 5060 1286 5117 tutelae.
1313 5061 1749 5128 Incumbebant
1772 5079 1875 5127 au.-

207 5154 331 5212 tem
356 5164 568 5207 omnes
589 5148 922 5212 voluntarie
952 5149 1080 5223 ejus
1112 5150 1368 5221 servitio,
1402 5154 1458 5207 et
1500 5150 1874 5215 tumulaban-

208 5241 306 5297 tur
333 5236 585 5299 libenter
618 5241 680 5297 ut
708 5237 962 5295 Domino
990 5237 1265 5310 ipsi.lpse
1297 5242 1498 5301 autem
1518 5240 1872 5297 muneribus

206 5325 622 5398 prtemaximis
676 5325 1174 5401 mirabilibusque
1223 5325 1397 5379 donis
1460 5341 1563 5388 eos
1623 5326 1869 5397 ditabat,

206 5413 638 5487 beneﬁciisque
684 5414 1037 5484 largissimis
1096 5430 1198 5475 eos
1243 5413 1698 5482 angmentabat.
1756 5414 1872 5488 Ipsi

205 5508 414 5565 autem
446 5508 567 5561 toto
598 5505 811 5569 mentis
836 5506 1050 5565 atlectu
1106 5503 1436 5573 diligebant
1491 5518 1654 5575 eum,
1713 5522 1874 5565 sum-

206 5609 436 5667 moque
463 5593 806 5663 reverentiae
831 5593 997 5659 cultu
1024 5592 1368 5659 recalebant
1382 5608 1541 5663 eum,
1576 5592 1872 5663 Parebam

2006 3006 2313 3083 temporis,
2345 3006 2394 3065 si
2419 3023 2688 3079 congrua
2717 3010 3056 3085 babilisque
3095 3017 3149 3072 et
3190 3012 3412 3073 nubilis
3464 3011 3659 3082 fuerit,

2003 3094 2134 3167 lege
2162 3095 2419 3159 maritali
2452 3097 2834 3175 prcedignum
2864 3104 2952 3159 est
2981 3100 3086 3157 tibi
3115 3101 3402 3177 copulari.
3436 3101 3542 3161 111a
3564 3118 3662 3161 ve-

2000 3199 2090 3253 ro,
2121 3188 2187 3242 ut
2216 3184 2581 3254 audivimus,
2616 3187 2781 3258 virgo
2829 3187 3290 3258 elegantissima:
3339 3190 3556 3267 speciei
3606 3195 3665 3250 et

2000 3272 2232 3343 formae,
2267 3278 2407 3348 apta
2437 3275 2686 3345 genialis
2716 3275 3004 3337 connubii
3041 3278 3460 3348 commistioni,
3515 3295 3661 3339 σου-ο

2000 3364 2356 3437 gruentique
2399 3363 2767 3425 delectabilis
2838 3364 3195 3427 concubitus
3269 3366 3655 3441 amplexioni,

1997 3452 2315 3517 masculini
2340 3453 2584 3511 seminis
2608 3454 2835 3515 viribus
2860 3455 3110 3517 minime
3147 3455 3346 3519 differt
3385 3473 3660 3519 succum-

1993 3541 2193 3599 bere.»
2226 3542 2554 3605 Richardus
2584 3559 2727 3605 vero
2758 3543 2941 3604 virilis
2990 3544 3278 3605 ubertatis
3335 3549 3653 3620 potestate.

1994 3632 2208 3690 dicitur
2230 3634 2351 3697 suis
2369 3633 2753 3713 respondisse
2785 3652 2798 3693 :
2837 3634 3009 3703 Quod
3059 3636 3356 3699 sancitum
3407 3640 3496 3695 est
3534 3636 3654 3699 ﬁde

1993 3726 2304 3794 peractum
2335 3722 2425 3791 iri,
2461 3739 2840 3801 consequens
2861 3728 2952 3783 est
2972 3730 3320 3788 exsecutum
3348 3725 3440 3787 iri.
3496 3726 3653 3789 Illico

1992 3816 2408 3884 praeparantur
2437 3811 2718 3884 nuptialis
2743 3817 3021 3884 sumptus
3085 3814 3430 3885 commoda,
3480 3816 3654 3875 ador-

1992 3903 2331 3971 nanturque
2352 3898 2619 3961 mirificus
2639 3898 3091 3973 compositionis
3115 3916 3142 3959 s
3155 3899 3655 3971 ponsalia.North-

1993 3986 2249 4049 manniae
2277 3986 2473 4059 igitur,
2506 3986 2937 4061 Britonicaeque
2984 3985 3243 4055 regionis
3294 3987 3654 4059 optimatum

1992 4090 2182 4133 manu
2209 4073 2906 4153 ascita,praeparetisque
2962 4073 3246 4136 omnibus
3305 4074 3652 4139 fesceninno

1993 4163 2177 4225 cultui
2206 4178 2342 4243 quae
2380 4167 2548 4221 erant
2598 4161 2961 4235 necessaria.
3010 4178 3151 4225 cum
3196 4162 3653 4239 incomputabili

1993 4252 2335 4327 principum
2361 4252 2784 4321 congressione
2810 4269 2947 4317 eam
3002 4253 3279 4317 decenter
3305 4258 3364 4315 et
3416 4255 3654 4317 honori-

1991 4341 2102 4397 ﬁce
2128 4340 2375 4405 deduxit
2404 4340 2485 4403 ad
2515 4342 3016 4421 Rothomagensis
3036 4342 3201 4405 urbis
3225 4343 3471 4421 palatia.

2628 4448 3013 4497 APOSTROPHAo

2170 4518 2352 4585 Prolis
2380 4525 2598 4601 optatae
2624 4523 3058 4604 prosperitatis,

2170 4613 2213 4668 Ο
2244 4628 2481 4687 semper
2503 4611 2726 4685 cupidi,
2758 4612 3131 4686 indignique,

2167 4702 2560 4767 Northmanni
2589 4717 2887 4781 proceres,
2914 4700 3321 4772 belligerique,

2166 4790 2391 4855 Vivacis
2421 4791 2639 4856 mentis
2665 4791 2802 4862 igne
2834 4789 3093 4853 calentes
3126 4806 3140 4844 :

2166 4884 2292 4943 Non
2318 4882 2430 4936 hac
2460 4896 2594 4953 quae
2625 4880 2879 4947 vehitur,
2911 4877 3138 4946 virgine
3162 4873 3359 4952 proles

2166 4974 2470 5047 Nascetur,
2493 4967 2910 5047 populumque
2938 4969 3103 5037 reget
3120 4965 3330 5026 haeres.

2164 5062 2381 5121 Verum
2412 5058 2617 5122 divino
2640 5056 2889 5113 numine
2919 5059 3103 5118 nutus

2163 5146 2427 5213 Caelestis
2452 5146 2617 5217 virgo
2638 5144 2853 5223 prodet
2880 5143 3024 5208 olim

2164 5234 2351 5310 Stirpe
2373 5234 2691 5305 Dacigena,
2720 5231 2964 5305 nobiliS,
2995 5231 3176 5304 alata,

2159 5323 2432 5395 Pulchra,
2459 5322 2837 5396 percelebria,
2862 5326 2920 5384 et
2932 5322 3282 5391 reverenda.

2158 5412 2369 5485 Digna,
2399 5412 2700 5487 praelecta,
2724 5416 2781 5468 et
2804 5411 3145 5484 recolenda,

2160 5506 2347 5561 Cauta
2375 5502 2646 5573 consilio,
2677 5501 2951 5575 provida,
2974 5502 3240 5575 prudens
3271 5521 3284 5558 :

2161 5595 2357 5660 Quam
2386 5592 2511 5651 dux
2538 5591 2867 5651 Richardus
2890 5591 3161 5650 marchio
3186 5592 3403 5664 justus,
