4002 6186
345 137 449 191 727

527 259 801 315 Pluribus
832 259 1069 315 sibimet
1098 259 1273 330 eliget
1300 277 1509 328 unam,

527 352 789 419 Jungens
821 347 1145 419 connubio,
1173 348 1414 416 foedere,
1440 352 1637 421 pacto,

528 439 840 510 Quamque
869 442 1151 507 vergente
1180 443 1447 511 tempore
1479 437 1697 508 dignus

528 530 813 582 Nascetur
840 527 1031 583 haeres
1071 527 1353 596 germinis
1380 527 1540 583 almi.

423 618 572 671 Cum
604 620 804 672 autem
847 621 1025 672 tantae
1080 616 1402 673 nobilitatis
1454 615 1727 687 conjugis
1779 613 2011 670 decenti

353 706 751 776 gratularetur
781 707 1098 773 consortio,
1144 707 1567 779 Britonicaeque
1591 711 1769 777 atque
1800 705 2009 761 North-

352 796 646 852 mannicaa
672 796 878 868 patriae
908 796 1167 869 populos
1198 801 1497 852 scrcnaret
1520 797 1652 867 jure
1685 794 2008 863 salutifero,

355 889 534 956 atque
564 900 672 955 per
700 887 885 941 totam
912 900 1065 957 pene
1122 886 1431 941 Franciam
1485 883 2011 955 Burgundiamque

356 971 583 1027 salubri
609 973 857 1028 consilio
888 975 1229 1045 repentinas
1260 974 1695 1043 insurgentium
1715 972 2012 1027 malorum

357 1061 791 1116 commotiones
823 1068 1230 1133 compesceret
1259 1062 1456 1131 dignae
1487 1060 1795 1133 potestatis
1825 1059 2015 1115 domi-

358 1150 502 1217 nio;
565 1150 816 1221 quidam
868 1155 1109 1223 satrapa
1162 1152 1406 1207 nomine
1457 1151 1797 1216 Tetboldus,
1848 1150 2016 1205 dives

359 1253 567 1310 opum,
597 1238 974 1312 militumque
1007 1239 1571 1310 suﬁicientissimus,
1598 1239 2016 1296 novercalibus

358 1325 546 1397 furiis,
580 1326 823 1399 zeloque
855 1331 911 1383 et
939 1327 1079 1383 odio
1120 1345 1464 1397 succensus,
1526 1329 1705 1402 caepit
1750 1326 2017 1384 insidiari

360 1414 413 1470 ei
445 1414 647 1471 multis
679 1415 1274 1485 subsannationibus,
1303 1418 1604 1491 rixarique
1631 1421 1838 1474 contra
1854 1432 2015 1487 eum,

360 1506 418 1559 et
447 1518 799 1575 oppugnare
851 1505 1161 1561 incassum
1212 1511 1431 1562 terram
1480 1508 1633 1578 ejus.
1686 1509 2018 1561 Decernens

362 1596 563 1647 autem
594 1608 655 1647 se
687 1592 834 1648 nihil
855 1600 1060 1650 contra
1090 1611 1229 1649 eum
1255 1594 1563 1668 proﬁcere,
1586 1594 1887 1668 profectus
1933 1596 2021 1648 est
2052 1613 2093 1666 Β

362 1680 441 1736 ad
472 1680 834 1750 Gerbergam
862 1682 1112 1752 regiam,
1135 1683 1447 1755 ﬁliumque
1479 1684 1608 1754 ejus
1656 1686 2018 1739 Francorum

361 1784 567 1839 regem
593 1769 936 1825 Lotharium
968 1778 1407 1828 commorantes
1458 1771 1747 1827 Lauduno
1794 1775 2016 1826 monte.

365 1857 475 1922 Qui
504 1857 704 1913 multis
733 1859 1253 1930 prosecutionibus
1286 1861 1463 1934 coepit
1515 1877 1617 1916 eos
1672 1875 1901 1929 urgere,
1960 1863 2024 1914 ut

366 1945 720 2018 decipiendo
745 1947 1116 2019 deponerent
1139 1965 1279 2004 eum
1309 1954 1473 2005 tanto
1530 1951 1776 2005 honore.
1836 1951 2021 2003 Vene-

366 2051 565 2108 noque
587 2036 789 2092 livoris
819 2037 1091 2109 infectus,
1126 2038 1363 2095 dicebat
1385 2039 1511 2110 regi
1537 2043 1593 2095 et
1645 2039 1820 2094 matri
1847 2038 1975 2108 ejus
2005 2055 2018 2092 :

369 2148 397 2175 «
424 2125 632 2182 Mirum
660 2126 808 2183 mihi
834 2131 889 2183 et
936 2128 1219 2184 omnibus
1285 2145 1391 2183 cur
1439 2133 1618 2185 tanta:
1666 2126 2022 2197 arrogantiae

367 2231 570 2271 comes
597 2214 927 2273 Richardus
946 2217 1438 2274 Nortmaunicum
1468 2218 1894 2289 Britonumque
1941 2220 2024 2272 te-

366 2321 518 2360 nens
541 2320 796 2373 regnum
825 2307 1082 2379 quietus,
1111 2325 1290 2381 super
1313 2312 1565 2365 Francos
1583 2310 2023 2381 praesumptuo-

369 2409 437 2449 sa
480 2395 805 2451 temeritate
854 2397 1045 2453 elatus
1100 2398 1472 2471 principatur
1526 2402 1851 2454 contumax
1898 2411 2023 2469 prae

368 2483 673 2539 omnibus.
704 2488 817 2542 Nec
845 2489 985 2555 Deo,
1019 2504 1127 2545 nec
1153 2488 1257 2544 ulli
1307 2489 1539 2559 militat,
1592 2486 1914 2545 famulatur
1970 2490 2026 2542 et

369 2573 547 2629 servit
580 2589 827 2642 ;verum
857 2576 919 2631 in
950 2594 1072 2632 suae
1098 2578 1589 2652 praesumptionis
1607 2576 1907 2649 iactantia,
1938 2575 2026 2630 in-

367 2664 658 2719 reverenti
688 2664 893 2720 animo
916 2666 1214 2740 cordeque
1242 2668 1525 2723 infrunito
1564 2666 1827 2723 conﬁdit.
1878 2669 2025 2722 Nos-

367 2756 596 2808 trorum
642 2769 946 2826 quemque
990 2756 1384 2827 parvipendit,
1437 2758 1918 2827 Francorumque
1964 2760 2028 2811 ut

368 2857 474 2895 rex
502 2840 725 2895 ditione
757 2842 1017 2912 superba
1044 2842 1390 2898 dominatur
1418 2848 1474 2899 et
1487 2843 1654 2913 regit.
1677 2844 1861 2914 Hujus
1888 2860 2027 2900 con-

370 2927 499 2982 silio
528 2931 855 2983 tractantur
882 2934 1096 2986 cuncta
1133 2947 1268 3003 quze
1320 2932 1703 3001 Francigenis
1757 2937 1898 2988 sunt
1943 2933 2031 2989 in-

369 3014 714 3070 commoda.
746 3018 873 3071 Non
903 3022 994 3073 est
1024 3018 1106 3073 tui
1132 3034 1243 3075 nec
1272 3020 1457 3076 nostri
1486 3021 1732 3076 honoris
1777 3026 1841 3077 ut
1896 3023 2027 3078 talis

373 3118 577 3158 comes
626 3102 969 3161 dominetur
997 3108 1202 3164 nostri.
1236 3108 1501 3164 Dedecus
1532 3110 1756 3184 quippe
1813 3115 1901 3167 est
1948 3111 2029 3167 tui

368 3191 602 3265 imperii
631 3194 776 3266 quia
798 3195 1322 3265 Burgundionibus
1370 3198 1644 3272 imperat,
1701 3201 2030 3273 Aquitanos

369 3280 567 3350 arguit
590 3286 647 3337 et
674 3281 964 3355 increpat,
997 3284 1256 3342 Britones
1295 3290 1351 3343 et
1402 3289 1844 3344 Northmannos
1882 3280 2033 3359 regit

370 3373 427 3425 et
456 3368 771 3439 gubernat,
800 3370 1195 3429 Flandrenses
1223 3375 1490 3431 minatur
1523 3381 1579 3431 et
1607 3377 1897 3447 devastat,
1921 3378 2031 3432 Da-

371 3474 473 3514 cos
504 3463 559 3515 et
592 3460 1034 3529 Lotharienses,
1067 3463 1399 3535 quinetiam
1432 3467 1697 3522 Saxones
1729 3466 1841 3521 sibi
1893 3481 2031 3521 con-

371 3548 549 3602 nectit
577 3552 633 3603 et
660 3549 952 3606 conciliat.
985 3552 1158 3622 Angli
1178 3570 1421 3627 quoque
1449 3554 1501 3609 ei
1526 3554 1870 3610 obedienter
1895 3554 2032 3610 sub-

373 3634 617 3703 duntur,
643 3637 799 3694 Scoti
819 3642 876 3693 et
902 3638 1189 3697 Hibernes
1205 3642 1336 3714 ejus
1356 3642 1689 3715 patrocinio
1718 3647 2026 3714 reguntur.

375 3725 657 3781 Omnium
678 3726 903 3801 quippe
930 3743 1256 3800 regnorum
1282 3747 1493 3787 omnes
1524 3737 1727 3801 gentes
1757 3732 1811 3788 ei
1839 3732 2032 3789 famu-

373 3812 575 3869 lantur
595 3819 652 3870 et
680 3814 989 3887 obediunt,
1012 3833 1123 3874 nec
1154 3823 1243 3874 est
1269 3818 1382 3874 nisi
1420 3824 1485 3875 tu
1522 3825 1706 3893 queat
1760 3821 2032 3877 resistere

375 3902 741 3976 superbienti
784 3906 1099 3963 temeritati
1151 3907 1281 3979 ejus
1336 3907 1713 3982 militumque
1761 3927 2031 3967 suorum.

374 3993 556 4062 Magis
586 4010 657 4050 ac
678 3994 896 4066 magis,
931 4012 1237 4070 supraque
1262 3998 1405 4054 satis
1431 3998 1776 4069 ingruenter
1806 4000 2038 4056 confor-

376 4086 533 4137 tatur
555 4087 613 4137 et
642 4084 1031 4157 praevalescit,
1060 4103 1170 4143 nec
1199 4087 1497 4144 multiﬂua
1521 4088 1777 4145 militum
1824 4106 2039 4161 conge-

378 4169 461 4223 rie
509 4170 819 4227 conﬁdens
869 4174 1178 4246 resipiscit.
1238 4177 1380 4234 Vide
1456 4194 1530 4234 ne
1598 4195 1852 4249 regnum
1932 4180 2037 4236 tibi

378 4257 822 4316 heereditarium
843 4268 1090 4319 conetur
1114 4280 1295 4337 super
1319 4271 1373 4322 te
1400 4267 1706 4339 invadere,
1738 4274 1912 4343 teque
1957 4270 2036 4326 ab

379 4345 481 4401 illo
528 4348 921 4407 exterminare
982 4357 1039 4408 et
1119 4354 1451 4411 extrudere.
1510 4357 1567 4414 Si
1608 4359 1771 4431 quod
1820 4360 2036 4431 injuste

382 4439 540 4492 tenet
594 4440 844 4507 teneres,
901 4440 1107 4498 omnia
1153 4457 1342 4513 regna
1399 4444 1503 4500 tibi
1546 4447 1852 4504 vindicare
1908 4449 2038 4522 qui-

1324 135 1629 192 DUDONIS
1669 134 1926 191 DECANI
1970 133 2025 190 S.
2070 134 2377 199 QUINTINI
2416 138 2800 194 VIROMAND.

2038 261 2086 313 Α

3687 135 3798 187 728

2749 275 3135 315 APOSTROPHA.

2118 370 2145 396 «
2185 348 2313 404 Heu
2346 350 2357 404 !
2386 349 2534 423 quid
2563 349 2761 406 adhuc
2784 348 2929 404 furis
2958 347 3303 415 ardescens,
3353 363 3389 402 ο
3454 344 3798 418 Arnulphe,

3113 437 3273 509 [odio
3302 433 3737 509 perﬁdiaque,

2115 526 2353 583 Invidiae
2369 526 2626 583 nimium
2656 526 2910 584 afﬂictus
2941 525 3111 582 taedis
3140 530 3197 581 et
3219 525 3496 581 laniatus
3531 522 3564 577 ?

2118 614 2324 671 Desine
2356 616 2551 672 moliri
2580 621 2786 672 contra
2817 631 3104 688 superum
3137 614 3408 686 velleque
3440 627 3652 686 posse

2117 705 2450 759 Pervacuus
2479 704 2734 760 nimium
2764 704 2939 761 labor
2985 709 3097 767 est,
3144 719 3328 776 quem
3378 716 3569 757 nunc
3628 696 3802 753 corde

3368 791 3461 861 [re
3470 791 3729 845 tractas.

2117 884 2243 936 Non
2275 882 2525 954 capitur,
2550 897 2735 954 quem
2766 880 2976 937 dextra
3002 880 3103 936 Dei
3121 879 3332 949 sancit,
3377 875 3669 951 protegit
3723 878 3798 929 at-

3304 1016 3311 1021 .
3567 967 3738 1037 [que.

2121 1062 2273 1116 Nam
2290 1062 2511 1131 justus,
2543 1060 2797 1133 probus,
2838 1060 3154 1127 innocuus,
3214 1063 3489 1125 sanctus,
3545 1054 3801 1129 percele-

3447 1146 3741 1218 [brisque

2123 1238 2401 1309 Marchio,
2432 1238 2860 1312 patriciusque,
2905 1253 3129 1308 comes,
3183 1236 3308 1292 dux
3351 1232 3712 1292 Bichardus
3751 1237 3802 1287 et

3478 1324 3737 1396 [almus,

2124 1423 2379 1489 Aggerre
2408 1416 2766 1490 quadriﬁdas
2797 1421 3031 1473 mactus
3062 1415 3296 1471 virtutis
3319 1413 3628 1483 rutilanti,

2124 1506 2362 1562 Plebem
2383 1498 2773 1563 commissam
2806 1506 3065 1561 subimet
3093 1509 3263 1578 pater
3287 1508 3355 1559 ut
3383 1503 3661 1572 corriget
3704 1515 3798 1556 au-

3582 1606 3732 1661 gens

2126 1688 2410 1756 Proteget,
2443 1683 2850 1755 auxiliabitur,
2877 1688 2935 1741 et
2963 1683 3234 1749 salvabit,
3258 1680 3626 1738 refovebit.»

2199 1797 2227 1824 ‹‹
2258 1775 2314 1831 Si
2344 1775 2636 1829 universae
2660 1775 2922 1830 Franciae
2946 1778 3002 1830 et
3023 1771 3380 1843 Burgundiae
3404 1769 3656 1826 militari
3683 1784 3794 1824 ma-

2127 1880 2212 1919 nu
2238 1864 2440 1931 ascita,
2465 1862 2764 1936 profectus
2785 1863 2959 1919 fuerit
2982 1879 3087 1918 rex
3114 1860 3432 1918 Lotharius
3456 1865 3607 1915 tuus
3641 1858 3791 1913 ﬁlius

2129 1952 2208 2008 ad
2236 1952 2366 2022 ejus
2395 1950 2575 2006 urbes
2605 1950 3059 2017 munitissimas,
3095 1949 3190 2004 ille
3242 1948 3293 2004 si
3318 1946 3610 2003 maluerit
3638 1944 3790 2001 resis-

2129 2045 2258 2097 tens
2287 2040 2597 2096 dimicabit
2617 2044 2825 2096 contra
2853 2056 3012 2095 eum.
3053 2038 3109 2097 Si
3161 2054 3306 2105 non,
3353 2039 3688 2109 componet
3731 2048 3787 2117 se

2131 2132 2192 2186 in
2213 2130 2573 2185 ﬁrmissimis
2615 2129 3049 2185 munitionibus
3100 2127 3550 2184 tutissimarum
3602 2124 3788 2180 civita-

2129 2224 2277 2276 tum.
2310 2219 2575 2291 Denique
2604 2218 2965 2289 conglobato
2996 2216 3471 2273 christicolarum
3529 2228 3785 2288 pagano-

2128 2325 2385 2383 rumque
2416 2308 2696 2377 exercitu,
2731 2308 3111 2381 depopulans
3140 2311 3356 2363 cuncta
3410 2303 3784 2376 aggredietur

2132 2400 2311 2455 urbes
2345 2415 2506 2466 suas,
2541 2402 2597 2453 et
2628 2398 2677 2453 si
2706 2399 2853 2454 forte
2884 2398 3105 2470 ceperit
3119 2412 3241 2463 eas,
3264 2399 3634 2451 Francorum
3657 2395 3781 2449 Bur-

2129 2488 2624 2560 gundionumque
2654 2486 2873 2543 tenebit
2899 2502 3142 2542 securus
3178 2500 3384 2555 regna.
3421 2480 3769 2538 Prudentius

2135 2576 2696 2650 congruensiusque
2716 2581 2803 2632 cst
2823 2592 2961 2632 cum
2982 2575 3121 2630 dolo
3143 2574 3519 2646 aliquatenus
3538 2586 3673 2627 eum
3689 2584 3777 2624 ca-

2131 2683 2292 2740 pere,
2316 2682 2501 2738 quam
2527 2665 2943 2720 monarchiam
2973 2664 3102 2735 ejus
3131 2663 3463 2729 devastare,
3487 2660 3772 2729 urbesque

2135 2755 2410 2813 obsidere
2436 2773 2449 2822 ;
2481 2754 2626 2827 quia
2656 2753 2802 2809 nihil
2829 2753 3210 2827 proﬁciemus
3240 2752 3301 2807 in
3327 2752 3441 2807 hac
3469 2746 3771 2821 expeditio-

2133 2862 2229 2902 ne.
2262 2842 2714 2900 Animadvertet
2733 2843 2891 2898 enim
2913 2840 3291 2915 propositum
3319 2836 3628 2896 voluntatis
3646 2850 3770 2890 nos-

2062 2967 2102 3023 C
2136 2941 2235 2992 trae
2264 2934 2471 3007 sicque
2501 2933 2734 2989 cautius
2763 2932 3023 2988 tuebitur
3052 2948 3132 2987 se.
3165 2933 3399 3023 Verum,
3446 2928 3598 3023 mitte
3619 2925 3764 2995 lega-

2137 3031 2264 3082 tum
2297 3025 2375 3081 ad
2396 3026 2761 3079 Brumonem
2803 3022 3218 3079 Coloniensem
3274 3017 3755 3090 archiepiscopum

2138 3115 2380 3172 fratrem
2408 3118 2600 3180 tuum,
2625 3113 3072 3169 Lothariensem
3106 3109 3321 3166 scilicet
3343 3108 3535 3163 ducem
3561 3098 3750 3175 praeci-

2136 3221 2348 3278 puum,
2374 3208 2437 3258 ut
2457 3201 2656 3258 veniat
2685 3201 2761 3257 ad
2797 3206 2849 3257 te
2875 3204 3120 3273 propter
3158 3199 3331 3269 hujus
3357 3193 3554 3251 erroris
3580 3203 3751 3257 nego-

2137 3295 2309 3363 tium,
2343 3288 2719 3365 decipiatque
2751 3291 3005 3361 alicujus
3042 3287 3374 3345 calliditatis
3415 3281 3758 3357 sophismata

2141 3383 2503 3439 Richardum
2530 3386 2706 3438 tantae
2740 3380 3009 3436 elationis
3065 3378 3320 3434 virum.»
3378 3374 3528 3430 Illico
3576 3368 3764 3438 regina

2139 3473 2317 3529 mittit
2347 3473 2425 3528 ad
2452 3476 2810 3542 Brunonem,
2844 3476 2901 3527 et
2930 3485 3173 3525 omnem
3203 3468 3385 3538 hujus
3428 3456 3764 3534 deceptionis

2140 3561 2454 3618 mandavit
2480 3561 2915 3618 seriem.Bruno
2939 3574 3082 3615 vero
3108 3556 3275 3631 petiit
3293 3554 3595 3612 Franciam
3611 3547 3764 3612 illico,

2136 3650 2503 3723 veniensque
2520 3649 3011 3706 Virmandensem
3029 3662 3277 3720 pagum,
3291 3643 3452 3700 misit
3469 3636 3767 3716 quemdam

2140 3739 2495 3812 episcopum
2525 3738 2630 3811 qui
2659 3738 2882 3794 diceret
2904 3734 3199 3792 Richardo
3224 3734 3286 3789 in
3324 3732 3466 3788 dolo
3499 3750 3512 3787 :
3543 3754 3567 3780 ‹‹
3595 3730 3768 3812 Bruno

2143 3811 2510 3886 Cioloniensis
2539 3825 2946 3900 archipreesul,
2975 3825 3111 3881 licet
3140 3822 3448 3894 indignus,
3506 3817 3610 3876 tibi
3653 3811 3774 3870 ﬁde-

2139 3916 2288 3973 lium
2311 3916 2654 3972 orationum
2683 3931 2926 3970 munus.
2962 3912 3257 3979 Quoniam
3304 3909 3557 3984 quidem
3599 3906 3772 3961 noster

2146 4004 2347 4062 senior
2364 4003 2519 4060 bene
2562 4004 2720 4060 norit
2770 4003 2934 4076 quod
2981 4000 3363 4070 evangelicus
3416 4011 3614 4052 sermo
3658 3988 3775 4047 refe-

2141 4094 2332 4151 rendo
2356 4093 2516 4162 dicit;
2550 4095 2728 4150 Beati
2746 4093 3010 4163 paciﬁci,
3042 4090 3325 4162 quoniam
3349 4088 3468 4157 ﬁlii
3492 4087 3606 4143 Dei
3629 4095 3775 4139 voca-

2145 4184 2391 4240 buntur.
2424 4182 2646 4239 Idcirco
2678 4182 2895 4238 obnixe
2921 4184 3199 4253 precatur
3230 4183 3289 4233 ut
3346 4175 3558 4232 venias
3603 4174 3778 4228 contra

2145 4290 2284 4330 eum
2319 4272 2703 4329 Ambianensi
2732 4286 2891 4345 pago
2922 4269 3208 4325 velocius.
3241 4266 3485 4322 Audivit
3513 4265 3675 4353 enim
3707 4271 3779 4353 6!".

2145 4379 2311 4419 rores
2330 4362 2767 4432 insurgentium
2795 4362 2856 4416 in
2882 4366 2934 4415 te
2955 4360 3241 4423 rixarum,
3289 4359 3541 4427 vultque
3582 4349 3781 4408 ardenti

2149 4452 2353 4507 animo
2378 4450 2458 4507 ob
2484 4466 2755 4506 amorem
2786 4454 2958 4505 tuum
2997 4448 3206 4503 sedare
3264 4451 3529 4500 tumores
3579 4451 3778 4497 earum-

380 4543 495 4583 res.
526 4549 555 4577 ››
597 4527 823 4585 Harum
876 4530 1102 4604 quippe
1156 4532 1460 4590 fallacium
1518 4537 1848 4610 ambagum
1896 4539 2040 4597 ollo-
2071 4535 2116 4588 D
2145 4546 2220 4599 Te
2246 4546 2303 4597 et
2331 4556 2535 4611 regem
2567 4544 2848 4614 nepotem
2872 4554 3053 4593 suum
3101 4531 3491 4592 inextricabili
3540 4525 3784 4587 concilia-

381 4616 525 4689 quio
556 4617 781 4687 audito,
816 4618 1128 4678 subintulit
1149 4622 1434 4681 Tetboldo
1489 4627 1700 4697 regina
1754 4629 1931 4685 tristis
1985 4633 2043 4687 et

382 4710 728 4764 commota:
765 4727 796 4762 ‹
826 4710 909 4764 Tu
939 4711 1128 4767 nostri
1159 4713 1366 4770 secreti
1423 4716 1717 4785 conscius,
1774 4717 2044 4774 secretio-

380 4795 581 4868 risque
630 4797 863 4854 consilii
910 4797 1070 4856 ﬁdus
1119 4803 1469 4860 secretarius
1523 4810 1580 4861 et
1626 4806 2039 4876 consiliarius;

382 4886 463 4943 da
489 4888 666 4945 nobis
693 4889 1009 4946 consilium
1055 4908 1236 4965 super
1270 4893 1365 4949 his
1422 4894 1623 4951 rebus.
1680 4896 1905 4952 Nullius
1952 4898 2044 4968 ju-

386 4976 645 5033 vaminis
672 4978 885 5036 virtute
903 4979 1148 5054 suffulti,
1171 4982 1286 5038 nisi
1316 4983 1436 5057 Dei,
1460 5001 1781 5057 precamur
1809 4991 1874 5042 ut
1920 5003 2045 5044 mo-

380 5068 479 5120 tus
499 5065 716 5137 pietate
747 5068 809 5125 in
866 5069 982 5126 hoc
1035 5074 1300 5142 negotio,
1353 5072 1675 5131 clementer
1727 5093 2043 5134 succurras

382 5152 583 5208 nobis.
609 5160 969 5214 Aversamur
994 5159 1241 5234 indique
1272 5178 1466 5235 secus,
1495 5168 1551 5220 et
1566 5166 2041 5241 comprimimur,

382 5244 442 5297 et
468 5255 774 5315 nusquam
802 5248 928 5303 tuta
954 5248 1106 5305 ﬁdes
1135 5252 1447 5324 reperitur.
1483 5275 1511 5303 »
1542 5254 1863 5311 Tetboldus
1903 5273 2044 5313 vero

384 5343 589 5385 comes
621 5330 868 5403 cupiens
899 5337 1148 5407 perdere
1197 5339 1337 5397 dolo
1387 5343 1624 5413 penitus
1684 5343 2044 5401 Richardum

383 5422 561 5475 tantae
590 5419 902 5493 probitatis
925 5426 1266 5502 patricium,
1301 5431 1614 5489 subintth
1663 5433 1883 5505 reginae
1930 5435 2046 5493 hoc

383 5509 720 5571 consilium.

2144 4632 2233 4688 bit
2253 4630 2497 4698 foedere,
2524 4634 2579 4686 te
2610 4634 2669 4685 et
2710 4626 3095 4695 Tetboldum,
3148 4629 3516 4695 caeterosque
3566 4616 3782 4676 malivo-

2144 4721 2235 4778 los
2261 4718 2604 4794 paciﬁcabit
2642 4718 2890 4791 dempta
2915 4714 3199 4789 pestifera
3227 4712 3559 4769 voluntate.
3600 4703 3786 4765 Omnia

2147 4825 2336 4881 regna
2364 4807 2599 4882 nepotis
2628 4807 2870 4863 ditionis
2896 4810 3075 4861 rectae
3124 4802 3314 4859 ambit
3359 4800 3488 4871 lege
3541 4804 3786 4855 coercere

2147 4905 2204 4957 et
2234 4914 2529 4965 serenare,
2561 4913 2860 4970 omneque
2888 4894 3155 4967 jurginm
3187 4892 3525 4964 discerpere
3573 4892 3629 4945 et
3673 4897 3789 4940 con-

2152 4989 2386 5046 culcare
2436 4987 2746 5044 Desiderat
2797 4985 2958 5041 enim
3008 4999 3221 5039 omnes
3278 4982 3630 5037 connectere
3667 4970 3788 5030 ﬁde-

2150 5078 2298 5134 litati
2329 5076 2420 5133 sui
2461 5076 2716 5149 nepotis,
2762 5074 2967 5146 sicque
3023 5070 3245 5127 sedatis
3309 5068 3578 5125 rixarum
3635 5056 3787 5119 turbi-

2153 5167 2352 5235 nibus,
2383 5170 2683 5239 pactaque
2704 5164 2782 5220 ab
2815 5161 3102 5219 omnibus
3133 5176 3302 5234 pace,
3336 5157 3416 5214 ad
3464 5172 3579 5212 sua
3622 5162 3790 5239 regre-

2155 5257 2273 5313 di.»
2295 5236 2456 5312 Tunc
2509 5236 2837 5311 Richardus
2889 5251 3158 5309 marchio
3206 5246 3672 5318 benignissimus
3714 5236 3789 5293 his

2156 5345 2383 5402 dolosis
2416 5344 2697 5401 affatibus
2729 5343 3039 5414 deceptus,
3074 5339 3253 5411 coepit
3282 5338 3363 5392 ire
3421 5338 3629 5389 contra
3669 5332 3788 5385 Bru-

2154 5450 2379 5490 nonem
2413 5450 2551 5489 cum
2574 5432 2695 5489 suis
2722 5428 3020 5487 ﬁdelibus.
3071 5431 3339 5499 Cumque
3393 5423 3629 5481 adesset
3652 5426 3787 5511 p889

2160 5522 2849 5593 Belvacensi,Brunoque
2867 5515 3278 5581 Amblanensi,
3295 5514 3391 5570 die
3407 5528 3531 5586 qua
3551 5512 3790 5567 denomi-

2161 5616 2374 5689 natum
2399 5616 2526 5669 erat
2553 5627 2656 5668 eos
2681 5608 2859 5683 simul
2886 5605 3165 5695 colloqui,
3192 5606 3485 5666 venerunt
3537 5600 3617 5658 ad
3666 5605 3784 5652 eum
