4004 6178
220 134 327 188 729

709 133 802 187 DE
842 129 1100 189 GESTIS
1138 129 1569 189 NORMANNLE
1610 130 1859 187 DUCUM
1898 128 2079 185 LIBRI
2117 129 2319 187 TBES.
2364 165 2436 175 —
2476 138 2603 194 LIB.
2645 142 2715 194 IIl
2755 134 3190 195 RICHARDUS.

3581 156 3685 210 730

212 253 341 309 duo
390 251 757 309 Telboldidte
801 253 1075 310 dicentes
1120 255 1322 311 divino
1372 257 1521 310 nutu
1563 252 1875 326 inspirati:
1906 257 1954 308 A
1992 222 2339 322 Tctboldus,
2372 261 2686 333 caaterique
2715 261 2967 317 factores
2991 261 3130 318 talis
3173 270 3415 327 consilii
3445 277 3499 329 et
3527 274 3681 329 calli.

214 364 245 391 ‹‹
278 340 440 409 Tibi,
467 341 608 410 dux,
634 343 912 399 secretius
940 342 1059 399 fari
1085 344 1383 400 volumus.
1406 366 1432 392 »
1464 342 1758 399 Bichardo
1790 358 1880 398 se-

213 430 490 501 cedente,
520 432 842 489 intulerunt
865 432 943 487 illi
972 449 988 487 :
1029 455 1061 481 ‹‹
1087 434 1349 505 Majusne
1374 433 1497 489 fore
1526 432 1652 488 dux
1672 432 1882 488 North-

211 536 608 587 mannorum,
657 538 839 595 quam
892 526 1070 578 extra
1113 523 1418 592 regionem
1471 526 1637 578 tuam
1679 526 1885 595 pastor

213 611 429 667 ovium
475 616 533 667 et
580 612 971 684 caprarum?»
1040 612 1338 668 Richardo
1385 628 1525 667 vero
1577 612 1792 667 comite
1821 610 1881 666 in

214 717 344 757 uno
370 700 586 757 obtutu
613 700 827 768 deﬁxo,
859 705 915 756 et
944 701 1306 757 mirabiliter
1333 702 1611 767 haerente,
1639 701 1882 757 nullius-

212 807 338 864 que
368 790 769 863 responsionis
793 790 1052 845 verbum
1076 791 1189 847 illis
1218 791 1416 859 dante,
1438 791 1519 846 illi
1548 790 1883 847 admodum

216 885 528 953 stupuere.
564 879 722 935 lllata
762 895 899 935 vero
944 880 1282 953 propositio
1328 880 1475 953 quid
1524 880 1889 950 signiﬁcaret

212 973 539 1035 scrutatus,
596 968 865 1041 infraque
919 970 1319 1042 semetipsum
1366 970 1540 1042 quasi
1590 973 1880 1042 receptus,

211 1057 369 1113 dixit
392 1057 504 1113 illis
533 1058 795 1114 duobus:
824 1081 851 1108 ε
877 1058 1071 1125 Unde,
1095 1058 1191 1114 vel
1215 1060 1387 1129 cujus
1414 1058 1621 1114 ﬁdeles
1652 1058 1830 1114 estis?
1854 1080 1883 1107 »

211 1147 710 1219 Responderunt:
768 1146 983 1212 «Quid
1037 1148 1143 1203 tibi
1174 1147 1394 1218 cujus?
1448 1152 1648 1204 \‘onne
1696 1147 1882 1202 tui?»

212 1235 549 1291 Richardus
598 1234 1090 1291 animadvertens
1145 1252 1248 1292 eos
1294 1252 1435 1291 suos
1481 1235 1688 1291 ﬁdeles
1730 1250 1879 1304 esse,

211 1340 445 1397 eosque
472 1324 771 1398 propalari
801 1324 980 1395 cujus
1015 1330 1213 1381 essent
1240 1325 1417 1393 nolle,
1447 1329 1641 1394 grates
1672 1339 1880 1396 agens,

211 1418 271 1470 et
300 1413 439 1469 vale
468 1414 689 1483 dicens,
720 1415 1047 1471 honoravit
1078 1416 1360 1471 secretius
1404 1415 1532 1471 illos
1556 1415 1879 1488 praecipue.

216 1504 332 1559 Uni
365 1520 506 1560 vero
546 1520 751 1560 ensem
790 1521 864 1560 ex
895 1507 1050 1561 auro
1079 1510 1339 1577 quatuor
1362 1504 1651 1562 librarum
1682 1505 1741 1560 in
1783 1520 1883 1561 ca-

1991 339 2191 395 ditatis
2220 342 2659 419 vituperantur.
2692 350 3024 407 Richardus
3045 364 3199 407 vero
3228 352 3356 413 dux
3385 362 3675 416 sanctissi-

1991 444 2155 495 mus,
2184 434 2369 490 tanta:
2401 435 2769 510 deceptionis
2814 444 2870 495 et
2899 437 3243 495 calliditatis
3274 445 3499 503 insidiis
3538 465 3668 504 eru-

1991 523 2109 589 tus,
2126 519 2425 582 referebat
2450 526 2715 598 quotidie
2746 533 2941 597 grates
2967 529 3102 599 Regi
3123 544 3342 600 regum
3370 536 3659 604 devotius,

1991 606 2099 679 qui
2128 610 2284 665 eruit
2323 628 2463 668 eum
2506 614 2579 670 de
2629 615 2893 687 periculo
2941 617 3149 672 mortis
3204 623 3259 675 et
3310 623 3661 695 captivitatis

1991 695 2311 768 propitius.
2351 703 2483 757 Erat
2512 702 2710 776 itaque
2762 703 2988 760 Christo
3040 704 3290 761 Domino
3334 725 3568 781 semper
3595 711 3658 766 in

1992 785 2283 843 omnibus
2307 792 2591 863 operibus
2618 793 2946 864 subjectus,
2964 794 3282 850 devotione
3307 801 3363 852 et
3381 814 3659 854 mansue-

1992 875 2200 932 tudine
2233 880 2519 936 omnibus
2545 881 2767 937 viribus
2798 888 3082 939 armatus.
3118 885 3373 941 Moribus
3404 891 3459 941 et
3486 887 3658 942 meri-

1994 964 2067 1019 tis
2093 968 2460 1041 prtecipuus,
2490 976 2887 1027 sacrosancta:
2938 972 3207 1028 Ecclesiae
3239 973 3658 1030 Northmanni-

1994 1070 2079 1110 cae
2110 1054 2505 1113 advocatione
2537 1059 2774 1129 dignus,
2816 1059 2932 1115 ﬁde
2976 1060 3378 1133 plenissimus,
3413 1080 3517 1135 spe
3558 1079 3656 1119 ro-

1991 1144 2403 1215 bustissimus,
2437 1148 2723 1204 charitate
2756 1149 3153 1219 largissimus.
3208 1151 3504 1207 Obediens
3555 1152 3657 1208 Dei

1991 1236 2326 1308 praeceptis,
2352 1237 2632 1293 credulus
2662 1238 2721 1293 in
2744 1238 2961 1293 divinis
2989 1239 3655 1311 promissis.Aﬂluentia

1990 1338 2193 1379 rerum
2238 1324 2695 1399 bonitatumquc
2725 1327 3015 1400 locuples,
3048 1327 3255 1383 divino
3286 1328 3450 1384 cultu
3480 1346 3655 1385 mun-

1992 1412 2255 1485 dialique
2278 1416 2482 1470 soiers.
2506 1415 2717 1470 Docilis
2740 1415 2798 1470 in
2827 1432 3026 1489 opere,
3044 1415 3406 1486 longanimis
3427 1417 3489 1471 in
3512 1433 3649 1488 spe;

1994 1501 2233 1572 sapiens
2259 1502 2319 1557 in
2347 1502 2666 1576 colloquio,
2700 1505 2965 1577 prudens
2989 1505 3051 1560 in
3077 1505 3341 1561 consilio.
3377 1511 3440 1561 In
3472 1506 3653 1561 corri-

209 1591 363 1664 pulo
392 1590 704 1661 fulgidum,
738 1591 904 1648 alteri
935 1608 1078 1648 vero
1108 1592 1272 1649 dedit
1308 1592 1603 1649 armillam
1633 1593 1883 1649 totidem
1916 1617 1954 1671 Β
1993 1590 2191 1659 gendo
2223 1595 2505 1647 constans
2554 1598 2608 1647 et
2658 1593 2996 1661 vehemens,
3028 1595 3089 1648 in
3116 1594 3428 1650 dilectione
3467 1596 3568 1650 Dei
3596 1599 3655 1650 et

205 1680 385 1735 libris
416 1680 717 1753 purissimi
746 1680 875 1736 auri
922 1681 1303 1737 fabricatam.
1338 1681 1453 1738 lllis
1496 1698 1761 1755 namque
1800 1697 1888 1736 re~

215 1768 592 1840 cedentibus,
624 1786 759 1843 quae
783 1770 1114 1826 retulerunt
1140 1771 1436 1827 intimavit
1468 1772 1590 1827 suis
1623 1772 1882 1844 optima-

204 1857 391 1913 tibus.
412 1861 570 1913 Tunc
590 1858 672 1913 illi
693 1863 947 1914 retracta
980 1864 1037 1914 et
1065 1859 1449 1932 interpretata
1474 1860 1883 1933 propositione

204 1951 394 2002 tanta:
423 1946 771 2002 invectionis
821 1952 879 2003 et
925 1948 1417 2020 comparationis,
1450 1954 1776 2019 coegerunt
1814 1948 1881 2002 il-

203 2034 343 2089 lum
396 2034 580 2091 redire
639 2035 868 2091 muenia
918 2036 1424 2106 Rothomagensis
1482 2038 1667 2105 urbis,
1724 2039 1883 2105 lega-

204 2127 463 2196 tumque
489 2124 719 2180 mittere
765 2125 844 2180 ad
877 2126 1243 2191 Brunonem,
1278 2126 1382 2197 qui
1409 2142 1470 2181 se
1517 2142 1640 2183 non
1673 2131 1881 2181 ventu-

202 2229 347 2269 rum
396 2213 473 2269 ad
518 2213 807 2286 placitum
849 2214 1153 2270 nuntiaret
1190 2215 1291 2271 illi.
1328 2217 1547 2285 Legato
1574 2232 1717 2272 vero
1747 2218 1885 2271 Bru-

203 2302 357 2359 noni
396 2303 852 2376 archiepiscopo
900 2303 1214 2360 nuntiante
1260 2304 1618 2362 Richardum
1651 2306 1729 2361 ad
1759 2304 1885 2377 pla-

206 2390 396 2447 citum
448 2406 569 2447 non
617 2397 939 2447 venturum
983 2409 1135 2459 esse,
1194 2393 1438 2465 stupuit,
1488 2397 1881 2465 autumatque

207 2484 393 2536 tantas
414 2479 785 2553 deceptionis
811 2481 1132 2537 consilium
1153 2481 1323 2537 illum
1351 2483 1878 2549 animadvertisse;

207 2568 480 2641 dixitque
525 2569 757 2639 legato:
814 2592 842 2618 «
868 2570 1026 2626 Vade
1076 2570 1272 2640 citius,
1318 2569 1534 2643 dicque
1580 2570 1880 2627 Richardo

209 2672 443 2726 magno
471 2656 610 2713 duci
662 2662 729 2713 ut
777 2657 974 2713 saltim
1022 2658 1225 2713 veniat
1267 2673 1450 2730 super
1486 2662 1641 2732 Eptm
1672 2658 1882 2714 ﬂuvio-

206 2747 360 2813 lum,
393 2746 444 2802 si
483 2747 755 2820 requiem
786 2751 1073 2820 pacisque
1119 2748 1554 2804 incrementum
1589 2748 1752 2821 cupit
1779 2749 1883 2803 ha-

204 2835 353 2891 bere
384 2851 634 2891 suorum
676 2835 1080 2905 inimicorum,
1112 2840 1170 2891 et
1200 2851 1313 2906 ego
1343 2851 1454 2902 pro
1501 2838 1632 2908 ejus
1673 2852 1879 2892 amore

206 2923 562 2997 proﬁciscar
611 2923 753 2980 illuc
797 2923 1096 2980 solaturus
1144 2940 1353 2979 eum.»
1396 2928 1557 2981 Tunc
1604 2926 1873 2995 legatus:

208 3036 235 3061 ιι
258 3017 390 3070 Non
418 3017 663 3086 propter
680 3029 801 3084 me,
822 3028 933 3070 nec
961 3017 1208 3086 propter
1234 3030 1605 3088 quemquam
1637 3020 1877 3071 tuorum

208 3103 291 3158 ad
347 3118 617 3175 praesens
665 3102 894 3159 venerit
940 3107 1150 3159 contra
1227 3107 1282 3158 te
1358 3104 1435 3159 ad
1511 3104 1875 3177 placitum.»

209 3192 403 3263 Hujus
466 3192 648 3263 igitur
712 3192 1122 3265 responsionis
1188 3191 1519 3261 obstaculo,
1577 3199 1876 3265 tantaeque

208 3281 546 3339 traditionis
579 3280 721 3337 dolo
752 3281 988 3353 penitus
1017 3281 1269 3347 detecto,
1302 3283 1611 3339 revertitur
1640 3282 1718 3337 ad
1766 3299 1876 3340 sua

210 3370 589 3427 verecundus
620 3373 834 3426 Bruno.

847 3513 1230 3554 APOSTROPHA.

571 3598 883 3656 Moliuntur
913 3616 1047 3656 ecce
1080 3600 1302 3672 plures,

480 3764 483 3767 ἱ
570 3690 614 3745 0
646 3688 940 3745 Richarde
971 3689 1252 3760 benigne,

572 3777 820 3851 Duxque
850 3778 1257 3852 patriciusque
1290 3794 1576 3850 magnus,

572 3866 810 3923 Cunctis
840 3871 896 3922 et
925 3883 1127 3923 comes
1155 3866 1374 3924 almus.

574 3954 713 4025 Subj
726 3970 905 4025 ugare
938 3960 991 4011 te
1018 3960 1291 4027 potenter

571 4044 745 4100 Vafra
786 4043 1129 4114 calliditate,

576 4136 641 4189 Et
667 4138 947 4189 retractat
972 4134 1233 4207 quisque
1264 4133 1428 4203 dolo,

576 4224 703 4289 Quo
725 4228 778 4279 te
808 4223 1020 4295 perdat
1048 4223 1272 4297 inique.

578 4315 818 4385 Propter
847 4312 960 4368 hoc
992 4313 1163 4368 stude
1194 4313 1458 4369 valenter

578 4404 764 4470 Certa,
797 4418 1048 4475 speque,
1073 4402 1312 4475 ﬁdeque

579 4491 807 4548 Enitere
835 4491 889 4547 vi
921 4491 1201 4558 micante,

578 4580 787 4636 Meritis
821 4580 1216 4652 mercetleque
1243 4580 1425 4652 justa,

581 4671 708 4733 Quo
740 4686 927 4742 queas
958 4669 1157 4737 vigere
1185 4686 1422 4742 semper

582 4759 787 4815 Solerti
818 4759 1135 4832 probitate,

581 4848 753 4905 Callis
783 4854 840 4904 et
859 4848 1003 4920 justi
1031 4853 1228 4904 tenere

581 4937 841 5006 Libram,
872 4943 1104 4993 rectum
1138 4937 1447 5010 itinerque.

582 5027 810 5083 Frueris
840 5031 996 5083 sorte
1030 5025 1151 5096 tali,

580 5118 709 5183 Quo
739 5132 1058 5189 nunquam
1093 5115 1382 5188 capieris:
1424 5123 1430 5129 ‘

582 5206 696 5263 Sed
723 5205 950 5276 vigebis
981 5205 1323 5261 seculorum

577 5296 713 5351 Jam
746 5310 854 5368 per
880 5293 1099 5350 saecula
1127 5298 1362 5351 cuncta.

284 5421 463 5474 Tunc
493 5434 601 5491 per
630 5424 814 5475 totam
841 5419 1067 5492 quippe
1096 5419 1425 5489 Franciam,
1452 5418 1884 5487 Burgundiam-

208 5525 336 5584 que
366 5513 427 5563 et
455 5511 669 5564 caetera
698 5524 904 5578 regna,
938 5525 1145 5564 rumor
1171 5513 1346 5564 tanta;
1377 5508 1729 5575 traditionis,
1760 5511 1884 5562 tan-

211 5600 387 5671 tique
437 5596 559 5654 doli
602 5598 956 5670 propalatur
1006 5601 1064 5654 et
1110 5598 1190 5654 ab
1242 5597 1532 5656 universis
1582 5597 1783 5653 Bruno
1827 5600 1885 5652 et

1991 1679 2251 1751 proximi
2282 1680 2520 1737 ardens.
2554 1681 2784 1736 Patiens
2816 1681 2875 1737 in
2907 1682 3195 1751 adversrs,
3221 1683 3386 1738 fortis
3408 1683 3470 1738 in
3499 1682 3653 1756 peri-

1991 1767 2159 1823 culis.
2193 1772 2257 1823 ln
2288 1767 2504 1825 divinis
2556 1769 3063 1843 saecularibusque
3106 1771 3435 1843 disciplinis
3472 1788 3655 1828 man-

1991 1862 2195 1912 suetus
2224 1856 2286 1912 in
2315 1857 2711 1930 eleemosynis
2740 1859 3133 1929 largissimus.

2061 1945 2355 2001 Assiduus
2382 1947 2442 2002 in
2474 1948 2683 2004 studiis
2726 1948 2905 2005 bonae
2948 1950 3329 2023 operationis,
3366 1948 3654 2005 sollicitus

1988 2040 2154 2091 metu
2183 2036 2409 2091 mortis.
2446 2037 2708 2093 Eximius
2763 2038 2821 2092 in
2875 2043 3084 2095 timore
3127 2039 3248 2107 Dei,
3291 2036 3651 2109 magniﬁcus

1989 2124 2199 2180 ordine
2243 2124 2573 2197 habituque
2621 2126 2834 2182 laicali.
2873 2132 2933 2181 ln
2963 2129 3259 2201 exsequiis
3298 2131 3652 2183 cunctorum

1988 2212 2435 2277 devotissimus,
2486 2213 2548 2268 in
2599 2214 3007 2272 misericordia
3061 2221 3118 2271 et
3173 2216 3389 2289 pietate
3440 2213 3655 2283 glorio-

1990 2319 2111 2356 sus.
2200 2301 2553 2357 Praecellenti
2640 2303 2880 2372 ingenio
2962 2305 3268 2377 praeditus,
3342 2305 3405 2360 in
3486 2303 3655 2360 omni

1988 2406 2169 2463 opere
2225 2399 2520 2446 strenuus.
2572 2393 2801 2448 Judicio
2850 2393 3196 2466 justitiaque
3260 2393 3532 2464 insignis,
3589 2393 3654 2450 in

1988 2496 2124 2538 reos
2151 2479 2453 2535 severitate
2486 2480 2775 2548 terribilis,
2808 2481 2865 2535 in
2922 2482 3143 2554 probos
3193 2483 3431 2538 leintate
3469 2481 3650 2537 mitis.

1990 2567 2083 2622 Ad
2106 2566 2360 2635 gratiam
2380 2567 2727 2624 meritorum
2749 2576 3084 2641 promptus,
3104 2569 3182 2626 ad
3210 2567 3655 2640 ignoscendum

1988 2653 2392 2713 offensoribus
2444 2661 2711 2727 paratus.
2764 2657 3116 2714 Humilitatis
3161 2656 3449 2729 gradibus
3494 2672 3657 2711 sum-

1989 2761 2147 2814 mus,
2180 2743 2242 2798 in
2282 2743 2447 2799 omni
2490 2745 2906 2818 hospitalitatis
2961 2746 3255 2804 famulatu
3289 2736 3650 2819 przecipuus.

1988 2833 2153 2889 Altor
2200 2833 2661 2902 monachorum,
2706 2835 3277 2910 canonicorumque,
3311 2839 3489 2906 atque
3529 2848 3659 2903 gre-

1990 2938 2137 2992 gum
2190 2920 2463 2992 piisimus
2514 2922 2843 2979 advocatus
2895 2941 3143 2980 suorum
3200 2923 3510 2998 providus.
3565 2922 3660 2978 Di-

1989 3015 2305 3085 spensator
2348 3011 2656 3067 commissi
2704 3012 2904 3068 talenti
2950 3012 3161 3081 ﬁdelis,
3202 3012 3547 3069 moderator
3582 3011 3660 3068 ri-

1987 3118 2206 3160 xarum
2235 3100 2503 3171 insignis.
2542 3103 2826 3159 Delictum
2882 3105 3194 3176 proprium
3239 3118 3485 3173 canens,
3518 3102 3661 3158 alte-

1985 3192 2115 3247 rius
2146 3190 2421 3245 severiter
2452 3193 2731 3263 puniens.
2765 3192 3001 3246 Plebem
3050 3198 3114 3248 ut
3153 3198 3321 3264 pater
3370 3190 3525 3244 ﬁlios
3565 3190 3658 3246 fo-

1984 3295 2159 3347 vens,
2185 3278 2391 3335 Christi
2419 3285 2719 3353 praecepta
2749 3278 2997 3335 ﬁdeliter
3028 3280 3387 3352 adimplens.
3412 3280 3660 3350 Propter

1984 3386 2100 3425 vos
2129 3368 2428 3424 interdum
2474 3370 2676 3436 armis,
2711 3368 3012 3424 interdum
3050 3368 3338 3441 patientia
3366 3366 3657 3437 vincens;

1984 3474 2262 3534 paganos
2287 3460 2436 3530 jugo
2468 3459 2679 3516 Christi
2717 3458 2833 3514 levi
2871 3463 2928 3513 et
2972 3458 3335 3515 suavissimo
3365 3455 3654 3513 subdens.

1988 3549 2275 3605 Defensor
2312 3549 2519 3621 patriae
2564 3547 3038 3619 robustissimus,
3073 3547 3413 3620 solatorque
3445 3544 3658 3603 vidua-

1986 3655 2127 3694 rum
2179 3637 2607 3694 sanctissimus.
2660 3636 2947 3702 Prudens,
2974 3637 3423 3708 magnanimus,
3456 3636 3661 3692 bonus

1988 3732 2048 3783 et
2111 3727 2439 3797 modestus,
2493 3726 2753 3796 augebat
2797 3726 3057 3799 populos
3116 3727 3347 3782 statutis
3399 3724 3656 3793 legibus.

1989 3815 2340 3871 Praecellens
2369 3820 2540 3886 pater
2568 3814 2788 3869 exsulis
2837 3818 2895 3869 et
2934 3813 3181 3882 egentis,
3208 3813 3658 3883 incomparabi-

1989 3904 2181 3975 lisqne
2215 3904 2436 3959 solator
2466 3903 2722 3976 orphani
2766 3907 2823 3957 et
2852 3902 3083 3974 pupilli,
3110 3901 3345 3972 largum
3377 3900 3658 3972 pauperi-

1989 3993 2105 4048 bus
2135 3993 2338 4047 cibum
2382 3992 2777 4057 ministrabat,
2809 3990 3317 4063 ecclesiarumque
3365 3988 3657 4046 assiduus

1989 4087 2300 4152 reparator
2379 4080 2688 4136 renitebat.
2761 4081 2972 4135 Sacros
3050 4080 3289 4135 ordines
3355 4077 3658 4148 graduum

1992 4169 2390 4224 Ecclesiarum
2458 4168 2706 4224 miriﬁco
2768 4184 2891 4240 pra:
2945 4168 3229 4224 omnibus
3291 4167 3655 4238 honorabat,

1991 4262 2171 4330 atque
2239 4259 2573 4314 monastica
2626 4274 2883 4331 quicque
2948 4258 3303 4315 adornabat.
3359 4260 3656 4328 Attentus,

1918 4323 2321 4403 Dbenevolus
2376 4352 2433 4403 et
2489 4347 2697 4403 docilis
2775 4348 2836 4403 in
2888 4348 3053 4403 omni
3112 4363 3291 4420 opere
3345 4347 3654 4418 existebat,

1992 4438 2525 4509 accusantiumque
2598 4446 2655 4493 et
2710 4444 3134 4493 accusatorum
3205 4436 3423 4509 aequali
3485 4436 3657 4492 lance

1993 4527 2268 4598 querelas
2300 4525 2625 4582 discutiens
2656 4525 3002 4583 trutinabat.
3027 4530 3155 4582 Non
3184 4540 3475 4597 personas
3504 4540 3657 4596 pau-

1990 4633 2205 4689 perum
2259 4616 2355 4672 vel
2408 4616 2743 4689 potentium
2800 4616 2862 4671 in
2912 4615 3141 4685 judicio
3190 4613 3311 4669 ullo
3356 4613 3516 4669 cultu
3566 4630 3658 4669 re-

1990 4706 2268 4761 verentiae
2312 4706 2692 4779 respiciebat;
2742 4720 2950 4760 verum
2998 4702 3475 4775 expugnantium
3514 4718 3660 4774 que-

1992 4795 2300 4863 rimonias,
2355 4795 2601 4867 dempta
2678 4792 3046 4864 scrupulosa:
3101 4790 3183 4847 rei
3242 4790 3652 4860 ambiguitate,

1992 4901 2330 4949 recensens,
2381 4881 2773 4953 dijudicabat.
2844 4880 3051 4936 Meritis
3134 4885 3190 4934 et
3266 4878 3434 4934 factis
3510 4896 3658 4951 pl‘tB-

1991 4972 2242 5028 cellebat
2271 4972 2329 5025 in
2360 4970 2526 5025 omni
2556 4969 2796 5037 negotio
2830 4970 3078 5033 cunctis,
3102 4972 3348 5039 eratque
3371 4968 3655 5021 omnibus

1991 5060 2280 5116 mirabilis
2309 5063 2587 5130 respectu
2619 5058 2896 5113 bonitatis
2923 5061 2981 5112 ct
3010 5057 3279 5112 honoris.
3324 5056 3657 5129 Floccipen—

1992 5150 2170 5205 debat
2202 5153 2551 5216 arrogantes
2580 5152 2635 5201 et
2659 5146 2993 5218 improbos,
3026 5146 3318 5219 puniebat
3341 5152 3654 5204 contuma-

1991 5255 2090 5294 ces
2119 5243 2175 5292 et
2202 5252 2354 5300 reos,
2386 5234 2690 5290 exaltabat
2735 5234 2991 5289 humiles
3036 5240 3093 5290 et
3132 5235 3477 5305 benevolos,
3510 5251 3654 5292 con-

1993 5327 2265 5383 culcabat
2295 5329 2564 5397 raptores
2595 5329 2651 5379 et
2698 5323 2975 5394 injustos.
3010 5324 3250 5380 Tirones
3282 5340 3404 5380 sua;
3434 5324 3653 5381 domus

1990 5416 2253 5491 praemiis
2298 5419 2354 5470 et
2397 5412 2748 5468 muneribus
2802 5413 2881 5467 ad
2928 5413 3309 5469 serviendum
3346 5413 3652 5485 incitabat,

1992 5509 2251 5578 majores
2280 5509 2421 5561 natu
2466 5502 2764 5557 beneﬁciis
2797 5501 3108 5558 afﬂuenter
3138 5503 3389 5558 ditabat.
3424 5503 3524 5558 Vix
3554 5519 3656 5559 ne-

1992 5612 2094 5651 mo
2123 5595 2386 5652 audebat
2412 5592 2475 5648 in
2502 5607 2689 5662 regno
2711 5607 2820 5649 suo
2842 5591 3259 5664 praeiudicium
3283 5591 3498 5662 facere,
3522 5591 3657 5648 nul-
