4002 6186
373 199 545 253 734’

1334 201 1646 258 DUDONIS
1679 201 1938 257 DECAM
1978 198 2041 254 S.
2078 194 2397 262 QUINTINI
2435 194 2833 252 VIROMAND.

373 318 587 392 Iusque
617 320 831 392 cuique
856 320 1193 393 qumquam
1223 322 1549 396 subripere.
1578 324 1885 394 Degebant
1906 338 2036 378 om-
2076 322 2125 375 A
2147 319 2410 389 Jamjam
2441 318 2693 390 pudebit
2721 316 3019 385 cogitasse
3042 315 3159 373 hoc
3188 328 3559 385 perversum

375 423 487 464 nes
497 409 563 463 in
580 409 708 479 ejus
724 409 945 465 ditione
967 411 1156 467 securi
1183 412 1489 469 malorum
1500 418 1558 470 et
1572 413 1937 471 laborabant
1956 411 2036 467 fe-

374 498 660 554 stinanter
687 498 1017 557 accelerata
1037 501 1403 558 exhibitione
1443 504 1718 559 omnium
1758 517 2034 575 operum.

1013 642 1399 685 APOSTROPHA.

374 717 634 777 Profusis
664 723 944 796 precibus
972 724 1157 782 lector
1186 726 1439 800 supplex
1466 728 1572 783 tibi
1601 727 1756 797 dico,

445 809 598 866 Artis
625 812 916 885 septiﬂuaa
945 830 1151 884 gnare,
1184 832 1498 889 capaxque
1524 818 1699 874 bene.

379 896 585 955 Deﬁcit
610 900 954 973 eloquium:
996 920 1118 958 non
1149 903 1309 960 hunc
1343 906 1652 963 sustollere
1681 922 1931 980 possum

451 988 752 1054 Quantum
775 996 1115 1065 opporteret
1138 993 1421 1050 laudibus
1449 995 1797 1052 innumeris.

381 1080 495 1133 Nec
526 1078 734 1147 stringi
761 1082 1049 1152 numeris,
1081 1098 1190 1137 nec
1221 1089 1474 1155 possunt
1503 1084 1711 1140 cedere
1743 1084 1940 1140 verbis

453 1166 594 1232 Quae
622 1168 781 1224 mala
807 1169 1056 1240 sedavit,
1088 1187 1224 1243 quae
1253 1171 1416 1228 bona
1446 1172 1765 1230 distribuit.

383 1256 595 1311 Custos
627 1256 1021 1330 defensorque
1053 1277 1175 1315 suae
1201 1261 1409 1333 patriae
1440 1261 1802 1333 luculentus,

454 1344 602 1413 Dux,
631 1360 832 1401 comes
859 1345 964 1402 iste
994 1360 1215 1418 nonus,
1245 1349 1534 1417 marchio,
1568 1350 1874 1422 patricius,

381 1430 727 1487 Archidicus
756 1438 948 1490 rector
976 1453 1173 1491 rerum
1211 1437 1259 1491 si
1289 1438 1570 1510 quislibet
1590 1444 1763 1505 esset,

456 1521 655 1578 Posset
684 1524 939 1581 veridica
970 1526 1227 1583 scribere
1253 1544 1389 1600 qure
1420 1534 1681 1601 cuperet.

385 1608 489 1665 Ast
503 1625 614 1679 ego
634 1611 873 1681 stultus,
888 1614 1091 1682 hebes,
1109 1621 1456 1688 cunctaeque
1478 1618 1720 1673 rationis
1737 1623 2039 1692 etexpers,

459 1700 723 1756 Scribere
750 1718 871 1757 non
894 1702 1064 1759 valeo
1096 1703 1291 1759 dicere
1317 1722 1451 1777 qute
1482 1706 1683 1778 cupio.

386 1787 555 1843 Istius
581 1792 735 1845 notae
766 1790 1117 1865 scriptaeque
1148 1792 1300 1848 libro
1331 1792 1628 1851 bonitates

459 1878 597 1947 Ejus
622 1878 895 1935 stellifero
923 1881 1024 1952 qui
1057 1882 1220 1937 sedet
1244 1883 1305 1936 in
1337 1882 1505 1939 solio.

460 1966 555 2019 His
584 1970 640 2021 et
668 1967 797 2021 aliis
826 1969 1288 2042 quampluribus
1314 1972 1713 2045 probitatibus
1738 1973 1855 2029 huc
1881 1974 2041 2031 illuc-

387 2068 504 2126 que
538 2056 795 2127 sparsim
832 2057 1083 2131 diffusis,
1119 2060 1496 2134 copiosisque
1541 2063 1914 2130 diversarum
1958 2081 2045 2121 re-

387 2157 523 2196 rum
569 2141 885 2201 afﬂuentiis
936 2149 1292 2220 propensius
1346 2148 1694 2224 diffamatis,
1726 2152 2045 2210 Tetboldus

389 2246 591 2287 comes
638 2231 1069 2290 incendebatur
1098 2238 1471 2294 excruciatus
1509 2239 1735 2297 invidia
1775 2248 1829 2297 et
1859 2242 2045 2311 furiis,

387 2318 586 2374 livoris
638 2325 695 2377 et
741 2323 1005 2395 perﬁdia-:-
1064 2327 1325 2381 suffusus
1379 2344 1629 2396 veneno,
1689 2331 2049 2401 suggerebat

388 2409 651 2481 quotidie
678 2412 800 2483 regi
830 2410 1104 2470 Lothario
1128 2420 1191 2470 ut
1213 2415 1512 2489 deciperet
1534 2418 1896 2475 Richardum
1923 2424 2048 2476 tan-

391 2501 460 2552 tae
506 2496 808 2568 dignitatis
858 2501 1053 2558 virum
1103 2504 1264 2574 dolo,
1311 2509 1652 2580 teneretque
1701 2511 2051 2566 Northman-

389 2585 554 2643 niam
582 2588 694 2644 sub
729 2608 849 2646 suae
882 2591 1122 2648 ditionis
1146 2594 1316 2665 jugo.
1345 2596 1611 2651 Tandem
1642 2613 1784 2653 vero
1813 2614 1918 2654 rex
1940 2601 2047 2655 Lo-

390 2675 617 2733 tharius
667 2677 854 2752 ipsius
902 2682 1133 2738 comitis
1179 2683 1515 2756 sophisticis
1565 2686 2047 2757 suggestionibus

389 2772 742 2839 excaecatus,
775 2768 932 2826 misit
965 2770 1042 2827 ad
1084 2771 1454 2828 Richardum
1484 2774 1587 2847 qui
1618 2774 1839 2832 diceret
1868 2776 1921 2831 ei
1946 2776 2048 2831 do-

388 2852 530 2909 losis
560 2854 841 2913 affatibus
866 2876 878 2913 :
934 2882 961 2907 ‹‹
991 2860 1311 2932 Usquequo
1340 2862 1731 2935 praestolabor
1756 2864 2069 2936 poeniten-‘

390 2941 482 2996 tiae
527 2944 1074 3019 recordationisque
1119 2952 1230 3002 tuae
1286 2954 1643 3022 respectum,
1677 2956 1741 3007 ut
1768 2950 2048 3010 frivolum

391 3029 685 3102 cujusque
738 3034 930 3102 gentis
998 3051 1094 3090 me
1146 3035 1314 3091 toties
1371 3037 1798 3110 parvipendis‘?
1846 3043 2050 3097 Nonne

391 3116 683 3173 subnixus
710 3120 949 3177 tuorum
981 3123 1346 3180 adminiculo
1375 3125 1775 3191 inimicorum.
1800 3143 2052 3200 possum

389 3205 664 3265 obsidere
690 3215 746 3267 et
772 3227 1006 3285 capere,
1034 3214 1294 3288 exceptis
1325 3216 1533 3272 amicis
1561 3215 1699 3288 tuis,
1723 3217 1903 3273 urbes
1925 3236 2053 3275 mu-

389 3295 684 3355 nitionum
750 3304 1038 3359 tuarum?
1104 3307 1233 3359 Non
1291 3322 1585 3379 umquam
1645 3304 1931 3380 cuiquam
1996 3313 2051 3364 te

389 3387 786 3459 subjugabis?
832 3391 1079 3448 Norisne
1110 3410 1206 3449 me
1237 3410 1365 3449 esse
1397 3410 1601 3465 regem
1645 3397 2050 3453 Francorum?

388 3477 594 3532 Nonne
641 3477 743 3533 tibi
786 3477 1039 3549 injurius
1072 3498 1200 3536 esse
1247 3484 1477 3553 potero,
1514 3483 1562 3538 si
1590 3499 1724 3557 quae
1757 3484 1874 3539 mei
1896 3484 2050 3555 juris

387 3566 494 3628 est,
527 3564 711 3621 ascita
739 3583 945 3634 manu,
975 3564 1054 3622 ad
1102 3574 1153 3623 te
1197 3568 1476 3624 obnixius
1514 3572 1962 3643 properavero?
1994 3572 2052 3630 Si

388 3647 503 3705 tuis
532 3652 749 3708 mvidis
779 3654 1103 3723 credidero,
1136 3658 1318 3728 tuque
1350 3675 1488 3713 vero
1518 3659 1666 3714 meis
1706 3660 1961 3734 perjuris
1993 3665 2051 3718 et

389 3738 731 3797 inﬁdelibus
762 3741 978 3799 faveris
1025 3748 1222 3801 mente
1268 3750 1324 3802 et
1370 3745 1548 3802 corde
1580 3750 1701 3816 tuo,
1732 3765 2048 3824 nunquam

387 3829 846 3902 paciﬁcabimur
873 3831 1093 3891 foedere
1122 3833 1501 3909 complacito.
1536 3834 1744 3893 Desine
1787 3837 1927 3896 talia
1969 3840 2048 3895 ri-

389 3920 561 3989 mari,
598 3925 655 3977 et
680 3921 863 3979 libeat
888 3923 993 3980 tibi
1025 3941 1266 3981 mecum
1296 3925 1558 3996 gaudere
1583 3929 1640 3982 et
1665 3924 2048 3997 congratula-

387 4009 456 4066 ri.
490 4015 930 4070 Connectamur
958 4014 1137 4085 igitur
1183 4014 1518 4072 adinvicem
1567 4014 1760 4073 taliter
1807 4034 2048 4093 compe-

390 4101 582 4155 tentiis
610 4108 831 4158 mutuae
859 4102 1200 4173 voluntatis,
1234 4106 1299 4161 ut
1324 4121 1504 4161 nemo
1531 4110 1876 4163 nostrorum
1907 4124 2046 4165 sua-

390 4190 488 4257 pte
518 4188 853 4263 quidquam
881 4194 1187 4264 possideat
1216 4193 1533 4250 facultatis.
1570 4194 1625 4251 Si
1656 4195 1961 4269 quispiam
1985 4196 2048 4253 in

391 4277 447 4330 te
476 4275 570 4330 vel
597 4276 658 4332 in
687 4295 784 4334 me
810 4280 1035 4337 rixatus
1055 4284 1381 4339 exercuerit
1395 4282 1683 4356 jurgium,
1713 4300 1825 4356 ego
1851 4291 2045 4361 tuum,

391 4364 456 4419 tu
483 4381 626 4420 vero
654 4383 856 4423 meum
888 4374 1124 4426 contere
1162 4377 1219 4427 et
1243 4372 1470 4445 dissipa
1500 4372 1933 4430 adversarium.
1970 4371 2051 4432 Si-
2087 4377 2132 4431 D

391 4468 529 4508 mus
559 4450 737 4511 unius
778 4458 996 4525 cordis,
1026 4458 1323 4533 uniusque
1367 4461 1583 4517 mentis
1618 4466 1674 4518 et
1705 4461 2047 4531 voluntatis,

393 4542 450 4599 et
474 4548 857 4601 conteremus
886 4550 944 4603 et
971 4545 1391 4621 dispergamus
1433 4554 1610 4623 atque
1655 4550 2049 4622 subjiciamus

390 4628 743 4689 Tetboldum
771 4650 908 4690 cum
938 4632 1078 4691 suis.
1105 4634 1497 4692 Flandrenses
1526 4653 1667 4692 vero
1689 4643 2052 4711 caeterasque

394 4726 599 4789 gentes
626 4719 689 4777 in
720 4739 832 4778 nos
872 4718 1142 4792 rebelles,
1171 4722 1312 4780 dirae
1343 4722 1491 4795 legis
1509 4723 1658 4796 jugo
1688 4723 2049 4799 afﬂigamus,

394 4826 615 4884 easque
646 4810 819 4867 nobis
859 4813 1077 4868 servire
1107 4817 1164 4869 et
1198 4814 1489 4887 potestate
1518 4829 1864 4885 urgeamus.
1900 4816 2052 4881 Qua-

393 4904 638 4973 propter
693 4901 956 4958 accelera
1000 4900 1201 4958 venire
1247 4906 1456 4958 contra
1510 4917 1607 4957 me
1660 4901 1923 4958 velocius
1975 4903 2053 4958 ad

395 4986 702 5061 placitum,
755 4996 817 5046 ut
867 4987 1125 5060 colligati
1189 4988 1586 5046 indissolubili
1654 4990 2054 5063 competentia

394 5076 815 5147 amicitiarum,
868 5079 1245 5150 gaudeamus
1306 5078 1624 5135 unanimes
1695 5076 1888 5134 securi
1951 5078 2055 5135 ho-

399 5166 577 5221 stium
608 5170 666 5222 et
692 5168 1193 5225 adversariorum.
1217 5192 1243 5217 ››

1022 5309 1408 5351 ΔΡΟΒΤΒΟΡΗΛ.

401 5387 656 5455 Lothari,
688 5404 792 5443 rex
820 5388 1101 5459 clemens,
1132 5392 1292 5464 pius,
1317 5393 1534 5462 justus,
1564 5395 1829 5459 sanctus,

398 5477 644 5546 Probus,
678 5478 1008 5547 modestus,
1040 5481 1277 5548 nobilis,
1311 5481 1414 5536 lux
1442 5480 1605 5536 alma
1632 5480 1796 5536 orbis
1822 5496 1836 5535 :

399 5571 514 5626 Cur
541 5569 732 5643 decipi
760 5567 1008 5638 moliris,
1035 5569 1285 5625 infectus
1316 5586 1534 5643 spurco
1563 5568 1766 5637 livore,

401 5657 771 5717 Riohardum
796 5657 1010 5713 ducem
1043 5662 1338 5726 sanctum,
1357 5659 1593 5730 justum
1611 5659 1639 5715 ?

2143 406 2562 479 Ingloriusque
2585 407 2721 474 hoc,
2752 406 2871 463 heu
2893 406 2905 461 l
2940 403 3107 460 velle.

2142 499 2400 553 Pratum
2428 500 2603 551 tuum
2632 495 2737 551 sed
2764 492 2916 551 velle
2946 508 3127 565 posse
3152 490 3317 549 haud
3347 490 3694 560 continget.

2216 584 2396 654 Igitur
2441 584 2777 643 Riehardus
2816 582 2940 640 dux
2983 596 3306 653 comesque
3330 578 3808 654 praecellentissi-

2143 692 2310 745 mus,
2338 673 2627 732 falsidicis
2652 673 2871 729 harum
2905 670 3351 728 blanditionum
3379 668 3811 741 minarumque

2144 764 2542 835 legationibus
2569 763 2878 836 deceptus,
2908 760 3208 834 profectus
3238 764 3331 819 est
3364 764 3592 818 contra
3614 759 3811 815 Letha-

2143 854 2301 910 rium
2352 867 2554 922 regem
2604 852 2684 907 ad
2730 850 3041 924 placitum,
3072 850 3253 906 ascita
3305 848 3566 907 militari
3614 863 3809 906 manu.

2145 943 2271 998 Rex
2295 958 2439 997 vero
2469 941 2824 997 coadunatis
2850 940 2983 1011 ejus
3008 938 3264 996 inimicis
3306 939 3371 993 in
3397 937 3577 1004 dolo,
3609 940 3815 995 Carno-

2148 1032 2299 1088 tensi
2356 1031 2575 1086 scilicet
2629 1028 2936 1098 Tetboldo,
3009 1027 3427 1098 Andegavensi
3499 1024 3809 1089 Goizfrido,

2148 1126 2330 1194 atque
2395 1119 2738 1176 Flandrensi
2789 1118 3009 1175 comite
3064 1117 3401 1185 Balduino;
3466 1115 3584 1187 qui
3646 1114 3809 1173 etiam

2146 1211 2408 1266 exercitu
2456 1208 2856 1280 plurimorum
2885 1208 3014 1278 ejus
3061 1206 3455 1265 inimicorum
3484 1205 3653 1261 clam
3682 1219 3811 1260 cono

2149 1300 2414 1371 globata,
2446 1298 2795 1356 morabatur
2826 1313 3009 1369 super
3043 1297 3241 1354 Beluae
3288 1294 3618 1352 ﬂuviolum
3662 1293 3809 1351 frau-

2149 1389 2377 1446 dulenti
2399 1387 2621 1444 animo.
2661 1386 2758 1443 Die
2787 1402 2930 1445 vero
2958 1385 3162 1445 indicti
3192 1384 3421 1457 placiti,
3450 1400 3585 1456 qua
3614 1383 3810 1439 dolose

2150 1482 2436 1534 statutum
2477 1480 2604 1533 erat
2627 1491 2732 1531 eos
2760 1475 3055 1541 fcederari,
3088 1474 3253 1531 misit
3275 1474 3401 1532 dux
3432 1486 3704 1541 magnus
3727 1471 3807 1527 Ri-

2150 1566 2413 1623 chardus
2441 1564 2800 1637 explatores,
2832 1569 2903 1620 ut
2943 1580 3079 1636 quae
3123 1563 3495 1633 gerebantur
3543 1560 3708 1633 apud
3734 1575 3808 1615 re-

2078 1676 2124 1728 B
2152 1671 2289 1726 gem
2326 1654 2736 1711 renuntiarent
2766 1652 2903 1719 sibi,
2928 1652 3420 1724 inquirerentque
3468 1650 3582 1723 qui
3625 1653 3807 1707 essent

2151 1762 2289 1800 cum
2319 1759 2478 1812 rege,
2511 1747 2568 1798 et
2599 1742 2647 1799 si
2675 1742 2823 1813 quid
2849 1741 3217 1813 deceptionis
3253 1740 3518 1798 latitaret
3548 1739 3615 1797 in
3655 1754 3803 1795 exse-

2150 1830 2376 1903 quendi
2418 1829 2671 1899 negotiis
2718 1828 2937 1900 placiti.
2992 1827 3075 1884 Illi
3113 1831 3316 1885 autem
3359 1826 3507 1884 illuc
3552 1824 3798 1898 profecti,

2152 1919 2512 1981 Tetboldum
2563 1923 2928 1990 cretei-osque
2983 1916 3259 1973 inimicos
3306 1916 3482 1973 ducis
3536 1912 3801 1973 Richardi

2152 2015 2287 2066 ante
2335 2024 2540 2079 regem
2577 2011 2945 2081 repererunt.
2980 2007 3122 2063 Hine
3150 2022 3395 2079 quoque
3430 2021 3618 2078 super
3646 2018 3799 2061 man-

2153 2098 2309 2155 datis
2330 2097 2489 2165 regis
2513 2098 2827 2163 haerentes,
2855 2096 3110 2155 nimium
3155 2099 3538 2167 stupuerunt.
3572 2093 3683 2151 Illis
3706 2108 3798 2149 au-

2154 2194 2273 2244 tem
2304 2192 2444 2245 ante
2469 2202 2673 2255 regem
2698 2185 3075 2243 morantibus
3100 2183 3443 2257 paululum,
3476 2196 3617 2241 ecce
3644 2195 3798 2237 vene-

2154 2280 2292 2332 runt
2320 2274 2612 2335 Tetboldi.
2647 2274 2962 2331 Goizfroidi
2991 2278 3173 2345 atque
3200 2272 3486 2331 Ralduini
3531 2271 3794 2327 comitum

2153 2364 2382 2422 loricali
2410 2368 2466 2419 et
2496 2363 2711 2433 galeati
2740 2362 3053 2430 exercitus,
3085 2362 3463 2431 insurgentes
3512 2360 3649 2419 hinc
3674 2356 3796 2413 inde

2156 2454 2331 2510 celeri
2358 2453 2648 2524 equitatu,
2679 2451 2987 2524 cupientes
3017 2455 3081 2508 ut
3121 2451 3364 2521 jussum
3402 2454 3536 2509 erat
3573 2445 3793 2519 aggredi

2156 2543 2522 2600 Richardum
2575 2546 2635 2599 et
2687 2557 2830 2597 suos
2894 2540 3092 2597 hostili
3153 2554 3503 2608 congressu.
3544 2538 3792 2611 Videntes

2156 2635 2358 2688 autem
2400 2631 2515 2687 hoc
2561 2629 2663 2695 illi,
2694 2628 2988 2685 innuebat
3025 2628 3279 2700 quisque
3333 2626 3470 2697 sibi,
3502 2630 3566 2682 ut
3593 2638 3788 2681 renun-

2155 2721 2371 2777 tiarent
2417 2718 2666 2775 celerius
2720 2734 2857 2791 quae.
2912 2717 3186 2775 viderant
3242 2715 3536 2775 Richardo
3588 2711 3786 2773 comiti.

2157 2812 2325 2868 Tunc
2365 2826 2527 2867 unus
2555 2808 2797 2867 illorum
2839 2806 3119 2879 praepetis
3149 2806 3287 2878 equi
3312 2805 3499 2863 dorso
3522 2802 3784 2864 residens.

2158 2899 2342 2956 veloci
2389 2914 2568 2955 cursu
2611 2896 2845 2969 repeth
2887 2896 3249 2955 Richardum
3295 2894 3662 2967 praedignum
3696 2904 3784 2945 θον

2090 3025 2134 3081 C
2160 2988 2387 3057 mitem,
2433 2985 2639 3043 omnia
2679 2984 2925 3054 agmina
2976 2983 3334 3051 transiliens,
3364 2982 3784 3081 vociferansque

2161 3094 2303 3134 cum
2344 3075 2531 3132 nimio
2562 3074 2811 3143 gemitu,
2840 3078 2899 3130 et
2923 3073 3130 3131 dicens
3159 3091 3176 3133 :
3220 3092 3251 3125 α
3273 3072 3532 3139 nomine,
3559 3067 3777 3127 domine

2160 3166 2287 3223 dux
2336 3163 2892 3237 praepotentissime,
2924 3178 3066 3221 erue
3095 3166 3173 3222 te.
3203 3177 3282 3221 ne
3318 3161 3551 3220 intereas
3592 3151 3767 3249 hostili

2158 3254 2563 3320 immanitate;
2611 3252 2757 3325 quia
2807 3266 3019 3309 omnes
3082 3250 3306 3310 inimici
3358 3249 3436 3309 tui
3489 3256 3767 3313 congressi

2159 3360 2299 3401 cum
2327 3359 2489 3413 rege,
2521 3342 2779 3412 gestiunt
2803 3345 2856 3397 te
2903 3346 3156 3413 tuosque
3195 3345 3300 3398 aut
3328 3353 3547 3413 capere,
3572 3338 3667 3394 aut
3690 3331 3773 3388 in-

2159 3433 2448 3489 terimere.
2470 3456 2496 3482 »
2528 3432 2623 3487 His
2648 3430 2865 3487 auditis
2892 3430 3223 3486 Richardus
3245 3430 3373 3487 dux
3386 3421 3778 3500 imperterritus

2159 3522 2431 3589 surrexit,
2466 3521 2708 3594 suisque
2754 3519 3033 3576 ﬁdelibus
3085 3519 3286 3575 ascitis
3338 3518 3522 3574 dixit:
3566 3537 3591 3563 «
3618 3514 3776 3567 Pran-

2157 3610 2327 3667 dium
2355 3625 2492 3665 ecce
2518 3614 2798 3682 paratum
2826 3607 3020 3673 nobis,
3055 3612 3383 3680 antequam
3413 3606 3777 3666 devertamus,

2156 3699 2541 3774 praelibemus
2572 3698 2719 3754 illud
2748 3699 2808 3753 in
2838 3697 3082 3753 nomine
3106 3695 3360 3753 Domini.
3390 3696 3595 3769 Sicque
3615 3704 3778 3747 sacro-

2158 3794 2377 3846 sanctae
2404 3788 2596 3844 crucis
2624 3787 2837 3843 vexillo
2873 3785 3232 3861 praemuniti,
3266 3785 3668 3859 priestolemur
3692 3780 3773 3834 ho~

2159 3880 2335 3934 stium
2387 3894 2609 3933 cuneos
2659 3876 2956 3950 intrepidi.
3007 3873 3279 3948 Nequitia
3319 3874 3540 3931 etenim
3573 3871 3777 3928 illorum

2157 3977 2209 4024 et
2246 3967 2494 4040 perﬁdia
2523 3971 2729 4023 atteret
2757 3967 2935 4036 digne
2967 3964 3132 4033 illos;
3179 3964 3447 4039 probitas
3475 3979 3613 4019 vero
3638 3972 3777 4034 purae

2155 4059 2296 4115 ﬁdei
2324 4062 2383 4114 et
2411 4058 2537 4131 spei
2566 4061 2731 4113 eruet
2761 4073 2890 4113 nos.
2933 4057 3194 4130 Impetus
3231 4070 3529 4128 perversae
3559 4049 3777 4109 multitu-

2156 4147 2313 4203 dinis
2352 4146 2592 4201 illorum
2618 4160 2744 4200 non
2771 4161 2877 4200 vos
2903 4146 3209 4210 exterreat,
3239 4158 3452 4199 verum
3483 4139 3779 4214 praedeces-

2156 4252 2364 4292 sorum
2390 4239 2724 4291 vestrorum
2756 4234 2818 4288 in
2848 4232 3014 4288 omni
3044 4231 3399 4288 adversitate
3428 4231 3781 4287 robustorum

2157 4325 2599 4381 monimentum
2629 4322 2807 4378 fortes
2834 4320 3032 4377 faciat.
3052 4344 3079 4371 ››
3112 4324 3260 4378 Cum
3290 4324 3514 4390 autem,
3541 4318 3616 4376 ad
3638 4328 3783 4390 pran-

2158 4414 2326 4470 dium
2350 4412 2637 4478 residens,
2666 4412 2793 4467 haec
2836 4415 2892 4466 et
2919 4410 3038 4467 alia
3078 4408 3532 4483 quamplurima
3566 4404 3784 4464 suaden-

2158 4502 2238 4558 do
2266 4500 2571 4575 proferret,
2607 4499 2818 4571 suique
2849 4514 3037 4571 quam
3084 4497 3326 4570 plurimi
3359 4497 3637 4553 abessent
3662 4490 3783 4548 ﬁde-

2157 4591 2264 4660 les,
2294 4590 2455 4646 venit
2507 4589 2659 4645 alius
2710 4588 2956 4644 nuntius
3002 4588 3262 4643 referens
3303 4586 3513 4643 adesse
3556 4583 3786 4642 hostium

2160 4680 2336 4737 acies.
2369 4678 2662 4734 Richardo
2688 4693 2828 4733 vero
2858 4676 3232 4733 sanctissimo
3262 4675 3403 4731 duci
3426 4678 3787 4749 percunctan-

2160 4770 2200 4826 ti
2226 4773 2375 4841 quot
2397 4767 2562 4823 milia
2590 4767 2910 4823 hominum
2940 4771 3142 4821 essent
3167 4764 3344 4836 regis,
3371 4763 3541 4837 sique
3573 4765 3692 4837 ipse
3717 4774 3786 4814 es-

2160 4862 2248 4913 set
2274 4874 2379 4913 rex
2407 4857 2469 4912 in
2498 4855 2918 4925 congressione
2948 4854 3167 4922 hostili,
3197 4853 3399 4910 tertius
3428 4852 3601 4909 affuit
3628 4846 3787 4907 citatis

2159 4946 2492 5003 calcaribus
2526 4946 2715 5017 equis.
2749 4943 2859 5010 Qui
2887 4943 3036 4999 dixit
3063 4943 3152 4998 ei:
3188 4966 3215 4993 ‹‹
3243 4942 3489 4999 Domine
3514 4942 3658 5009 dux,
3675 4951 3787 4994 ecce

2158 5053 2262 5092 rex
2291 5040 2348 5092 et
2376 5036 2505 5107 ejus
2531 5032 2822 5091 exercitus
2850 5033 3088 5089 festinat
3116 5034 3271 5088 ferro
3296 5032 3542 5087 indutus
3569 5038 3788 5097 congre-

2160 5125 2223 5181 di
2275 5124 2380 5181 tibi
2452 5123 2806 5197 praeparatis
2864 5122 3172 5178 aciebus.»
3242 5124 3378 5180 Haac
3436 5137 3507 5176 eo
3568 5111 3790 5176 tremula

2160 5231 2302 5271 voce
2356 5217 2659 5285 narrante,
2709 5214 3121 5285 apparuerunt
3163 5211 3288 5267 acie
3345 5209 3483 5267 hinc
3535 5209 3671 5265 inde
3712 5217 3788 5259 ar-

2161 5304 2306 5359 mati
2352 5303 2709 5358 exsilientes.
2750 5305 2911 5357 Tunc
2958 5301 3275 5357 ineffabilia
3323 5300 3448 5356 dux
3495 5306 3789 5366 comesque

2160 5392 2488 5448 Richardus
2536 5390 2774 5446 intuens
2819 5388 3068 5462 propius
3107 5388 3430 5445 imminens
3461 5384 3786 5461 periculum.

2163 5480 2413 5537 surrexit
2443 5479 2609 5536 ocius
2656 5479 2937 5536 deserens
2986 5478 3330 5551 prandium,
3358 5477 3701 5549 divertitque

2160 5569 2245 5624 eis
2270 5574 2327 5624 et
2352 5564 2597 5625 secessit
2626 5572 2790 5624 trans
2812 5569 2987 5639 Depw
3009 5566 3269 5634 alveum,
3294 5565 3507 5638 suique
3536 5564 3788 5633 adjutoru

2162 5657 2300 5723 illuc
2330 5656 2787 5730 praestolabatur
2813 5656 3160 5717 exercitum.
3185 5654 3303 5715 Sed
3329 5654 3485 5727 regis
3523 5648 3787 5715 exercitu!
