4002 6186
135 198 221 261 733
580 200 671 253 DE
710 197 948 254 casus
986 159 1411 253 NORlllANNlE
1449 184 1691 249 DUCUM
1725 188 1918 250 [ΑΒΜ
1954 188 2147 253 rans.
2189 219 2260 236 -ι-
2297 188 2427 251 Lm.
2473 194 2562 251 m.
2614 195 3036 252 RICHARDUS.

3429 194 3537 252 734

133 325 263 383 vada
290 324 465 395 Depaa
491 319 947 394 praeoccupavit,
979 332 1053 375 ne
1082 319 1309 375 veniret
1338 318 1416 375 ad
1446 333 1605 373 eum.
1626 316 1760 383 Qui-
1790 317 1840 371 Α
1881 318 2021 384 Quis
2047 319 2211 375 bona
2239 330 2377 393 quae
2401 319 2629 375 studuit
2657 316 3008 374 elucubrata
3035 317 3249 374 forent.

132 416 253 472 dam
278 415 476 467 autem
507 410 885 466 inimicorum
918 412 1344 482 persequentes
1395 402 1613 463 ducem
1664 404 1762 461 Iti-

129 500 419 569 chardum,
445 487 739 555 in’medio
777 492 917 554 vadi
967 501 1142 570 Depze
1178 496 1362 553 armis
1395 492 1760 552 invaserunt.

126 592 226 649 Illis
250 605 384 646 vero
417 587 598 645 simm
626 587 959 661 praeliando
985 580 1101 643 illic
1141 582 1621 649 colluctantibus,
1670 594 1764 640 res

127 688 475 750 cognoscens
512 675 843 749 quemdam
900 679 1250 732 venatorem
1299 684 1478 730 suum
1520 671 1764 729 nomine

128 769 442 831 Walterum,
471 767 597 822 dux
618 764 949 822 Richardns
977 765 1235 822 cucurrit
1260 780 1398 820 cum
1430 761 1767 832 domigenis

34 876 37 901 ι
126 858 249 915 illuc
273 854 624 928 intrepidus,
658 858 713 910 et
736 854 952 927 eripuit
980 852 1148 909 illum
1179 853 1405 909 caeteris
1446 851 1665 921 fugatis
1711 853 1769 905 et

34 986 35 989 η
122 945 311 1003 occisis
376 938 652 999 hostibus
674 950 695 1012 ,ί
752 941 1037 1015 restitque
1060 936 1247 998 omni
1304 940 1584 997 exercitui
1610 937 1767 1008 regis

124 1035 193 1092 ad
218 1032 437 1089 ﬂuvioli
468 1036 644 1104 Depaa
675 1031 886 1087 exitus.

183 1119 517 1181 Conﬂuente
541 1136 679 1178 vere
703 1120 973 1194 undique
1004 1135 1176 1176 secus
1203 1119 1359 1190 regis
1411 1123 1467 1175 et
1494 1117 1767 1174 inimico-

122 1228 241 1268 rum
265 1210 545 1279 exercitu,
578 1208 858 1266 dixerunt
882 1210 1100 1265 ducem
1126 1207 1206 1264 ad
1234 1207 1605 1264 Richardum
1636 1220 1766 1262 mas

114 1302 259 1373 jores
312 1302 461 1356 natu
515 1296 938 1355 defendentem
988 1297 1267 1354 severiter
1322 1297 1463 1353 vadi
1520 1296 1767 1351 aditus:

34 1418 35 1423 π
121 1411 144 1439 ‹‹
182 1389 420 1445 Domine
451 1388 575 1443 dux
603 1386 1011 1457 magnanime,
1054 1385 1218 1441 fraus
1247 1385 1430 1456 hujus
1478 1378 1765 1456 perﬁdiae,

115 1476 397 1550 dolusque
449 1475 819 1549 deceptionis
866 1474 1143 1531 nefandae
1192 1474 1459 1531 detectus
1510 1477 1600 1529 est
1646 1474 1770 1528 Deo

116 1564 420 1623 annuente.
458 1570 535 1623 Ne
563 1566 744 1635 igitur
785 1563 1221 1638 praeoccuperis
1274 1568 1483 1631 morte,
1538 1566 1641 1618 aut
1669 1572 1766 1617 ca-

1877 409 2050 474 Quod
2078 409 2315 465 vatibus
2346 409 2523 481 culpa
2553 411 2658 474 est,
2691 422 2860 464 cares
2886 406 3243 464 rectoribus.

1877 501 2101 554 lnstrue
2124 510 2284 554 nunc
2309 510 2533 572 pueros
2556 498 2783 555 artibus
2812 497 3189 567 innumeros,

1876 586 2186 643 Successio
2212 586 2507 660 quidquid
2534 591 2783 660 peraget
2800 586 3008 656 magni
3039 586 3248 658 patris,

1872 674 2146 731 Carmine
2170 675 2499 732 multieano
2522 676 2871 732 elucubrare
2903 675 3121 731 sciant.

1948 766 2174 819 Interea
2200 762 2379 834 longe
2406 764 2641 836 lateque
2668 780 2776 837 per
2810 768 2997 821 totam
3048 767 3349 836 Europam
3402 776 3539 835 pro-

1876 850 1999 906 sius
2023 853 2403 924 promulgata
2423 854 2572 909 tanti
2599 854 2833 926 patroni
2854 853 3125 927 tantique
3164 851 3338 908 ducis
3362 851 3539 908 boni-

1875 943 2011 1007 tate,
2040 941 2358 997 Tetboldus
2388 943 2654 998 veneﬁco
2709 942 2970 1016 perﬁdiae
3027 942 3283 998 infectus
3325 941 3531 1011 lurore,

1875 1029 2088 1086 iterum
2118 1032 2263 1103 petit
2290 1044 2494 1101 regem
2521 1032 2885 1101 Lotharium,
2918 1032 3183 1104 dixitque
3212 1031 3293 1087 illi
3322 1031 3537 1088 doloso

1875 1118 2054 1175 corde
2089 1138 2100 1175 :
2138 1142 2166 1168 ‹‹
2198 1120 2494 1176 Paterisne
2524 1120 2832 1176 convictus
2860 1120 3234 1175 contumacis
3260 1118 3535 1176 Richardi

1871 1208 2074 1280 jurgio
2101 1209 2521 1282 praejudicium
2542 1224 2665 1265 suae
2698 1209 3049 1280 arrogantia
3090 1209 3151 1264 in
3200 1212 3305 1264 tuo
3347 1222 3537 1277 regno

1875 1299 2188 1372 persistere
2209 1299 2241 1356 τ
2288 1300 2649 1373 Tenebitque
2706 1314 2960 1368 regnum
3004 1297 3536 1353 Northmannicum

1876 1388 2003 1444 sine
2026 1392 2143 1444 tuae
2170 1388 2497 1445 voluntatis
2521 1388 2835 1457 largitione
2854 1388 2885 1444 ?
2936 1386 3254 1453 Quomodo
3277 1386 3408 1456 jure
3432 1398 3537 1441 rex

1872 1478 2342 1551 nuncupaberis,
2377 1478 2429 1533 si
2452 1490 2655 1549 regere
2684 1492 2941 1547 regnum
2994 1479 3359 1531 Francorum
3412 1486 3537 1529 non

1877 1567 2138 1639 quiveris
2158 1568 2507 1638 ?:Ca:terutn
2537 1567 2806 1622 fortass-is
2836 1566 3021 1622 ascita
3065 1564 3363 1632 Dacigena
3399 1576 3545 1632 gen-

109 1652 300 1728 piaris,
336 1662 675 1727 precamur,
730 1653 995 1721 diverte;
1058 1651 1386 1722 urbeque
1443 1651 1765 1706 Rothom‘a‘
1795 1659 1837 1712 Β
1879 1656 2102 1725 tilitate,
2162 1661 2227 1712 ut
2282 1668 2431 1712 avus
2485 1670 2630 1711 suus
2688 1655 2859 1711 Rollo
2911 1654 3054 1711 olim
3103 1668 3284 1725 super
3354 1666 3538 1708 avum

106 1752 343 1814 gensem‘
374 1741 548 1799 celeri
578 1742 845 1814 equitatu
893 1746 1044 1813 pete,
1099 1756 1175 1796 ne
1233 1740 1380 1795 forte
1427 1739 1651 1794 inimici
1681 1739 1767 1795 tui

102 1835 527 1906 prre‘oCcupent
554 1846 665 1887 nos
695 1830 974 1886 Velociori
1013 1845 1210 1895 cursu,
1264 1843 1522 1901 eamque
1576 1827 1767 1883 vindi-

96 1927 222 1978 cent
244 1922 386 1992 sibi,
402 1921 767 1993 reperientes
787 1936 1004 1976 vacum
1027 1916 1330 1974 militibus.
1352 1937 1383 1971 ›
1408 1921 1536 1973 Dux
1562 1922 1764 1974 autem

88 2009 432 2068 Richardus
487 2009 722 2065 illorum
770 2024 1056 2081 respuens
1122 2007 1372 2063 consilia
1404 2050 1417 2075 ,
1483 2006 1764 2078 Cupiebat

84 2114 225 2157 cum
266 2097 571 2157 tironibus
602 2098 723 2154 suis
752 2097 1115 2153 venientium
1155 2096 1445 2152 invadere
1495 2097 1758 2166 agmina.

86 2192 241 2246 Tunc
270 2190 549 2259 majores
578 2191 721 2242 natu
768 2186 1035 2241 videntes
1089 2201 1230 2240 eum
1278 2185 1340 2239 in
1392 2197 1516 2246 suae
1548 2184 1765 2240 mentis

91 2277 393 2350 proposito
434 2283 834 2346 perseverare,
865 2272 1248 2345 salubrisque
1299 2272 1533 2329 consilii
1563 2272 1765 2328 verbis

103 2382 214 2421 non
242 2365 645 2438 acquiescere,
705 2360 1139 2434 aggrediuntur
1193 2378 1334 2417 eum
1383 2366 1440 2418 et
1479 2376 1586 2434 per
1614 2361 1765 2418 freni

107 2453 363 2509 habenas
391 2452 761 2524 arripientes,
812 2450 1219 2524 precabantur
1267 2464 1407 2506 eum
1465 2451 1761 2507 secedere.

112 2536 365 2598 Tandem
398 2554 541 2597 vero
572 2541 818 2611 majoris
869 2540 1057 2596 aetatis
1114 2539 1375 2595 militum
1422 2539 1766 2612 precatibus

114 2629 198 2686 vix
226 2634 470 2687 coactus
503 2628 744 2686 secessit
772 2634 828 2685 et
852 2629 1017 2702 petiit
1059 2630 1382 2685 Rotomum
1420 2627 1768 2684 festinanter

112 2732 175 2775 ne
203 2716 534 2793 caperetur.
572 2712 727 2774 Illico
775 2717 1131 2792 propalante
1183 2716 1348 2773 fama
1402 2716 1766 2773 exsecrabile

109 2809 418 2879 conjuratas
467 2806 841 2881 deceptionis
892 2802 1203 2879 placitum,
1254 2805 1452 2861 omnis
1503 2805 1771 2877 populus

109 2897 348 2966 regionis
377 2897 545 2953 illius
571 2895 820 2953 conﬂuit
846 2895 1111 2951 celeriter
1130 2894 1208 2949 ad
1230 2894 1449 2950 ducem
1470 2908 1767 2963 magnum

105 2983 473 3051 Richardum,
514 2983 738 3039 crebris
766 2978 1257 3054 multimOdisque
1286 2981 1528 3036 monitis
1572 2981 1765 3037 inces-
1807 3004 1847 3063 ρ

104 3076 284 3127 santer
302 3084 538 3143 urgens
591 3078 754 3137 eum,
806 3074 870 3126 ut
920 3070 1045 3141 regi
1093 3074 1149 3125 et
1204 3068 1491 3126 Tetboldo
1537 3068 1767 3126 comiti—

102 3161 351 3218 redderet
402 3164 687 3218 retractas
743 3156 1115 3231 deceptionis‘
1192 3157 1474 3215 talionem
1508 3201 1523 3227 ,
1597 3158 1769 3214 invaa

99 3249 226 3305 dens
274 3260 491 3307 eorum
550 3264 825 3319 regnum.
889 3249 1020 3321 Ipse
1066 3260 1205 3304 vero
1237 3251 1433 3318 grates
1476 3244 1769 3304 referebat

100 3339 343 3409 quotidie
371 3336 602 3395 devote
636 3336 776 3407 Regi
796 3352 1028 3405 regum,
1057 3337 1161 3408 qui
1187 3336 1262 3391 de
1292 3335 1532 3391 interitu
1555 3336 1764 3391 mortis

97 3430 183 3482 aut
205 3428 521 3501 captionis
546 3418 764 3499 eripuit
792 3438 952 3482 eum.
982 3421 1276 3481 Ecclesias
1308 3423 1506 3498 palliis
1551 3436 1763 3480 mona-s

97 3516 353 3590 sucisque
381 3518 587 3574 rebus
616 3515 755 3571 ideo
778 3510 1014 3587 plenius
1065 3508 1421 3581 honorabat,
1480 3512 1761 3587 pauperi-

93 3602 308 3677 busque
339 3606 562 3663 cibum
597 3606 654 3659 et
677 3604 889 3675 potum
914 3600 1192 3671 largiﬂua
1216 3610 1407 3657 manu
1442 3602 1765 3659 abundan-

100 3690 198 3746 tius
221 3692 618 3767 ministrabat
647 3690 986 3763 divinaeque
1010 3690 1304 3746 servitutis
1320 3687 1763 3746 ofﬁcioincum-

101 3777 229 3835 hens
258 3789 514 3856 operam
544 3778 754 3836 dabat.
784 3779 1015 3835 iudicia
1064 3779 1204 3850 justi
1257 3779 1551 3834 examinis
1580 3778 1763 3834 libra-

103 3869 238 3925 mine
267 3872 492 3928 rectius
526 3867 882 3935 trutinabat,
932 3867 1095 3923 rixas
1153 3867 1404 3939 litesque
1450 3870 1630 3939 atque
1674 3867 1763 3922 di-

101 3958 344 4016 scordias
375 3968 807 4032 compescens,
841 3955 1081 4029 plebem
1108 3954 1478 4011 moderatius
1496 3954 1761 4023 regebat.

104 4044 297 4103 Cuncta
332 4049 505 4104 bona
538 4061 731 4119 opera
761 4045 1038 4116 sagacius
1068 4044 1435 4117 perﬁciebat,
1478 4043 1539 4098 in
1569 4042 1765 4097 omni-

97 4130 193 4189 bus
220 4138 515 4209 operibus
550 4138 676 4193 Deo
703 4134 982 4190 subditus
1012 4132 1327 4207 perfectior
1361 4134 1503 4188 erat.
1539 4132 1768 4204 Orpha-

97 4234 190 4276 nos
214 4226 617 4297 pupillosque
643 4224 700 4279 et
728 4222 984 4289 exsules,
1030 4222 1095 4277 ut
1124 4220 1296 4294 pater
1342 4220 1517 4289 ﬁlios,
1571 4219 1765 4275 lenius

97 4306 451 4370 sustentabat
478 4309 831 4383 viduasque
862 4312 919 4366 et
948 4308 1239 4382 profugos
1271 4307 1518 4364 suavius
1541 4307 1766 4363 refove-

96 4394 199 4454 bat.
230 4394 564 4459 Monachus
602 4399 1047 4472 canonicosque
1077 4402 1261 4471 atque
1289 4397 1474 4453 laicos
1509 4394 1764 4452 famula-

95 4485 134 4541 ri
160 4490 269 4547 Deo
316 4490 597 4548 strictius
647 4488 941 4558 urgebat;
992 4498 1269 4561 paganos
1323 4486 1763 4564 sceleratosque

96 4576 360 4647 refutans,
392 4577 711 4654 pupulum
744 4592 869 4633 sua:
909 4575 1320 4633 advocationis
1369 4575 1637 4631 fomento
1669 4584 1762 4629 se-

97 4665 341 4725 curitatis
369 4665 747 4743 prudentius
776 4664 1094 4721 nutriebat.

556 4841 929 4882 APOSTROPHA
970 4840 1041 4879 AD
1080 4838 1280 4879 URBEM.

101 4947 135 5001 Ο
160 4944 360 5007 civitas
387 4944 721 5008 fecundior
749 4945 1233 5022 quampluribus,

102 5033 390 5095 Fertilitate
419 5039 603 5103 boni,
638 5036 1045 5109 militibusque
1076 5033 1260 5090 sacris
1293 5032 1305 5088 !

99 5114 235 5179 Tuus
264 5134 402 5184 ecce
433 5118 572 5183 dux
599 5125 889 5198 prudens,
920 5122 1077 5196 plus,
1106 5123 1368 5188 Sanctus,
1402 5112 1625 5192 bonus,

99 5210 404 5272 Tantorum
430 5224 766 5289 procerum
792 5217 995 5269 erutus
1020 5205 1271 5279 insidiis,

101 5300 307 5373 Peragit
336 5296 441 5361 Dei
482 5314 635 5376 qum
663 5306 818 5368 sunt,
852 5296 1078 5375 tibique
1108 5306 1377 5369 congrua

106 5385 239 5444 ﬂecti
262 5396 371 5464 per
399 5392 639 5447 cuncta.
664 5384 897 5444 tramite
917 5385 1148 5459 judicii.

108 5474 202 5530 58d
226 5478 391 5550 Quod
415 5474 685 5535 coloniis
708 5486 831 5532 non
854 5474 939 5531 fui
967 5470 1282 5548 quondam
1313 5476 1469 5539 tuus,

107 5560 286 5621 Nescio
313 5562 599 5637 digerere
631 5571 765 5636 quae
795 5564 1022 5621 studuit
1051 5562 1265 5619 facere.

111 5649 339 5718 Utinam,
372 5658 597 5730 poetas
626 5648 966 5735 possideres
998 5651 1290 5723 garrulas,

1876 1749 2041 1801 tuum
2087 1745 2385 1814 Carolum,
2435 1759 2689 1811 regnum
2752 1743 2993 1799 ditionis
3048 1746 3163 1797 tuae
3222 1740 3545 1813 supercilio

1870 1835 2170 1905 jactantiae
2225 1848 2346 1890 suae
2404 1833 2697 1890 deliberat
2752 1833 3051 1889 invadere.
3103 1832 3319 1886 Contra
3368 1828 3543 1884 istius

1872 1923 2314 1996 praesumptivae
2345 1922 2681 1979 calliditatis
2705 1921 3032 1987 molimina,
3066 1919 3233 1975 dabo
3260 1918 3365 1973 tibi
3395 1932 3536 1990 pro-

1873 2011 2031 2084 speri
2062 2012 2555 2084 saluberrimique
2581 2010 2859 2081 adjutorii
2902 2009 3170 2065 consilia.
3230 2006 3451 2063 lnvade
3479 2008 3538 2061 et

1872 2100 2099 2164 obside,
2136 2105 2316 2173 atque
2346 2116 2493 2173 cape
2518 2099 2660 2155 mihi
2690 2098 3002 2154 Ebroieam
3048 2096 3366 2161 civitatem,
3421 2108 3539 2163 ego

1870 2190 2193 2246 vindicabo
2212 2191 2315 2246 tibi
2344 2195 2527 2246 totam
2560 2188 3086 2245 Northmannicam
3130 2186 3458 2255 regionem.
3503 2200 3537 2237 ›

1874 2281 1993 2335 Rex
2019 2296 2163 2335 vero
2192 2279 2285 2335 his
2312 2278 2624 2352 promissis
2657 2278 2861 2333 hilaris
2915 2282 2971 2331 et
3019 2276 3209 2343 laetus,
3265 2275 3427 2329 misit
3456 2272 3535 2328 ad

1873 2380 2083 2423 omnes
2111 2384 2250 2423 suos
2280 2367 2509 2436 ﬁdeles,
2542 2371 2838 2439 quatenus
2868 2364 3139 2420 venirent
3167 2363 3244 2419 ad
3266 2378 3327 2418 se
3357 2360 3539 2417 hosti-

1871 2455 1914 2511 li
1940 2468 2289 2527 congressu;
2320 2455 2704 2526 Conglobatis
2729 2454 2908 2523 igitur
2962 2452 3135 2508 totius
3186 2450 3449 2506 Francius
3480 2452 3540 2504 et

1876 2546 2232 2614 Burgundize
2254 2550 2495 2617 repente
2518 2543 2911 2617 principibus,
2943 2542 3218 2609 occurrit,
3257 2544 3315 2594 et
3360 2538 3539 2593 obse-

1874 2633 1962 2688 dit
2016 2638 2194 2705 atque
2246 2634 2401 2705 cepit
2462 2633 2741 2688 Ebroicas
2824 2629 3135 2703 repentino
3208 2627 3489 2683 conﬂictu
3521 2666 3535 2691 ,

1876 2721 2162 2795 deditque
2206 2737 2341 2779 eam
2397 2721 2682 2777 Tetboldo
2739 2719 2930 2789 gratia
2980 2714 3393 2774 conventionis
3449 2712 3538 2767 ul-

1876 2812 2139 2867 truncus.

2521 2914 2905 2955 APOSTROPHA.

2056 2989 2332 3059 Celebris,
2364 2989 2542 3059 digne
2570 2988 2811 3054 nobilis,
2845 2992 3023 3060 atque

2055 3078 2311 3135 Marchio
2344 3088 2638 3145 summus,
2667 3077 2911 3149 duxque
2939 3075 3255 3139 verendus,

2057 3168 2243 3225 Tutor
2269 3168 2428 3237 cleri,
2460 3167 2652 3240 plebis
2678 3171 2735 3222 et
2761 3171 2988 3234 auctor,

2058 3260 2262 3314 ﬂector
2290 3256 2519 3330 populi,
2549 3256 2746 3327 justus
2773 3258 2829 3310 et
2855 3254 3073 3321 almus,

2055 3346 2319 3419 Orphani
2348 3350 2405 3403 et
2432 3345 2652 3402 exsulis
2682 3343 3128 3410 irrevocandus,

2055 3434 2255 3491 Vidum
2278 3428 2622 3506 solatorque
2643 3432 2964 3503 benignus,

2055 3520 2325 3580 Fortuitis
2350 3536 2513 3578 nunc
2544 3519 2783 3577 casibus
2813 3520 2937 3576 istis

2052 3613 2205 3669 Velle
2238 3611 2577 3668 modestum
2608 3622 2730 3666 non
2756 3609 3075 3666 minuetur.

2051 3706 2205 3759 Neve
2235 3701 2526 3771 fastigeris
2551 3696 2906 3756 dubitando.

2055 3788 2303 3849 Sibimet
2330 3789 2477 3845 dum
2508 3788 2833 3845 infortunia
2863 3790 3160 3855 crescunt,

2051 3882 2302 3952 Jamque
2328 3892 2511 3950 quem
2541 3878 2681 3932 colit
2708 3879 2869 3932 hunc
2891 3875 3114 3931 lacerat
3132 3886 3288 3937 acre,

2053 3968 2310 4041 Pyrrius,
2346 3970 2625 4033 internus,
2654 3964 2998 4031 refovendo,

2052 4059 2220 4111 Pater
2249 4056 2314 4109 ut
2341 4051 2613 4108 sobolem
2638 4064 2917 4107 recreans
2947 4048 3141 4104 dulce.

2053 4145 2194 4209 Quae
2224 4140 2462 4214 peragis
2494 4150 2654 4194 nunc
2687 4134 2906 4212 perage
2936 4146 3192 4209 semper,

2054 4232 2198 4297 Quae
2228 4229 2495 4303 operaris
2530 4227 2713 4283 modo
2738 4227 2865 4283 haec
2895 4239 3162 4300 Operare.

2053 4318 2201 4375 Urbs
2231 4316 2433 4373 ablata
2456 4314 2563 4371 tibi
2592 4326 2836 4388 quoque
2864 4314 3088 4381 furtim,

2056 4406 2191 4462 Tibi
2224 4405 2525 4473 reddetur,
2560 4404 2754 4474 judice
2776 4418 3035 4461 summo.

1945 4494 2275 4551 Richardus
2304 4494 2485 4565 igitur
2511 4493 2634 4549 dux
2664 4492 3265 4567 praepotentissimus,
3312 4489 3538 4545 subita-
3588 4490 3595 4497 '

1873 4596 1988 4640 neo
2011 4584 2230 4639 horum
2257 4587 2581 4638 eventuum
2611 4596 2756 4638 casu
2780 4582 2956 4638 tristis
2982 4584 3040 4636 et
3070 4583 3343 4646 moestus,
3397 4588 3538 4631 con-

1871 4674 2110 4729 vacavit
2138 4671 2591 4729 robustissimus
2619 4671 2886 4741 legiones
2911 4664 3360 4725 Northmannici
3376 4676 3539 4718 exer-

1873 4763 2042 4829 citus,
2070 4762 2293 4834 ivitque
2326 4772 2506 4833 super
2533 4758 2903 4824 Tetboldum,
2954 4756 3138 4811 fretus
3196 4755 3539 4809 innumera-

1871 4850 1977 4906 bili
2028 4849 2266 4906 militari
2328 4860 2517 4903 manu
2545 4889 2559 4915 ,
2644 4844 3023 4917 depopulans
3088 4846 3146 4898 et
3208 4837 3536 4895 incendens

1874 4940 2297 4997 Cartonensem
2360 4939 2823 5005 Dunensemque
2886 4929 3193 4999 regionem
3248 4925 3537 4983 remeavit

1870 5026 2321 5101 imperterritus.
2382 5022 2670 5094 Dispersis
2720 5018 3091 5090 reversisque
3149 5006 3227 5072 ad
3279 5026 3390 5070 sua
3445 5014 3537 5070 Hi-

1872 5115 2081 5172 chardi
2129 5111 2338 5182 magni
2383 5109 2554 5165 ducis
2597 5106 2951 5163 exercitibus
2982 5104 3301 5160 Tetboldus
3333 5116 3536 5159 comes

1871 5202 2235 5272 conglobato
2293 5212 2400 5254 suo
2454 5196 2610 5252 clam
2667 5193 2927 5251 exercitu
2956 5234 2969 5257 ,
3022 5192 3268 5265 inrepsit
3322 5194 3533 5249 North-

1870 5289 2169 5348 mannicis
2199 5286 2445 5341 ﬁnibus.
2481 5288 2629 5341 Cum
2660 5287 2861 5339 autem
2890 5281 3080 5338 relatu
3126 5282 3534 5354 quorumdam

1868 5375 2200 5435 Richardus
2231 5374 2354 5430 dux
2382 5384 2640 5442 magnus
2672 5367 2975 5427 didicisset
3020 5371 3187 5444 quod
3212 5371 3532 5427 Tetboldus

1868 5462 2370 5525 Northmannicos
2399 5461 2552 5517 ﬂues
2584 5459 2943 5532 aggrediens
2993 5460 3322 5529 adveniret,
3372 5458 3533 5513 misit

1866 5554 2199 5629 quemdam
2286 5549 2647 5624 Richardum
2705 5548 2812 5621 qui
2892 5549 3066 5620 cujus
3139 5545 3533 5603 multitudinis

1869 5643 2163 5701 exercitus
2188 5645 2366 5711 esset,
2399 5638 2678 5696 velociter
2704 5637 3088 5695 renuntiaret.
3130 5634 3229 5693 ille
3267 5642 3406 5690 vero
3442 5641 3536 5689 oe-
