3994 6166
444 176 547 228 735

1415 170 1724 227 DUDONIS
1767 169 2026 225 DECANI
2067 166 2124 222 S.
2166 165 2475 230 QUINTINI
2513 166 2899 222 VIROMAND.

446 296 550 352 teri
574 295 858 368 equitatu,
884 311 1008 368 quo
1034 294 1353 351 Tetboldus
1376 294 1748 363 morabatur,
1787 308 2093 363 agressus,
2134 291 2184 344 A

445 384 741 458 quosdam
784 383 1021 439 illarum
1073 384 1151 440 ab
1182 384 1441 440 exercitu
1497 387 1901 456 sequestratos
1931 396 2102 453 repe-

443 473 624 541 riens,
678 471 979 542 interimit,
1034 473 1506 546 Tetboldumque
1567 473 1846 529 comitem
1892 470 2102 527 adesse

445 560 736 617 Richardo
766 561 904 617 duci
936 563 1271 619 occisorum
1330 563 1582 618 infectus
1631 578 1839 618 cruore
1888 576 2104 615 renun-

442 649 626 705 tiavit.
672 649 889 706 Videns
938 655 1140 706 autem
1184 668 1321 707 eum
1362 650 1910 721 sanguinolentum,
1940 649 2101 719 ejus-

442 755 561 811 que
585 754 757 795 arma
785 756 995 796 cruore
1026 740 1287 812 perfusa,
1327 741 1450 796 dux
1480 756 1742 811 magnus
1773 739 2103 796 Richardus

442 826 592 882 dixit
613 827 996 885 adstantibus
1030 846 1043 883 :
1078 852 1105 877 «
1142 833 1249 885 Iste
1279 845 1542 901 namque
1572 846 1711 884 cum
1758 828 1881 884 suis
1928 827 2104 883 inter-

442 913 555 970 fuit
582 916 908 982 certamini,
941 916 1205 988 dixitque
1233 917 1314 972 illi
1365 936 1377 972 :
1429 940 1455 966 ‹‹
1506 919 1659 982 Quot
1714 917 1844 987 ejus
1887 914 2105 972 exerci-

442 1006 616 1057 tuum
674 1002 908 1059 millia?
965 1020 1158 1076 quave
1210 1009 1376 1076 parte
1427 1006 1715 1077 Sequanae
1759 1002 2103 1073 aggreditur

443 1096 651 1147 nostra
703 1090 1014 1148 conﬁnia?
1048 1117 1073 1141 ››
1134 1094 1458 1165 Respondit
1513 1111 1525 1147 :
1580 1116 1607 1141 ‹‹
1641 1093 1797 1161 Tria,
1848 1093 2102 1165 levaque

443 1185 611 1251 parte
665 1184 974 1252 Sequanis,
1015 1198 1149 1253 quae
1208 1188 1294 1238 est
1352 1182 1819 1252 Ebroicacensis,
1877 1181 2103 1238 occurit

441 1268 728 1323 hostiliter
747 1269 941 1325 nobis.
978 1293 1005 1319 »
1037 1270 1143 1327 Cui
1170 1270 1295 1326 dux
1323 1288 1584 1342 magnus
1630 1291 1643 1327 :
1679 1294 1705 1321 «
1744 1271 1800 1329 Si
1829 1270 2101 1345 praelium

442 1362 650 1413 contra
702 1374 833 1425 nos,
892 1363 996 1414 aut
1038 1360 1417 1417 obsidionem
1466 1361 1634 1417 urbis
1664 1361 1897 1417 Rotomi
1925 1376 2102 1431 agere

442 1445 717 1514 ambiret,
772 1447 1143 1519 altrinsecus,
1197 1467 1322 1523 qua
1378 1451 1599 1507 eminet
1646 1450 1811 1520 urbs,
1868 1450 2102 1506 feritare

441 1538 650 1592 contra
677 1552 787 1592 nos
813 1538 1185 1594 acceleraret.
1218 1542 1455 1606 Verum,
1487 1539 1631 1612 quia
1656 1539 1841 1595 altum
1878 1541 2102 1612 Sequa-

3781 168 3884 219 736

2856 305 3243 345 APOSTROPHA.

2211 380 2454 433 Fervere
2476 375 2636 432 caede
2666 393 2827 439 nova
2856 377 3037 433 silvas
3068 392 3440 449 camposque
3471 379 3782 449 patentes,

2209 467 2473 538 Corpora
2500 465 2842 523 functorum
2869 466 3108 539 pariter,
3142 465 3496 539 lacerosque
3520 466 3757 536 jacere,

2209 555 2445 612 Rustica
2470 571 2617 626 gens
2640 572 2794 628 quos
2818 555 3078 612 induviis
3104 555 3228 611 fera
3251 554 3654 629 dispoliabat,

2208 649 2399 718 Atque
2428 644 2642 701 rubere
2672 662 2843 702 sacro
2873 650 3223 718 spumantes
3253 644 3561 713 sanguine
3584 644 3754 700 rivos
3787 663 3802 711 ;

2210 735 2459 805 Fingere
2488 750 2793 808 quemque
2823 735 2936 791 sibi
2962 734 3109 791 varii
3136 734 3492 791 discrimina
3518 733 3696 799 lethi,

2206 829 2399 897 Atque
2425 840 2604 897 super
2632 841 2879 896 gramen
2911 824 3176 898 tepidum
3205 824 3440 880 fumare
3466 839 3786 889 cruorem,

2207 912 2694 986 Richardumque
2718 913 2937 970 ducem
2965 914 3206 985 gratari,
3237 918 3434 983 strage
3464 917 3753 986 peracta.

2208 1002 2481 1059 Militibus
2510 1003 2674 1071 laetis,
2705 1019 2866 1060 esses
2896 1003 2945 1059 si
2970 1003 3139 1075 forte,
3170 1002 3423 1059 videres.

2280 1092 2543 1148 Tandem
2575 1108 2716 1149 vero
2745 1109 2948 1149 comes
2976 1092 3317 1162 Tetboldus,
3356 1091 3586 1161 fugatis
3617 1096 3886 1164 prostra-

2209 1183 2405 1254 tisque
2435 1187 2614 1255 atque
2642 1181 2853 1238 occisis
2882 1181 3160 1237 ﬁdelibus
3198 1182 3323 1237 suis
3374 1181 3682 1254 privatus,
3742 1180 3888 1253 fuga

2208 1271 2452 1344 expetiit
2480 1270 2768 1327 auxilium
2798 1286 2939 1326 cum
2964 1270 3175 1344 paucis
3194 1269 3477 1337 velocius,
3507 1286 3632 1326 nec
3659 1269 3891 1326 divertit

2209 1359 2289 1415 ad
2318 1360 2654 1427 Ebroicam,
2685 1374 2873 1432 quam
2904 1360 2996 1414 sui
3050 1359 3350 1426 tenebant,
3400 1358 3654 1425 urbem,
3706 1359 3891 1415 citatis

2209 1449 2379 1522 equis
2407 1450 2760 1505 calcaribus.
2809 1448 3008 1504 Merito
3036 1465 3302 1521 namque
3332 1447 3491 1504 beati
3511 1448 3893 1504 marchionis

2212 1537 2925 1611 Richardiquadripartiti
2950 1537 3305 1593 detrimento
3332 1536 3435 1592 illo
3486 1536 3591 1593 die
3645 1537 3892 1593 infortu-

441 1639 534 1679 nae
566 1625 816 1696 pelagus
845 1626 1020 1681 nobis
1047 1631 1102 1681 et
1125 1627 1239 1682 illis
1270 1627 1652 1683 obstaculum
1672 1633 2101 1693 exstat,naves-
2139 1645 2182 1698 Β
2212 1627 2378 1683 nium
2409 1627 2736 1700 persensit;
2769 1625 3041 1681 videlicet
3065 1625 3273 1681 fideles
3303 1642 3449 1681 suos
3496 1624 3716 1699 prtelio
3762 1642 3895 1699 pro-

440 1730 559 1786 que
589 1714 813 1770 absunt
849 1715 947 1782 illi,
982 1716 1203 1789 quibus
1257 1721 1535 1783 transeat,
1595 1717 1936 1773 nullatenus
1988 1734 2101 1774 nos

439 1800 598 1856 bello
630 1801 921 1857 lacessere
956 1808 1155 1869 tentat,
1190 1803 1295 1858 sed
1323 1804 1581 1875 patriam
1610 1810 1830 1860 nostrae
1861 1804 2103 1862 ditionis

441 1890 809 1961 depopulare
837 1897 1014 1963 atque
1043 1908 1308 1948 cremare
1365 1893 1551 1949 nostri
1604 1894 1841 1950 ruboris
1892 1897 2101 1950 confu-

442 1977 609 2032 sione
640 1979 910 2035 atrociter
941 1980 1246 2037 deliberat.
1280 1984 1396 2037 Nos
1429 1999 1567 2038 vero
1605 1983 1828 2055 quibus
1883 1985 2102 2041 adsunt

442 2082 647 2133 naves,
681 2068 877 2123 ascitis
903 2069 1276 2142 principibus
1306 2072 1528 2126 nostris
1557 2072 1636 2127 ad
1666 2072 1796 2127 illos
1830 2078 2100 2129 transea-

444 2171 599 2224 mus,
630 2155 916 2229 quodque
956 2160 1074 2212 Dco
1125 2158 1413 2230 placuerit
1466 2161 1616 2215 inter
1670 2176 1779 2216 nos
1831 2163 2100 2233 experia-

441 2259 597 2298 mur.
636 2267 662 2291 ››
693 2244 787 2299 His
817 2245 1012 2314 dictis,
1041 2253 1437 2303 sacrosanctae
1490 2249 1794 2304 Genitricis
1855 2250 1954 2305 Dei
2001 2268 2100 2323 pe-

441 2336 571 2388 tens
600 2333 824 2402 aulam,
860 2352 1160 2409 superque
1199 2337 1381 2393 altare
1408 2338 1538 2409 ejus
1565 2339 1805 2410 pretiosi
1835 2340 2101 2396 muneris

441 2436 671 2493 ponens
703 2423 973 2495 pallium,
1006 2424 1081 2479 ad
1114 2425 1495 2496 profuturum
1527 2424 1784 2482 efﬁcacis
1814 2427 2101 2483 orationis

440 2510 705 2578 confugit
735 2512 1043 2568 auxilium.
1081 2513 1193 2570 Sed
1227 2516 1397 2579 Deus,
1431 2515 1535 2587 qui
1562 2516 1835 2587 superbis
1864 2517 2097 2583 resistit,

440 2598 816 2672 humilesque
847 2601 1132 2657 sublimat
1152 2608 1209 2657 et
1232 2603 1421 2673 erigit,
1442 2604 1843 2659 humillimum
1875 2605 2099 2660 devotae

439 2688 567 2758 ejus
599 2689 791 2760 precis
820 2695 1028 2746 votum
1070 2691 1395 2747 exaudivit.
1450 2692 1769 2748 Tetboldus
1818 2710 1955 2749 vero
2006 2710 2102 2749 eo-

438 2792 569 2830 mes
600 2777 895 2833 malivola:
925 2778 1265 2834 intentionis
1297 2781 1607 2853 proposito
1653 2782 2101 2852 malignabatur

438 2862 634 2919 feriter
658 2866 719 2920 in
751 2866 953 2921 tellure
984 2869 1448 2924 Northmannica
1484 2889 1495 2924 :
1549 2870 1969 2943 profectusque
2013 2875 2104 2927 est

440 2953 808 3025 constipatus
838 2954 1056 3011 ferrata
1082 2958 1207 3012 acie
1239 2975 1428 3029 usque
1469 2958 1546 3014 ad
1595 2975 1765 3015 casas
1817 2960 2099 3016 Hermen-

441 3041 629 3096 trudis
655 3041 819 3109 villae,
843 3043 903 3099 in
935 3049 1110 3115 portu
1140 3046 1403 3102 ﬂuminis
1428 3049 1719 3120 Sequanae
1750 3047 2098 3105 altrinsecus

439 3136 646 3186 contra
675 3134 991 3187 Rotomum
1022 3135 1247 3205 positae.
1286 3136 1611 3192 llic‘nartlus
1642 3154 1778 3193 vero
1827 3140 2098 3193 marcliio

438 3218 888 3275 robustissimus
934 3221 1176 3278 alterius
1218 3230 1426 3297 portus
1478 3226 1789 3296 navigium
1836 3226 2095 3299 expetiit,

440 3310 680 3380 totaque
711 3315 883 3365 nocte
934 3312 1224 3384 Sequanae
1284 3318 1662 3370 transmeans
1711 3314 1949 3370 alveum
2006 3332 2097 3371 su-

437 3411 545 3468 per
595 3398 947 3454 Tetboldum
978 3400 1243 3456 diluculo
1295 3402 1547 3468 irruens,
1612 3403 1839 3459 bellum
1891 3408 2099 3460 contra

438 3499 578 3540 eum
607 3502 745 3541 cum
766 3488 976 3558 paucis
1005 3488 1150 3545 iniit.
1188 3494 1247 3544 In
1281 3490 1475 3561 primo
1501 3492 1749 3564 quidem
1771 3508 2099 3562 congressu

438 3574 779 3629 certaminis
827 3576 1254 3647 praeliabantur
1300 3579 1619 3637 (lecurtatis
1672 3581 1800 3635 telis
1860 3585 1917 3637 et
1966 3581 2096 3638 lan-

439 3662 595 3729 ceis;
629 3662 894 3718 secundo
948 3680 1087 3720 vero
1144 3667 1532 3722 mucronibus
1585 3669 1867 3724 coruscis.
1936 3673 2099 3727 Tunc

436 3750 686 3807 robusta
764 3768 983 3808 manus
1066 3757 1678 3824 Northamannorum,
1762 3759 2099 3830 conjunctis

436 3839 927 3914 complicatisque
968 3844 1043 3899 ad
1074 3844 1332 3900 invicem
1376 3845 1619 3920 clypeis,
1668 3847 1792 3903 acie
1847 3864 2099 3905 corusca

435 3947 797 3986 mucronum
843 3933 1218 4001 aggrediens,
1271 3934 1498 3993 invadit
1543 3944 1806 3993 armatos
1855 3938 2098 3994 obstan-

434 4024 640 4091 tesque
673 4022 1057 4092 Francorum,
1115 4028 1171 4079 et
1230 4030 1366 4079 ante
1416 4025 1625 4082 dextra
1668 4032 1725 4082 et
1767 4027 1917 4083 laeva
1945 4027 2097 4082 lace-

433 4124 594 4173 rans,
639 4114 1139 4184 prosternensque
1197 4118 1377 4186 atque
1432 4115 1815 4188 disrumpens
1869 4132 2093 4172 cuneos

433 4196 697 4251 hostium
729 4198 933 4263 secuit,
979 4201 1253 4273 equitans
1309 4219 1489 4274 super
1534 4204 1828 4261 cadavera
1872 4204 2093 4261 occiso-

435 4300 591 4350 rum,
622 4286 997 4343 condensum
1028 4305 1243 4359 agmen
1293 4291 1686 4363 obstantium,
1729 4293 2091 4367 reﬂectitque

433 4373 707 4449 praelium
732 4375 793 4430 in
825 4391 1047 4432 cuneos
1072 4378 1208 4434 hinc
1253 4380 1392 4436 inde
1445 4382 1905 4439 remanentium.
1950 4384 2093 4439 Hinc

433 4463 573 4519 hinc
606 4465 1108 4535 Franeigenarum
1138 4472 1366 4538 strages
1413 4470 1682 4539 efﬁcitur,
1741 4471 2094 4543 multigena-

432 4567 551 4625 que
579 4568 795 4608 manus
825 4553 1111 4611 multatur
1142 4561 1200 4611 et
1227 4557 1598 4614 interimitur.
1652 4560 2092 4615 Northmanno-

430 4657 567 4697 rum
594 4657 857 4715 namque
887 4659 1035 4713 gens
1082 4644 1365 4714 belligera
1419 4652 1474 4702 et
1524 4648 1705 4704 effera
1753 4648 2093 4704 discurrens

432 4736 699 4803 permeat
729 4733 913 4804 preelii
943 4734 1291 4792 discrimina
1346 4736 1509 4793 velut
1564 4738 1690 4811 lupi
1743 4754 1849 4812 per
1878 4738 2092 4795 biden-

434 4820 580 4877 tium
607 4821 806 4889 ovilia,
836 4823 1115 4880 occidens
1145 4830 1201 4880 et
1228 4830 1613 4897 prosternens
1642 4828 1908 4883 hostium
1930 4843 2093 4883 seve-

431 4909 570 4964 riter
625 4911 886 4981 agmina.
944 4913 1313 4969 Richardidis
1361 4916 1659 4988 siquidem
1730 4916 2094 4973 unanimiter

431 4999 911 5068 vociferantibus,
956 5003 1122 5073 quod
1174 5005 1447 5060 Richardi
1497 5006 1698 5075 magni
1744 5006 1916 5062 ducis
1965 5012 2093 5063 erat

432 5087 619 5158 praelii
649 5105 922 5162 campus,
950 5091 1171 5147 ﬁducia
1202 5093 1508 5165 praeliandi
1534 5094 1773 5151 recessit
1798 5110 1834 5150 a
1859 5094 2089 5151 Tetbol-

434 5173 589 5229 didis
639 5179 942 5249 omnibus,
1002 5180 1257 5247 vitaeque
1333 5183 1709 5240 conclamata
1765 5189 1853 5240 est
1901 5184 2087 5240 salus.

437 5262 698 5333 Quisque
728 5281 789 5321 se
817 5267 1129 5325 liberanda
1170 5286 1295 5343 quo
1340 5271 1594 5329 divertat
1643 5272 1899 5342 ignorat,
1936 5288 2090 5344 quo-

437 5365 555 5423 que
587 5366 650 5405 se
678 5350 916 5410 latitans
959 5357 1310 5414 abscondat.
1370 5359 1477 5415 Alii
1522 5360 1670 5416 lucis
1712 5360 2090 5416 concretione

436 5438 715 5496 fruticum
749 5444 1091 5515 condensis,
1119 5448 1217 5503 alii
1247 5447 1573 5520 paludibus
1623 5450 1779 5506 alnis
1826 5448 2093 5522 populis-

437 5543 556 5600 que
584 5528 828 5584 densius
857 5535 1276 5592 contradicatis
1300 5543 1599 5617 reponunt
1624 5554 1708 5607 se,
1738 5552 1814 5593 ne
1860 5536 2091 5593 occide-

436 5621 642 5673 rentur
670 5633 706 5674 a
736 5620 1177 5681 Nortbmannis.

2140 2991 2181 3046 C

2131 4337 2178 4390 D

2212 1722 2426 1773 stratos
2456 1716 2806 1788 conspexit:
2840 1716 2967 1788 ipse
2994 1714 3232 1785 fugatus
3275 1719 3334 1770 et
3373 1714 3686 1771 laceratus
3724 1717 3896 1771 exsti-

2211 1806 2296 1874 tit,
2324 1806 2577 1879 quidam
2608 1804 2766 1860 ﬁlius
2797 1805 2927 1876 ejus
2958 1809 3146 1860 morte
3195 1810 3668 1878 praeoccupatus
3717 1823 3893 1861 occu-

2209 1895 2341 1951 buit
2390 1912 2403 1949 :
2460 1894 2603 1950 urbs
2661 1893 3046 1950 Carnotensis
3102 1898 3160 1949 et
3199 1893 3555 1966 praesidium
3590 1896 3731 1965 ejus
3756 1895 3891 1964 igne

2210 1987 2590 2040 concremata
2614 1982 2882 2038 funditus
2913 1983 3048 2039 ruit.
3083 1982 3415 2038 Richardus
3444 1997 3589 2037 vero
3616 1981 3892 2037 marchio

2209 2072 2476 2128 bonitate
2504 2070 2970 2140 famosissimus,
3002 2070 3326 2127 certamine
3358 2069 3729 2142 prolixaque
3762 2084 3890 2141 pro

2211 2160 2513 2216 secutione
2542 2159 2805 2215 hostium
2834 2158 3114 2231 fatigatus
3158 2162 3480 2215 Rotomum
3525 2158 3769 2230 repetiit
3802 2173 3892 2212 ve-

2211 2248 2531 2320 spertinus.
2574 2247 2843 2304 Diluculo
2886 2253 3089 2303 autem
3139 2263 3535 2317 consurgens,
3592 2262 3890 2318 campum

2210 2337 2396 2410 preelii
2425 2336 2801 2407 aggrediens,
2831 2342 3143 2393 sexcentos
3172 2335 3585 2409 quadraginta
3613 2342 3889 2391 mortuos

2210 2425 2532 2497 reperiens,
2565 2424 2770 2480 funere
2795 2429 3102 2480 tantorum
3147 2424 3364 2496 pietate
3411 2422 3753 2489 condoluit,
3801 2438 3887 2477 se-

2211 2513 2381 2585 peliri
2410 2529 2511 2567 eos
2529 2512 2732 2583 jussit,
2757 2512 2923 2567 vivos
2950 2513 3149 2568 adhuc
3174 2511 3386 2568 feretro
3418 2511 3639 2567 leniter
3668 2511 3752 2567 ad
3784 2515 3888 2567 Ro-

2211 2606 2443 2655 tomum
2498 2600 2799 2671 deportari
2852 2604 2910 2655 et
2957 2599 3158 2655 sanari
3203 2599 3356 2655 fecit.
3394 2602 3693 2655 Praeterea
3718 2598 3886 2653 lucos

2211 2689 2583 2762 paludesque
2610 2688 2926 2761 exquirere
2966 2687 3102 2744 fecit
3130 2688 3474 2761 multosque
3506 2694 3791 2743 mortuos
3833 2694 3887 2741 et

2211 2779 2486 2851 plagatos
2516 2777 2750 2850 reperit,
2778 2777 3003 2851 quibus
3030 2778 3243 2834 eadem
3263 2778 3484 2851 pietate
3510 2777 3882 2850 obsequium

2210 2866 2498 2940 praestitit.

2845 2970 3229 3012 APOSTROPHA.

2211 3044 2445 3113 Gurgite
2475 3043 2729 3100 caeruleo
2761 3045 3054 3116 Sequente
3083 3047 3245 3100 meat
3280 3043 3599 3099 aestuantis
3626 3043 3843 3105 amnis,

2212 3136 2277 3188 Et
2307 3138 2505 3188 movet
2535 3132 2803 3202 ingentes
2826 3132 3073 3204 pelagos
3096 3148 3254 3202 vaga
3291 3132 3645 3187 cursitantis
3681 3137 3873 3195 aestus,

2212 3220 2445 3277 Lambit
2472 3221 2801 3277 odoriferas
2831 3225 2888 3276 et
2912 3220 3184 3290 gramine
3209 3219 3530 3276 ﬂoridante
3560 3221 3750 3294 ripas,

3567 3308 3810 3381 [ample,

2210 3398 2451 3455 Molliter
2479 3398 2946 3470 herbarumque,
2975 3413 3182 3453 comas
3221 3397 3383 3454 lavat
3430 3397 3606 3454 unda
3653 3413 3877 3472 praepes

2211 3492 2410 3560 Ipsam
2426 3503 2566 3542 cum
2591 3488 2846 3543 refluum
2868 3491 3103 3559 torquet
3121 3502 3287 3542 mare
3308 3486 3656 3542 detrimenti
3676 3485 3875 3549 aluno,

2212 3578 2523 3631 Detrusam
2552 3581 2877 3631 retrorsum
2899 3573 3181 3630 fluctibus
3209 3575 3469 3647 aequoris
3498 3574 3807 3639 minantis,

2210 3664 2474 3737 Eptadus
2504 3664 2702 3720 ofﬁcio
2733 3662 3027 3719 mutantia
3054 3663 3149 3719 vel
3174 3668 3480 3719 crementa
3511 3679 3787 3737 passum.

2213 3755 2506 3811 Umbroso
2526 3759 2584 3809 et
2611 3753 2806 3808 vestiti
2832 3752 3074 3824 palmite
3105 3752 3455 3825 praenitente
3485 3753 3676 3808 colles

2212 3844 2534 3899 Deliciosus
2566 3858 2709 3912 ager
2736 3843 3055 3915 vinetaque
3075 3842 3388 3898 continens
3418 3842 3702 3898 honesta.

2209 3932 2495 3988 Cursibus
2523 3932 2823 3988 undarum
2852 3930 3092 4002 irriguis
3114 3932 3255 3987 satis
3274 3932 3667 4004 emicantque
3689 3936 3864 4004 prata,

2211 4023 2361 4079 Urbs
2381 4039 2503 4095 qua
2518 4021 2875 4093 percelebris
2890 4037 3054 4077 nunc
3071 4024 3315 4077 Rotome
3332 4021 3622 4093 prenites
3636 4021 3865 4085 decora,

2210 4111 2487 4167 Labentis
2505 4110 2786 4181 joeundis
2817 4109 3028 4165 usibus
3049 4109 3360 4165 afﬂuenter
3383 4110 3588 4177 annis,

2207 4205 2391 4258 Merce
2419 4200 2642 4273 quibus
2668 4199 2817 4255 varii
2848 4215 3208 4272 componere
3230 4199 3474 4255 faenoris
3503 4205 3695 4272 queat
3724 4215 3807 4254 se.

2210 4290 2322 4347 Sed
2350 4289 2581 4345 munita
2609 4288 2787 4344 nimis
2813 4287 3021 4344 rutilas
3047 4289 3283 4358 magnis
3314 4288 3512 4361 inclyti
3541 4288 3789 4360 patricii

2210 4378 2485 4435 Riehardi
2513 4378 2737 4434 meritis
2769 4383 2826 4432 et
2852 4377 3123 4433 moribus
3149 4377 3548 4450 undecunque
3571 4375 3785 4449 justis,

2204 4468 2315 4534 Qui
2344 4467 2574 4523 virtutis
2605 4465 3090 4539 inexpugnabilis
3121 4465 3407 4522 admitate
3435 4465 3679 4539 plenus,

2203 4557 2476 4626 Protegit,
2504 4556 2743 4626 exaltat,
2776 4559 2955 4612 temet
2980 4556 3146 4627 regit,
3179 4559 3235 4610 et
3271 4554 3485 4611 fovens
3511 4560 3730 4611 tuetur.

2203 4649 2365 4701 Auro
2392 4645 2528 4718 plus
2553 4650 2836 4700 constans
2864 4645 3065 4700 hostes
3090 4644 3276 4712 fugat,
3304 4643 3507 4699 obstat
3527 4646 3868 4719 arguitque,

2202 4734 2456 4791 Marchio
2471 4733 2946 4805 duxque,comes
2964 4732 3252 4789 mirabilis
3267 4738 3324 4789 et
3338 4733 3683 4805 stupendus
3698 4735 3867 4801 actis,

3429 4824 3799 4893 [modestus.

2200 4914 2687 4986 Praedignusque,
2746 4913 2997 4987 probus,
3057 4917 3319 4979 sanctus,
3378 4913 3523 4985 pius
3555 4919 3614 4970 et
3642 4915 3866 4985 bonus,

2273 5005 2370 5059 His
2422 5009 2479 5059 et
2523 5003 2872 5073 huiusmodi
2926 5002 3360 5075 triumphaliter
3416 5004 3699 5075 peractis,
3744 5006 3867 5060 dux

2199 5109 2457 5164 magnus
2542 5092 2870 5148 Richardus
2972 5093 3307 5165 praecipuos
3400 5109 3531 5148 suae
3644 5094 3869 5151 domus

2198 5182 2426 5251 legatos
2478 5181 2557 5237 ad
2606 5181 2848 5237 Daciam
2897 5180 3160 5237 celeriter
3211 5181 3389 5244 misit,
3449 5188 3517 5237 ut
3569 5197 3721 5252 gens
3770 5201 3867 5240 ro-

2198 5270 2543 5326 bustissima
2599 5272 2895 5325 Dacorum
2951 5268 3278 5325 accelerato
3336 5270 3657 5339 juvamine
3730 5289 3867 5328 suc-

2198 5364 2458 5415 curreret
2528 5358 2627 5414 illi.
2709 5358 2850 5415 Daci
2883 5406 2893 5418 .
2922 5375 3059 5415 vero
3133 5359 3227 5414 his
3297 5358 3706 5428 legationibus
3777 5363 3866 5418 hi-

2197 5447 2350 5503 lares
2384 5489 2400 5516 ,
2476 5447 2692 5520 aptatis
2768 5448 3146 5519 onerastique
3221 5446 3473 5503 navibus
3548 5449 3864 5519 celeriter,

2198 5538 2628 5608 aggrediuntur
2698 5540 2995 5594 Rotonum
3058 5538 3422 5595 festinanter.
3500 5540 3636 5595 Dux
3720 5558 3866 5598 vero

2198 5626 2715 5683 constantissimus
2743 5669 2757 5695 ,
2836 5630 3013 5684 tanta:
3084 5626 3484 5685 multitudinis
3554 5630 3866 5705 principes
