3994 6166
116 174 240 226 737

655 167 747 224 DE
785 168 1023 226 GESTIS
1059 160 1498 224 NORMANNl/E
1538 161 1775 220 DUCUM
1814 161 1993 217 LIBRI
2032 163 2229 220 TRES.
2263 197 2333 207 ——
2364 169 2494 226 LIB.
2535 171 2625 227 III.
2653 172 3081 234 RICHARDUS.

3514 194 3633 248 .738

116 293 544 366 conspiciens,
569 309 816 365 suaeque
837 291 1260 361 indignationis
1285 288 1809 360 animositatisque
1834 288 1882 340 Α
1920 303 2053 343 sum
2082 289 2240 346 illius
2288 277 2700 365 adversitatisi;
2752 298 3010 357 delubra
3048 295 3480 384 ecclesiasque
3531 314 3627 369 ab

116 383 619 440 malivolentiam
674 383 975 439 vindicare
1006 381 1303 451 ambiens,
1352 387 1550 456 petere
1582 378 1811 435 Givoldi

116 473 370 529 fossam
397 472 597 543 jussit,
633 476 692 527 et
720 471 1030 527 devastare
1086 486 1222 543 quae
1253 475 1426 527 erant
1453 467 1725 525 Tetboldi
1754 472 1812 522 et

110 562 319 629 regis.
354 561 489 617 Daci
521 577 665 616 vero
704 560 844 616 hinc
894 560 1199 627 abeuntes,
1258 575 1558 634 superque
1605 574 1808 629 regem

114 656 183 706 et
214 650 579 707 Tetboldum
608 649 1084 719 congredientes,
1116 649 1646 723 depopulabantur
1675 663 1810 720 qua:

113 739 518 813 reperiebant
546 738 971 794 indifferenter.
1034 737 1187 793 Villis
1221 739 1582 793 rusticorum
1621 735 1811 792 omni-

113 829 254 884 bus
285 826 621 896 devastatis,
649 827 1006 883 suburbana
1033 826 1454 896 incendebant,
1477 832 1655 899 atque
1686 841 1812 881 cas-

116 918 286 974 tella
307 917 755 990 plurimahumo
776 922 954 973 tenus
982 916 1459 990 prosternebant.
1491 917 1810 973 Obstantes

118 1007 255 1063 sibi
306 1006 613 1063 crudeliter
668 1005 1048 1072 occidebant,
1110 1010 1509 1078 caeteramque
1555 1021 1808 1060 manum

118 1094 411 1151 ﬂebiliter
460 1094 537 1149 ad
592 1111 783 1150 naves
840 1094 1163 1150 vexabant.
1222 1094 1530 1151 Desolatur
1552 1094 1708 1165 regis
1753 1099 1808 1151 et

119 1183 418 1241 Tetboldi
448 1184 679 1239 comitis
709 1184 912 1239 omnis
944 1189 1098 1240 terra
1128 1182 1353 1238 talibus
1382 1183 1655 1238 hostibus
1708 1198 1809 1239 ne-

115 1274 337 1345 quiter
358 1271 590 1328 afﬂicta.
640 1275 857 1329 Fames
905 1272 1194 1342 oboritur,
1250 1272 1394 1344 quia
1426 1276 1579 1328 terra
1609 1275 1805 1327 aratro

116 1378 445 1434 nusquam
516 1361 830 1417 scinditur.
881 1361 1101 1426 Pervia,
1180 1360 1419 1433 viaeque
1469 1365 1526 1416 et
1582 1360 1804 1415 semitas

115 1450 507 1520 ignorantur,
530 1450 673 1523 quia
704 1466 741 1505 a
772 1450 1009 1505 nemine
1035 1450 1306 1505 calcibus
1322 1454 1671 1506 atteruntur.
1699 1451 1803 1505 Sa-

117 1540 229 1595 lus
261 1555 516 1612 spesque
544 1555 578 1595 a
600 1540 827 1596 fiducia
853 1557 889 1596 a
914 1539 1162 1595 residuis
1195 1540 1636 1607 conclamatur;
1661 1540 1805 1612 quia

125 1628 421 1683 universae
450 1628 801 1699 pestilentiae
831 1628 1157 1695 ignominia
1180 1628 1802 1699 aﬂligunturJlichar-
1827 1639 1869 1693 Β

123 1717 193 1773 di
223 1734 367 1773 vero
391 1716 595 1787 magni
627 1716 803 1773 ducis
858 1721 1009 1773 terra
1054 1717 1255 1773 solida
1284 1721 1432 1783 arat,
1491 1722 1549 1773 et
1577 1718 1798 1791 quieta,

124 1822 246 1861 nec
275 1806 447 1862 ullius
476 1806 838 1863 calamitatis
864 1811 1027 1879 peste
1083 1806 1335 1869 afﬂicta,
1361 1807 1462 1862 sed
1510 1806 1677 1863 liberi
1710 1824 1800 1864 ar-

125 1894 289 1951 bitrii
309 1896 510 1952 labore
542 1896 623 1951 ab
652 1896 936 1952 omnibus
973 1897 1320 1952 exercitata.
1356 1898 1616 1970 Quisque
1640 1897 1801 1954 colo-

126 2000 251 2039 nus
302 1985 459 2057 quod
519 1985 834 2041 ambiebat
883 1985 1063 2041 libere
1119 1985 1368 2051 agebat,
1412 1985 1800 2059 possibilitate

129 2090 265 2128 sure
298 2075 613 2131 voluntatis
643 2081 946 2148 percepta.
1001 2079 1205 2131 Tantas
1235 2075 1634 2132 altercationis
1673 2082 1802 2133 tan-

128 2167 330 2235 taeque
358 2163 539 2219 cladis
570 2164 1053 2221 Northmannicae
1084 2169 1142 2220 et
1200 2163 1428 2237 rapinas
1473 2169 1645 2221 nocte
1675 2165 1801 2222 die-

126 2267 247 2323 que
265 2252 598 2309 innumeris
621 2252 866 2309 casibus
892 2270 1013 2309 uno
1040 2253 1237 2309 lustro
1265 2268 1418 2325 pene
1440 2252 1676 2321 afﬂicta,
1704 2269 1804 2311 ne-

125 2339 347 2412 quibat
372 2341 631 2414 amplius
680 2341 829 2397 tanti
872 2341 1181 2397 infortunii
1240 2340 1389 2397 ferre
1432 2342 1798 2400 discrimina.

125 2432 273 2485 Tota
300 2429 478 2498 igitur
506 2430 626 2486 fere
654 2433 900 2487 Francia
928 2430 1197 2487 Tetboldi
1226 2430 1497 2499 regimini
1530 2432 1801 2502 subjecta

128 2518 210 2574 ab
239 2518 455 2575 incolis
485 2519 938 2593 derelinquitur,
965 2519 1230 2576 ecclesias
1280 2519 1374 2574 his
1405 2520 1644 2577 casibus
1675 2521 1805 2578 des-

130 2607 321 2663 titutae
352 2625 387 2664 a
418 2608 582 2665 nullo
606 2608 952 2666 Christicola
998 2608 1472 2680 frequentantur.
1519 2611 1804 2667 Praesules

127 2697 313 2767 igitur
340 2698 520 2754 totius
545 2698 808 2754 Francia!
836 2698 1383 2754 Northmannorum
1426 2714 1804 2771 paganorum

131 2786 426 2843 saevitiam
453 2787 722 2861 perpessi
771 2790 1256 2843 convocaverunt
1305 2793 1572 2843 sanctam
1629 2804 1806 2861 syno-

131 2876 308 2945 dum,
338 2876 488 2948 quid
514 2881 761 2946 agerent
790 2875 1124 2943 scrutaturi,
1159 2873 1303 2947 quia
1341 2876 1581 2931 casibus
1626 2877 1802 2933 innu-

133 2965 318 3020 meris
344 2964 933 3038 quampluribusque
977 2963 1292 3031 incendiis,
1346 2965 1695 3038 rapinisque
1750 2971 1871 3044 etc

134 3054 688 3128 depraedationibus
719 3052 1108 3126 permaximis
1165 3053 1384 3122 vexati,
1424 3054 1805 3124 agitabantur

136 3144 498 3202 Christicola:
531 3143 787 3216 subjecti
817 3142 1114 3216 periculis.
1147 3142 1465 3198 Tetboldus
1490 3160 1632 3200 vero
1662 3144 1804 3201 dolo

134 3233 530 3289 fraudulentae
561 3232 923 3300 intentionis,
958 3231 1318 3303 suggerebat
1342 3231 1493 3289 falso
1507 3233 1805 3306 pontiﬁci-

134 3322 249 3378 bus
270 3327 333 3379 et
381 3322 661 3396 palatinis
691 3321 859 3395 quod
884 3337 995 3394 pro
1026 3325 1181 3377 statu
1212 3319 1552 3393 reipublicae
1582 3327 1639 3379 et
1666 3323 1809 3381 ﬁde-

136 3412 298 3469 litate
326 3413 484 3483 regis
523 3412 760 3479 agitans
787 3412 987 3482 jurgia
1012 3410 1320 3467 rixabatur
1348 3428 1486 3467 cum
1512 3413 1806 3470 Richardo

137 3508 193 3558 et
215 3502 499 3576 paganis.
538 3500 808 3575 Episcopi
860 3505 1080 3565 autem,
1115 3500 1351 3570 cognita
1380 3500 1430 3556 ei
1462 3502 1665 3558 audita
1703 3504 1807 3559 bo-

139 3592 319 3648 nitate
353 3590 716 3647 sanctissimi
746 3589 916 3645 ducis
948 3589 1242 3656 Richardi,
1292 3590 1668 3647 mirabantur
1714 3610 1809 3648 su-

138 3697 246 3754 per
276 3680 449 3736 dictis
492 3679 756 3737 Tetboldi
781 3679 1029 3735 comitis.
1065 3679 1249 3749 Hujus
1291 3679 1470 3748 igitur
1508 3680 1589 3737 rei
1620 3682 1808 3752 gratia

142 3768 396 3825 consulti
427 3768 828 3841 deprecantur
860 3771 1282 3825 Carnotensem
1339 3768 1682 3841 praesulem,
1711 3787 1809 3826 cu-

139 3859 239 3929 jus
268 3857 591 3913 voluntatis
622 3861 777 3913 esset
801 3856 921 3911 dux
953 3871 1213 3927 magnus
1242 3856 1576 3913 Richardus
1609 3857 1807 3914 scisci-

146 3945 253 4001 tari
286 3960 469 4017 super
493 3943 786 4018 pestiferae
813 3948 1078 4016 penuriae
1108 3943 1437 4013 ignominia
1466 3949 1523 4000 et
1569 3945 1810 4002 calami-

148 4033 300 4090 tatis.
336 4036 587 4090 Coactus
612 4037 815 4088 autem
846 4033 1086 4089 monitis
1142 4032 1657 4105 coepiscoporum,
1700 4036 1808 4091 mi-

149 4123 221 4179 sit
244 4122 575 4194 quemdam
606 4121 976 4177 monachum
1023 4121 1101 4177 ad
1148 4121 1367 4177 ducem
1423 4121 1802 4192 Richardum,

149 4211 252 4283 qui
278 4211 424 4267 dixit
453 4210 501 4266 ei
533 4210 717 4282 hujus
748 4209 1058 4279 legationis
1096 4209 1452 4266 mandatum
1487 4228 1500 4266 :
1535 4230 1566 4265 ‹
1592 4214 1807 4269 Carno-

153 4299 329 4354 tensis
352 4299 671 4371 episcopus
698 4297 803 4354 tibi
831 4297 1004 4353 ﬁdele
1031 4297 1372 4354 orationum
1394 4315 1637 4356 munus.
1668 4301 1806 4357 Am-

152 4388 235 4443 bit
264 4403 529 4459 namque
573 4393 627 4444 te
666 4386 933 4457 aggredi,
988 4386 1330 4459 mutuisque
1377 4387 1659 4445 affatibus
1702 4390 1806 4447 tibi

153 4475 537 4532 sermocinari
570 4494 583 4533 :
619 4475 755 4531 ideo
802 4475 1066 4548 postulat
1091 4475 1306 4531 ducem
1361 4480 1420 4531 et
1446 4477 1804 4535 advocatum

151 4565 372 4623 itineris
405 4565 516 4631 sui,
545 4564 955 4636 viatoremque
1016 4564 1130 4619 sibi
1154 4564 1303 4632 dari,
1338 4580 1413 4620 ne
1453 4565 1600 4623 forte
1630 4567 1806 4624 devo-

150 4658 277 4710 rent
304 4652 790 4725 manduceutque
829 4668 890 4707 se
934 4651 1019 4708 tui
1071 4651 1295 4709 diaboli
1344 4657 1401 4709 et
1450 4653 1595 4727 lupi.
1628 4679 1656 4704 »
1709 4656 1806 4711 His

153 4739 367 4796 auditis
390 4739 718 4795 Richardus
746 4739 870 4795 dux
890 4739 1303 4795 serenissimus
1332 4740 1669 4813 subridens,
1701 4743 1808 4798 mi-

154 4831 225 4887 sit
253 4830 359 4903 qui
402 4830 764 4887 conduceret
790 4829 866 4886 ad
893 4846 956 4887 se
986 4830 1336 4905 episcopum
1368 4832 1600 4889 salvum
1631 4837 1687 4889 et
1714 4832 1806 4887 in-

155 4919 449 4976 columen.
482 4918 815 4974 Adveniens
845 4934 1110 4992 namque
1148 4919 1243 4976 ille
1266 4920 1395 4977 inﬁt
1422 4920 1561 4977 duci
1581 4936 1807 4991 magno

155 5007 441 5064 Richardo
470 5024 485 5062 :
522 5030 551 5057 «
580 5006 1006 5079 Metropolitani
1033 5023 1169 5063 cum
1232 5008 1601 5082 coepiscopis
1632 5012 1807 5065 Fran-

156 5097 290 5152 cicte
317 5095 506 5167 gentis
536 5094 640 5151 tibi
668 5094 1061 5151 indeﬁcientis
1102 5112 1352 5152 munera
1377 5097 1683 5153 orationis.
1717 5097 1810 5153 Mi-

156 5201 355 5241 ramur
372 5199 638 5256 namque
668 5183 909 5257 stupidi,
938 5200 1076 5240 cum
1100 5183 1288 5240 cultor
1312 5184 1410 5241 Dei
1441 5184 1808 5243 Christicola-

155 5292 265 5351 que
290 5274 631 5349 prtecipuus
658 5273 720 5330 in
748 5278 871 5330 toto
893 5275 1036 5330 orbe
1061 5274 1521 5343 nomineris,cur
1537 5291 1809 5348 paganos

153 5366 404 5422 insanire
449 5364 512 5420 in
535 5363 897 5421 Christianos
927 5364 1204 5420 severiter
1232 5364 1564 5437 permittis?
1592 5367 1806 5420 Trans-

157 5461 320 5512 eunte
360 5471 458 5510 me
488 5457 666 5510 tutela
687 5458 798 5508 tuae
817 5453 1229 5510 advocationis
1247 5454 1702 5511 formidolosam
1725 5457 1812 5526 ty-

154 5543 461 5600 rannidem
489 5542 826 5599 hostilitatis
848 5543 1095 5599 colonos
1116 5543 1295 5613 hujus
1317 5542 1537 5599 telluris
1567 5557 1807 5598 securos

153 5634 411 5691 hostium
441 5631 632 5706 reperi
659 5650 672 5701 ;
703 5648 813 5689 nec
861 5631 1271 5689 formidabant
1306 5631 1684 5708 repentinum
1716 5647 1811 5688 ca-

1836 4342 1880 4396 D

1918 376 2128 472 incolis
2156 388 2509 440 veneranter
2540 386 2906 457 perlustrari,
2938 376 3434 472 mysteriumque
3458 402 3617 458 divi—

1920 468 1981 523 ni
2006 468 2186 526 ofticii
2212 473 2556 530 solemniter
2583 479 2868 548 conspexi
2927 479 3230 536 celebrari
3262 504 3276 552 ;
3306 468 3607 562 quidquid

1917 572 2061 613 vero
2086 559 2162 613 ad
2199 560 2425 616 cultum
2446 578 2600 617 verae
2627 563 2767 618 ﬁdei
2789 565 2998 623 attinet
3025 559 3405 631 incessanter
3432 559 3602 632 esses

1918 645 2044 718 qui,
2078 647 2383 705 christiani
2414 651 2676 706 nominis
2706 652 2895 708 fidem
2928 661 3328 723 augmentari.
3360 668 3474 719 Nos
3505 668 3594 719 at-

1917 734 2166 791 terimus
2195 738 2422 811 rapinis
2447 744 2504 795 et
2530 739 2851 811 incendiis,
2878 743 3023 814 quin
3051 744 3234 801 etiam
3262 752 3586 821 repentinis

1918 825 2500 901 nocturnalibusque
2556 829 2799 885 casibus
2845 831 3093 897 mortis;
3152 838 3209 889 et
3234 835 3584 905 ignoramus

1918 912 2092 983 cujus
2120 913 2464 972 intentionis
2493 919 2805 991 proposito
2835 920 2950 975 hoc
2998 922 3192 976 scelus
3237 924 3582 983 detestabile

1917 1003 2225 1073 peragitur
2251 1005 2449 1062 nobis.
2479 1008 2608 1073 Quo
2638 1007 2800 1063 circa
2821 1025 3140 1081 precamur
3161 1011 3582 1080 obnixe,ﬂexis

1916 1092 2185 1164 corporis
2232 1093 2537 1167 animique
2585 1096 2938 1167 poplitibus,
2974 1101 3036 1151 ut
3064 1099 3234 1169 cujus
3262 1100 3343 1155 rei
3392 1118 3581 1159 causa

1914 1177 2030 1235 hoc
2058 1181 2421 1237 exsecrabile
2446 1183 2874 1240 detrimentum
2910 1186 3199 1241 Francicae
3231 1188 3420 1255 gentis
3445 1206 3578 1262 per-

1915 1268 2129 1337 agitur,
2166 1270 2344 1326 nobis
2390 1275 2444 1326 te
2476 1271 2555 1327 ob
2585 1273 2699 1328 hoc
2729 1273 3031 1342 aggressis
3066 1291 3341 1331 sermone
3371 1279 3577 1335 verita-

1913 1355 1986 1411 tis
2016 1357 2376 1414 enucleetur.
2414 1380 2443 1412 ›
2471 1363 2632 1415 Tunc
2663 1360 2784 1416 (lux
2818 1361 3145 1416 Richardus
3175 1380 3349 1419 verax
3372 1370 3573 1435 etjus-

1912 1448 2009 1499 tus
2044 1463 2056 1499 :
2092 1468 2118 1495 «
2151 1448 2522 1505 Memoresne
2578 1449 3027 1504 reminiscimini
3084 1456 3220 1507 ante
3274 1453 3572 1510 malorum

1912 1548 2186 1589 meorum
2208 1541 2584 1606 peractorum
2605 1541 2662 1592 et
2687 1539 3179 1593 retractatorum?
3196 1543 3399 1596 Nonne
3414 1542 3572 1597 frau-

1914 1621 2159 1679 dulento
2187 1624 2452 1680 Tetbolbi
2481 1626 2712 1681 comitis
2763 1626 3145 1694 suggestione
3176 1634 3427 1685 conatus
3484 1635 3573 1687 est

1912 1713 2111 1768 Brimo
2158 1714 2283 1769 dux
2340 1715 2738 1770 Lothariensis
2768 1731 2865 1770 me
2916 1713 3187 1787 decipere
3218 1717 3246 1770 ‘2
3286 1720 3568 1791 Nunquid

1910 1816 2031 1856 non
2063 1802 2287 1858 dolosis
2318 1802 2721 1876 falsidicisquc
2752 1803 3023 1873 ejusdem
3048 1804 3278 1860 comitis
3303 1808 3572 1877 ambagi-

1907 1888 2023 1944 bus
2054 1906 2155 1946 rex
2177 1891 2483 1947 Lotharius
2505 1892 2792 1963 deceptus
2814 1890 3057 1945 molitus
3079 1896 3165 1946 est
3184 1909 3280 1948 me
3301 1911 3571 1969 compre-

1907 1979 2168 2035 hendere
2195 1985 2298 2036 aut
2325 1980 2618 2049 occidere,
2658 1997 2842 2054 quem
2870 1983 3023 2036 Deus
3070 1980 3219 2036 eruit
3250 1998 3361 2039 sua
3400 1985 3570 2057 larga

1908 2067 2289 2124 miseratione
2320 2070 2347 2123 '?
2399 2073 2605 2125 Nonne
2649 2070 2809 2126 idem
2868 2086 3070 2125 comes
3119 2071 3393 2127 Lothario
3446 2076 3570 2143 regi

1910 2157 2235 2228 spopondit
2263 2158 2795 2214 Northmanuicam
2848 2157 3176 2229 regionem,
3207 2159 3254 2214 si
3292 2160 3374 2216 illi
3403 2161 3571 2219 daret

1910 2244 2438 2318 Ebroicam,quam
2468 2246 2652 2301 modo
2674 2251 2851 2317 tenet,
2871 2246 3169 2302 civitatem
3196 2247 3222 2302 ?
3255 2251 3565 2319 Caeterum,

1908 2348 2110 2389 nonne
2136 2334 2459 2390 devastans
2480 2339 2537 2389 et
2561 2335 2888 2391 incendens
2916 2334 3212 2391 lacessivit
3227 2353 3320 2393 me
3337 2338 3415 2395 ad
3435 2355 3570 2412 por-

1908 2423 2677 2490 tumltotomi,conglobata
2702 2424 2952 2480 immani
2982 2425 3382 2484 hostilitate?»
3406 2432 3566 2485 Tunc

1908 2512 2130 2584 praesul
2162 2529 2176 2567 :
2210 2535 2238 2562 «
2270 2517 2395 2569 Non
2421 2511 2471 2567 ei
2504 2511 2788 2569 talionem
2818 2513 3046 2569 debetis
3077 2514 3152 2569 de
3180 2515 3565 2588 blasphema-

1911 2601 2070 2657 tione
2098 2601 2257 2657 illius
2276 2601 2742 2675 provocationis.
2780 2603 2892 2660 Sed
2935 2603 3030 2659 ille
3060 2621 3262 2660 comes
3288 2606 3474 2677 jactat
3504 2625 3566 2663 se

1910 2706 2247 2763 repugnare
2278 2696 2335 2748 et
2374 2690 2650 2746 reluctari
2681 2698 2887 2749 contra
2918 2698 2969 2748 te
2996 2693 3074 2749 ob
3117 2699 3336 2751 statum
3367 2712 3565 2753 sacro-

1911 2783 2131 2835 sanctae
2166 2779 2457 2847 Ecclesiae,
2485 2779 2687 2852 reique
2713 2781 3422 2858 publichualicumque
3442 2802 3568 2842 mo-

1911 2867 1990 2923 do
2020 2883 2123 2922 rex
2146 2868 2374 2925 scelesti
2403 2867 2622 2937 negotii
2673 2886 2735 2925 se
2760 2870 3001 2939 habeat,
3036 2889 3350 2945 precamur
3376 2874 3567 2949 impe—

1911 2961 2064 3012 trare
2093 2957 2260 3028 pacis
2278 2958 2665 3026 incrementa,
2685 2964 2745 3015 ut
2763 2959 3004 3029 gloriari
3030 2962 3231 3018 valeas
3263 2980 3401 3021 cum
3417 2965 3570 3040 epis-

1911 3046 2079 3118 copis
2107 3052 2164 3102 et
2191 3064 2331 3118 rege
2390 3048 2685 3119 Lothario,
2745 3050 2976 3123 ipsique
3033 3058 3091 3108 et
3139 3054 3267 3127 ipse
3297 3056 3371 3111 de
3394 3061 3445 3112 te
3468 3055 3569 3113 tali

1911 3135 2063 3191 duce
2085 3139 2142 3190 et
2169 3141 2427 3208 patrono
2477 3137 2989 3197 christianissimo.
3027 3164 3053 3191 ››
3083 3142 3411 3201 Richardus
3465 3162 3569 3202 au-

1911 3228 2033 3280 tem
2056 3226 2632 3297 prmpotentissimus
2689 3244 3125 3297 recognoscens
3162 3233 3395 3289 nullum
3447 3239 3566 3291 tam

1913 3317 2033 3370 Deo
2059 3315 2423 3387 acceptabile
2453 3315 2868 3374 holocaustum
2905 3324 2961 3374 et
2986 3321 3344 3379 sacrificium
3382 3340 3567 3397 quam

1892 3403 2078 3476 ,pacis
2109 3404 2563 3471 incrementum,
2618 3406 2992 3480 diligensque
3022 3414 3087 3465 ut
3109 3411 3326 3482 vivere,
3359 3414 3567 3487 pacifi-

1884 3528 1889 3531 -
1915 3510 2049 3549 care
2082 3494 2430 3551 Francicum
2446 3496 3050 3555 etNorthmannicum
3066 3516 3341 3572 regnum,
3360 3521 3568 3561 verum

1913 3582 2126 3637 nolens
2157 3582 2569 3640 demonstrare
2598 3591 2841 3658 propter
2870 3587 3220 3646 Tetboldum
3243 3593 3456 3671 menﬁs
3485 3593 3569 3649 af-

1914 3671 2155 3738 fectum,
2179 3671 2326 3727 dixit
2352 3672 2592 3745 praesuli
2619 3673 2982 3731 internuntio
3025 3679 3518 3754 coepiscoporum
3552 3700 3565 3737 :

1918 3760 1975 3816 Si
1998 3761 2276 3832 paganis,
2299 3760 2419 3816 huc
2443 3766 2687 3834 propter
2724 3780 2821 3819 me
2866 3766 3182 3833 aggressis,
3216 3770 3407 3840 passis
3442 3770 3568 3827 feli-

1915 3849 2149 3904 citatem
2180 3849 2497 3921 impetrare
2526 3850 2775 3922 quivero
2806 3852 3039 3923 ignoro,
3066 3854 3248 3925 hujus
3272 3858 3353 3912 rei
3385 3875 3569 3915 causa

1914 3942 2134 3993 nutans
2161 3937 2370 3993 titubo.
2395 3940 2770 4010 Quapropter
2799 3941 3121 4012 assumptis
3143 3947 3337 4000 tecum
3361 3945 3569 4018 aliqui-

1912 4027 2029 4084 bus
2056 4027 2467 4100 coepiscorum
2496 4031 2553 4082 et
2581 4027 3004 4098 palatinorum,
3037 4033 3283 4100 aggredi
3304 4049 3401 4089 me
3428 4051 3568 4090 cum

1914 4117 2003 4172 sol
2024 4115 2375 4173 mediaverit
2419 4131 2689 4171 mensem
2717 4117 2952 4185 Maium,
3000 4119 3357 4194 interimque
3385 4140 3567 4180 cona-

1913 4207 2026 4263 bor
2052 4220 2431 4277 compescere
2474 4204 2789 4261 blandiens
2820 4209 3261 4266 contumaciam
3308 4212 3569 4270 ferocem

1914 4295 2323 4365 arrogantium
2354 4310 2756 4367 paganorum.
2776 4316 2806 4349 ›
2866 4300 2945 4353 Eo
2972 4303 3175 4356 autem
3200 4303 3347 4375 quid
3402 4303 3570 4359 audi-

1912 4386 1996 4442 vit
2043 4401 2079 4441 a
2109 4383 2401 4440 Richardo
2452 4400 2676 4455 magno
2726 4386 2899 4455 duce,
2951 4388 3077 4457 regi
3115 4394 3171 4445 et
3200 4393 3569 4466 coepiscopis

1911 4475 2310 4543 renuntiante,
2338 4473 2537 4530 statim
2562 4475 2981 4533 animadvertit
3007 4481 3415 4553 comperitque
3442 4482 3568 4539 sine

1915 4582 2024 4621 suo
2054 4563 2301 4621 consilio
2358 4564 2677 4620 Tetboldus
2736 4582 2937 4621 comes
2966 4582 3180 4639 pacem
3216 4569 3567 4641 requisitam

1914 4671 2065 4711 esse.
2119 4652 2425 4726 Extemplo
2482 4654 2646 4710 misit
2699 4654 3027 4727 quemdam
3082 4659 3449 4713 monachum
3488 4660 3567 4715 ad

1914 4744 2132 4801 ducem
2182 4758 2475 4811 magnum
2520 4743 2898 4809 Richardum,
2955 4744 3386 4817 subsequentia
3435 4762 3566 4802 ver-

1914 4833 1995 4889 ba
2043 4832 2341 4889 dicturum
2376 4851 2388 4887 :
2425 4854 2452 4882 ‹‹
2484 4832 2697 4887 Comes
2726 4831 3045 4887 Tetboldus
3096 4832 3199 4888 tibi
3246 4833 3453 4890 fideles
3485 4834 3569 4891 fa-

1915 4922 2196 4978 mulatus.
2241 4920 2657 4986 Quorumdam
2703 4921 2919 4976 etenim
2979 4924 3338 4978 Francorum
3377 4939 3566 4995 pravo

1915 5010 2166 5067 consilio
2208 5009 2548 5081 deceptum,
2583 5009 2889 5079 jurgatum
2947 5026 3075 5066 esse
3121 5015 3329 5067 contra
3358 5016 3411 5068 te
3441 5012 3566 5069 sine

1913 5117 1977 5158 re
2004 5104 2059 5157 et
2077 5099 2334 5155 rixatum
2366 5097 2612 5170 poenitet
2640 5113 2701 5152 se
2730 5102 2787 5153 et
2830 5098 3035 5159 fecisse
3061 5100 3227 5172 quod
3274 5101 3408 5158 fecit
3435 5120 3565 5159 ma-

1915 5191 2062 5258 lum,
2086 5190 2143 5243 et
2170 5185 2480 5258 profitetur
2518 5201 2579 5241 se
2608 5185 2945 5258 quidquam
2975 5187 3116 5243 mali
3165 5189 3423 5262 amplius
3444 5206 3566 5247 non

1914 5279 2235 5335 facturum.
2268 5273 2490 5343 Ambit,
2545 5273 2595 5329 si
2647 5273 2806 5343 libet,
2854 5274 2955 5331 tibi
3009 5278 3290 5334 secretius
3341 5283 3406 5335 ut
3444 5296 3565 5336 ser-

1913 5383 2024 5424 vus
2050 5362 2301 5421 Domino
2332 5361 2462 5433 fari,
2504 5362 2826 5435 reddatque
2878 5364 2980 5421 tibi
3033 5366 3332 5437 Ebroicas,
3381 5385 3567 5440 quam

1914 5473 2016 5513 rex
2042 5454 2149 5510 tibi
2174 5452 2435 5518 abstulit,
2459 5452 2538 5507 ob
2565 5452 2816 5521 gratiam
2841 5457 3065 5512 amoris
3094 5456 3196 5513 tui.
3243 5460 3417 5513 Terra
3441 5474 3565 5514 suae

1914 5540 2154 5596 ditionis
2212 5540 2482 5612 subjecta
2547 5541 2871 5614 tyrannicae
2923 5543 3244 5612 hostilitati,
3293 5544 3565 5618 depopu—

1912 5629 2071 5687 latur
2108 5629 2358 5702 'rapinis
2404 5635 2462 5688 et
2514 5631 2867 5703 incendinis,
2925 5649 3035 5690 nec
3085 5633 3243 5691 valet
3292 5634 3566 5692 resistere
