3994 6166
439 123 548 177 739

1412 113 1721 170 DUDONIS
1759 111 2022 167 DECANI
2061 111 2119 167 8.
2158 111 2468 175 QUINTINI
2504 112 2889 172 VIBOMAND.

3767 115 3888 168 74νὺ

443 242 686 298 saevitia)
737 244 914 295 tantae
968 237 1384 308 multitudinis,
1443 253 1640 310 neque
1697 237 1934 310 placare
1959 251 2097 291 eam
2131 238 2178 294 Α
2217 235 2382 292 omni
2413 235 2757 307 supellectili
2782 241 2848 292 ut
2864 237 3106 308 jussum
3136 240 3262 292 erat
3285 235 3687 306 egredientes,
3717 236 3894 293 mise-

444 334 726 402 congesto
757 329 944 400 pretio
974 329 1152 384 totius
1180 328 1368 397 regni,
1401 327 1512 382 nisi
1537 344 1645 400 per
1686 333 1739 391 te
1781 326 1888 398 qui
1914 326 2101 397 impe-

443 427 601 478 rator
630 435 693 474 es
720 419 900 489 hujus
927 418 1028 474 rei.
1071 422 1348 474 Precatus
1410 417 1579 472 flexis
1610 416 1864 485 genibus
1895 431 2103 487 corpo-

440 510 520 565 ris
545 514 606 564 et
634 507 842 576 animi,
875 513 942 562 ut
969 506 1284 575 indulgeas
1315 511 1710 560 sacrosanctae
1754 503 2020 559 Ecclesia:
2049 507 2106 558 et

440 598 722 655 desolatas
751 596 932 670 plebi,
957 602 1015 652 et
1044 595 1271 651 habeas
1295 611 1356 650 se
1383 594 1621 650 ﬁdelem
1648 593 1944 649 famulum
1973 591 2102 661 tibi,

439 701 831 761 compescens
853 685 1168 758 pestiferos
1225 683 1502 739 incursus
1551 682 1861 752 Dacigenae
1903 681 2106 736 feroci-

438 778 593 832 tatis.
629 797 658 825 κ
692 775 1020 830 Richardus
1047 790 1184 829 vero
1212 774 1335 828 dux
1383 773 1478 826 his
1513 771 1751 836 auditis,
1809 770 1984 825 tacito
2015 769 2103 824 af-

436 864 594 921 fectu
639 864 852 919 mentis
907 867 1024 918 Deo
1079 867 1274 931 grates
1327 861 1466 931 egit,
1521 859 1823 915 monacho
1856 873 2103 930 quoque

441 953 753 1010 subintulit
783 970 796 1006 :
831 974 859 1002 «
895 953 953 1008 Si
998 969 1134 1024 quae
1186 951 1445 1022 loqueris
1502 963 1718 1004 verane
1772 964 1903 1004 esse
1964 964 2103 1019 pos-

439 1045 632 1099 sunt?
661 1066 687 1092 ››
736 1041 1104 1114 Respondit:
1165 1062 1192 1088 ‹‹
1222 1042 1388 1107 Vera,
1448 1043 1504 1093 et
1559 1054 1682 1094 non
1721 1038 1893 1107 gestit
1939 1037 2104 1092 aliud

437 1129 794 1188 beneficium
827 1129 1174 1202 promereri,
1200 1127 1458 1182 reddens
1489 1126 1982 1182 Ebroicacensem
2009 1139 2103 1180 ur-

435 1221 578 1276 bem
608 1219 732 1288 tibi,
757 1219 871 1273 nisi
901 1233 1291 1290 perseverans
1310 1217 1688 1290 propositum
1721 1222 1835 1271 tute
1856 1216 2100 1272 internae

435 1308 768 1365 dilectionis
801 1325 813 1374 ;
843 1313 907 1362 ut
937 1325 1056 1380 pax
1085 1313 1142 1363 et
1169 1307 1492 1363 concordia
1542 1305 1970 1361 indissolubilis
2001 1305 2102 1359 fm-

433 1397 592 1452 deris
661 1402 904 1451 maneat
960 1396 1275 1451 vobiscum
1322 1395 1553 1450 cunctis
1611 1393 1826 1448 diebus
1880 1393 2100 1464 quibus

437 1485 716 1542 vixeritis.
769 1485 1093 1558 Venietque
1151 1489 1332 1540 noctu
1381 1500 1519 1538 cum
1569 1483 1896 1538 secretariis
1952 1482 2095 1548 suis,

429 1574 682 1647 quando
734 1574 840 1629 tibi
892 1573 1197 1646 placuerit,
1254 1589 1435 1628 causa
1487 1572 1668 1640 hujus
1727 1571 1970 1641 negotii,
2020 1570 2098 1626 ad
2128 1589 2172 1641 Β

432 1663 660 1719 mania
711 1662 1210 1732 Rothomagensis
1261 1661 1446 1728 urbis,
1505 1661 1850 1732 firmaturus
1899 1675 2098 1715 sacra-

431 1756 636 1807 mento
665 1767 818 1806 verte
849 1749 988 1805 ﬁdei
1007 1767 1143 1823 quae
1172 1750 1276 1805 tibi
1295 1748 1587 1819 suggessi.
1617 1772 1643 1796 ››
1671 1752 1831 1803 Tunc
1860 1748 2098 1803 Richar-

431 1842 546 1898 dus
580 1857 592 1894 :
626 1864 641 1889 ι
675 1840 774 1895 Dei
801 1840 918 1894 ﬁde
944 1856 1068 1911 qua
1097 1839 1352 1894 vivimus
1399 1843 1456 1893 et
1479 1842 1849 1906 vegetamur,
1877 1837 2098 1893 tenaci-

429 1947 549 2004 que
574 1929 760 1985 nostri
782 1929 1001 1984 tenoris
1034 1929 1414 1984 ﬁrmamento
1471 1928 1890 1983 collaudamus
1913 1933 1978 1984 ut
2006 1943 2100 1983 ve-

433 2020 557 2075 niat
579 2019 658 2074 ad
690 2034 820 2083 nos,
859 2018 905 2072 si
936 2018 1170 2072 libitum
1223 2019 1414 2084 fuerit,
1449 2017 1540 2073 bis
1571 2017 1757 2072 tribus
1787 2016 2098 2072 transactis

431 2108 667 2174 diebus,
699 2112 756 2162 et
780 2112 1210 2162 connectamus
1241 2107 1466 2162 foedera
1497 2106 1662 2161 nullo
1701 2122 1848 2161 casu
1881 2104 2100 2162 solubi-

432 2198 510 2253 lia
544 2216 556 2264 ;
589 2197 696 2252 sed
721 2196 1023 2268 perpetuis
1055 2201 1109 2250 et
1134 2195 1646 2251 inextricabilibus
1695 2195 1931 2265 legibus
1959 2210 2097 2250 con-

435 2286 752 2342 servanda.
784 2307 812 2334 »
842 2285 1166 2342 Monachus
1194 2301 1460 2356 namque
1518 2301 1652 2357 quae
1702 2284 1929 2339 audivit
1979 2287 2099 2339 Tet-

433 2375 616 2431 boldo
646 2374 846 2431 comiti
898 2375 1277 2430 renuntiavit.
1312 2375 1440 2447 Ipse
1481 2379 1680 2429 autem
1727 2373 1894 2428 laetus
1925 2378 1984 2428 et
2012 2374 2097 2428 hi-

432 2465 572 2520 laris
634 2480 814 2535 super
864 2463 1279 2534 hujuscemodi
1337 2462 1707 2529 renuntiatis,
1754 2462 1966 2517 diebus
2012 2466 2097 2516 ter

431 2553 674 2608 duobus
727 2552 1108 2620 transanctis,
1161 2552 1320 2607 venit
1373 2555 1693 2606 Rotomum
1741 2556 1922 2606 noctu
1957 2568 2097 2607 cum

437 2641 564 2696 suis
596 2641 944 2697 secretariis.
999 2644 1247 2712 Uterque
1277 2641 1494 2696 horum
1524 2645 1589 2695 ut
1626 2641 1876 2696 alterum
1926 2656 2097 2696 cons-

433 2731 614 2802 pexit,
644 2731 858 2785 obvius
909 2729 1169 2801 quisque
1235 2729 1510 2798 cucurrit,
1562 2729 2096 2801 amplexantesque

437 2834 499 2872 se
527 2819 785 2872 invicem
813 2817 1020 2872 oscula
1050 2817 1330 2880 libarunt,
1357 2834 1707 2888 sessumque
1740 2818 2093 2889 petiverunt.

435 2909 596 2966 Tunc
621 2907 782 2978 prior
806 2906 1132 2998 :Fetboldus
1163 2925 1174 2960 :
1211 2930 1234 2955 ‹‹
1267 2907 1349 2998 sd
1380 2909 1556 2998 tuam
1573 2906 1938 2998 ineffabilem
1978 2907 2096 2998 pie:
2127 2944 2166 2998 Ο

434 2997 614 3049 tatem
647 2994 899 3067 supplex
929 2995 1125 3062 venio,
1179 2995 1322 3066 quia
1351 2999 1454 3050 tua
1479 2995 1856 3050 miseratione
1908 2999 1967 3050 et
1999 2993 2096 3050 Dei

434 3082 850 3156 propitiatioue
884 3083 1156 3138 omnium
1184 3083 1444 3152 indigeo.
1482 3084 1745 3138 Ustulata
1791 3088 1930 3138 sunt
1969 3083 2096 3137 ubi-

432 3189 692 3245 cumque
722 3179 1016 3228 terrarum
1037 3190 1170 3245 quae
1196 3173 1496 3245 possideo,
1520 3173 1892 3244 habeturque
1918 3172 2091 3228 tellus

435 3264 554 3318 mei
574 3264 725 3334 juris
752 3262 930 3317 veluti
959 3261 1243 3334 quaedam
1275 3262 1551 3317 solitudo.
1585 3263 1806 3317 Idcirco
1835 3279 1968 3334 quae
1988 3261 2094 3316 tibi

431 3353 729 3421 suggessit
756 3351 1092 3406 monachus
1123 3351 1365 3422 exsequi
1385 3350 1635 3406 libenter
1665 3368 1797 3404 sum
1820 3357 2089 3422 paratus.

433 3441 854 3510 Praejudicium
887 3455 1066 3494 omne
1097 3439 1213 3493 mei
1245 3439 1474 3494 consilii
1519 3446 1574 3494 et
1598 3439 1735 3494 facti
1767 3439 1870 3493 tibi
1896 3456 2094 3495 emen-

431 3529 594 3583 dabo
629 3547 641 3594 ;
676 3528 980 3598 hujusque
1012 3527 1092 3582 rei
1126 3527 1314 3596 gratia
1342 3528 1520 3598 quasi
1550 3544 1658 3600 pro
1677 3528 1966 3582 beneﬁcio
1987 3529 2093 3585 tibi

432 3618 696 3673 serviens
727 3615 1034 3682 militabo;
1081 3616 1505 3672 Ebroicacense
1558 3622 1820 3674 castrum
1861 3617 1964 3672 tibi
1994 3635 2093 3674 vo-

430 3707 687 3762 luntarie
713 3705 921 3769 reddo,
965 3706 1323 3778 veniamque
1379 3712 1437 3762 et
1486 3706 1920 3777 indulgentiam
1975 3713 2089 3764 tum

429 3794 831 3852 miserationis
859 3795 1186 3867 promereri
1209 3795 1457 3867 supplex
1490 3797 1916 3868 postulo,quod
1946 3813 2089 3852 con-

427 3889 598 3940 trate
644 3883 786 3938 illud
844 3883 1025 3938 tenui.
1063 3903 1090 3932 ››
1148 3884 1338 3953 Hujus
1390 3883 1738 3939 humilitatis
1773 3884 2089 3940 devotione

429 3972 760 4028 Richardus
789 3971 912 4026 dux
942 3986 1202 4040 magnus
1255 3971 1712 4027 misericorditer
1736 3977 1933 4028 mente
1993 3989 2089 4028 su-

429 4061 659 4123 bactus,
716 4060 1025 4132 respondit
1080 4059 1364 4116 Tetboldo
1417 4061 1617 4117 comiti
1689 4061 2082 4117 humilimus:

428 4170 456 4198 ι(
492 4149 626 4204 Sine
650 4149 862 4204 obside
888 4153 945 4204 et
975 4154 1350 4205 sacramento
1405 4150 1546 4204 ﬁdei
1594 4166 1744 4205 meae
1773 4150 1890 4204 huc
1940 4150 2087 4206 nihil

428 4236 689 4292 titubans
719 4237 1039 4307 accessisti,
1063 4255 1464 4311 quaecumque
1496 4239 1752 4311 requiris
1807 4238 2086 4311 impetra-

424 4325 541 4380 bis.
604 4325 912 4382 Continuae
951 4327 1117 4398 pacis
1175 4327 1513 4383 felicitatem
1570 4327 1842 4392 habebis,
1904 4343 2086 4384 nemo

424 4431 699 4471 meorum
731 4414 836 4470 tibi
865 4419 921 4471 et
939 4416 1054 4471 tuis
1083 4417 1238 4472 ultra
1285 4417 1538 4487 injurius
1564 4423 1620 4473 et
1669 4433 1900 4473 nocuus
1956 4418 2081 4474 erit.

425 4506 547 4574 Ego
600 4521 742 4560 vero
773 4503 993 4560 abhinc
1046 4509 1202 4571 tuus,
1252 4505 1402 4560 sicut
1434 4510 1494 4560 tu
1520 4523 1711 4571 meus,
1753 4511 2084 4578 mutuoque

423 4594 764 4649 communis
791 4595 994 4650 auxilii
1024 4595 1380 4665 interventu,
1421 4595 1774 4651 fiducialiter
1797 4596 2082 4667 vicissim,

423 4683 707 4739 solemur.
742 4685 860 4739 Fiat
906 4701 1023 4755 pax
1055 4684 1360 4755 opulenta,
1419 4685 1656 4755 requies
1680 4685 1968 4755 jocunda,
1997 4703 2085 4742 se-

419 4774 642 4829 renitas
669 4773 1012 4845 tranquilla,
1043 4772 1368 4828 concordia
1411 4773 1563 4829 inter
1588 4790 1700 4829 nos
1747 4775 1974 4831 stabilis
2028 4781 2085 4832 et

420 4863 704 4935 perfecta,
739 4878 844 4934 per
868 4861 1106 4917 decreta
1136 4862 1584 4919 inextricabilia.
1616 4883 1645 4915 n
1677 4864 1878 4920 Allatis
1907 4864 2084 4933 igitur

419 4957 766 5007 sanctorum
823 4951 1178 5024 pignoribus
1252 4952 1522 5007 hederati
1580 4957 1735 5009 sunt.
1808 4953 2084 5010 Similiter

421 5041 730 5112 utriusque
761 5042 996 5098 comitis
1018 5041 1335 5096 consiliarii
1362 5043 1489 5097 haec
1519 5044 1729 5098 eadem
1759 5059 1912 5099 verae
1940 5043 2081 5099 fidei

421 5135 798 5185 sacramento
824 5131 1284 5186 auctorizarunt.
1339 5133 1500 5186 Tunc
1532 5132 1866 5188 Richardus
1921 5148 2079 5188 mar-

421 5215 556 5270 chio
576 5215 969 5287 largissimus,
1002 5220 1354 5275 muneribus
1385 5226 1441 5275 et
1467 5220 1643 5276 donis
1669 5221 2078 5294 prtemaximis

419 5320 559 5360 eum
584 5305 892 5363 afﬂuenter
924 5309 1258 5364 honoravit.
1295 5314 1420 5382 ipse
1453 5317 1651 5366 autem
1679 5316 1881 5384 optato
1907 5327 2078 5365 oscu-

419 5392 476 5448 lo
497 5399 555 5450 et
580 5396 860 5468 amplexu
891 5397 1230 5453 desiderato
1261 5399 1462 5453 fruens
1508 5400 1793 5462 discessit,
1834 5399 2076 5454 eadem-

417 5499 535 5556 que
566 5490 739 5541 nocte
770 5487 1049 5540 secretius
1097 5493 1421 5543 Car-notum
1465 5489 1712 5562 repetiit.
1751 5493 1880 5560 Ipso
1910 5503 2078 5542 nam-

413 5587 536 5644 que
571 5574 670 5631 die
722 5573 1083 5632 Tetboldidae
1138 5577 1219 5632 ab
1273 5576 1422 5634 urbe
1474 5576 1886 5636 Ebroicacensi
1937 5593 2078 5634 cum

2214 329 2352 380 runt
2373 326 2451 381 ad
2476 326 2693 382 ducem
2743 326 3107 382 Richardum
3141 331 3204 384 ut
3231 342 3367 384 eam
3407 327 3729 398 reciperet.
3766 331 3890 398 Ipse

2215 420 2415 470 autem
2464 432 2599 472 eam
2647 417 2939 489 recipiens
2987 416 3396 472 abundantius
3423 416 3727 472 militibus
3750 432 3892 488 prae-

2211 504 2485 572 munivit,
2547 505 2943 578 omniumque
2989 506 3290 562 bonorum
3338 505 3662 563 afﬂuentia
3708 506 3888 562 hone-

2213 597 2377 649 stans
2408 594 2768 652 fecundavit.

2840 699 3225 740 APOSTROPHA.

3381 773 3613 845 [stylus
3646 778 3824 829 ornet

2212 859 2484 916 Rusticus
2519 860 2719 919 inscite
2747 862 2881 932 [pro
2926 861 3190 931 inscitiae]
3243 878 3637 934 quamquam
3668 866 3882 918 nostra?

2213 948 2437 1004 Diversi
2463 949 2640 1004 variis
2670 949 2904 1018 generis
2939 949 3140 1006 metris
3169 966 3321 1022 opus
3351 949 3536 1017 istud,

3652 1041 3820 1113 tque.

2211 1129 2594 1184 Praei/acuum
2625 1127 2822 1194 nimis,
2854 1128 3291 1201 indignumque
3311 1128 3466 1201 opis,
3498 1129 3656 1185 artis
3685 1131 3885 1202 inops-

2209 1216 2622 1290 Rlietoricique
2654 1217 2769 1272 favi
2801 1218 3120 1274 redolentis
3151 1219 3368 1276 nectari
3401 1234 3644 1288 exsors,

2211 1306 2458 1362 Heroico
2490 1307 2688 1379 potius
2717 1312 2908 1363 metro
2936 1307 3157 1380 pollere
3180 1307 3420 1363 deceret
3445 1326 3459 1374 ;

2211 1399 2328 1451 Hoc
2356 1396 2680 1466 lugubrata
2703 1397 2908 1466 vigent
2929 1397 3074 1468 quia
3103 1397 3274 1454 fortia
3292 1397 3451 1453 facta
3482 1397 3783 1454 virorum.

2209 1487 2310 1542 Hic
2337 1501 2479 1542 nam
2510 1486 2602 1542 vir
2619 1485 2807 1555 fortis,
2837 1491 3143 1554 constans,
3170 1485 3454 1544 robustus
3482 1485 3545 1542 in
3573 1486 3791 1542 armis.

3549 1573 3811 1643 [destas

2208 1661 2514 1728 Pacificus,
2568 1661 2788 1731 bonus,
2835 1667 3015 1735 atque
3063 1663 3311 1735 probus,
3357 1663 3517 1735 pius,
3566 1663 3702 1735 ipse
3762 1679 3886 1720 mo.

2209 1751 2574 1820 Magniﬁcus,
2607 1751 2877 1823 meritus,
2905 1752 3243 1823 praecelsus,
3270 1751 3515 1821 nobilis,
3548 1751 3777 1808 almus.

2211 1840 2491 1911 lnelytus,
2524 1841 2817 1910 egregius,
2856 1841 3164 1908 mirabilis,
3197 1845 3378 1913 atque
3405 1841 3687 1898 decorus.

2207 1929 2520 1998 Maximus,
2567 1929 2843 2000 eximius,
2895 1929 3258 2002 prwcellens,
3292 1930 3882 2001 magnanimusque.

2207 2017 2566 2089 Praecipuus,
2591 2019 2813 2088 justus,
2846 2023 3107 2083 sanctus,
3139 2018 3530 2090 humilisque,
3562 2024 3882 2074 venustus.

2207 2106 2522 2178 PrOpitius,
2552 2106 2726 2169 lenis.
2757 2111 3130 2174 mansuetus,
3163 2106 3341 2174 mitis,
3373 2106 3658 2162 acerbus.

2207 2195 2615 2266 bongaminis,
2647 2195 2914 2263 celebris,
2950 2195 3253 2265 solemnis,
3288 2194 3592 2263 amabilis,
3624 2199 3813 2268 atque

3641 2285 3808 2355 tque.

2207 2372 2499 2440 Clemens,
2532 2373 2871 2444 indulgens,
2917 2373 3229 2441 miserans,
3252 2372 3550 2431 scelerum
3591 2373 3880 2445 puniens-

2207 2463 2526 2532 Protector,
2555 2479 2791 2530 censor,
2826 2467 3000 2524 tutor,
3034 2463 3276 2532 largitor
3303 2462 3638 2517 honorum.

2205 2552 2471 2608 Prudens
2493 2557 2550 2608 et
2586 2552 2848 2624 sapiens,
2881 2552 3188 2620 industris,
3222 2567 3468 2621 gnarus,
3513 2551 3810 2606 enormis.

2207 2640 2593 2709 Linguarum,
2623 2641 3122 2713 diversarumque
3153 2640 3344 2695 sciens
3368 2641 3720 2708 regionum.

2205 2732 2492 2795 Attentus,
2525 2728 2755 2798 docilis,
2777 2728 3052 2799 cupidus,
3087 2728 3411 2800 sitiensque
3434 2727 3774 2784 bonorum.

2206 2816 2496 2881 liriﬁcus,
2523 2817 2770 2883 stabilis,
2805 2817 3027 2880 suavis,
3051 2816 3348 2889 fidusque,
3381 2816 3607 2872 ﬁdelis.

2205 2905 2604 2976 Tranquillus,
2633 2905 2927 2976 placidus,
2949 2905 3142 2974 laetus,
3159 2921 3299 2960 sme
3326 2905 3512 2975 nube,
3545 2921 3820 2960 serenus.

2204 2995 2533 3059 Jocundus,
2562 2995 2773 3064 dulcis,
2805 2994 3205 3067 blandusque,
3239 2993 3498 3050 affabilis
3539 2995 3729 3050 omni.

2204 3087 2470 3149 Facetus,
2502 3083 2659 3146 felix,
2690 3083 2956 3153 frugalis,
2979 3083 3418 3154 juridicusque.

2206 3177 2541 3239 Formosus,
2574 3173 2761 3240 dives,
2789 3173 3079 3244 locuples.
3110 3178 3169 3228 et
3195 3171 3593 3229 muniﬁcator.

2204 3263 2382 3318 Dulce
2404 3267 2584 3334 caput
2613 3262 2840 3334 populi,
2879 3278 3016 3334 spes
3043 3266 3101 3317 et
3128 3261 3350 3317 ﬁducia
3379 3261 3566 3334 plebi.

2201 3355 2504 3417 Procerus,
2545 3352 2934 3424 pulcherque,
2963 3351 3226 3422 elegans,
3286 3351 3482 3406 forma
3535 3349 3866 3423 speciosus.

2201 3444 2306 3496 Pes
2335 3441 2575 3511 claudo,
2607 3446 2663 3496 et
2690 3440 2901 3495 oculus
2927 3457 3108 3507 caeco,
3141 3439 3522 3512 baculusque
3547 3439 3798 3495 labanti.

2203 3530 2376 3586 Omni
2402 3528 2704 3584 sufﬁciens
2737 3534 2914 3600 potus
2941 3528 3104 3598 large
3137 3528 3375 3584 sitienti.

2202 3621 2361 3674 Escae.
2393 3617 2698 3690 praelargaa.
2729 3623 2786 3672 et
2813 3617 2994 3672 variae
3017 3617 3188 3672 cibus
3215 3616 3524 3672 esurienti.

2199 3707 2502 3780 Pauperis,
2532 3706 2774 3773 exsulis,
2798 3712 2858 3762 at
2877 3706 3074 3778 inopis
3096 3709 3405 3779 susceptor
3429 3707 3727 3763 enormis.

2198 3800 2496 3854 Protector
2523 3797 2736 3866 vidum,
2766 3797 2987 3867 conjux
3009 3796 3168 3852 velut
3198 3801 3374 3868 atque
3407 3797 3690 3853 maritus.

2202 3886 2432 3944 Solator
2450 3901 2802 3957 regumque,
2818 3885 3856 3958 ducum,procerum,comitumque.

2199 3977 2350 4030 Dum
2371 3974 2602 4030 mundo
2631 3974 2819 4043 viguit
2842 3992 2855 4041 ;
2892 3974 2977 4031 sic
2997 3973 3280 4030 omnibus
3300 3973 3513 4030 omnia
3543 3974 3761 4042 factus,

2195 4065 2401 4121 Olfecit
2429 4064 2624 4130 nullis,
2651 4063 2894 4120 certavit
2922 4063 3160 4135 profore
3187 4063 3435 4120 cunctis.

2269 4153 2370 4209 His
2395 4153 2476 4209 ita
2508 4157 2728 4209 secrete
2761 4157 3055 4224 cauteque
3085 4151 3352 4224 expletis,
3405 4150 3685 4208 marchio
3719 4151 3865 4207 dux-

2193 4259 2312 4314 que
2367 4243 2615 4299 celebris
2667 4258 2911 4298 scenam
2973 4240 3300 4298 Richardus
3347 4241 3510 4298 mire
3575 4241 3867 4311 amplitu-

2193 4331 2349 4386 dinis
2409 4337 2587 4404 atque
2657 4329 3049 4402 longitudinis
3109 4345 3291 4402 super
3349 4329 3547 4400 ripam
3628 4328 3864 4386 Givoldi

2193 4419 2367 4476 fossae
2416 4419 2597 4490 jussit
2637 4419 2783 4486 ﬁeri,
2838 4419 2900 4475 in
2947 4418 3206 4475 adventu
3261 4416 3674 4489 palatinorum
3715 4432 3864 4490 pon-

2195 4509 2542 4582 tiﬁcumque
2604 4508 2900 4565 Francicte
2950 4507 3160 4577 gentis.
3223 4505 3633 4562 Determinato
3685 4506 3866 4576 igitur

2193 4603 2460 4670 tempore
2485 4597 2676 4653 iduati
2726 4597 2890 4667 maii,
2945 4595 3332 4658 inflammatis
3363 4594 3594 4651 scilicet
3646 4595 3730 4651 ab
3759 4611 3866 4649 ies-

2191 4692 2396 4744 tuante
2426 4687 2548 4742 sole
2579 4686 2859 4756 Geminis,
2910 4689 3200 4743 venerunt
3230 4685 3422 4755 gratia
3458 4683 3864 4757 impetranda:

2192 4776 2358 4848 pacis
2389 4775 2469 4832 ad
2498 4775 2861 4832 Richardum
2887 4773 3105 4830 ducem
3158 4789 3455 4844 magnum
3508 4772 3654 4830 illuc
3690 4772 3865 4846 pala-

2192 4865 2294 4920 tini
2325 4881 2465 4920 cum
2487 4864 2808 4936 episcopis,
2841 4879 3063 4935 eosque
3093 4862 3369 4918 decenter
3413 4866 3470 4916 et
3500 4866 3867 4918 veneranter

2189 4953 2392 5026 recipi,
2425 4952 2738 5024 scenisque
2774 4952 2948 5022 juxta
2999 4949 3335 5010 mirabilem
3387 4965 3640 5006 scenam
3667 4949 3864 5017 factis,

2185 5043 2359 5113 jussit
2422 5041 2730 5113 hospitari.
2796 5040 3064 5098 Crastina
3131 5054 3395 5111 namque
3461 5039 3560 5095 die
3625 5039 3860 5094 venien-

2187 5136 2274 5186 tes
2305 5135 2440 5186 ante
2483 5129 2701 5186 ducem
2731 5127 3112 5195 Richardum,
3154 5126 3482 5183 intulerunt
3503 5126 3560 5182 ei
3589 5142 3665 5182 ex
3689 5132 3866 5199 parte

2187 5220 2552 5274 Francorum
2605 5216 2812 5272 munia
2856 5215 3122 5271 ﬁdelium
3149 5213 3558 5270 famulatuum
3611 5219 3674 5271 et
3723 5230 3866 5272 ora-

2186 5307 2438 5372 tionum,
2485 5312 2541 5363 et
2591 5306 2873 5362 dixerunt
2917 5323 2931 5361 :
2986 5328 3014 5356 «
3071 5307 3196 5360 Dux
3258 5303 3547 5362 inauditae
3599 5308 3865 5376 potestao

2186 5396 2277 5461 tis,
2327 5395 2814 5466 sufﬁcientiaeque
2893 5399 2948 5450 et
2998 5392 3245 5458 virtutis,
3298 5393 3627 5464 optimates
3683 5393 3867 5448 totius

2185 5485 2443 5541 Franciae
2470 5486 2636 5552 regni
2677 5489 2998 5555 precantur
3041 5482 3403 5538 unanimiter
3441 5481 3621 5537 ﬂexis
3671 5482 3866 5537 humo

2179 5580 2356 5633 lenus
2391 5573 2647 5645 genibus
2693 5572 2911 5641 cordis,
2955 5575 3021 5627 ut
3055 5570 3416 5642 indulgeatis
3447 5576 3866 5632 same
