3994 6166
221 170 316 226 τις
725 162 813 220 DE
853 158 1092 222 GESTIS
1130 166 1568 225 ΝΟΜΑΝΜΕ
1607 172 1852 229 nucum
1887 156 2073 229 LIBRI
2108 176 2304 235 rans.
2329 209 2398 219 —
2429 174 2559 239 Lis.
2604 180 2692 240 ιιι.
2736 173 3166 248 RICHARDUS.

3572 204 3672 269 742

198 293 459 393 ecclesia
502 294 583 405 et“
601 274 905 345 annulatte
951 288 1293 405 genti.'Rex
1330 296 1557 391 autem,
1593 309 1873 405 ‘nosque,
1913 298 1962 351 Α
1989 297 2390 400 sufﬁcienter;
2421 304 2586 375 quia,
2619 306 2887 367 tellurem
2927 319 3141 371 vestrae
3188 324 3525 397 nativitatis,
3559 346 3670 405 pro

196 383 512 454 casterique
546 383 909 435 Francorum
938 378 1186 445 residui,
1205 380 1527 454 omnisque
1558 381 1757 439 clerus
1786 388 1876 439 to-

195 474 308 529 tius
340 472 537 543 regni,
564 485 749 527 omne
778 470 1014 525 bonum
1042 485 1312 542 praesens
1365 478 1422 529 et
1450 473 1743 540 futurum,
1775 491 1881 547 op-

195 568 321 620 tant
350 563 458 619 tibi
502 579 566 618 se
616 559 907 617 smvitiam
956 574 1345 632 paganorum
1400 564 1877 635 compescueris,

195 667 527 725 eorumque
556 650 833 725 pestifera
876 649 1237 706 excursione
1272 651 1583 708 Franciam
1624 654 1874 709 eruet-is.

200 742 611 799 Fraudulente;
662 738 1065 809 suggestionis
1098 738 1377 797 Tetboldi
1406 741 1641 797 comitis
1670 743 1875 799 horta-

195 832 377 896 mine,
408 844 783 903 quaecunque
810 843 915 883 rex
945 832 1162 883 contra
1193 830 1248 884 te
1274 834 1558 903 operatur
1583 834 1676 885 est
1703 829 1873 899 fecit;

194 919 619 990 bonorumque
642 933 779 990 quae
806 919 982 990 pater
1002 919 1144 971 tuus
1170 917 1325 988 patri
1345 933 1457 974 suo
1482 917 1677 973 intulit
1702 917 1877 975 remi-

192 1008 440 1064 niscens
486 1006 662 1062 et
688 1021 750 1061 se
778 1004 938 1061 facti.
985 1004 1524 1071 Quemadmodum
1553 1005 1735 1075 igitur
1770 1022 1873 1063 rex

194 1096 533 1153 Ludovicus
560 1100 729 1169 pater
752 1110 917 1163 suus,
931 1093 1272 1167 opitulante
1288 1101 1458 1167 patre
1476 1095 1664 1151 tuoin
1684 1110 1872 1165 regno

194 1186 562 1255 subrogatus
602 1184 805 1255 viguit,
838 1184 921 1240 ita
958 1199 1152 1253 regna
1183 1188 1408 1253 tenere,
1438 1184 1871 1257 superborum-

188 1290 314 1347 que
332 1272 892 1342 dominari,magno
911 1276 1032 1328 tuae
1058 1273 1379 1345 potestatis
1407 1272 1719 1344 juvamine
1735 1288 1874 1329 con-

192 1362 469 1436 cupiscit.
514 1360 652 1417 Sitis
701 1362 1129 1419 communibus
1178 1367 1409 1417 mutuae
1455 1363 1871 1435 competentia:

190 1452 542 1527 precatibus
588 1451 938 1519 concordes,
989 1451 1257 1524 alterque
1310 1456 1576 1509 vestrum
1628 1452 1871 1509 alterius

189 1541 505 1615 juvamine
534 1539 898 1597 conﬁdentes
926 1541 1322 1613 perseveretis
1367 1542 1705 1598 unanimes.
1742 1546 1870 1614 Ipse

191 1636 401 1689 autem
432 1646 555 1697 rex,
598 1630 1041 1702 optimatesque
1078 1630 1259 1685 totius
1304 1631 1571 1687 Francia:
1612 1647 1869 1701 regnum
1894 1644 1943 1699 Β

192 1722 731 1778 Northmannicum
760 1718 864 1773 tibi
910 1723 1167 1791 tuusque
1214 1720 1572 1776 haeredibus
1606 1721 1869 1791 jurando

188 1915 379 1955 nemo
392 1897 627 1954 illorum
649 1897 944 1953 ullatenus
960 1897 1238 1955 tractabit
1253 1899 1362 1955 tibi
1379 1900 1643 1970 alicujus
1665 1900 1874 1955 adver-

188 1988 387 2044 sitatis
411 1987 761 2045 damnum.»
790 1987 973 2058 Hujus
992 1986 1311 2055 legationis
1328 1993 1638 2062 praecepta
1652 1989 1874 2062 persol-

192 2076 476 2132 ventibus
496 2076 807 2149 respondit
830 2076 1097 2132 marchio
1117 2076 1365 2148 duxque
1385 2078 1870 2149 praecellentissi-

190 2182 374 2221 mus:
411 2188 437 2213 κ
459 2168 502 2222 Ο
524 2164 811 2239 praesules
834 2165 1142 2221 reverendi
1167 2165 1453 2222 omnium
1474 2167 1697 2223 virtutu
1726 2190 1754 2219 ·.
1793 2168 1874 2224 af-

190 2255 447 2311 ﬂuentia
469 2254 775 2328 profusius
799 2255 1032 2328 optimi,
1055 2271 1164 2310 nec
1184 2270 1311 2310 non
1326 2270 1611 2327 proceres
1632 2261 1873 2313 cuncto-

192 2361 337 2401 rum
366 2345 663 2400 bonorum
684 2344 1135 2417 forensiumque
1160 2358 1365 2400 rerum
1382 2344 1594 2401 urbate
1619 2361 1876 2419 propen-

196 2451 328 2490 sms
349 2433 672 2501 fecundati,
694 2433 1075 2507 propositum
1100 2448 1253 2488 mea;
1275 2432 1577 2489 continuae
1595 2435 1871 2492 intentio-

193 2524 292 2578 nis
320 2526 381 2578 et
407 2522 728 2578 voluntatis
758 2537 883 2577 non
912 2521 1187 2577 differam
1216 2520 1573 2578 ﬁducialiter
1602 2524 1871 2579 confiteri

194 2612 395 2668 vobis.
420 2614 821 2684 Quapropter.
874 2611 1249 2667 conﬁdenter
1298 2611 1691 2682 experiamini
1726 2613 1871 2685 [me]

195 2701 353 2757 velle
386 2700 1010 2774 summopere'melius
1041 2699 1319 2756 felicitate
1346 2699 1512 2771 pacis
1532 2701 1795 2757 stabilire
1814 2707 1873 2759 et

188 2790 471 2862 exsequi,
500 2805 684 2862 quam
712 2789 893 2847 ullius
923 2787 1337 2862 prosperitatis
1359 2792 1416 2844 et
1444 2789 1689 2845 honoris
1712 2807 1870 2864 opus

191 2879 466 2950 aggredi.
503 2880 625 2935 Hoc
677 2878 825 2935 mihi
856 2894 1170 2933 summum
1215 2881 1273 2933 et
1300 2877 1599 2949 peculiare
1630 2895 1870 2953 semper

186 2969 433 3025 exstitit.
458 2972 695 3038 Verum,
722 2984 836 3041 pro
867 2972 1199 3023 vestrorum
1228 2966 1783 3040 importunitatibus
1813 2974 1869 3025 et

200 3059 350 3113 rixis
376 3062 577 3113 tenere
612 3057 784 3127 illud,
816 3057 893 3112 de
937 3056 1357 3122 confunderer,
1406 3057 1669 3128 nequivi.
1716 3059 1869 3124 Quia

195 3147 347 3203 nihil
370 3154 462 3203 est
508 3147 569 3202 in
601 3147 803 3220 aliquo
838 3151 1119 3219 suspectu
1163 3145 1393 3218 aliquid
1433 3146 1670 3215 gravius
1699 3150 1867 3220 quod

192 3237 439 3305 cruciet,
452 3252 641 3309 quam
662 3252 970 3309 quemque
987 3240 1091 3291 aut
1105 3251 1227 3291 non
1245 3236 1446 3291 videre
1462 3236 1623 3307 quod
1644 3238 1864 3309 cupiat,

193 3333 299 3383 aut
325 3326 531 3382 videre
558 3325 725 3399 quod
764 3325 981 3398 perdat
1011 3343 1024 3379 :
1074 3341 1218 3380 cum
1247 3325 1308 3379 in
1337 3329 1590 3397 utroque
1622 3326 1863 3382 animus

191 3414 465 3487 pondere
494 3413 909 3470 sollicitudinis
938 3412 1333 3487 praemaximo
1354 3429 1595 3485 pressus
1626 3415 1862 3485 titubat,

194 3508 262 3559 ut
286 3508 345 3559 et
370 3504 538 3575 quod
567 3503 849 3559 diuturne
869 3501 1152 3558 sollicitus
1184 3506 1413 3575 spectat
1441 3502 1682 3573 habeat,
1716 3509 1773 3561 et
1800 3510 1866 3562 ut

194 3593 408 3665 [quod]
428 3592 647 3648 habere
669 3591 917 3665 coeperit
941 3608 1015 3647 ne
1047 3590 1296 3647 amittat.
1332 3592 1665 3673 Recogitate
1685 3593 1865 3664 igitur

192 3685 255 3736 et
283 3681 738 3738 reminiscimini
750 3680 1109 3738 insidiarum
1134 3684 1191 3736 et
1213 3679 1513 3736 malorum
1534 3697 1670 3754 qum
1690 3683 1770 3740 ab
1792 3701 1864 3741 eo

194 3785 419 3842 passus
448 3774 668 3841 sum,et
697 3769 1155 3826 animadvertite
1180 3774 1238 3825 et
1265 3769 1577 3825 intuemini
1603 3772 1697 3826 cui
1726 3788 1862 3829 nos-

192 3863 431 3916 trorum
459 3864 919 3932 vestrorumque
946 3858 1235 3914 exstiterit
1278 3859 1421 3931 prsej
1434 3858 1716 3915 udicium.
1750 3864 1864 3918 Vos

190 3963 325 4004 non
345 3948 674 4018 ignorantis
697 3947 1082 4019 suggestione
1101 3946 1369 4004 Tetboldi
1389 3966 1405 4001 (
1422 3948 1867 4020 omitis,Bruno-

188 4052 339 4093 nem
371 4036 863 4110 archiprtesulem
885 4036 1386 4104 Coloniensem,et
1402 4035 1621 4093 ducem
1647 4041 1867 4111 pariter

192 4125 650 4182 Lothariensem
679 4141 777 4181 me
806 4125 1063 4181 voluisse
1086 4125 1381 4199 decipere.
1415 4127 1529 4181 Vos
1556 4142 1676 4182 non
1696 4127 1867 4197 igno-

186 4216 342 4272 ratis
355 4215 635 4285 ejusdem
654 4214 929 4271 falsidiea
952 4218 1345 4287 provocatum
1369 4215 1631 4272 versutia
1660 4219 1868 4274 Letha—

1986 387 2341 492 preejudicio
2561 395 2691 451 sine
2720 413 2783 453 re
2810 399 2993 474 illato,
3027 406 3398 487 deserentes,
3442 387 3665 492 jurgati

1986 482 2281 572 rixatique
2308 482 2449 537 estis
2481 483 2558 539 ab
2575 500 2845 545 amorem
2870 507 3075 552 meum
3096 512 3296 572 usque
3322 482 3504 564 modo
3525 482 3665 567 οἴω..

1986 570 2080 670 tre
2126 572 2360 670 exteras
2391 576 2616 670 gentes.
2641 579 2924 670 ipsarum
2974 570 3500 661 autem—gentium
3530 615 3655 670 rex,
3760 655 3769 663 .

1987 653 2175 752 duces
2205 658 2549 752 etcomites
2595 662 2795 752 afﬂicti
2826 670 3036 726 vestris
3085 653 3656 751 depopulationibus

1986 749 2360 845 incessanter
2379 753 2437 845 et
2464 749 2771 845 hostiliter,
2804 757 3117 829 requirunt
3140 749 3460 838 sequestra;
3488 775 3655 845 pacis

1985 833 2251 905 spatium
2278 836 2410 892 dari
2436 838 2548 895 sibi
2578 843 2942 915 suppliciter.
2979 849 3035 906 Si
3060 849 3205 909 libet
3224 833 3415 929 vobis,
3443 833 3653 919 conse-

1986 945 2182 1021 quens
2213 937 2302 989 est
2323 934 2482 1004 dari;
2518 936 2567 992 si
2596 953 2743 1006 non,
2775 950 3009 1014 oportet
3040 948 3326 1009 abdicari.
3352 958 3653 1021 Decernite

1986 1020 2287 1131 requisitas
2316 1024 2401 1131 rei
2424 1027 2736 1095 negotium
2767 1037 3075 1093 communi
3107 1041 3450 1113 consilio,et
3475 1065 3656 1131 super

1986 1108 2103 1164 hoc
2141 1113 2503 1184 respondere
2552 1117 2922 1178 rimaminor.
2955 1148 2983 1174 ››
3026 1128 3187 1186 Tunc
3236 1108 3651 1208 Northmarini,

1991 1198 2183 1295 qui-et
2212 1200 2692 1295 Daci,unanimes
2720 1207 3044 1270 intulerunt
3070 1216 3363 1277 Richardo
3388 1221 3547 1295 duci,
3570 1198 3656 1283 di;

1987 1291 2187 1342 centes
2215 1306 2226 1343 :
2273 1312 2299 1338 ‹‹
2334 1294 2725 1366 Nequaquam
2754 1314 2875 1370 pax
2920 1304 3222 1373 continua,
3250 1325 3446 1383 neque
3477 1291 3653 1370 inter-

1987 1384 2277 1478 capedine
2307 1391 2647 1478 temporum
2704 1395 2958 1454 discreta
2989 1405 3383 1478 concedetur;
3439 1426 3651 1469 verum

1984 1472 2188 1572 pinnis
2224 1476 2490 1544 Francia,
2524 1483 2930 1541 exterminatis
2987 1494 3091 1545 aut
3119 1493 3330 1549 occisis
3356 1472 3646 1572 principi-

1979 1560 2117 1660 bus,
2137 1562 2192 1618 vi
2216 1569 2272 1619 et
2301 1571 2590 1660 potestate
2619 1571 2726 1627 tibi
2758 1575 3115 1648 acquiretur.
3134 1580 3261 1637 Heu
3285 1583 3297 1638 l
3330 1560 3476 1642 heu!
3501 1560 3647 1660 quid

1982 1652 2221 1720 facient,
2253 1655 2344 1712 vel
2371 1658 2517 1736 quid
2548 1661 2745 1720 dicent
2770 1668 2960 1723 caeteri
2997 1671 3306 1743 Dacigenae
3356 1683 3412 1741 et
3441 1652 3651 1741 North-

1980 1742 2449 1844 vegigenee,qui,
2462 1754 2813 1845 praeparatis
2832 1760 2889 1812 et
2909 1761 3168 1816 oneratis
3190 1765 3447 1825 navibus
3467 1768 3650 1845 hujus

1981 1842 2069 1921 rei
2085 1842 2420 1903 juvamine,
2470 1842 2893 1911 aggrediemur
2919 1847 3238 1906 nobiscum
3267 1853 3520 1921 humani
3542 1842 3651 1917 b.0-

1985 1920 2220 2027 stilitate
2251 1923 2459 2021 ?.Quid
2483 1926 2557 1982 de
2588 1928 2959 2027 llirensibus,
2993 1937 3137 2027 quid
3166 1939 3240 1996 de
3273 1941 3651 2027 Alanis,qu1d

1984 2009 2059 2071 de
2098 2011 2350 2113 ‘czeteris‘
2385 2016 2848 2113 quamplurimis
2903 2023 3213 2113 gentibus!
3270 2009 3649 2113 Propositum

1984 2102 2205 2188 vestrae
2256 2100 2598 2188 voluntatis,
2659 2124 2844 2180 quam
2898 2112 3075 2168 nobis
3130 2100 3466 2188 aperuistis,
3524 2137 3650 2187 non

1984 2186 2410 2261 adimplebitur
2433 2194 2771 2253 viventibus
2802 2198 2997 2256 nobis.
3016 2186 3325 2276 Caeterum,
3343 2208 3391 2264 si
3408 2186 3647 2268 libitum

1983 2279 2096 2344 est,
2129 2292 2253 2353 qua
2296 2278 2627 2337 invasimus
2659 2287 2990 2359 Franciam,
3033 2289 3475 2354 vindicabimus
3517 2299 3644 2363 tibi.

1982 2374 2082 2429 Sin
2120 2390 2260 2431 vero
2291 2375 2583 2452 displicet,
2640 2383 2914 2440 sortietur
2955 2403 3026 2443 ea
3077 2390 3276 2453 nobis.
3333 2396 3461 2459 Quo
3488 2397 3649 2459 circa

1981 2463 2131 2535 elige
2160 2480 2190 2520 e
2226 2465 2466 2523 duoLus
2513 2469 2679 2541 quod
2706 2472 2921 2542 mavis,
2968 2482 3073 2533 aut
3102 2478 3226 2551 tibi,
3254 2490 3359 2539 aut
3383 2486 3577 2543 nobis.
3614 2512 3645 2541 ››

1984 2553 2354 2641 Ηίδνᾶυῶιὶε,
2388 2555 2512 2612 dux
2544 2567 2884 2633 praepotens
2916 2564 3243 2629 Richardus
3265 2572 3517 2641 urgebat
3541 2592 3646 2633 eos

1980 2640 2309 2697 multarum
2339 2648 2832 2721 prosecutionum
2857 2640 3452 2728 interpellationibus,
3466 2666 3525 2721 et
3552 2663 3646 2720 bis

1979 2738 2221 2801 duobus
2245 2739 2340 2796 bis
2384 2742 2599 2803 diebus
2629 2751 2763 2805 octo
2793 2747 3012 2817 obnixe
3052 2768 3154 2809 eos
3202 2755 3647 2829 deprecabatur

1978 2833 2044 2884 ut
2093 2833 2270 2901 pacta
2323 2846 2474 2905 pace
2539 2850 2678 2891 eum
2742 2838 3121 2908 Francigenis
3188 2843 3640 2911 fmderarentur.

1977 2916 2264 2973 Praesules
2304 2918 2482 2988 igitur
2525 2927 2585 2978 et
2610 2924 2928 2996 optimates
2961 2931 3218 2989 Francius
3275 2936 3467 3004 gentis
3520 2944 3643 3000 sta-

1897 2997 1938 3054 C
1976 3005 2125 3062 bant
2152 3006 2417 3078 quotidie
2446 3009 2565 3066 illic
2604 3012 2940 3087 stupefacti,
2980 3022 3037 3073 et
3060 2997 3448 3081 intuebantur
3492 2997 3642 3089 cou-

1972 3105 2203 3162 ﬂictum
2252 3105 2434 3177 hujus
2490 3111 2947 3180 paciﬁcationis.
3005 3119 3270 3175 Tandem
3317 3129 3465 3181 vero
3514 3127 3641 3185 dux

1974 3211 2236 3266 magnus
2266 3195 2600 3257 Richardus
2632 3216 2755 3257 non
2800 3200 3007 3261 valens
3034 3222 3307 3266 serenare
3336 3216 3641 3274 tantorum

1975 3284 2262 3342 saevitiam
2302 3284 2563 3349 ullorum
2612 3296 2967 3362 precatuum
3015 3299 3456 3370 conaminibus,
3489 3303 3644 3362 dixit

1973 3390 2247 3430 seorsum
2272 3373 2395 3429 suis
2425 3376 2563 3435 ﬁdis
2588 3379 2961 3452 principibus
2995 3400 3007 3438 :
3043 3407 3071 3435 α
3090 3385 3229 3444 Haec
3257 3404 3406 3457 gens
3426 3407 3642 3466 aspera

1972 3476 2031 3527 et
2058 3472 2246 3539 fortis,
2458 3475 2638 3535 simul
2665 3476 3039 3551 interpellata
3061 3481 3256 3555 fuerit,
3287 3501 3412 3543 non
3440 3490 3643 3563 acqui-

1970 3566 2131 3617 escet
2158 3561 2438 3633 precibus
2465 3565 2704 3621 nostris.
2750 3569 3167 3627 Convocentur
3194 3576 3456 3646 majores
3495 3561 3641 3636 natu

1974 3655 2034 3706 et
2062 3650 2425 3723 potentiores
2467 3654 2770 3725 secretius,
2815 3656 3029 3714 futurae
3059 3664 3250 3718 noctis
3297 3668 3638 3736 conticinio,

1974 3743 2033 3796 et
2059 3756 2432 3796 excaeeemus
2462 3758 2568 3798 eos
2598 3744 2950 3802 muneribus
2980 3752 3413 3823 praemaximis,
3450 3763 3510 3814 et
3538 3774 3640 3814 co-

1974 3828 2146 3900 pioso
2175 3828 2490 3897 beneficio,
2543 3831 2591 3886 si
2618 3832 2767 3889 forte
2796 3833 3050 3892 iuverint
3092 3840 3374 3909 precibus
3416 3847 3639 3901 nostris

1972 3921 2032 3972 et
2049 3920 2213 3974 voto.
2240 3938 2269 3965 »
2320 3916 2445 3973 Hoc
2488 3935 2753 3992 namque
2782 3922 3098 3981 consilium
3128 3928 3432 4002 principes
3462 3936 3641 3990 Fran-

1970 4004 2325 4074 cigenarum
2362 4005 2706 4073 referebant
2752 4009 2991 4066 salubre
3039 4018 3095 4068 et
3140 4031 3524 4091 prosperum,
3581 4025 3641 4078 et

1972 4093 2377 4150 autumabant
2441 4094 2825 4169 sibimetipsis
2882 4100 3284 4171 profuturum.
3344 4108 3637 4168 Insecuta:

1972 4190 2153 4261 igitur
2179 4190 2372 4248 noctis
2409 4193 2784 4265 crepusculo,
2816 4201 3161 4257 convocatis
3200 4202 3360 4262 clam
3389 4208 3637 4279 majoris
3692 4242 3695 4245 -

194 4302 355 4358 rium
388 4317 591 4371 regem
622 4306 887 4358 vestrum
919 4302 1216 4358 seniorem
1242 4301 1506 4358 voluisse
1528 4319 1629 4359 me
1653 4320 1866 4377 capere
1902 4351 1944 4405 Β
1974 4279 2885 4405 ξὲξξῗὶξῖξῗῖξξξξηθτθ
2908 4288 3395 4405 Νοξξξωωηξϐξ,
3427 4298 3640 4405 pandit

194 4395 305 4446 aut
331 4368 621 4446 occidere.
656 4390 808 4455 Quid
836 4390 1065 4447 refertis
1111 4391 1186 4447 de
1232 4390 1649 4448 Ebroicacensi
1676 4368 1865 4466 quam
1902 4368 1944 4405 υ
1975 4368 2155 4426 θονάθ
2184 4369 2352 4466 (ΙιξΡά
2375 4369 2729 4466 νοιγθὸειιιι
2764 4389 2868 4430 ore
2896 4375 3207 4450 11191511110,
3236 4385 3295 4438 θῐ
3316 4368 3500 4441 dixit:
3535 4408 3563 4435 α
3592 4389 3636 4444 Ο

187 4479 407 4535 redditi
420 4479 461 4535 it
472 4479 619 4535 mihi
632 4480 801 4547 urbe,
820 4482 1005 4537 Deus?
1020 4480 1121 4535 His
1138 4483 1195 4536 et
1210 4480 1427 4536 talibus
1446 4480 1867 4554 hujuscemodi

188 4568 596 4642 pluribusque
620 4569 1172 4643 importunitatibus
1195 4585 1348 4642 quas
1374 4570 1531 4627 tedet
1549 4573 1863 4642 recenseri,

192 4662 429 4727 motus,
460 4656 595 4713 misi
623 4657 697 4714 ad
722 4661 931 4725 Dacos,
959 4662 1258 4730 quatenus
1279 4658 1426 4715 mihi
1452 4666 1868 4718 succurrerent

190 4747 488 4804 velocius.
508 4747 734 4812 Quibus
757 4763 855 4803 me
872 4747 1222 4804 festinanter
1246 4748 1866 4821 aggredientibus,im-

189 4835 430 4909 peravi,
470 4835 531 4891 in
555 4851 664 4892 vos
694 4852 969 4892 exercere
997 4837 1380 4908 tyrannidem
1423 4837 1608 4894 cladis
1637 4840 1819 4912 hujus
1849 4859 1863 4910 ;

184 4924 346 4997 quia
367 4922 487 4979 nisi
507 4940 600 4980 res
620 4924 1327 4998 ponderaretur,minime
1341 4925 1867 4998 resipisceretstul-

188 5014 384 5071 tus.Si
398 5014 569 5087 quod
586 5014 763 5084 igitur
786 5014 1037 5070 retulisti
1060 5014 1204 5069 mihi
1225 5019 1414 5071 exstat
1432 5031 1664 5085 verum,
1678 5018 1865 5075 stabi-

184 5102 661 5159 litenecessariaa
677 5103 846 5176 pacis
861 5102 1367 5176 opportunitatem
1379 5120 1675 5161 mecum.»
1696 5106 1865 5163 Tunc

184 5190 533 5248 Biohardus
556 5192 826 5248 marchio
847 5191 1508 5259 famosissimus,ascitis
1534 5195 1866 5252 communi-

182 5285 282 5338 ter
301 5280 733 5338 Northmannis
746 5280 1035 5337 omnibus
1046 5281 1229 5353 ccepit
1246 5280 1505 5338 blandiri
1519 5286 1577 5338 et
1591 5300 1866 5341 serenare

186 5384 300 5426 eos
319 5370 831 5427 mansuetissimis
854 5369 1335 5426 allocutionibus:
1360 5372 1408 5427 Ο
1431 5387 1685 5428 summa;
1701 5388 1865 5429 reve-

187 5460 404 5517 renn'm
433 5464 655 5533 patres,
689 5460 996 5529 grandevo
1037 5458 1464 5531 mediocrique,
1497 5464 1674 5533 atque
1698 5462 1867 5532 juve-

190 5548 302 5606 nili
333 5548 454 5605 situ
484 5548 730 5605 miriﬁce
760 5547 1115 5615 redolentes,
1150 5548 1369 5619 gratias
1414 5548 1607 5605 debeo
1650 5549 1865 5607 referre

186 5638 376 5697 vobis
399 5638 792 5709 incessanter,
813 5637 962 5711 quin
978 5637 1163 5696 etiam
1189 5653 1446 5697 munera
1463 5638 1667 5711 largiri
1690 5638 1865 5697 vobis

1973 4459 2285 4516 reverendi
2337 4458 2549 4517 merito
2605 4467 2824 4533 patres,
2881 4480 2993 4536 pro
3055 4471 3490 4541 temporalibus
3547 4475 3638 4530 ni-

1974 4557 2166 4615 mium
2189 4555 2496 4613 beneﬁciis
2523 4559 2930 4629 agonizantes,
2964 4578 3074 4634 pro
3102 4565 3327 4638 quibus
3356 4569 3637 4627 carebitis

1974 4646 2097 4703 vita
2123 4652 2364 4714 eterna,
2394 4646 2777 4718 Phlegetonte
2803 4651 2991 4720 digno
3013 4653 3384 4724 perfruentes
3408 4674 3420 4723 ;
3451 4658 3639 4714 anim-

1973 4735 2260 4792 advertite
2313 4735 2432 4791 mei
2480 4737 2775 4794 sermonis
2823 4739 3211 4811 proloquium
3262 4742 3630 4803 obedienter.

1970 4825 2360 4897 Quamquam
2405 4839 2597 4894 genus
2640 4824 2957 4882 hominum
2987 4829 3263 4884 omnium
3302 4846 3339 4887 a
3382 4833 3635 4890 Domino

1974 4917 2219 4973 exordio
2248 4917 2489 4989 ﬁneque
2519 4921 2754 4973 carente
2783 4917 2858 4973 sit
2876 4925 3279 4989 procreatum,
3297 4938 3420 4995 quo
3449 4940 3638 4983 resar.

1973 5006 2190 5062 ciretur
2241 5022 2417 5061 ruina
2445 5006 2820 5075 angelorum,
2852 5007 3018 5062 vario
3047 5013 3108 5065 et
3142 5010 3379 5068 diverso
3408 5012 3633 5071 itineris

1976 5095 2122 5151 calle
2151 5095 2360 5150 devius
2387 5109 2553 5149 error
2581 5093 2730 5150 illud
2776 5094 3040 5162 abducit,
3073 5112 3147 5153 ne
3177 5105 3505 5158 revertatur
3555 5104 3636 5161 ad

1975 5194 2314 5249 Creatorem
2352 5206 2550 5247 suum.
2583 5193 2696 5247 Vos
2726 5190 2961 5247 animas
2987 5199 3216 5252 vestras
3241 5198 3464 5270 putatis
3494 5216 3635 5259 cum

1974 5277 2330 5351 corporibus
2360 5276 2618 5348 interire,
2648 5278 2785 5334 ideo
2814 5292 2934 5334 non
2957 5278 3288 5340 abhorretis
3305 5301 3485 5345 omne
3506 5305 3635 5347 ma-

1976 5367 2104 5425 lum
2159 5365 2354 5422 facere
2391 5370 2482 5421 est
2523 5366 2748 5439 quippe
2795 5372 3011 5439 praeter
3052 5370 3226 5429 istam
3271 5375 3458 5433 altera
3512 5378 3634 5435 vita

1974 5473 2163 5531 quam
2193 5454 2500 5527 ignoratis,
2532 5461 2590 5511 et
2617 5456 2912 5528 quidquid
2932 5457 2996 5513 in
3014 5459 3126 5516 hac
3144 5461 3427 5535 faceretis,
3446 5465 3507 5521 in
3532 5467 3634 5523 illa.

1975 5562 2086 5618 pro
2113 5551 2272 5603 certo
2295 5549 2751 5618 repraesentetur
2768 5545 2959 5602 vobis.
2983 5569 3013 5597 ››
3045 5551 3205 5606 Tunc
3239 5552 3346 5609 illi:
3385 5576 3413 5604 «
3443 5555 3630 5625 Refer,

1976 5654 2317 5712 precamur,
2360 5638 2537 5696 nobis
2563 5638 2745 5711 hujus
2771 5640 3197 5713 propositionis
3233 5660 3547 5719 arcanum,
3577 5653 3633 5707 et
