3994 6166
397 108 500 163 743

1390 97 1698 156 DUDONIS
1721 98 1979 155 DECANI
2006 84 2069 151 ‘s.
2098 96 2407 162 QUINTINI
2438 98 2820 155 VIBOMAND.

3736 98 3856 154 744

397 228 646 287 enuclea
674 219 1031 297 quantocius
1085 218 1261 277 nobis
1299 227 1517 278 nostrae
1558 220 1919 278 conditionis
1948 218 2056 289 ﬁg-
2101 223 2142 274 Α
2170 221 2346 277 cessit
2364 220 2425 277 in
2451 237 2698 277 carnem
2720 220 3067 277 humiliatus
3087 237 3277 294 usque
3294 220 3373 277 ad
3395 220 3664 277 humani
3684 237 3862 277 exor-

398 324 687 376 mentum.
710 336 737 361 ›ι
767 314 928 367 Tunc
956 326 1157 365 comes
1189 311 1690 382 prudentissimus
1707 309 2059 365 demulcens

398 426 500 464 eos
530 401 767 461 blandis
797 398 1081 455 affatibus
1116 417 1130 455 :
1184 400 1573 456 Ratiocinatio
1613 405 1831 455 nostrae
1862 397 2064 454 condi-

396 495 571 552 tionis
613 493 743 547 haac
792 504 933 544 vera
978 488 1348 557 dignoseitur
1377 506 1512 544 esse
1561 488 1640 544 ab
1690 485 2060 543 orthodoxis.

396 582 491 638 Bis
522 580 709 655 quino
736 593 1003 650 namque
1035 577 1441 633 ccelicolarum
1484 578 1693 633 ordine
1735 581 1934 632 creato
1964 575 2064 629 de-

396 672 675 744 cimoque
719 668 912 740 lapso,
960 667 1302 723 contumaci
1345 666 1698 736 arrogantiae
1739 664 2067 736 jactantiaa-

396 778 514 836 que
546 777 668 816 suae
713 757 914 830 jurgio
954 773 1253 829 cursuque
1283 756 1459 812 totius
1490 756 1815 811 mundanae
1866 753 2061 821 molis,

398 851 792 923 ejusdemque
822 846 1074 902 miriﬁco
1124 850 1339 901 ornatu
1369 845 1651 918 perfecto,
1693 844 1815 900 duo
1846 858 2065 899 conne-

398 944 528 996 tens
559 938 871 1003 elementa,
905 934 1108 989 vivum
1160 933 1380 989 scilicet
1415 939 1471 988 et
1512 932 1967 999 moribundum,
2000 930 2061 985 in

402 1045 591 1084 unum
619 1024 900 1095 efﬁgiavit
934 1028 1087 1078 Deus
1119 1023 1429 1079 hominem
1459 1023 1539 1079 ita
1569 1021 1969 1078 immortalem
1991 1036 2061 1075 ex

397 1116 563 1186 limo,
594 1120 654 1171 ut
682 1114 870 1184 gloria
900 1117 956 1168 et
980 1113 1209 1167 honore
1232 1128 1373 1167 eum
1394 1115 1727 1178 coronaret,
1764 1125 2063 1182 superque

398 1221 577 1277 opere
634 1219 923 1259 manuum
974 1217 1222 1256 suarum
1280 1202 1667 1257 constitueret
1714 1206 1770 1256 et
1819 1199 1896 1255 ad
1942 1215 2061 1253 coa-

398 1294 607 1350 lestem
634 1292 986 1362 angelorum
1019 1289 1293 1359 gloriam,
1326 1306 1513 1363 quam
1544 1306 1835 1358 arrogans
1865 1288 2064 1361 perdi-

400 1384 586 1449 derat,
620 1382 990 1455 quandoque
1022 1380 1147 1435 sine
1188 1380 1383 1435 carnis
1413 1386 1602 1436 morte
1636 1380 1912 1435 transiret
1939 1396 1952 1445 ;
1982 1379 2066 1433 sic

400 1488 542 1530 vero
571 1470 995 1538 immortalem,
1028 1474 1112 1540 ut,
1147 1469 1193 1523 si
1225 1485 1287 1524 se
1318 1469 1393 1524 ad
1427 1468 1758 1525 Conditoris
1801 1467 1890 1522 sui
1922 1466 2066 1522 obe-

400 1562 688 1619 dientiam
714 1559 967 1615 vinculis
998 1558 1299 1613 charitatis
1327 1563 1636 1625 coartaret,
1657 1558 1891 1625 legibus
1916 1573 2073 1612 mor-

400 1652 473 1708 tis
518 1666 641 1707 non
689 1646 1078 1705 incubuisset.
1112 1650 1348 1713 Verum,
1398 1646 1517 1701 heu
1566 1646 1773 1701 dolor!
1835 1645 2067 1719 perﬁdo

398 1741 587 1797 hostis
615 1738 842 1809 antiqui
875 1740 1007 1791 astu
1032 1735 1436 1791 fraudulenter
1465 1735 1805 1803 intricatus,
1839 1735 2067 1807 cupidi-

402 1834 717 1900 tatumque
743 1825 1033 1881 illecebris
1076 1824 1312 1897 illeptus
1345 1830 1764 1897 praeceptaque
1796 1824 2066 1879 Plasma-

401 1918 544 1975 toris
572 1916 942 1987 negligenter
970 1931 1258 1987 spernens
1298 1914 1556 1987 indeque
1603 1915 1733 1969 neci
1785 1914 2065 1979 obnixus,

403 2011 584 2079 atque
616 2005 694 2061 ab
727 2002 1172 2060 amoenitatibus
1202 2003 1466 2075 paradisi
1497 2002 1708 2074 pulsus
1750 2001 2070 2058 mundiali-

402 2095 519 2151 bus
549 2092 833 2150 zerumnis
863 2096 952 2147 est
980 2091 1449 2162 deputatus.Nec
1481 2094 1683 2147 tamen
1712 2090 2065 2146 sententiam

406 2182 810 2240 damnationis
849 2181 975 2253 ipse
1021 2180 1183 2235 solus
1217 2180 1464 2252 excepit,
1510 2180 1616 2235 sed
1646 2184 1830 2236 totam
1863 2196 2068 2235 secum

406 2271 658 2327 humani
686 2269 917 2339 generis
942 2268 1341 2341 propaginem
1359 2268 1419 2322 in
1451 2268 1681 2324 facinus
1707 2266 2070 2324 exsecrabile

408 2365 466 2416 et
494 2358 701 2415 mortis
732 2356 1115 2413 acerbitatem
1145 2355 1387 2410 invexit.
1405 2355 1551 2410 Hinc
1574 2356 1762 2410 hostis
1788 2356 2071 2427 antiquus

409 2465 590 2522 super
627 2463 837 2503 omnes
887 2445 1162 2501 homines
1211 2444 1616 2517 principatum
1662 2444 2070 2500 fraudulenter

407 2537 615 2603 tenuit,
648 2552 873 2608 eosque
905 2534 1021 2589 sibi
1051 2534 1322 2606 nequiter
1352 2533 1636 2589 subdidit.
1672 2536 1905 2601 Verum,
1925 2534 2069 2606 quia

405 2624 823 2700 plasmationis
854 2629 912 2679 et
962 2639 1139 2679 casus
1190 2621 1541 2695 protoplasti
1594 2627 1907 2678 exsecutus
1937 2639 2071 2677 sum

405 2714 661 2771 breviter
689 2714 922 2777 seriem,
973 2711 1068 2766 cui
1122 2710 1302 2766 corde
1332 2715 1388 2765 et
1441 2715 1639 2765 mente
1670 2711 2070 2778 adhzrremus,

408 2802 813 2872 evangelizare
838 2798 1011 2854 vobis
1040 2803 1257 2853 nostrae
1280 2798 1639 2854 crudelitatis
1656 2800 1842 2867 gestio
1862 2799 2067 2853 ﬁdem.

410 2892 597 2945 Deum
628 2903 891 2961 namque
921 2903 1110 2941 unum
1139 2886 1199 2941 in
1232 2886 1561 2942 substantia
1588 2886 1860 2953 colimus,
1884 2886 2069 2942 Trini-

410 2982 590 3034 tatem
636 2978 694 3033 in
727 2975 998 3049 personis
1022 2991 1424 3031 veneramur:
1476 2980 1549 3043 et,
1583 2974 1715 3031 licet
1770 2976 1845 3031 sit
1901 2978 2071 3032 Pater

410 3070 583 3133 Deus,
611 3065 787 3121 Filius
818 3069 993 3133 Deus,
1028 3064 1277 3136 Spiritus
1310 3066 1559 3119 Sanctus
1587 3066 1760 3134 Deus,
1795 3081 1954 3119 unus
1984 3070 2068 3121 ta-

408 3171 547 3210 men
580 3152 965 3210 solummodo
998 3151 1257 3207 creditur
1289 3155 1442 3207 Deus
1476 3154 1707 3208 Patrem
1738 3152 2069 3223 genitorem

405 3242 927 3311 vocemus,Filium
958 3241 1223 3310 genitum
1247 3240 1604 3296 conﬁtemur
1628 3241 1910 3313 Spiritum
1934 3258 2071 3297 san-

408 3338 569 3390 ctum
613 3348 685 3388 ex
732 3335 986 3402 utroque
1035 3346 1283 3385 manare
1314 3328 1648 3397 credimus;
1684 3335 1740 3386 et
1789 3330 1851 3385 in
1881 3330 2069 3387 tribus

406 3422 499 3477 his
530 3420 821 3493 personis,
855 3417 1073 3473 scilicet
1104 3417 1414 3486 Genitoris,
1443 3423 1497 3473 et
1530 3418 1841 3489 Unigeniti,
1889 3424 2069 3491 atque

408 3526 481 3565 ex
509 3515 762 3580 utroque
792 3506 1193 3571 Procedentis,
1221 3506 1590 3562 divinitatem
1624 3524 1830 3578 unam,
1864 3524 2069 3580 aequa-

406 3598 646 3670 lemque
702 3595 954 3667 gloriam
1010 3600 1066 3650 et
1119 3595 1495 3666 majestatem
1553 3598 1922 3668 proﬁtemur.
1964 3598 2068 3653 Hic

406 3704 672 3759 namque
698 3690 853 3743 Deus
883 3685 1097 3741 coelum
1140 3684 1458 3740 subtilitate
1485 3687 1816 3758 suspendit,
1850 3691 2068 3743 terram

406 3780 564 3837 mole
601 3778 890 3846 fundavit,
942 3777 1133 3834 maria
1180 3776 1423 3833 calculis
1473 3777 1759 3847 alligavit,
1788 3779 1933 3835 etin
1977 3780 2070 3836 his

406 3869 613 3926 omnia
638 3883 1039 3941 quaecumque
1066 3865 1462 3936 voluit,verbo
1484 3866 1639 3938 fecit,
1655 3872 1711 3923 et
1732 3868 1943 3940 spiritu
1961 3885 2069 3924 suo

407 3974 479 4014 ea
507 3957 786 4013 ﬁrmavit.
824 3955 926 4011 Hic
965 3972 1231 4028 namque
1264 3955 1428 4011 solus
1458 3956 2068 4012 habetimmortalita-

407 4050 548 4115 tem,
581 4052 637 4101 et
662 4045 861 4100 lucem
890 4043 1120 4100 habitat
1148 4044 1644 4100 inaecessibilem.
1681 4045 1856 4117 Apud
1885 4061 2069 4117 quem

408 4149 532 4189 non
559 4138 647 4189 est
674 4132 1113 4202 transmutatio,
1154 4148 1265 4189 nec
1289 4132 1714 4189 vicissitudinis
1745 4133 2067 4189 obumbra-

407 4223 509 4279 tio.
541 4223 723 4293 Cujus
752 4238 989 4295 semper
1026 4227 1113 4278 est
1141 4239 1290 4290 esse,
1320 4227 1610 4279 aeternum
1642 4228 1698 4279 et
1728 4223 2064 4280 incommu-

409 4311 681 4368 tabiliter.
714 4310 826 4378 Qui
865 4311 992 4366 sine
1038 4312 1367 4367 mutatione
1407 4312 1498 4368 sui
1536 4313 1716 4368 habet
1754 4313 2066 4369 mutabilia

407 4400 745 4473 disponere,
778 4398 902 4455 sine
934 4398 1268 4455 diversitate
1313 4399 1403 4454 sui
1448 4400 1687 4456 diversa
1712 4416 1910 4471 agere,
1940 4401 2066 4458 sine

408 4488 837 4559 cogitationum
859 4486 1260 4543 vicissitudine
1272 4487 1994 4555 dissimiliaformare.Qui
2014 4494 2072 4546 et

408 4579 633 4652 ubique
663 4582 772 4645 est,
801 4582 858 4633 et
905 4577 1138 4651 absque
1186 4577 1320 4633 loco
1350 4578 1679 4652 totus,quia
1712 4583 1768 4635 et
1793 4580 2066 4635 omnium

408 4672 815 4725 creaturarum
831 4667 957 4740 ipse
978 4666 1373 4740 inferior,ipse
1403 4667 1796 4740 interior,ipse
1818 4669 2069 4725 exterior

408 4761 584 4826 Deus,
618 4756 888 4828 superior
917 4759 1004 4811 est
1041 4754 1325 4825 regendo,
1367 4755 1608 4810 inferior
1634 4756 1952 4828 portando,
1984 4756 2070 4812 in-

407 4846 585 4903 terior
614 4845 919 4919 replendo,
953 4844 1204 4900 exterior
1233 4843 1857 4900 circumdando.lntra
1891 4845 2063 4915 cujus

401 4933 610 5005 judicii
635 4933 1132 5008 omnipotentiam
1158 4936 1373 4988 cuncta
1394 4937 1790 5002 coarctantur,
1812 4933 2065 5004 ejusque

406 5023 671 5096 potentia
700 5024 778 5079 ab
810 5023 931 5079 ulla
959 5025 1245 5078 creaturae
1276 5025 1494 5078 natura
1538 5038 1659 5077 non
1704 5021 2067 5077 transcendi-

410 5116 504 5167 tur
531 5130 543 5179 ;
575 5111 719 5183 quia
750 5111 1043 5168 celsitudo
1075 5111 1204 5183 ejus
1234 5110 1553 5167 divinitatis
1585 5128 1694 5167 nec
1725 5110 1901 5183 cmpit
1932 5127 2063 5166 esse

408 5213 519 5252 nec
542 5198 778 5268 desinit,
800 5205 984 5256 etnec
1006 5217 1113 5273 per
1132 5199 1364 5255 initium
1396 5200 1658 5255 nascitur
1680 5216 1789 5255 nec
1808 5198 2063 5255 termino

407 5288 963 5355 coangustatur.Hic
990 5305 1257 5361 namque
1288 5290 1441 5344 Deus
1472 5289 1729 5345 Verbum
1746 5288 1909 5361 quod
1937 5293 2066 5344 erat

405 5375 470 5431 in
485 5375 778 5449 principio
798 5377 962 5448 apud
979 5394 1115 5433 eum
1127 5382 1202 5441 ,et
1224 5377 1388 5450 quod
1408 5377 1532 5433 sine
1556 5382 1821 5451 tempore
1837 5375 2059 5445 genuit,

401 5464 487 5521 ob
519 5470 786 5521 nostram
816 5466 1287 5539 redemptionem
1318 5466 1616 5522 incarnari
1641 5463 1952 5538 disposuit.
1982 5467 2062 5520 Ex

402 5559 807 5614 sacrosancta:
830 5554 1082 5627 Virginis
1113 5572 1310 5625 carne,
1341 5556 1556 5628 angelo
1585 5554 1896 5612 nuntiante
1924 5570 2060 5627 pro-

2169 309 2252 365 dii
2304 311 2621 383 pudorem,
2671 316 2726 367 et
2778 327 3121 384 pannorum
3158 311 3427 367 illuviem
3477 316 3538 366 et
3570 312 3865 385 praesepii

2170 399 2500 456 vilitatem:
2557 417 2747 473 quam
2794 400 3040 473 quidem
3083 401 3458 458 nativitatem
3509 417 3864 474 possumus

2171 488 2396 554 mirari,
2431 489 2536 544 sed
2567 506 2701 545 eam
2730 489 2976 546 minime
2997 490 3267 546 valemus
3294 489 3541 545 intueri.
3575 490 3730 556 Quis
3750 495 3867 545 ete-

2172 576 2299 632 nim
2329 577 2509 647 «ligne
2532 578 2698 651 loqui
2729 582 2923 651 potest
2951 578 3259 651 quomodo
3289 578 3366 634 de
3405 582 3643 634 aeterno
3676 582 3858 633 natus

2174 671 2264 722 est
2290 670 2622 722 coaeternus
2645 667 2672 722 ?
2721 673 2776 723 et
2814 667 3123 740 quomodo
3155 672 3291 723 ante
3328 667 3563 723 saecula
3595 667 3863 723 existens

2174 756 2470 829 aequalem
2497 756 2607 812 sibi
2640 757 2891 827 genuit?
2921 763 2977 813 et
3001 756 3312 829 quomodo
3350 762 3542 813 natus
3571 757 3860 827 gignente

2172 846 2468 918 posterior
2492 862 2615 902 non
2647 848 2776 902 est?
2806 846 2971 919 quod
3001 851 3088 902 est
3108 849 3275 903 Pater
3294 847 3410 903 hoc
3433 846 3673 916 genuit:
3706 849 3861 902 Deus

2180 939 2385 1003 Deum,
2408 934 2511 990 lux
2536 935 3093 999 lucem,immensus
3113 935 3863 1007 immensum,incompre-

2174 1022 2484 1078 hensibilis
2512 1022 3203 1095 incomprehensibilem,
3231 1023 3632 1095 omnipotens
3663 1023 3860 1079 omni-

2174 1116 2479 1184 potentem
2506 1128 2698 1167 unum
2720 1128 2943 1177 secum,
2959 1117 3017 1168 et
3036 1116 3421 1179 coaeternum,
3438 1112 3558 1167 sibi
3583 1128 3861 1184 coaequa-

2174 1200 2314 1256 lem.
2349 1201 2460 1266 Qui
2497 1206 2675 1257 natus
2725 1217 2796 1256 ex
2846 1204 3011 1258 Patre
3050 1202 3176 1257 sine
3206 1206 3502 1274 tempore,
3537 1218 3617 1257 ex
3669 1205 3862 1257 matre

2175 1290 2339 1345 nasci
2367 1291 2647 1359 dignatus
2674 1294 2763 1346 est
2798 1289 2859 1344 in
2887 1294 3175 1363 tempore,
3203 1294 3259 1345 et
3287 1290 3369 1345 ad
3401 1289 3614 1345 electri
3648 1289 3863 1345 simili-

2176 1379 2448 1435 tudinem
2479 1395 2637 1434 unus
2666 1379 2725 1434 in
2756 1384 3007 1443 utraque
3038 1385 3095 1435 et
3125 1395 3196 1434 ex
3229 1384 3488 1452 utraque
3522 1384 3788 1447 natura;
3812 1384 3867 1434 et

2180 1471 2334 1523 Deus
2358 1467 2689 1541 permansit
2718 1485 2857 1525 cum
2886 1471 3137 1535 Patre,et
3151 1468 3227 1524 ad
3240 1469 3736 1542 redemptionem
3759 1485 3871 1524 no—

2110 1573 2151 1627 B
2179 1564 2365 1613 stram
2387 1557 2579 1614 factus
2601 1563 2689 1614 est
2707 1559 2893 1613 homo
2916 1558 3184 1613 mortalis
3207 1558 3280 1613 de
3301 1564 3517 1625 matre,
3546 1564 3613 1614 ut
3628 1565 3870 1615 erueret

2178 1647 2516 1703 humanum
2546 1662 2735 1717 genus
2778 1664 2903 1702 suae
2935 1646 3334 1702 similitudinis
3386 1653 3447 1702 et
3476 1647 3772 1717 imaginis
3804 1647 3869 1701 ﬁ-

2179 1741 2493 1805 gmentum
2509 1736 2797 1804 sualarga
2818 1736 3201 1791 miseratione
3222 1736 3521 1792 abhostili
3541 1724 3871 1809 lapsorum

2179 1825 2533 1894 angelorum
2564 1824 2955 1881 immanitate.
2998 1828 3487 1898 Temporumque
3517 1825 3875 1882 labentium

2179 1932 2389 1970 cursus
2418 1914 2761 1970 humaniter
2785 1930 3140 1987 exsequens,
3166 1914 3535 1986 diversaque
3565 1914 3877 1970 miracula

2178 2004 2527 2059 mirabiliter
2556 2018 2874 2076 peragens,
2908 2003 3127 2058 scilicet
3152 2018 3429 2069 gressum
3461 2002 3728 2081 claudis,
3762 2020 3876 2058 au-

2178 2093 2370 2149 ditum
2412 2092 2629 2160 surdis,
2686 2092 2887 2147 visum
2918 2092 3111 2162 caecis,
3143 2092 3464 2165 pristinam
3520 2092 3865 2148 sanitatem

2178 2181 2525 2255 paralyticis
2552 2200 2564 2247 ;
2593 2181 2890 2237 mundam
2922 2186 3277 2253 gratamque
3301 2186 3357 2236 et
3381 2181 3750 2237 deliciosam
3771 2198 3877 2236 cu-

2180 2276 2298 2327 tem
2322 2276 2379 2326 et
2402 2286 2646 2325 carnem
2671 2269 2921 2342 leprosis
2941 2268 3224 2338 largiens;
3253 2270 3564 2342 marisque
3588 2274 3875 2326 tumores

2181 2360 2294 2415 sibi
2319 2364 2377 2415 et
2417 2362 2584 2415 Petro
2613 2358 2930 2414 calcabiles
2970 2359 3267 2430 praebens,
3309 2358 3549 2431 ipsique
3593 2360 3759 2414 mari
3816 2366 3875 2416 et

2180 2448 2371 2504 ventis
2399 2447 2754 2521 praecipiens
2781 2466 2793 2502 :
2837 2452 3128 2515 mortuos,
3158 2447 3301 2513 quin
3333 2447 3518 2503 etiam
3564 2450 3872 2504 Lazarum

2176 2538 2238 2593 in
2269 2541 2664 2593 monumento
2696 2536 3187 2609 quatriduanum,
3221 2537 3616 2605 suscitavit,et
3645 2540 3875 2594 omnia

2178 2643 2554 2699 quaecunque
2583 2625 2769 2682 voluit
2796 2626 2855 2681 in
2888 2626 3062 2692 coelo,
3086 2631 3143 2682 et
3180 2625 3241 2681 in
3272 2630 3445 2695 terra,
3479 2630 3542 2681 et
3565 2627 3626 2682 in
3673 2628 3872 2693 mari,

2178 2721 2234 2771 et
2261 2716 2321 2771 in
2350 2715 2633 2771 omnibus
2665 2716 2904 2787 abyssis
2931 2716 3081 2771 fecit.
3105 2715 3365 2789 Denique
3398 2715 3480 2771 ad
3500 2722 3871 2790 spontanee?

2178 2805 2387 2862 mortis
2418 2805 2827 2878 spectaculum
2850 2806 3140 2878 pervenit,
3157 2822 3343 2879 quam
3367 2810 3426 2861 et
3448 2806 3615 2862 cruci
3635 2806 3872 2863 afﬁxus

2101 2926 2140 2979 α
2180 2892 2501 2960 sustinens,
2533 2892 2682 2947 dum
2714 2910 2824 2949 suo
2854 2894 2927 2949 de
2956 2893 3138 2949 latere
3183 2909 3409 2966 aquam
3447 2910 3867 2967 cruoremque

2177 2981 2455 3053 produxi,
2481 2981 2771 3050 virginem
2797 2981 3375 3055 immaculatamque
3397 2982 3715 3039 ecclesiam
3741 2984 3865 3040 sibi

2177 3069 2466 3137 exhibuit,
2483 3070 2778 3139 sanguine
2806 3071 3206 3144 redemptam,
3224 3071 3399 3127 latice
3429 3071 3857 3138 emundatam;

2177 3174 2252 3214 ne
2278 3163 2382 3213 aut
2406 3158 2709 3214 maculam
2738 3159 2984 3216 haberet
3006 3176 3114 3232 per
3127 3159 3491 3227 crimen,aut
3511 3176 3728 3231 rugam
3748 3177 3864 3233 per

2177 3247 2606 3321 duplicitatem.
2657 3249 2851 3307 Mortis
2893 3265 3158 3321 namque
3190 3248 3494 3305 celebrato
3542 3252 3859 3321 mysterio,

2177 3335 2531 3408 internoque
2564 3336 2912 3409 exspoliato,
2958 3337 3055 3392 die
3084 3337 3338 3393 surrexit
3388 3338 3582 3403 tertio,
3609 3338 3857 3410 suisque

2177 3424 2457 3481 ﬁdleibus
2490 3441 2551 3480 se
2582 3425 2973 3482 manifestum
2992 3426 3302 3493 exhibens,
3338 3443 3478 3482 cum
3503 3428 3589 3483 eis
3609 3442 3860 3483 conver-

2180 3512 2390 3583 sando,
2433 3514 2900 3585 quadragesimo
2944 3531 3067 3571 sum
3110 3515 3565 3571 resurrectionis
3605 3515 3701 3571 die
3732 3532 3857 3572 ear-

2176 3618 2531 3674 nem,quam
2553 3602 2627 3658 de
2649 3603 2884 3673 Virgine
2908 3603 3486 3677 sumpsnt,apostolis
3508 3604 3853 3660 videntibus

2178 3690 2414 3746 sustulit
2443 3690 2612 3746 c0310.
2647 3692 2811 3747 Hanc
2841 3707 3105 3765 namque
3132 3697 3412 3762 mortem,
3445 3708 3641 3765 quam
3662 3693 3850 3748 hostis

2177 3779 2461 3851 antiquus
2505 3780 2876 3853 protoplasto
2906 3782 3228 3854 generique
3258 3782 3389 3853 ejus
3444 3781 3670 3848 intulit,
3705 3782 3851 3837 abo-

2174 3866 2294 3923 lere
2320 3867 2560 3923 famulis
2591 3868 2712 3924 suis
2750 3869 3006 3941 paravit,
3039 3870 3265 3942 iterque
3296 3869 3671 3937 inviolabile,
3728 3885 3850 3942 quo

2178 3956 2573 4013 ascenderent
2616 3957 2777 4013 unde
2808 3958 2964 4030 lapsi
2993 3963 3151 4027 sunt,
3183 3958 3651 4030 demonstravit,
3695 3958 3843 4014 dum

2177 4060 2423 4100 carnem
2467 4050 2735 4101 nostram
2766 4062 2971 4102 secum
3014 4046 3093 4102 ad
3125 4050 3287 4102 astra
3338 4046 3519 4102 vexit.
3555 4048 3853 4111 Quocirca

2178 4134 2397 4206 copula
2438 4134 2698 4190 duorum
2745 4134 3196 4201 elementorum,
3258 4134 3483 4191 scilicet
3531 4135 3750 4203 hamo,
3803 4136 3853 4191 si

2177 4220 2326 4276 dum
2380 4221 2590 4277 vixerit
2628 4224 2745 4277 Deo
2793 4221 3115 4278 famulatus
3164 4222 3357 4289 fuerit,
3408 4223 3659 4292 ejusque
3690 4239 3857 4293 prae-

2176 4310 2360 4382 ceptis
2406 4311 2540 4366 totis
2580 4311 2798 4367 virium
2845 4311 3266 4367 conaminibus
3307 4309 3658 4379 obediverit,
3700 4328 3860 4384 pars

2174 4400 2309 4455 viva
2338 4405 2396 4456 et
2450 4400 2767 4472 potentior,
2817 4417 2952 4473 quae
2984 4416 3228 4471 germen
3258 4401 3338 4457 ab
3382 4401 3601 4457 aethere
3646 4404 3854 4470 traxit,

2174 4488 2415 4561 hospita
2460 4489 2690 4545 viscera
2730 4490 2823 4545 sui
2870 4491 3157 4563 corporis,
3207 4492 3498 4546 recusatis
3549 4492 3859 4563 contagiis

2175 4577 2381 4645 hostis,
2433 4577 2512 4633 ad
2542 4579 2764 4635 aethera
2795 4596 3000 4635 secum
3049 4579 3398 4653 reportabit.
3461 4580 3518 4637 Si
3553 4581 3708 4637 forte
3744 4588 3860 4638 ter-

2173 4666 2373 4722 restris
2396 4666 2674 4723 voluntas
2696 4667 2925 4724 luteum
2951 4668 3233 4741 sapuerit,
3248 4672 3305 4724 et
3329 4684 3515 4739 grave
3546 4670 3860 4726 nefarium

2174 4755 2517 4827 captaverit,
2594 4756 2933 4829 animaeque
2991 4758 3255 4825 virtutes
3320 4759 3701 4814 coacervatis
3770 4761 3860 4816 ni-

2171 4844 2364 4900 mium
2424 4844 2598 4914 vitiis,
2654 4846 3070 4920 abdicastique
3122 4846 3636 4920 promissionibus
3697 4865 3861 4922 quas

2170 4932 2232 4988 in
2288 4933 2590 5006 baptismo
2656 4934 3069 5008 spoponderit,
3125 4935 3394 5008 pondere
3451 4943 3857 5008 peccatorum

2170 5022 2550 5096 oppresserit,
2601 5024 2870 5079 animam
2925 5040 3127 5080 secum
3180 5024 3424 5080 trahens
3481 5025 3566 5081 ad
3616 5026 3861 5083 inferna

2170 5111 2813 5185 torquebit.Propterea
2845 5113 3130 5187 sepulcris
3152 5112 3523 5186 impenditur
3546 5131 3585 5170 a
3609 5115 3864 5171 Christi

2169 5201 2313 5256 colis
2344 5200 2609 5257 maxima
2640 5218 2803 5271 cura,
2830 5202 3063 5276 illisque
3084 5202 3411 5259 creduntur
3431 5219 3702 5275 corpora
3728 5221 3860 5261 non

2168 5290 2406 5361 penitus
2436 5295 2693 5357 mortua,
2728 5292 2831 5347 sed
2864 5308 3105 5348 summo
3161 5293 3322 5363 [leg.,
3355 5294 3601 5364 somno}
3654 5294 3809 5350 data
3841 5314 3855 5349 :

2167 5377 2313 5450 quia
2338 5377 2573 5434 venient
2596 5379 2739 5435 olim
2771 5380 2991 5437 saecula
3019 5380 3079 5435 in
3121 5379 3344 5451 quibus
3374 5379 3582 5435 socius
3614 5397 3853 5438 ammm

2167 5466 2330 5521 calor
2357 5466 2615 5522 visitabit
2638 5485 2797 5536 ossa,
2816 5469 3067 5541 vivoque
3093 5469 3385 5538 sanguine
3416 5469 3698 5526 animata
3721 5486 3861 5540 ges-

2166 5555 2315 5611 tabit
2324 5554 2573 5628 pristina
2603 5556 3242 5625 habitacula,videlicet
3263 5556 3567 5615 cadavera
3593 5559 3858 5616 tumulis
