4004 6178
212 109 308 162 745

914 99 1004 152 DE
1046 99 1289 155 GESTIS
1327 98 1756 155 NORMANNLE
1794 98 2053 156 DUCUM.
2093 131 2162 141 -
2203 105 2330 159 LIB.

2411 109 2499 162 Ill.
2542 110 2961 168 RICHARDUS.
3550 121 3655 173 746

210 227 559 304 putrefacta,
593 222 1014 293 volucresque
1045 221 1356 294 rapientur
1382 222 1442 278 in
1465 238 1642 278 auras
1670 221 1898 294 priores
1936 225 1986 278 A
2017 224 2207 282 otiosa
2245 227 2394 283 dum
2422 246 2810 303 supervacua:
2839 234 3120 307 loqueris.
3153 238 3276 293 Pax
3331 241 3388 294 et
3435 254 3681 297 concor-

207 335 352 392 quas
381 315 744 371 habuerunt
776 311 1024 366 animas
1072 312 1376 380 comitata,
1436 311 1581 384 quia
1628 309 1898 366 interitus

205 407 380 478 hujus
408 402 626 460 mortis
659 398 977 472 reparatio
1006 403 1096 454 est
1129 399 1259 455 vitae
1308 399 1586 456 melioris.
1641 403 1790 455 Nam
1847 400 1898 456 si

205 492 429 549 cariosa
458 489 737 545 vetustas
788 488 986 540 totum
1043 499 1267 556 corpus
1320 484 1672 552 dissolverit,
1727 488 1793 540 ut
1836 484 1899 540 in

204 595 481 638 mensura
510 574 756 633 minimi
783 572 1006 647 pugilli
1036 573 1168 644 erS
1233 572 1552 629 civisculus
1584 575 1676 643 sit,
1701 573 1898 630 illum-

203 686 313 743 que
343 668 606 724 cinerem
637 679 803 732 vaga
833 661 1093 717 ﬂamina
1140 665 1197 716 et
1257 676 1419 717 aurae
1469 677 1576 734 per
1632 678 1893 718 vacuum

201 754 372 811 inane
402 750 664 819 tulerint,
698 747 1025 803 hominem
1061 744 1296 818 perisse
1327 761 1451 800 non
1475 745 1675 802 licebit
1727 763 1738 800 :
1793 763 1894 802 ve-

199 860 332 900 rum
363 846 465 899 aut
493 856 634 896 cum
663 853 792 910 quo
826 837 1084 891 virtutes
1114 833 1327 890 anima
1353 835 1702 903 exercuerit,
1753 852 1893 891 cum

199 935 331 1008 ipso
359 927 847 989 remunerabitur
871 946 884 992 ;
913 930 1020 982 aut
1053 940 1195 980 cum
1215 939 1344 995 quo
1371 926 1722 996 peccaverit,
1751 942 1892 982 cum

195 1027 328 1092 ipso
383 1016 684 1090 punietur;
756 1017 819 1068 et
876 1011 981 1080 ita,
1038 1008 1250 1081 judice
1316 1009 1545 1065 Christo
1593 1011 1692 1064 Dei
1747 1010 1892 1079 ﬁlio,

199 1110 370 1165 ibunt
395 1103 557 1178 impii
584 1103 644 1158 in
668 1101 886 1172 ignem
917 1095 1409 1167 aeternum,justi
1442 1102 1641 1153 autem
1695 1097 1758 1152 in
1810 1098 1894 1154 vi-

199 1203 322 1254 tam
353 1201 649 1252 aeternam.
675 1190 820 1244 Haec
852 1193 944 1245 est
971 1188 1125 1243 ﬁdes
1158 1185 1482 1252 catholica,
1532 1203 1721 1258 quam
1774 1186 1893 1242 nisi

199 1283 455 1357 quisque
483 1276 726 1334 ﬁdeliter
748 1272 1134 1344 ﬁrmiterque
1159 1269 1508 1339 crediderit,
1555 1271 1760 1326 salvus
1792 1287 1887 1326 es-

203 1389 265 1427 se
297 1385 416 1426 non
446 1365 670 1441 poterit.
705 1366 834 1419 Hoc
868 1361 1331 1416 ﬁrmamentum
1370 1358 1690 1415 salutiferae
1750 1375 1890 1415 nos-

202 1467 303 1516 trae
333 1453 707 1522 credulitatis,
728 1452 856 1506 hoc
891 1448 1244 1522 symbolum
1274 1447 1606 1518 profuturae
1638 1447 1780 1504 ﬁdei
1831 1452 1888 1503 et

205 1544 432 1601 salutis.
460 1565 486 1591 »
515 1541 652 1602 Quae
684 1535 1010 1592 audientes
1041 1531 1179 1588 Daci
1220 1529 1690 1604 obstupuerunt,
1735 1532 1886 1588 imo-

204 1650 319 1707 que
344 1631 637 1688 trahentes
654 1641 882 1682 vocem
912 1640 986 1680 ex
1015 1626 1256 1696 pectore
1295 1620 1583 1676 dixerunt
1630 1638 1642 1676 :
1697 1644 1724 1671 ‹‹
1761 1623 1888 1678 Heu

204 1723 378 1780 nobis
431 1718 700 1776 omnium
748 1715 1056 1770 bonorum
1109 1709 1356 1780 ignaris,
1434 1710 1886 1783 scripturasque

203 1804 620 1873 nescientibus,
649 1815 854 1872 neque
877 1797 1158 1852 virtutem
1188 1794 1308 1860 Dei,
1341 1794 1493 1867 quia
1542 1794 1692 1850 nihil
1723 1794 1889 1850 diffe-

205 1896 394 1951 rimus
437 1889 665 1954 belluis,
721 1901 922 1958 neque
971 1882 1186 1939 avibus
1242 1881 1412 1936 coeli!
1470 1881 1590 1936 Illae
1633 1899 1757 1953 quo
1807 1883 1886 1938 ad

207 1999 469 2057 praesens
489 1981 692 2035 vivant
737 1976 1078 2049 quaeritant,
1122 1970 1884 2057 nihilque__adqu_isitionis

209 2055 328 2123 sibi
365 2067 738 2122 conservant.
782 2064 898 2115 Nos
923 2073 1067 2114 vero
1096 2071 1218 2128 quo
1258 2055 1537 2110 similiter
1585 2055 1882 2124 vivamus,

207 2153 544 2228 rapinando
570 2151 939 2207 incessanter
964 2144 1312 2218 quaerimus,
1346 2145 1460 2200 sed
1516 2143 1577 2199 in
1605 2160 1676 2200 eo
1710 2143 1790 2199 ab
1813 2143 1882 2198 il-

206 2244 278 2299 lis
311 2243 628 2306 distamus,
661 2238 807 2311 quia
834 2234 1001 2309 quod
1031 2233 1167 2289 cibo
1219 2232 1518 2304 potuique
1571 2232 1882 2300 exuberat,

205 2329 268 2384 in
289 2331 596 2400 posterum
626 2319 1088 2379 thezaurizando
1135 2332 1540 2372 reservamus.
1575 2320 1659 2373 Da
1707 2315 1883 2370 nobis

207 2415 449 2473 salubre
479 2412 814 2478 consilium,
849 2410 1114 2482 petimus
1147 2409 1447 2479 quatenus
1480 2405 1558 2461 ad
1614 2421 1882 2478 praesens

195 2510 264 2561 et
286 2505 349 2560 in
379 2507 670 2558 aeternum
696 2500 897 2554 vivere
927 2497 1264 2552 valeamus.
1302 2516 1330 2542 ››
1362 2497 1526 2549 Tunc
1556 2493 1680 2548 dux
1714 2511 1726 2548 :
1758 2515 1784 2542 «
1825 2494 1882 2550 Si

209 2589 360 2643 velle
377 2592 469 2642 est
492 2585 665 2641 vobis
682 2584 968 2638 inhaerere
985 2579 1207 2636 nostris
1232 2577 1515 2647 consiliis,
1534 2592 1646 2646 ego
1664 2577 1883 2633 faciam

204 2695 318 2734 vos
349 2676 625 2749 primitus
649 2670 941 2744 baptizari
966 2670 1029 2725 in
1061 2667 1307 2724 nomine
1335 2667 1519 2721 Patris
1556 2671 1612 2721 et
1655 2665 1776 2720 Filii
1827 2671 1885 2723 et

210 2766 464 2840 Spiritus
497 2763 682 2819 sancti
717 2780 728 2826 ;
765 2758 1164 2832 ampliorique
1214 2755 1431 2840 deinde
1484 2755 1879 2840 integerrimas

208 2838 352 2906 ﬁdei
382 2846 806 2922 praedicatione
839 2843 916 2899 ab
947 2840 1246 2914 episcopis
1277 2838 1582 2911 profusius
1637 2839 1878 2908 erudiri,

208 2946 424 3014 postea
469 2934 824 2993 muneribus
882 2929 1258 3002 largissimis,
1308 2927 1734 3014 beneﬁciisque
1757 2944 1881 2984 am-
1913 2923 1953 2977 C

211 3011 498 3097 plissimis
514 3019 710 3085 ditari,
738 3017 962 3090 quibus
986 3014 1188 3069 vivere
1211 3011 1540 3085 quiveritis,
1564 3011 1697 3066 etin
1715 3016 1879 3067 aeter-

209 3130 361 3168 num
419 3126 540 3166 non
568 3107 858 3181 peribitis.
915 3103 1029 3161 Sed
1087 3102 1224 3158 vitae
1276 3100 1585 3173 praesentis
1644 3100 1878 3171 solatio,

209 3203 426 3258 futurae
455 3195 953 3256 remunerationis
981 3192 1190 3248 bravio
1223 3191 1348 3246 sine
1406 3190 1525 3246 ﬁne
1578 3190 1878 3262 fruemini,

210 3288 257 3342 si
290 3284 686 3354 integerrimas
732 3279 919 3353 pacis,
975 3293 1165 3351 quam
1221 3274 1481 3347 requiro,
1541 3274 1880 3332 felicitatem

209 3392 336 3432 non
368 3371 715 3430 abnueritis.
745 3392 774 3418 »
804 3372 878 3423 At
897 3366 980 3422 illi
1014 3383 1026 3420 :
1061 3388 1086 3414 ‹‹
1122 3368 1187 3420 Et
1212 3363 1588 3420 securitatem
1619 3363 1804 3436 pacis,
1824 3369 1882 3420 et

208 3469 481 3520 tenorem
512 3460 917 3515 sacrosancta
942 3453 1082 3509 ﬁdei
1116 3452 1488 3525 spondemus
1507 3451 1630 3520 tibi,
1657 3457 1878 3508 etnun-

205 3563 400 3620 quam
430 3544 640 3600 devius
669 3557 833 3597 error
860 3544 966 3595 tuo
991 3537 1240 3594 consilio
1262 3536 1503 3592 deviare
1533 3552 1646 3592 nos
1679 3551 1879 3608 perur-

209 3637 392 3708 gebit.
425 3659 453 3684 ››
502 3635 680 3688 Pacta
727 3630 955 3703 quippe
1002 3631 1184 3682 noctu
1213 3626 1354 3697 ﬁde,
1386 3629 1443 3681 et
1477 3626 1678 3696 jurata
1706 3625 1875 3696 pacis

208 3727 431 3799 quiete,
465 3723 610 3779 dixit
653 3719 984 3776 Richardus
1032 3716 1382 3773 demulcens
1435 3731 1546 3799 eos
1591 3712 1877 3799 melliilua

207 3797 570 3867 allocutione
623 3823 634 3860 :
699 3827 726 3855 ‹‹
756 3801 1154 3869 Revertimini,
1189 3815 1460 3856 mearum
1495 3797 1712 3853 virium
1746 3798 1876 3854 ani-

208 3914 450 3972 maeque
480 3913 630 3953 mea;
653 3898 873 3968 partes,
906 3891 1122 3948 furtivo
1153 3905 1360 3961 gressu
1389 3887 1467 3944 ad
1495 3892 1722 3942 vestras
1770 3903 1876 3943 na-

208 4006 338 4058 ves,
365 4004 440 4042 ne
466 3983 786 4041 videamini
815 4000 827 4037 :
889 3996 1086 4053 neque
1131 3978 1278 4034 sciat
1327 3976 1585 4049 quisque
1626 3976 1744 4031 huc
1765 3993 1874 4032 vos

205 4073 451 4129 venisse
477 4071 898 4143 praecaventes.
931 4063 1198 4120 Diluculo
1220 4077 1360 4116 vero
1392 4060 1690 4116 revocabo
1743 4078 1872 4126 vos,

205 4162 554 4236 pariterque
586 4155 1050 4213 tumultuantem
1081 4152 1225 4208 dira:
1257 4149 1499 4236 cervicis
1529 4149 1788 4222 plebem,
1821 4154 1877 4205 et

206 4234 617 4318 depostulabo
673 4237 1044 4295 multimodis
1099 4234 1440 4309 precatibus
1508 4237 1772 4289 vestram
1820 4238 1878 4289 et

205 4335 451 4391 illorum
531 4331 830 4404 pietatem,
907 4325 1072 4398 pacis
1149 4323 1280 4380 dari
1358 4321 1744 4389 incrementa,
1821 4325 1878 4378 et

207 4423 430 4498 quietis
470 4419 857 4478 afﬁnitatem.
918 4413 1204 4471 Abdicate
1258 4416 1315 4468 et
1349 4409 1618 4498 resistite
1673 4409 1877 4498 objur-

205 4494 419 4581 gancio
471 4522 608 4560 cum
635 4503 746 4558 illis
772 4500 970 4557 verbis
1000 4498 1170 4567 meis,
1224 4494 1591 4566 tandemque
1645 4494 1878 4566 prolixa

207 4596 515 4654 simultate
593 4593 691 4648 vix
742 4591 912 4646 ﬁnita
963 4587 1110 4644 votis
1163 4584 1529 4658 adquiescite
1613 4583 1786 4640 meis.
1843 4606 1872 4634 »

206 4685 315 4742 His
346 4684 428 4740 ita
451 4681 790 4739 clanculum
819 4677 1129 4753 peroratis,
1159 4676 1235 4732 ad
1293 4691 1402 4730 sua
1454 4673 1712 4746 quisque
1742 4689 1876 4728 ves-

204 4770 357 4841 tigia
387 4768 567 4825 torsit.
594 4767 788 4822 Primo
813 4763 1014 4835 itaque
1042 4776 1218 4816 mane
1241 4759 1364 4814 dux
1408 4773 1669 4828 magnus
1716 4757 1878 4814 festi-

202 4863 429 4917 nanter
480 4855 802 4924 consurgit,
857 4848 1520 4920 inuumerabilibusque
1582 4850 1878 4902 Dacorum

205 4947 556 5020 legionibus
578 4945 779 5002 ascitis
800 4939 1155 4998 ﬁducialiter
1174 4937 1349 4993 dixit:
1369 4960 1397 4987 «
1413 4936 1714 4993 Malivolas
1735 4953 1877 5008 pra-

203 5056 301 5094 vae
329 5034 667 5093 intentionis
694 5033 985 5102 ambages
1015 5045 1206 5101 usque
1233 5026 1418 5082 modo
1475 5026 1874 5098 praestolatus,

200 5128 427 5184 iterum
455 5126 789 5196 iterumque
810 5123 1080 5194 repetam
1131 5116 1311 5172 vestri
1338 5114 1624 5171 obstinati
1678 5114 1875 5170 cordis

202 5231 546 5273 excessum.
591 5213 967 5280 Abnegatam
1016 5204 1315 5262 multoties
1361 5203 1873 5277 opportunitatem

200 5305 382 5380 pacis
405 5303 560 5372 date,
589 5315 927 5375 precamur,
959 5295 1152 5352 nobis.
1184 5317 1210 5343 ››
1261 5297 1422 5349 Tunc
1480 5291 1874 5349 Northmanni

200 5395 517 5451 voluntate
546 5392 837 5464 dispares,
868 5385 1190 5442 intulerunt
1207 5383 1502 5438 Richardo
1522 5397 1641 5437 una
1667 5382 1872 5436 dicen-

201 5489 294 5543 tes
322 5501 336 5538 :
364 5505 393 5532 «
417 5483 657 5537 Frustra
681 5478 977 5543 laboram,
1008 5473 1111 5548 qui
1139 5487 1323 5545 supra
1349 5475 1582 5544 petram
1642 5469 1874 5526 semina

193 5576 418 5650 jactat.
440 5570 770 5628 Verborum
783 5571 1028 5624 tuorum
1069 5563 1341 5622 laborem
1362 5559 1616 5618 inaniter
1645 5557 1869 5631 fundis,

603 5661 852 5716 Ρλτιιοι..
891 5652 1064 5712 CXLI.

2014 313 2134 382 dia,
2186 315 2282 371 cui
2313 331 2434 372 non
2463 321 2838 392 acquiescere
2868 323 3170 394 superﬂue
3228 327 3470 397 satagis,
3527 327 3680 384 inter

2011 417 2125 457 nos
2156 407 2213 459 et
2244 407 2500 462 Francos
2525 423 2830 480 nusquam
2861 413 2918 465 et
2944 427 3262 484 nunquam
3293 414 3417 470 erit.
3477 417 3679 470 Exter-

2008 491 2407 550 minabuntur
2433 500 2655 564 autem,
2702 498 3090 570 perimantur,
3149 505 3207 558 et
3257 502 3455 558 omnis
3513 504 3677 561 natio

2007 580 2251 638 illorum
2281 585 2519 655 penitus
2548 585 2861 642 delebitur.
2893 587 2948 643 Si
2987 587 3123 660 quis
3165 590 3452 661 indignus
3504 593 3680 649 fuerit

2008 670 2312 741 inventus,
2335 679 2553 730 nostra
2579 674 2791 730 ditioni
2838 676 2970 746 [al.,
3002 677 3352 749 conditioni]
3401 681 3676 752 subjace-

2007 758 2113 815 bit.
2145 763 2349 817 Nonne
2381 779 2530 818 avus
2567 768 2704 818 tuus
2735 769 2951 820 terram
2981 763 3076 819 cui
3107 781 3356 837 praeces,
3398 769 3676 842 depopu-

2007 843 2151 900 latio
2181 848 2441 904 Franciae
2474 867 2683 923 regno,
2733 851 3063 907 vindicavit
3084 852 3197 908 sibi
3221 855 3402 909 armis
3419 857 3446 910 ?
3467 878 3494 905 ))
3515 860 3678 914 Tunc

2009 950 2046 989 a
2105 935 2353 994 minimo
2407 956 2598 1012 usque
2650 941 2728 996 ad
2779 941 3117 996 maximum
3146 941 3505 1016 reciproqua
3529 961 3679 1002 voce

2008 1023 2208 1079 cuncti
2237 1025 2518 1083 dixerunt
2569 1045 2581 1082 :
2630 1051 2657 1078 «
2691 1031 2807 1085 Aut
2832 1029 3185 1101 moriemur,
3216 1034 3322 1086 aut
3343 1030 3680 1086 vindicabi-

2009 1115 2124 1167 tur.
2160 1137 2188 1163 »
2221 1114 2550 1172 Richardus
2581 1134 2724 1174 vero
2741 1118 2864 1174 dux
2885 1134 3144 1188 magnus
3165 1134 3374 1190 preces
3396 1120 3680 1193 precibus

1997 1200 2316 1270 jungebat,
2346 1219 2569 1279 eosque
2599 1205 2744 1262 dare
2778 1223 2992 1280 pacem
3035 1205 3257 1263 obnixe
3309 1209 3676 1280 postulabat.

2005 1289 2129 1346 Sed
2149 1308 2322 1348 mens
2343 1294 2583 1352 illorum
2607 1296 2888 1368 precibus
2909 1297 3040 1367 ejus
3061 1296 3312 1354 minime
3330 1299 3678 1371 acquiesce-

1999 1377 2132 1434 bat.
2156 1383 2318 1438 Tunc
2335 1383 2436 1452 illi,
2455 1383 2560 1457 qui
2577 1389 2761 1440 noctu
2782 1401 2996 1457 pacem
3020 1387 3496 1460 spoponderant,
3511 1393 3678 1445 caete-

2000 1468 2089 1522 ris
2114 1468 2443 1528 intulerunt
2472 1492 2485 1529 z
2530 1497 2557 1523 «
2576 1477 2685 1531 Pro
2712 1475 2884 1546 cujus
2933 1475 3233 1548 adjutorio
3251 1481 3308 1533 et
3331 1477 3678 1536 defensione

1922 1576 1960 1630 Β
1997 1555 2129 1613 huc
2155 1561 2542 1634 accessimus,
2583 1580 2959 1637 consequens
2993 1569 3087 1621 est
3118 1570 3184 1622 ut
3220 1567 3502 1640 precibus
3548 1570 3678 1640 ejus

1996 1661 2352 1718 pareamus.
2378 1653 2796 1724 Opportunum
2815 1657 2901 1708 est
2918 1653 3045 1710 ticri
3067 1655 3233 1727 quod
3244 1656 3519 1713 ambiens
3543 1674 3682 1715 con-

1995 1738 2276 1810 cupiscit,
2297 1741 2892 1809 satisfactionemque
2915 1744 3241 1800 concedere
3263 1745 3515 1804 libenter
3540 1749 3673 1820 ejus

1996 1826 2156 1882 votis
2184 1846 2196 1897 ;
2231 1829 2406 1900 cujus
2449 1830 2699 1887 consilio
2729 1847 2804 1887 au
2817 1840 2850 1887 ‘1
2865 1833 3196 1900 Prebimus,
3229 1834 3347 1892 nisi
3375 1835 3544 1892 istius
3563 1839 3592 1894 ?
3622 1842 3680 1894 et

1996 1916 2174 1986 cujus
2188 1918 2532 1991 precatibus
2554 1920 3033 1992 acquiesccmus,
3054 1921 3164 1976 nisi
3187 1923 3361 1994 cujus
3382 1924 3676 1982 beneﬁcio

1993 2005 2268 2074 quotidie
2281 2006 2538 2062 fruimur
2559 2007 2770 2080 [haud]
2789 2011 3033 2082 p-trcius
3057 2009 3084 2064 ?
3115 2031 3142 2060 »
3161 2009 3262 2066 His
3307 2013 3546 2084 auditis,
3569 2015 3676 2088 qui

1994 2098 2366 2150 nocturnum
2394 2095 2760 2166 ignorabant
2779 2098 3120 2166 consilium,
3148 2099 3528 2159 vehementer
3549 2108 3674 2159 tur-

1994 2179 2141 2250 bati,
2167 2190 2481 2256 coeperunt
2519 2184 2932 2243 vehementius
2979 2186 3205 2243 obortis
3255 2191 3675 2247 contradictio-

1993 2285 2146 2326 num
2160 2272 2689 2330 vociferationibus
2701 2275 2967 2342 rixari,et
2979 2275 3260 2334 dixerunt
3279 2297 3292 2334 :
3319 2302 3346 2329 «
3368 2282 3573 2337 Utrem
3581 2297 3672 2348 ur,

1993 2359 2282 2429 fautores,
2308 2363 2457 2435 quin
2480 2363 2824 2422 adulatores
2854 2366 3038 2435 hujus
3078 2368 3312 2425 consilii
3343 2370 3506 2444 estis,
3533 2371 3676 2428 ideo

1995 2449 2138 2506 talia
2167 2450 2398 2506 nefaria
2429 2449 2605 2506 nobis
2635 2452 3004 2527 impenditis.
3033 2457 3162 2510 Non
3188 2457 3295 2512 erit
3326 2459 3669 2516 secundum

1994 2539 2170 2594 vestri
2200 2538 2492 2612 propositi
2521 2539 2779 2613 libitum,
2814 2560 2919 2598 nec
2947 2560 3065 2615 pax
3089 2561 3226 2617 quae
3256 2548 3527 2619 requitur
3555 2549 3668 2605 da-

1991 2625 2154 2682 bitur
2182 2627 2260 2683 ab
2289 2626 2410 2682 ullo
2442 2631 2737 2684 nostrum.
2771 2632 3250 2688 Ccnsczitaneam
3299 2639 3509 2690 vestra;
3565 2652 3673 2692 vo-

1992 2714 2206 2771 luntati
2226 2714 2621 2771 intentionem
2649 2716 2846 2774 hiulce
2895 2717 3071 2774 nobis
3123 2721 3459 2794 aperuistis,
3528 2740 3667 2798 qua:

1992 2801 2394 2871 refragabitur
2422 2804 2710 2861 audacter
2763 2807 3182 2881 superstitibus
3233 2810 3428 2867 nobis.
3494 2812 3671 2877 Quod

1993 2893 2662 2967 mandatprecaturque
2716 2895 2862 2962 dux,
2910 2897 3154 2954 minime
3171 2897 3668 2956 intercessoribus

1991 2980 2164 3035 vobis
2189 2981 2562 3054 parebimus,
2594 2999 2801 3040 verum
2826 2986 3074 3042 Francia
3096 3003 3288 3060 usque
3309 2989 3388 3045 ad
3408 2989 3669 3046 interne-

1992 3068 2227 3125 cionem
2243 3072 2428 3127 armis
2447 3071 2702 3128 ferocius
2723 3073 3208 3147 depopulabitur.
3245 3101 3272 3127 ››
3322 3081 3485 3135 Tunc
3528 3095 3670 3137 noc-

1989 3158 2240 3214 turnalis
2263 3160 2491 3216 consilii
2513 3163 2910 3218 conventione
2931 3164 3060 3233 jam
3106 3163 3339 3237 lucrati,
3375 3167 3659 3224 dixerunt

1990 3247 2294 3303 acerrimis
2315 3248 2590 3305 bacchati
2608 3250 2774 3306 furiis
2802 3269 2813 3304 :
2837 3274 2864 3299 «
2884 3254 2944 3305 Nc
2958 3269 3014 3306 in
3035 3252 3534 3310 intercessoribus
3554 3272 3660 3311 no-

1988 3335 2081 3391 bis
2103 3351 2222 3408 pax
2243 3336 2504 3403 dabitur,
2554 3339 2659 3394 sed
2702 3355 2838 3398 eam
2878 3339 3215 3396 volentibus
3239 3341 3662 3398 nolentibusve

1987 3424 2162 3480 vobis
2184 3426 2323 3481 duci
2344 3441 2571 3495 magno
2586 3426 2833 3497 largiem
2847 3444 2934 3483 ur.
2957 3427 3113 3493 Quid
3132 3429 3308 3485 nobis
3322 3430 3654 3504 vobisque?

1987 3515 2193 3570 Nonne
2211 3516 2382 3571 vobis
2404 3519 2550 3571 natu
2571 3517 2851 3587 majores,
2877 3517 3164 3590 prosapia
3185 3518 3530 3590 nobiliores,
3563 3536 3654 3576 ar-

1985 3601 2101 3656 mis
2122 3602 2489 3659 robustiores
2513 3604 2542 3658 ?
2564 3607 2692 3658 Non
2715 3604 3161 3674 intercessores,
3188 3606 3296 3662 sed
3340 3607 3650 3678 largitores

1985 3690 2151 3761 pacis
2169 3691 2469 3747 nominari
2489 3692 2930 3748 debuissemus.
2955 3715 2983 3743 »
3027 3695 3157 3759 Quo
3169 3694 3396 3760 audito,
3415 3695 3538 3751 dux
3560 3695 3650 3750 Ri-

1984 3779 2270 3849 chardus,
2291 3781 2432 3836 hinc
2458 3782 2743 3838 secedens
2761 3783 2843 3837 ait
2862 3781 3064 3838 ascitis
3092 3783 3214 3838 suis
3233 3784 3640 3857 principibus:

1987 3867 2164 3924 Sinite
2185 3869 2317 3923 illos
2338 3869 2678 3925 adinvicem
2699 3868 2803 3924 feri
2815 3875 2898 3926 ter
2912 3869 3114 3934 rixari,
3131 3875 3189 3926 et
3209 3872 3526 3927 videamus
3543 3872 3648 3940 qui

1982 3953 2220 4010 illoruu:
2241 3957 2606 4029 potentiores
2629 3960 2686 4011 et
2699 3956 2973 4012 fortlores
2988 3957 3331 4013 exstiterint.
3351 3957 3655 4013 Tertribus

1982 4043 2161 4114 igitur
2181 4045 2394 4100 diebus
2414 4046 2596 4115 hujus
2620 4044 2887 4101 conflio!i
2912 4045 3244 4115 litigatione
3282 4046 3499 4114 ductis,
3549 4046 3655 4102 ad-

1987 4132 2466 4205 mirantibusque
2489 4132 2867 4202 Francigenis
2890 4149 3031 4189 cum
3070 4134 3465 4203 Richardidis,
3488 4134 3652 4191 dixe-

1983 4225 2122 4276 runt
2137 4221 2487 4276 refutatores
2499 4221 2665 4292 pacis
2684 4221 2940 4294 satrapis
2960 4221 3240 4294 prudenti
3256 4222 3500 4278 consilio
3512 4238 3654 4279 noc-

1984 4313 2048 4364 tu
2069 4308 2412 4382 acquisitis:
2439 4312 2660 4381 «Natu,
2682 4309 3090 4383 prosapiaque
3119 4315 3299 4384 atque
3325 4311 3509 4369 armis
3538 4328 3652 4386 po-

1984 4399 2266 4455 tentiores
2288 4399 2450 4463 estis,
2472 4398 2730 4472 ideoque
2746 4400 3015 4456 volenter
3033 4401 3423 4475 nolenterque
3448 4418 3653 4459 assen-

1985 4488 2202 4544 tiemur
2221 4488 2414 4545 vobis.
2444 4488 2500 4543 Si
2525 4488 2856 4545 Richardus
2873 4490 3018 4560 dux,
3063 4505 3301 4560 magna:
3337 4492 3650 4564 potestatis

1983 4577 2358 4649 largissimos
2371 4579 2560 4634 nostri
2579 4579 2803 4636 itineris
2824 4584 3103 4652 sumptus
3129 4579 3305 4634 nobis
3340 4594 3649 4636 concesse-

1983 4667 2077 4733 rit,
2100 4684 2332 4741 nosque
2351 4667 2687 4724 conducere
2705 4685 2826 4741 quo
2842 4668 3049 4724 ‘vivere
3068 4683 3445 4740 regnumque
3465 4683 3648 4740 expu-

1986 4773 2170 4828 gnare
2191 4757 2496 4813 valeamus
2518 4758 2721 4814 fecerit
2739 4776 2752 4826 ;
2776 4757 3037 4813 Francius
3053 4771 3310 4826 regnum
3325 4772 3647 4830 parcemus

1985 4852 2049 4902 ut
2063 4847 2179 4920 peti
2187 4847 2276 4902 tis.
2291 4846 2568 4918 Alioquin
2591 4863 2654 4903 se
2669 4861 2797 4916 age:-
2810 4865 2819 4898 ι
2832 4851 2904 4915 te,
2923 4845 3256 4916 Franciam,
3274 4861 3463 4918 quam
3478 4845 3646 4903 inva-

1985 4935 2192 5004 simus,
2218 4935 2532 4992 contritam
2551 4935 2723 4991 bellis
2743 4933 3142 5007 incendioque
3167 4939 3225 4990 et
3268 4933 3493 5007 rapinis
3533 4950 3646 5008 ap-

1987 5025 2346 5099 plicabimus
2370 5024 2634 5080 severius
2655 5023 2852 5080 nobis.
2882 5046 2912 5075 »
2933 5026 3094 5079 Tunc
3116 5023 3433 5094 optimates
3449 5038 3641 5096 paga-

1983 5127 2201 5168 norum
2216 5111 2310 5166 his
2327 5111 2631 5182 responsis
2651 5110 2790 5177 laeti,
2813 5127 2947 5183 quae
2966 5109 3286 5168 audierunt
3317 5110 3646 5169 retulerunt

1983 5199 2278 5256 Richardo
2297 5198 2456 5254 duci.
2473 5195 2716 5272 Expleta
2732 5215 2997 5273 namque
3021 5198 3336 5268 legatione,
3361 5199 3493 5256 inﬁt
3517 5201 3644 5258 dux

1980 5292 2319 5362 praepotens
2339 5285 2508 5342 laetus
2525 5287 2725 5344 futura
2749 5303 2896 5359 pace
2942 5305 2954 5342 :
2998 5310 3024 5336 «
3042 5287 3314 5345 Etvictus
3345 5288 3641 5362 amplissi-

1981 5381 2196 5445 mos,et
2205 5377 2457 5432 viatores
2474 5377 2956 5450 quamplurimos
2971 5382 3026 5434 et
3040 5379 3643 5451 praecautos,insuper

1981 5473 2038 5525 et
2051 5468 2311 5524 honores
2333 5468 2638 5523 conferam
2681 5465 3072 5537 largissimas,
3104 5471 3284 5540 atque
3307 5467 3641 5524 conducere

1981 5556 2062 5614 ad
2076 5555 2345 5614 tellurem
2367 5554 2638 5627 opimam
2653 5553 2871 5611 faciam
2889 5553 3047 5612 illos.
3075 5578 3102 5603 »
3130 5555 3484 5612 Renuntiato
3526 5555 3640 5612 lar-

2313 5657 2316 5659 ·
3289 5647 3358 5700 24
