  <div class='ocr_page' id='page_1' title='image "/cluster/home/n/w/nwhite01/storage/ocr_20150623/141/hvd.32044054760012/379.png"; bbox 0 0 4002 6186; ppageno 0'>
   <div class='ocr_carea' id='block_1_1' title="bbox 437 85 540 141">
    <p class='ocr_par' dir='ltr' id='par_1_1' title="bbox 437 85 540 141">
     <span class='ocr_line' id='line_1_1' title="bbox 437 85 540 141; baseline 0.019 -2"><span class='ocrx_word' id='word_1_1' title='bbox 437 85 540 141; x_wconf 71' lang='grc'><strong>747</strong></span> 
     </span>
    </p>
   </div>
   <div class='ocr_carea' id='block_1_2' title="bbox 1416 69 2891 139">
    <p class='ocr_par' dir='ltr' id='par_1_2' title="bbox 1416 69 2891 139">
     <span class='ocr_line' id='line_1_2' title="bbox 1416 69 2891 139; baseline -0.002 -6"><span class='ocrx_word' id='word_1_2' title='bbox 1416 76 1720 139; x_wconf 84' lang='lat' dir='ltr'><strong>DUDONIS</strong></span> <span class='ocrx_word' id='word_1_3' title='bbox 1760 73 2014 137; x_wconf 82' lang='lat' dir='ltr'><strong>DECANI</strong></span> <span class='ocrx_word' id='word_1_4' title='bbox 2057 72 2113 133; x_wconf 82' lang='lat' dir='ltr'><strong>S,</strong></span> <span class='ocrx_word' id='word_1_5' title='bbox 2155 69 2463 137; x_wconf 80' lang='lat' dir='ltr'><strong>QUINTINI</strong></span> <span class='ocrx_word' id='word_1_6' title='bbox 2509 77 2891 137; x_wconf 80' lang='lat' dir='ltr'><strong>VIROMAND.</strong></span> 
     </span>
    </p>
   </div>
   <div class='ocr_carea' id='block_1_3' title="bbox 3765 79 3878 136">
    <p class='ocr_par' dir='ltr' id='par_1_3' title="bbox 3765 79 3878 136">
     <span class='ocr_line' id='line_1_3' title="bbox 3765 79 3878 136; baseline 0.018 -3"><span class='ocrx_word' id='word_1_7' title='bbox 3765 79 3878 136; x_wconf 79' lang='grc'><strong>748</strong></span> 
     </span>
    </p>
   </div>
   <div class='ocr_carea' id='block_1_4' title="bbox 441 194 3774 281">
    <p class='ocr_par' dir='ltr' id='par_1_4' title="bbox 441 194 3774 281">
     <span class='ocr_line' id='line_1_4' title="bbox 441 194 3774 281; baseline -0.002 -18"><span class='ocrx_word' id='word_1_8' title='bbox 441 205 705 281; x_wconf 69' lang='lat' dir='ltr'><strong>gissimze</strong></span> <span class='ocrx_word' id='word_1_9' title='bbox 752 202 1169 278; x_wconf 87' lang='lat' dir='ltr'><strong>promissionis</strong></span> <span class='ocrx_word' id='word_1_10' title='bbox 1214 200 1479 271; x_wconf 88' lang='lat' dir='ltr'><strong>negotio,</strong></span> <span class='ocrx_word' id='word_1_11' title='bbox 1534 201 1894 273; x_wconf 72' lang='lat' dir='ltr'><strong>sedenthuc</strong></span> <span class='ocrx_word' id='word_1_12' title='bbox 1955 212 2091 251; x_wconf 73' lang='lat' dir='ltr'><strong>cum</strong></span> <span class='ocrx_word' id='word_1_13' title='bbox 2133 196 2179 248; x_wconf 84' lang='lat' dir='ltr'><strong>A</strong></span> <span class='ocrx_word' id='word_1_14' title='bbox 2210 194 2507 252; x_wconf 65' lang='lat' dir='ltr'><strong>Proiectus</strong></span> <span class='ocrx_word' id='word_1_15' title='bbox 2535 205 2773 275; x_wconf 88' lang='lat' dir='ltr'><strong>portum</strong></span> <span class='ocrx_word' id='word_1_16' title='bbox 2804 201 3099 271; x_wconf 84' lang='lat' dir='ltr'><strong>stabilem,</strong></span> <span class='ocrx_word' id='word_1_17' title='bbox 3126 201 3438 274; x_wconf 87' lang='lat' dir='ltr'><strong>ventisque</strong></span> <span class='ocrx_word' id='word_1_18' title='bbox 3465 202 3774 273; x_wconf 87' lang='lat' dir='ltr'><strong>quietum,</strong></span> 
     </span>
    </p>
   </div>
   <div class='ocr_carea' id='block_1_5' title="bbox 441 286 2096 362">
    <p class='ocr_par' dir='ltr' id='par_1_5' title="bbox 441 286 2096 362">
     <span class='ocr_line' id='line_1_5' title="bbox 441 286 2096 362; baseline -0.008 -11"><span class='ocrx_word' id='word_1_19' title='bbox 441 294 583 362; x_wconf 87' lang='lat' dir='ltr'><strong>suis,</strong></span> <span class='ocrx_word' id='word_1_20' title='bbox 627 289 1003 362; x_wconf 87' lang='lat' dir='ltr'><strong>Francigenis</strong></span> <span class='ocrx_word' id='word_1_21' title='bbox 1033 288 1427 359; x_wconf 83' lang='lat' dir='ltr'><strong>adstantibus,</strong></span> <span class='ocrx_word' id='word_1_22' title='bbox 1455 289 1607 344; x_wconf 90' lang='lat' dir='ltr'><strong>duce</strong></span> <span class='ocrx_word' id='word_1_23' title='bbox 1637 286 1949 356; x_wconf 83' lang='lat' dir='ltr'><strong>Richardo,</strong></span> <span class='ocrx_word' id='word_1_24' title='bbox 1997 300 2096 339; x_wconf 91' lang='lat' dir='ltr'><strong>ve-</strong></span> 
     </span>
    </p>
   </div>
   <div class='ocr_carea' id='block_1_6' title="bbox 442 372 2099 455">
    <p class='ocr_par' dir='ltr' id='par_1_6' title="bbox 442 372 2099 455">
     <span class='ocr_line' id='line_1_6' title="bbox 442 372 2099 455; baseline -0.008 -14"><span class='ocrx_word' id='word_1_25' title='bbox 442 386 658 441; x_wconf 89' lang='lat' dir='ltr'><strong>nerunt</strong></span> <span class='ocrx_word' id='word_1_26' title='bbox 686 377 1066 447; x_wconf 83' lang='lat' dir='ltr'><strong>unanimiter,</strong></span> <span class='ocrx_word' id='word_1_27' title='bbox 1110 378 1585 455; x_wconf 84' lang='lat' dir='ltr'><strong>pepigeruntque</strong></span> <span class='ocrx_word' id='word_1_28' title='bbox 1611 377 1776 453; x_wconf 87' lang='lat' dir='ltr'><strong>pacis</strong></span> <span class='ocrx_word' id='word_1_29' title='bbox 1806 375 1987 431; x_wconf 85' lang='lat' dir='ltr'><strong>ﬁdem</strong></span> <span class='ocrx_word' id='word_1_30' title='bbox 2019 372 2099 428; x_wconf 87' lang='lat' dir='ltr'><strong>illi</strong></span> 
     </span>
    </p>
   </div>
   <div class='ocr_carea' id='block_1_7' title="bbox 442 463 2098 537">
    <p class='ocr_par' dir='ltr' id='par_1_7' title="bbox 442 463 2098 537">
     <span class='ocr_line' id='line_1_7' title="bbox 442 463 2098 537; baseline -0.007 -8"><span class='ocrx_word' id='word_1_31' title='bbox 442 471 611 529; x_wconf 90' lang='lat' dir='ltr'><strong>vultu</strong></span> <span class='ocrx_word' id='word_1_32' title='bbox 641 466 962 526; x_wconf 90' lang='lat' dir='ltr'><strong>submisso.</strong></span> <span class='ocrx_word' id='word_1_33' title='bbox 997 467 1325 524; x_wconf 83' lang='lat' dir='ltr'><strong>Richardus</strong></span> <span class='ocrx_word' id='word_1_34' title='bbox 1356 484 1496 523; x_wconf 89' lang='lat' dir='ltr'><strong>vero</strong></span> <span class='ocrx_word' id='word_1_35' title='bbox 1524 468 1753 537; x_wconf 75' lang='lat' dir='ltr'><strong>legatos</strong></span> <span class='ocrx_word' id='word_1_36' title='bbox 1777 464 1930 534; x_wconf 86' lang='lat' dir='ltr'><strong>regis</strong></span> <span class='ocrx_word' id='word_1_37' title='bbox 1952 463 2098 519; x_wconf 88' lang='lat' dir='ltr'><strong>dita-</strong></span> 
     </span>
    </p>
   </div>
   <div class='ocr_carea' id='block_1_8' title="bbox 443 553 2097 631">
    <p class='ocr_par' dir='ltr' id='par_1_8' title="bbox 443 553 2097 631">
     <span class='ocr_line' id='line_1_8' title="bbox 443 553 2097 631; baseline -0.006 -15"><span class='ocrx_word' id='word_1_38' title='bbox 443 565 532 616; x_wconf 91' lang='lat' dir='ltr'><strong>tos</strong></span> <span class='ocrx_word' id='word_1_39' title='bbox 560 557 909 617; x_wconf 88' lang='lat' dir='ltr'><strong>muneribus</strong></span> <span class='ocrx_word' id='word_1_40' title='bbox 938 557 1363 631; x_wconf 69' lang='lat' dir='ltr'><strong>praemaximis,</strong></span> <span class='ocrx_word' id='word_1_41' title='bbox 1399 557 1475 615; x_wconf 89' lang='lat' dir='ltr'><strong>ad</strong></span> <span class='ocrx_word' id='word_1_42' title='bbox 1504 573 1706 626; x_wconf 80' lang='lat' dir='ltr'><strong>regem</strong></span> <span class='ocrx_word' id='word_1_43' title='bbox 1755 553 2097 610; x_wconf 78' lang='lat' dir='ltr'><strong>Letharium</strong></span> 
     </span>
    </p>
   </div>
   <div class='ocr_carea' id='block_1_9' title="bbox 442 641 2097 720">
    <p class='ocr_par' dir='ltr' id='par_1_9' title="bbox 442 641 2097 720">
     <span class='ocr_line' id='line_1_9' title="bbox 442 641 2097 720; baseline -0.005 -16"><span class='ocrx_word' id='word_1_44' title='bbox 442 648 685 707; x_wconf 83' lang='lat' dir='ltr'><strong>remisit.</strong></span> <span class='ocrx_word' id='word_1_45' title='bbox 721 646 1115 709; x_wconf 85' lang='lat' dir='ltr'><strong>Denominato</strong></span> <span class='ocrx_word' id='word_1_46' title='bbox 1145 647 1344 720; x_wconf 87' lang='lat' dir='ltr'><strong>itaque</strong></span> <span class='ocrx_word' id='word_1_47' title='bbox 1377 648 1472 704; x_wconf 90' lang='lat' dir='ltr'><strong>die</strong></span> <span class='ocrx_word' id='word_1_48' title='bbox 1501 651 1557 703; x_wconf 91' lang='lat' dir='ltr'><strong>et</strong></span> <span class='ocrx_word' id='word_1_49' title='bbox 1572 647 1705 702; x_wconf 90' lang='lat' dir='ltr'><strong>loco</strong></span> <span class='ocrx_word' id='word_1_50' title='bbox 1727 642 1959 718; x_wconf 83' lang='lat' dir='ltr'><strong>pacifici</strong></span> <span class='ocrx_word' id='word_1_51' title='bbox 1976 641 2097 716; x_wconf 89' lang='lat' dir='ltr'><strong>pla-</strong></span> 
     </span>
    </p>
   </div>
   <div class='ocr_carea' id='block_1_10' title="bbox 443 736 2095 813">
    <p class='ocr_par' dir='ltr' id='par_1_10' title="bbox 443 736 2095 813">
     <span class='ocr_line' id='line_1_10' title="bbox 443 736 2095 813; baseline -0.006 -18"><span class='ocrx_word' id='word_1_52' title='bbox 443 738 560 809; x_wconf 89' lang='lat' dir='ltr'><strong>citi,</strong></span> <span class='ocrx_word' id='word_1_53' title='bbox 583 736 859 811; x_wconf 88' lang='lat' dir='ltr'><strong>datisque</strong></span> <span class='ocrx_word' id='word_1_54' title='bbox 890 741 1107 813; x_wconf 67' lang='lat' dir='ltr'><strong>optatae</strong></span> <span class='ocrx_word' id='word_1_55' title='bbox 1140 738 1307 811; x_wconf 88' lang='lat' dir='ltr'><strong>pacis</strong></span> <span class='ocrx_word' id='word_1_56' title='bbox 1365 737 1639 805; x_wconf 75' lang='lat' dir='ltr'><strong>induciis,</strong></span> <span class='ocrx_word' id='word_1_57' title='bbox 1693 750 1965 807; x_wconf 79' lang='lat' dir='ltr'><strong>paganos</strong></span> <span class='ocrx_word' id='word_1_58' title='bbox 2022 747 2095 787; x_wconf 91' lang='lat' dir='ltr'><strong>ne</strong></span> 
     </span>
    </p>
   </div>
   <div class='ocr_carea' id='block_1_11' title="bbox 444 823 2095 889">
    <p class='ocr_par' dir='ltr' id='par_1_11' title="bbox 444 823 2095 889">
     <span class='ocr_line' id='line_1_11' title="bbox 444 823 2095 889; baseline -0.006 -2"><span class='ocrx_word' id='word_1_59' title='bbox 444 828 655 889; x_wconf 82' lang='lat' dir='ltr'><strong>Franci</strong></span> <span class='ocrx_word' id='word_1_60' title='bbox 680 831 887 889; x_wconf 85' lang='lat' dir='ltr'><strong>contra</strong></span> <span class='ocrx_word' id='word_1_61' title='bbox 913 844 975 885; x_wconf 88' lang='lat' dir='ltr'><strong>se</strong></span> <span class='ocrx_word' id='word_1_62' title='bbox 1004 825 1443 884; x_wconf 89' lang='lat' dir='ltr'><strong>recalcitrarent</strong></span> <span class='ocrx_word' id='word_1_63' title='bbox 1474 842 1676 882; x_wconf 90' lang='lat' dir='ltr'><strong>secum</strong></span> <span class='ocrx_word' id='word_1_64' title='bbox 1694 823 1961 880; x_wconf 88' lang='lat' dir='ltr'><strong>detinuit.</strong></span> <span class='ocrx_word' id='word_1_65' title='bbox 1988 824 2095 878; x_wconf 92' lang='lat' dir='ltr'><strong>De-</strong></span> 
     </span>
    </p>
   </div>
   <div class='ocr_carea' id='block_1_12' title="bbox 445 912 2098 990">
    <p class='ocr_par' dir='ltr' id='par_1_12' title="bbox 445 912 2098 990">
     <span class='ocr_line' id='line_1_12' title="bbox 445 912 2098 990; baseline -0.007 -15"><span class='ocrx_word' id='word_1_66' title='bbox 445 935 623 976; x_wconf 86' lang='lat' dir='ltr'><strong>curso</strong></span> <span class='ocrx_word' id='word_1_67' title='bbox 653 917 832 989; x_wconf 79' lang='lat' dir='ltr'><strong>igitur</strong></span> <span class='ocrx_word' id='word_1_68' title='bbox 864 921 1130 990; x_wconf 89' lang='lat' dir='ltr'><strong>tempore</strong></span> <span class='ocrx_word' id='word_1_69' title='bbox 1156 913 1474 972; x_wconf 86' lang='lat' dir='ltr'><strong>desiderati</strong></span> <span class='ocrx_word' id='word_1_70' title='bbox 1504 913 1724 990; x_wconf 87' lang='lat' dir='ltr'><strong>placiti,</strong></span> <span class='ocrx_word' id='word_1_71' title='bbox 1782 912 1943 967; x_wconf 84' lang='lat' dir='ltr'><strong>venit</strong></span> <span class='ocrx_word' id='word_1_72' title='bbox 1996 926 2098 965; x_wconf 83' lang='lat' dir='ltr'><strong>rex</strong></span> 
     </span>
    </p>
   </div>
   <div class='ocr_carea' id='block_1_13' title="bbox 445 999 2093 1079">
    <p class='ocr_par' dir='ltr' id='par_1_13' title="bbox 445 999 2093 1079">
     <span class='ocr_line' id='line_1_13' title="bbox 445 999 2093 1079; baseline -0.01 -11"><span class='ocrx_word' id='word_1_73' title='bbox 445 1006 755 1069; x_wconf 87' lang='lat' dir='ltr'><strong>Lotharius</strong></span> <span class='ocrx_word' id='word_1_74' title='bbox 781 1021 960 1079; x_wconf 87' lang='lat' dir='ltr'><strong>super</strong></span> <span class='ocrx_word' id='word_1_75' title='bbox 994 1008 1152 1079; x_wconf 71' lang='lat' dir='ltr'><strong>Eptaa</strong></span> <span class='ocrx_word' id='word_1_76' title='bbox 1184 1004 1491 1061; x_wconf 89' lang='lat' dir='ltr'><strong>ﬂuviolum</strong></span> <span class='ocrx_word' id='word_1_77' title='bbox 1524 1020 1660 1059; x_wconf 90' lang='lat' dir='ltr'><strong>cum</strong></span> <span class='ocrx_word' id='word_1_78' title='bbox 1693 999 2093 1070; x_wconf 85' lang='lat' dir='ltr'><strong>Francigenis,</strong></span> 
     </span>
    </p>
   </div>
   <div class='ocr_carea' id='block_1_14' title="bbox 443 1090 2096 1171">
    <p class='ocr_par' dir='ltr' id='par_1_14' title="bbox 443 1090 2096 1171">
     <span class='ocr_line' id='line_1_14' title="bbox 443 1090 2096 1171; baseline -0.007 -17"><span class='ocrx_word' id='word_1_79' title='bbox 443 1095 789 1171; x_wconf 81' lang='lat' dir='ltr'><strong>pepigitque</strong></span> <span class='ocrx_word' id='word_1_80' title='bbox 818 1093 957 1151; x_wconf 88' lang='lat' dir='ltr'><strong>duci</strong></span> <span class='ocrx_word' id='word_1_81' title='bbox 982 1092 1277 1153; x_wconf 84' lang='lat' dir='ltr'><strong>Richardo</strong></span> <span class='ocrx_word' id='word_1_82' title='bbox 1320 1092 1503 1148; x_wconf 86' lang='lat' dir='ltr'><strong>ﬁdem</strong></span> <span class='ocrx_word' id='word_1_83' title='bbox 1548 1090 1969 1147; x_wconf 80' lang='lat' dir='ltr'><strong>inextricabilis</strong></span> <span class='ocrx_word' id='word_1_84' title='bbox 1994 1105 2096 1163; x_wconf 89' lang='lat' dir='ltr'><strong>pa-</strong></span> 
     </span>
    </p>
   </div>
   <div class='ocr_carea' id='block_1_15' title="bbox 447 1180 2096 1263">
    <p class='ocr_par' dir='ltr' id='par_1_15' title="bbox 447 1180 2096 1263">
     <span class='ocr_line' id='line_1_15' title="bbox 447 1180 2096 1263; baseline -0.006 -19"><span class='ocrx_word' id='word_1_85' title='bbox 447 1187 565 1257; x_wconf 81' lang='lat' dir='ltr'><strong>cis;</strong></span> <span class='ocrx_word' id='word_1_86' title='bbox 591 1185 930 1263; x_wconf 86' lang='lat' dir='ltr'><strong>juravitque</strong></span> <span class='ocrx_word' id='word_1_87' title='bbox 960 1185 1086 1263; x_wconf 87' lang='lat' dir='ltr'><strong>ipse</strong></span> <span class='ocrx_word' id='word_1_88' title='bbox 1114 1188 1170 1239; x_wconf 90' lang='lat' dir='ltr'><strong>et</strong></span> <span class='ocrx_word' id='word_1_89' title='bbox 1193 1183 1509 1257; x_wconf 84' lang='lat' dir='ltr'><strong>optimates</strong></span> <span class='ocrx_word' id='word_1_90' title='bbox 1553 1182 1720 1252; x_wconf 92' lang='lat' dir='ltr'><strong>regni</strong></span> <span class='ocrx_word' id='word_1_91' title='bbox 1746 1180 2096 1237; x_wconf 76' lang='lat' dir='ltr'><strong>Northman-</strong></span> 
     </span>
    </p>
   </div>
   <div class='ocr_carea' id='block_1_16' title="bbox 445 1269 2096 1353">
    <p class='ocr_par' dir='ltr' id='par_1_16' title="bbox 445 1269 2096 1353">
     <span class='ocr_line' id='line_1_16' title="bbox 445 1269 2096 1353; baseline -0.004 -22"><span class='ocrx_word' id='word_1_92' title='bbox 445 1277 650 1337; x_wconf 87' lang='lat' dir='ltr'><strong>nicum</strong></span> <span class='ocrx_word' id='word_1_93' title='bbox 674 1290 928 1345; x_wconf 83' lang='lat' dir='ltr'><strong>regnum</strong></span> <span class='ocrx_word' id='word_1_94' title='bbox 948 1273 1061 1353; x_wconf 85' lang='lat' dir='ltr'><strong>ipsi</strong></span> <span class='ocrx_word' id='word_1_95' title='bbox 1092 1274 1341 1345; x_wconf 92' lang='lat' dir='ltr'><strong>ejusque</strong></span> <span class='ocrx_word' id='word_1_96' title='bbox 1372 1272 1644 1347; x_wconf 86' lang='lat' dir='ltr'><strong>posteris,</strong></span> <span class='ocrx_word' id='word_1_97' title='bbox 1671 1269 2096 1347; x_wconf 88' lang='lat' dir='ltr'><strong>quatinusipse</strong></span> 
     </span>
    </p>
   </div>
   <div class='ocr_carea' id='block_1_17' title="bbox 445 1357 2100 1431">
    <p class='ocr_par' dir='ltr' id='par_1_17' title="bbox 445 1357 2100 1431">
     <span class='ocr_line' id='line_1_17' title="bbox 445 1357 2100 1431; baseline -0.004 -10"><span class='ocrx_word' id='word_1_98' title='bbox 445 1369 503 1421; x_wconf 92' lang='lat' dir='ltr'><strong>et</strong></span> <span class='ocrx_word' id='word_1_99' title='bbox 524 1379 726 1430; x_wconf 89' lang='lat' dir='ltr'><strong>nemo,</strong></span> <span class='ocrx_word' id='word_1_100' title='bbox 756 1378 817 1418; x_wconf 88' lang='lat' dir='ltr'><strong>se</strong></span> <span class='ocrx_word' id='word_1_101' title='bbox 847 1362 1141 1431; x_wconf 90' lang='lat' dir='ltr'><strong>hortante,</strong></span> <span class='ocrx_word' id='word_1_102' title='bbox 1173 1361 1469 1419; x_wconf 88' lang='lat' dir='ltr'><strong>damnum</strong></span> <span class='ocrx_word' id='word_1_103' title='bbox 1499 1358 1977 1429; x_wconf 89' lang='lat' dir='ltr'><strong>illiusregiminis</strong></span> <span class='ocrx_word' id='word_1_104' title='bbox 1994 1357 2100 1415; x_wconf 87' lang='lat' dir='ltr'><strong>mi-</strong></span> 
     </span>
    </p>
   </div>
   <div class='ocr_carea' id='block_1_18' title="bbox 444 1445 2097 1523">
    <p class='ocr_par' dir='ltr' id='par_1_18' title="bbox 444 1445 2097 1523">
     <span class='ocr_line' id='line_1_18' title="bbox 444 1445 2097 1523; baseline -0.005 -15"><span class='ocrx_word' id='word_1_105' title='bbox 444 1452 606 1511; x_wconf 88' lang='lat' dir='ltr'><strong>nime</strong></span> <span class='ocrx_word' id='word_1_106' title='bbox 636 1450 853 1511; x_wconf 85' lang='lat' dir='ltr'><strong>faceret</strong></span> <span class='ocrx_word' id='word_1_107' title='bbox 880 1448 982 1507; x_wconf 88' lang='lat' dir='ltr'><strong>illi.</strong></span> <span class='ocrx_word' id='word_1_108' title='bbox 1014 1449 1203 1505; x_wconf 91' lang='lat' dir='ltr'><strong>Finito</strong></span> <span class='ocrx_word' id='word_1_109' title='bbox 1255 1465 1519 1522; x_wconf 87' lang='lat' dir='ltr'><strong>namque</strong></span> <span class='ocrx_word' id='word_1_110' title='bbox 1548 1448 1876 1523; x_wconf 61' lang='lat' dir='ltr'><strong>impetratis</strong></span> <span class='ocrx_word' id='word_1_111' title='bbox 1930 1445 2097 1520; x_wconf 89' lang='lat' dir='ltr'><strong>pacis</strong></span> 
     </span>
    </p>
   </div>
   <div class='ocr_carea' id='block_1_19' title="bbox 2211 283 3706 363">
    <p class='ocr_par' dir='ltr' id='par_1_19' title="bbox 2211 283 3706 363">
     <span class='ocr_line' id='line_1_19' title="bbox 2211 283 3706 363; baseline 0.005 -25"><span class='ocrx_word' id='word_1_112' title='bbox 2211 283 2444 341; x_wconf 88' lang='lat' dir='ltr'><strong>Suleavi</strong></span> <span class='ocrx_word' id='word_1_113' title='bbox 2474 287 2772 359; x_wconf 85' lang='lat' dir='ltr'><strong>profunda</strong></span> <span class='ocrx_word' id='word_1_114' title='bbox 2812 290 2990 345; x_wconf 85' lang='lat' dir='ltr'><strong>nimis</strong></span> <span class='ocrx_word' id='word_1_115' title='bbox 3022 307 3209 362; x_wconf 87' lang='lat' dir='ltr'><strong>parvo</strong></span> <span class='ocrx_word' id='word_1_116' title='bbox 3238 306 3483 363; x_wconf 71' lang='lat' dir='ltr'><strong>aequora</strong></span> <span class='ocrx_word' id='word_1_117' title='bbox 3510 306 3706 345; x_wconf 89' lang='lat' dir='ltr'><strong>remo.</strong></span> 
     </span>
    </p>
   </div>
   <div class='ocr_carea' id='block_1_20' title="bbox 2210 373 3471 451">
    <p class='ocr_par' dir='ltr' id='par_1_20' title="bbox 2210 373 3471 451">
     <span class='ocr_line' id='line_1_20' title="bbox 2210 373 3471 451; baseline 0.004 -24"><span class='ocrx_word' id='word_1_118' title='bbox 2210 373 2357 428; x_wconf 90' lang='lat' dir='ltr'><strong>Sunt</strong></span> <span class='ocrx_word' id='word_1_119' title='bbox 2385 381 2602 433; x_wconf 87' lang='lat' dir='ltr'><strong>octona</strong></span> <span class='ocrx_word' id='word_1_120' title='bbox 2624 394 2806 433; x_wconf 67' lang='lat' dir='ltr'><strong>sacris</strong></span> <span class='ocrx_word' id='word_1_121' title='bbox 2838 379 3065 451; x_wconf 73' lang='lat' dir='ltr'><strong>passim</strong></span> <span class='ocrx_word' id='word_1_122' title='bbox 3097 377 3287 433; x_wconf 85' lang='lat' dir='ltr'><strong>felicia</strong></span> <span class='ocrx_word' id='word_1_123' title='bbox 3318 377 3471 450; x_wconf 75' lang='lat' dir='ltr'><strong>vitae,</strong></span> 
     </span>
    </p>
   </div>
   <div class='ocr_carea' id='block_1_21' title="bbox 2209 462 3878 544">
    <p class='ocr_par' dir='ltr' id='par_1_21' title="bbox 2209 462 3878 544">
     <span class='ocr_line' id='line_1_21' title="bbox 2209 462 3878 544; baseline 0.003 -27"><span class='ocrx_word' id='word_1_124' title='bbox 2209 462 2526 544; x_wconf 75' lang='lat' dir='ltr'><strong>Summum</strong></span> <span class='ocrx_word' id='word_1_125' title='bbox 2557 466 2736 523; x_wconf 87' lang='lat' dir='ltr'><strong>corde</strong></span> <span class='ocrx_word' id='word_1_126' title='bbox 2764 468 2997 523; x_wconf 91' lang='lat' dir='ltr'><strong>bonum</strong></span> <span class='ocrx_word' id='word_1_127' title='bbox 3027 468 3259 525; x_wconf 86' lang='lat' dir='ltr'><strong>sincero</strong></span> <span class='ocrx_word' id='word_1_128' title='bbox 3286 467 3503 525; x_wconf 86' lang='lat' dir='ltr'><strong>emitur</strong></span> <span class='ocrx_word' id='word_1_129' title='bbox 3548 466 3795 538; x_wconf 82' lang='lat' dir='ltr'><strong>quibus</strong></span> <span class='ocrx_word' id='word_1_130' title='bbox 3826 468 3878 522; x_wconf 90' lang='lat' dir='ltr'><strong>in</strong></span> 
     </span>
    </p>
   </div>
   <div class='ocr_carea' id='block_1_22' title="bbox 3629 554 3810 629">
    <p class='ocr_par' dir='ltr' id='par_1_22' title="bbox 3629 554 3810 629">
     <span class='ocr_line' id='line_1_22' title="bbox 3629 554 3810 629; baseline 0 -20"><span class='ocrx_word' id='word_1_131' title='bbox 3629 554 3810 629; x_wconf 63' lang='lat' dir='ltr'><strong>[qua</strong></span> 
     </span>
    </p>
   </div>
   <div class='ocr_carea' id='block_1_23' title="bbox 2210 637 3742 709">
    <p class='ocr_par' dir='ltr' id='par_1_23' title="bbox 2210 637 3742 709">
     <span class='ocr_line' id='line_1_23' title="bbox 2210 637 3742 709; baseline 0.003 -16"><span class='ocrx_word' id='word_1_132' title='bbox 2210 637 2321 693; x_wconf 83' lang='lat' dir='ltr'><strong>Sed</strong></span> <span class='ocrx_word' id='word_1_133' title='bbox 2349 656 2483 696; x_wconf 91' lang='lat' dir='ltr'><strong>mea</strong></span> <span class='ocrx_word' id='word_1_134' title='bbox 2509 659 2680 697; x_wconf 89' lang='lat' dir='ltr'><strong>meus</strong></span> <span class='ocrx_word' id='word_1_135' title='bbox 2712 644 2872 700; x_wconf 89' lang='lat' dir='ltr'><strong>tenui</strong></span> <span class='ocrx_word' id='word_1_136' title='bbox 2898 644 3196 699; x_wconf 87' lang='lat' dir='ltr'><strong>meditans</strong></span> <span class='ocrx_word' id='word_1_137' title='bbox 3226 648 3477 699; x_wconf 89' lang='lat' dir='ltr'><strong>conatur</strong></span> <span class='ocrx_word' id='word_1_138' title='bbox 3506 658 3742 709; x_wconf 89' lang='lat' dir='ltr'><strong>avena,</strong></span> 
     </span>
    </p>
   </div>
   <div class='ocr_carea' id='block_1_24' title="bbox 2209 726 3702 804">
    <p class='ocr_par' dir='ltr' id='par_1_24' title="bbox 2209 726 3702 804">
     <span class='ocr_line' id='line_1_24' title="bbox 2209 726 3702 804; baseline 0.003 -23"><span class='ocrx_word' id='word_1_139' title='bbox 2209 726 2263 781; x_wconf 92' lang='lat' dir='ltr'><strong>Si</strong></span> <span class='ocrx_word' id='word_1_140' title='bbox 2289 729 2504 798; x_wconf 89' lang='lat' dir='ltr'><strong>poterit</strong></span> <span class='ocrx_word' id='word_1_141' title='bbox 2532 746 2731 787; x_wconf 87' lang='lat' dir='ltr'><strong>nunus</strong></span> <span class='ocrx_word' id='word_1_142' title='bbox 2754 732 3063 803; x_wconf 87' lang='lat' dir='ltr'><strong>quoddam</strong></span> <span class='ocrx_word' id='word_1_143' title='bbox 3094 736 3335 804; x_wconf 83' lang='lat' dir='ltr'><strong>captare</strong></span> <span class='ocrx_word' id='word_1_144' title='bbox 3358 732 3702 799; x_wconf 86' lang='lat' dir='ltr'><strong>bonorum,</strong></span> 
     </span>
    </p>
   </div>
   <div class='ocr_carea' id='block_1_25' title="bbox 2210 814 3658 891">
    <p class='ocr_par' dir='ltr' id='par_1_25' title="bbox 2210 814 3658 891">
     <span class='ocr_line' id='line_1_25' title="bbox 2210 814 3658 891; baseline 0.003 -24"><span class='ocrx_word' id='word_1_145' title='bbox 2210 814 2445 885; x_wconf 68' lang='lat' dir='ltr'><strong>Exiguae</strong></span> <span class='ocrx_word' id='word_1_146' title='bbox 2468 819 2704 874; x_wconf 83' lang='lat' dir='ltr'><strong>modico</strong></span> <span class='ocrx_word' id='word_1_147' title='bbox 2736 820 2951 875; x_wconf 88' lang='lat' dir='ltr'><strong>mercis</strong></span> <span class='ocrx_word' id='word_1_148' title='bbox 2980 819 3053 874; x_wconf 93' lang='lat' dir='ltr'><strong>de</strong></span> <span class='ocrx_word' id='word_1_149' title='bbox 3086 819 3287 875; x_wconf 80' lang='lat' dir='ltr'><strong>fenore</strong></span> <span class='ocrx_word' id='word_1_150' title='bbox 3318 824 3658 891; x_wconf 86' lang='lat' dir='ltr'><strong>sumptum.</strong></span> 
     </span>
    </p>
   </div>
   <div class='ocr_carea' id='block_1_26' title="bbox 2277 904 3873 980">
    <p class='ocr_par' dir='ltr' id='par_1_26' title="bbox 2277 904 3873 980">
     <span class='ocr_line' id='line_1_26' title="bbox 2277 904 3873 980; baseline 0.008 -25"><span class='ocrx_word' id='word_1_151' title='bbox 2277 904 2326 955; x_wconf 85' lang='lat' dir='ltr'><strong>A</strong></span> <span class='ocrx_word' id='word_1_152' title='bbox 2357 906 2641 978; x_wconf 81' lang='lat' dir='ltr'><strong>pestiferae</strong></span> <span class='ocrx_word' id='word_1_153' title='bbox 2669 924 2933 980; x_wconf 86' lang='lat' dir='ltr'><strong>namque</strong></span> <span class='ocrx_word' id='word_1_154' title='bbox 2962 907 3299 964; x_wconf 83' lang='lat' dir='ltr'><strong>hostilitatis</strong></span> <span class='ocrx_word' id='word_1_155' title='bbox 3326 924 3562 965; x_wconf 86' lang='lat' dir='ltr'><strong>veneno</strong></span> <span class='ocrx_word' id='word_1_156' title='bbox 3593 906 3873 967; x_wconf 76' lang='lat' dir='ltr'><strong>Francia.</strong></span> 
     </span>
    </p>
   </div>
   <div class='ocr_carea' id='block_1_27' title="bbox 2205 993 3876 1069">
    <p class='ocr_par' dir='ltr' id='par_1_27' title="bbox 2205 993 3876 1069">
     <span class='ocr_line' id='line_1_27' title="bbox 2205 993 3876 1069; baseline 0.005 -22"><span class='ocrx_word' id='word_1_157' title='bbox 2205 995 2270 1047; x_wconf 91' lang='lat' dir='ltr'><strong>ut</strong></span> <span class='ocrx_word' id='word_1_158' title='bbox 2298 993 2655 1055; x_wconf 87' lang='lat' dir='ltr'><strong>recensitum</strong></span> <span class='ocrx_word' id='word_1_159' title='bbox 2686 1001 2789 1062; x_wconf 89' lang='lat' dir='ltr'><strong>est,</strong></span> <span class='ocrx_word' id='word_1_160' title='bbox 2823 996 3130 1061; x_wconf 77' lang='lat' dir='ltr'><strong>defaecata,</strong></span> <span class='ocrx_word' id='word_1_161' title='bbox 3151 995 3563 1069; x_wconf 88' lang='lat' dir='ltr'><strong>abdicatisque</strong></span> <span class='ocrx_word' id='word_1_162' title='bbox 3588 995 3876 1064; x_wconf 85' lang='lat' dir='ltr'><strong>ingruen-</strong></span> 
     </span>
    </p>
   </div>
   <div class='ocr_carea' id='block_1_28' title="bbox 2207 1079 3874 1158">
    <p class='ocr_par' dir='ltr' id='par_1_28' title="bbox 2207 1079 3874 1158">
     <span class='ocr_line' id='line_1_28' title="bbox 2207 1079 3874 1158; baseline 0.002 -22"><span class='ocrx_word' id='word_1_163' title='bbox 2207 1079 2353 1137; x_wconf 85' lang='lat' dir='ltr'><strong>tium</strong></span> <span class='ocrx_word' id='word_1_164' title='bbox 2381 1084 2682 1141; x_wconf 88' lang='lat' dir='ltr'><strong>malorum</strong></span> <span class='ocrx_word' id='word_1_165' title='bbox 2712 1084 3105 1157; x_wconf 86' lang='lat' dir='ltr'><strong>querimoniis</strong></span> <span class='ocrx_word' id='word_1_166' title='bbox 3136 1089 3193 1140; x_wconf 90' lang='lat' dir='ltr'><strong>et</strong></span> <span class='ocrx_word' id='word_1_167' title='bbox 3232 1084 3631 1155; x_wconf 82' lang='lat' dir='ltr'><strong>detrimentis,</strong></span> <span class='ocrx_word' id='word_1_168' title='bbox 3703 1090 3874 1158; x_wconf 79' lang='lat' dir='ltr'><strong>atque</strong></span> 
     </span>
    </p>
   </div>
   <div class='ocr_carea' id='block_1_29' title="bbox 2208 1169 3873 1247">
    <p class='ocr_par' dir='ltr' id='par_1_29' title="bbox 2208 1169 3873 1247">
     <span class='ocr_line' id='line_1_29' title="bbox 2208 1169 3873 1247; baseline 0.002 -24"><span class='ocrx_word' id='word_1_169' title='bbox 2208 1169 2497 1227; x_wconf 87' lang='lat' dir='ltr'><strong>adornato</strong></span> <span class='ocrx_word' id='word_1_170' title='bbox 2527 1177 2583 1227; x_wconf 91' lang='lat' dir='ltr'><strong>et</strong></span> <span class='ocrx_word' id='word_1_171' title='bbox 2612 1176 2829 1228; x_wconf 85' lang='lat' dir='ltr'><strong>statuto</strong></span> <span class='ocrx_word' id='word_1_172' title='bbox 2845 1171 3187 1246; x_wconf 69' lang='lat' dir='ltr'><strong>reipubliCte</strong></span> <span class='ocrx_word' id='word_1_173' title='bbox 3209 1173 3579 1247; x_wconf 83' lang='lat' dir='ltr'><strong>ubicumque</strong></span> <span class='ocrx_word' id='word_1_174' title='bbox 3615 1173 3873 1231; x_wconf 70' lang='lat' dir='ltr'><strong>Francia:</strong></span> 
     </span>
    </p>
   </div>
   <div class='ocr_carea' id='block_1_30' title="bbox 2205 1261 3871 1335">
    <p class='ocr_par' dir='ltr' id='par_1_30' title="bbox 2205 1261 3871 1335">
     <span class='ocr_line' id='line_1_30' title="bbox 2205 1261 3871 1335; baseline 0.005 -22"><span class='ocrx_word' id='word_1_175' title='bbox 2205 1261 2549 1328; x_wconf 88' lang='lat' dir='ltr'><strong>commodo,</strong></span> <span class='ocrx_word' id='word_1_176' title='bbox 2580 1269 2882 1335; x_wconf 60' lang='lat' dir='ltr'><strong>praeeunte</strong></span> <span class='ocrx_word' id='word_1_177' title='bbox 2914 1261 3217 1334; x_wconf 88' lang='lat' dir='ltr'><strong>triumpho</strong></span> <span class='ocrx_word' id='word_1_178' title='bbox 3273 1261 3633 1319; x_wconf 61' lang='lat' dir='ltr'><strong>desideratas</strong></span> <span class='ocrx_word' id='word_1_179' title='bbox 3696 1261 3871 1334; x_wconf 84' lang='lat' dir='ltr'><strong>pacis.</strong></span> 
     </span>
    </p>
   </div>
   <div class='ocr_carea' id='block_1_31' title="bbox 2205 1347 3873 1424">
    <p class='ocr_par' dir='ltr' id='par_1_31' title="bbox 2205 1347 3873 1424">
     <span class='ocr_line' id='line_1_31' title="bbox 2205 1347 3873 1424; baseline 0.002 -20"><span class='ocrx_word' id='word_1_180' title='bbox 2205 1347 2369 1404; x_wconf 84' lang='lat' dir='ltr'><strong>fama</strong></span> <span class='ocrx_word' id='word_1_181' title='bbox 2391 1349 2719 1407; x_wconf 88' lang='lat' dir='ltr'><strong>beatissimi</strong></span> <span class='ocrx_word' id='word_1_182' title='bbox 2749 1350 2919 1407; x_wconf 90' lang='lat' dir='ltr'><strong>ducis</strong></span> <span class='ocrx_word' id='word_1_183' title='bbox 2950 1350 3224 1409; x_wconf 79' lang='lat' dir='ltr'><strong>Richardi</strong></span> <span class='ocrx_word' id='word_1_184' title='bbox 3248 1350 3580 1424; x_wconf 86' lang='lat' dir='ltr'><strong>propalatis</strong></span> <span class='ocrx_word' id='word_1_185' title='bbox 3614 1350 3873 1407; x_wconf 88' lang='lat' dir='ltr'><strong>illustra-</strong></span> 
     </span>
    </p>
   </div>
   <div class='ocr_carea' id='block_1_32' title="bbox 2206 1436 3874 1508">
    <p class='ocr_par' dir='ltr' id='par_1_32' title="bbox 2206 1436 3874 1508">
     <span class='ocr_line' id='line_1_32' title="bbox 2206 1436 3874 1508; baseline 0.001 -16"><span class='ocrx_word' id='word_1_186' title='bbox 2206 1440 2269 1492; x_wconf 90' lang='lat' dir='ltr'><strong>ta</strong></span> <span class='ocrx_word' id='word_1_187' title='bbox 2296 1436 2541 1504; x_wconf 89' lang='lat' dir='ltr'><strong>meritis,</strong></span> <span class='ocrx_word' id='word_1_188' title='bbox 2574 1437 2634 1493; x_wconf 92' lang='lat' dir='ltr'><strong>in</strong></span> <span class='ocrx_word' id='word_1_189' title='bbox 2663 1438 3034 1496; x_wconf 89' lang='lat' dir='ltr'><strong>immensum</strong></span> <span class='ocrx_word' id='word_1_190' title='bbox 3089 1438 3340 1494; x_wconf 87' lang='lat' dir='ltr'><strong>rutilans</strong></span> <span class='ocrx_word' id='word_1_191' title='bbox 3396 1438 3743 1508; x_wconf 86' lang='lat' dir='ltr'><strong>crescebat,</strong></span> <span class='ocrx_word' id='word_1_192' title='bbox 3795 1438 3874 1494; x_wconf 86' lang='lat' dir='ltr'><strong>di-</strong></span> 
     </span>
    </p>
   </div>
   <div class='ocr_carea' id='block_1_33' title="bbox 444 1524 3870 1617">
    <p class='ocr_par' dir='ltr' id='par_1_33' title="bbox 444 1524 3870 1617">
     <span class='ocr_line' id='line_1_33' title="bbox 444 1524 3870 1617; baseline -0.004 -20"><span class='ocrx_word' id='word_1_193' title='bbox 444 1539 686 1617; x_wconf 87' lang='lat' dir='ltr'><strong>placito,</strong></span> <span class='ocrx_word' id='word_1_194' title='bbox 716 1539 1136 1612; x_wconf 76' lang='lat' dir='ltr'><strong>fcrderatisque</strong></span> <span class='ocrx_word' id='word_1_195' title='bbox 1165 1555 1303 1608; x_wconf 88' lang='lat' dir='ltr'><strong>rege</strong></span> <span class='ocrx_word' id='word_1_196' title='bbox 1330 1544 1386 1594; x_wconf 91' lang='lat' dir='ltr'><strong>et</strong></span> <span class='ocrx_word' id='word_1_197' title='bbox 1412 1538 1562 1595; x_wconf 90' lang='lat' dir='ltr'><strong>duce</strong></span> <span class='ocrx_word' id='word_1_198' title='bbox 1589 1536 1906 1609; x_wconf 82' lang='lat' dir='ltr'><strong>Richardo,</strong></span> <span class='ocrx_word' id='word_1_199' title='bbox 1963 1552 2097 1593; x_wconf 91' lang='lat' dir='ltr'><strong>mu-</strong></span> <span class='ocrx_word' id='word_1_200' title='bbox 2130 1539 2170 1592; x_wconf 88' lang='grc' dir='ltr'>Β</span> <span class='ocrx_word' id='word_1_201' title='bbox 2207 1524 2823 1617; x_wconf 61' lang='lat' dir='ltr'><strong>vulgabaturqueper</strong></span> <span class='ocrx_word' id='word_1_202' title='bbox 2854 1532 3067 1617; x_wconf 63' lang='lat' dir='ltr'><strong>caetera</strong></span> <span class='ocrx_word' id='word_1_203' title='bbox 3098 1542 3287 1597; x_wconf 77' lang='lat' dir='ltr'><strong>regna</strong></span> <span class='ocrx_word' id='word_1_204' title='bbox 3322 1526 3610 1617; x_wconf 81' lang='lat' dir='ltr'><strong>meritum</strong></span> <span class='ocrx_word' id='word_1_205' title='bbox 3674 1527 3870 1601; x_wconf 80' lang='lat' dir='ltr'><strong>profu-</strong></span> 
     </span>
    </p>
   </div>
   <div class='ocr_carea' id='block_1_34' title="bbox 444 1624 2097 1705">
    <p class='ocr_par' dir='ltr' id='par_1_34' title="bbox 444 1624 2097 1705">
     <span class='ocr_line' id='line_1_34' title="bbox 444 1624 2097 1705; baseline -0.004 -18"><span class='ocrx_word' id='word_1_206' title='bbox 444 1629 808 1705; x_wconf 85' lang='lat' dir='ltr'><strong>neribusque</strong></span> <span class='ocrx_word' id='word_1_207' title='bbox 863 1627 1102 1685; x_wconf 87' lang='lat' dir='ltr'><strong>alternis</strong></span> <span class='ocrx_word' id='word_1_208' title='bbox 1151 1633 1403 1701; x_wconf 87' lang='lat' dir='ltr'><strong>utroque</strong></span> <span class='ocrx_word' id='word_1_209' title='bbox 1457 1626 1727 1701; x_wconf 87' lang='lat' dir='ltr'><strong>largiﬂue</strong></span> <span class='ocrx_word' id='word_1_210' title='bbox 1768 1624 1973 1694; x_wconf 90' lang='lat' dir='ltr'><strong>ditato,</strong></span> <span class='ocrx_word' id='word_1_211' title='bbox 2006 1641 2097 1681; x_wconf 93' lang='lat' dir='ltr'><strong>re-</strong></span> 
     </span>
    </p>
   </div>
   <div class='ocr_carea' id='block_1_35' title="bbox 445 1716 2098 1797">
    <p class='ocr_par' dir='ltr' id='par_1_35' title="bbox 445 1716 2098 1797">
     <span class='ocr_line' id='line_1_35' title="bbox 445 1716 2098 1797; baseline -0.006 -18"><span class='ocrx_word' id='word_1_212' title='bbox 445 1717 711 1797; x_wconf 77' lang='lat' dir='ltr'><strong>greditur</strong></span> <span class='ocrx_word' id='word_1_213' title='bbox 734 1719 812 1779; x_wconf 84' lang='lat' dir='ltr'><strong>ad</strong></span> <span class='ocrx_word' id='word_1_214' title='bbox 844 1734 953 1777; x_wconf 88' lang='lat' dir='ltr'><strong>sua</strong></span> <span class='ocrx_word' id='word_1_215' title='bbox 981 1716 1237 1790; x_wconf 89' lang='lat' dir='ltr'><strong>quisque</strong></span> <span class='ocrx_word' id='word_1_216' title='bbox 1258 1716 1527 1790; x_wconf 85' lang='lat' dir='ltr'><strong>equitatu</strong></span> <span class='ocrx_word' id='word_1_217' title='bbox 1551 1731 1863 1791; x_wconf 87' lang='lat' dir='ltr'><strong>prospero.</strong></span> <span class='ocrx_word' id='word_1_218' title='bbox 1890 1717 2098 1771; x_wconf 80' lang='lat' dir='ltr'><strong>Rever-</strong></span> 
     </span>
    </p>
   </div>
   <div class='ocr_carea' id='block_1_36' title="bbox 446 1801 2098 1878">
    <p class='ocr_par' dir='ltr' id='par_1_36' title="bbox 446 1801 2098 1878">
     <span class='ocr_line' id='line_1_36' title="bbox 446 1801 2098 1878; baseline -0.004 -15"><span class='ocrx_word' id='word_1_219' title='bbox 446 1825 546 1866; x_wconf 86' lang='lat' dir='ltr'><strong>sus</strong></span> <span class='ocrx_word' id='word_1_220' title='bbox 594 1807 720 1865; x_wconf 80' lang='lat' dir='ltr'><strong>dux</strong></span> <span class='ocrx_word' id='word_1_221' title='bbox 771 1805 1107 1875; x_wconf 61' lang='lat' dir='ltr'><strong>magniﬁcae</strong></span> <span class='ocrx_word' id='word_1_222' title='bbox 1163 1804 1395 1878; x_wconf 89' lang='lat' dir='ltr'><strong>pietatis</strong></span> <span class='ocrx_word' id='word_1_223' title='bbox 1449 1803 1528 1860; x_wconf 90' lang='lat' dir='ltr'><strong>ad</strong></span> <span class='ocrx_word' id='word_1_224' title='bbox 1566 1804 1778 1860; x_wconf 84' lang='lat' dir='ltr'><strong>urbem</strong></span> <span class='ocrx_word' id='word_1_225' title='bbox 1813 1801 2098 1858; x_wconf 69' lang='lat' dir='ltr'><strong>laraiﬂuaa</strong></span> 
     </span>
    </p>
   </div>
   <div class='ocr_carea' id='block_1_37' title="bbox 445 1890 2099 1959">
    <p class='ocr_par' dir='ltr' id='par_1_37' title="bbox 445 1890 2099 1959">
     <span class='ocr_line' id='line_1_37' title="bbox 445 1890 2099 1959; baseline -0.004 -6"><span class='ocrx_word' id='word_1_226' title='bbox 445 1895 755 1959; x_wconf 87' lang='lat' dir='ltr'><strong>ubertatis.</strong></span> <span class='ocrx_word' id='word_1_227' title='bbox 786 1894 1230 1952; x_wconf 82' lang='lat' dir='ltr'><strong>Northmannos</strong></span> <span class='ocrx_word' id='word_1_228' title='bbox 1279 1891 1729 1951; x_wconf 73' lang='lat' dir='ltr'><strong>immanissima:</strong></span> <span class='ocrx_word' id='word_1_229' title='bbox 1784 1890 2099 1947; x_wconf 87' lang='lat' dir='ltr'><strong>ferocitatis</strong></span> 
     </span>
    </p>
   </div>
   <div class='ocr_carea' id='block_1_38' title="bbox 446 1977 2099 2053">
    <p class='ocr_par' dir='ltr' id='par_1_38' title="bbox 446 1977 2099 2053">
     <span class='ocr_line' id='line_1_38' title="bbox 446 1977 2099 2053; baseline -0.005 -12"><span class='ocrx_word' id='word_1_230' title='bbox 446 1982 558 2041; x_wconf 88' lang='lat' dir='ltr'><strong>sibi</strong></span> <span class='ocrx_word' id='word_1_231' title='bbox 587 1983 796 2043; x_wconf 86' lang='lat' dir='ltr'><strong>adesse</strong></span> <span class='ocrx_word' id='word_1_232' title='bbox 825 1981 1034 2053; x_wconf 82' lang='lat' dir='ltr'><strong>coegit.</strong></span> <span class='ocrx_word' id='word_1_233' title='bbox 1066 1980 1293 2047; x_wconf 86' lang='lat' dir='ltr'><strong>Quibus</strong></span> <span class='ocrx_word' id='word_1_234' title='bbox 1322 1981 1403 2039; x_wconf 89' lang='lat' dir='ltr'><strong>ait</strong></span> <span class='ocrx_word' id='word_1_235' title='bbox 1430 1999 1442 2037; x_wconf 90' lang='lat'><strong>:</strong></span> <span class='ocrx_word' id='word_1_236' title='bbox 1487 2004 1515 2029; x_wconf 86' lang='grc'><strong>‹‹</strong></span> <span class='ocrx_word' id='word_1_237' title='bbox 1546 1983 1623 2037; x_wconf 83' lang='lat' dir='ltr'><strong>Ne</strong></span> <span class='ocrx_word' id='word_1_238' title='bbox 1662 1977 2099 2052; x_wconf 87' lang='lat' dir='ltr'><strong>pollicitationis</strong></span> 
     </span>
    </p>
   </div>
   <div class='ocr_carea' id='block_1_39' title="bbox 444 2066 2100 2142">
    <p class='ocr_par' dir='ltr' id='par_1_39' title="bbox 444 2066 2100 2142">
     <span class='ocr_line' id='line_1_39' title="bbox 444 2066 2100 2142; baseline -0.005 -13"><span class='ocrx_word' id='word_1_239' title='bbox 444 2087 595 2141; x_wconf 60' lang='lat' dir='ltr'><strong>mea</strong></span> <span class='ocrx_word' id='word_1_240' title='bbox 620 2068 694 2129; x_wconf 91' lang='lat' dir='ltr'><strong>de</strong></span> <span class='ocrx_word' id='word_1_241' title='bbox 723 2068 1084 2131; x_wconf 85' lang='lat' dir='ltr'><strong>conﬁdentia</strong></span> <span class='ocrx_word' id='word_1_242' title='bbox 1103 2069 1384 2140; x_wconf 85' lang='lat' dir='ltr'><strong>titubetis,</strong></span> <span class='ocrx_word' id='word_1_243' title='bbox 1413 2068 1575 2142; x_wconf 89' lang='lat' dir='ltr'><strong>quod</strong></span> <span class='ocrx_word' id='word_1_244' title='bbox 1602 2066 1745 2123; x_wconf 91' lang='lat' dir='ltr'><strong>olim</strong></span> <span class='ocrx_word' id='word_1_245' title='bbox 1775 2066 1943 2122; x_wconf 81' lang='lat' dir='ltr'><strong>vobis</strong></span> <span class='ocrx_word' id='word_1_246' title='bbox 1967 2082 2100 2140; x_wconf 91' lang='lat' dir='ltr'><strong>spo-</strong></span> 
     </span>
    </p>
   </div>
   <div class='ocr_carea' id='block_1_40' title="bbox 443 2156 2098 2239">
    <p class='ocr_par' dir='ltr' id='par_1_40' title="bbox 443 2156 2098 2239">
     <span class='ocr_line' id='line_1_40' title="bbox 443 2156 2098 2239; baseline -0.006 -16"><span class='ocrx_word' id='word_1_247' title='bbox 443 2160 632 2239; x_wconf 80' lang='lat' dir='ltr'><strong>pendi</strong></span> <span class='ocrx_word' id='word_1_248' title='bbox 660 2177 794 2219; x_wconf 90' lang='lat' dir='ltr'><strong>ecce</strong></span> <span class='ocrx_word' id='word_1_249' title='bbox 820 2164 1066 2235; x_wconf 87' lang='lat' dir='ltr'><strong>paratus</strong></span> <span class='ocrx_word' id='word_1_250' title='bbox 1117 2177 1253 2217; x_wconf 91' lang='lat' dir='ltr'><strong>sum</strong></span> <span class='ocrx_word' id='word_1_251' title='bbox 1309 2159 1572 2233; x_wconf 79' lang='lat' dir='ltr'><strong>exsequi.</strong></span> <span class='ocrx_word' id='word_1_252' title='bbox 1634 2159 1748 2213; x_wconf 88' lang='lat' dir='ltr'><strong>Vos</strong></span> <span class='ocrx_word' id='word_1_253' title='bbox 1805 2156 2098 2214; x_wconf 86' lang='lat' dir='ltr'><strong>beneﬁcia</strong></span> 
     </span>
    </p>
   </div>
   <div class='ocr_carea' id='block_1_41' title="bbox 442 2246 2095 2322">
    <p class='ocr_par' dir='ltr' id='par_1_41' title="bbox 442 2246 2095 2322">
     <span class='ocr_line' id='line_1_41' title="bbox 442 2246 2095 2322; baseline -0.005 -12"><span class='ocrx_word' id='word_1_254' title='bbox 442 2248 705 2322; x_wconf 82' lang='lat' dir='ltr'><strong>largiens</strong></span> <span class='ocrx_word' id='word_1_255' title='bbox 732 2248 1069 2320; x_wconf 86' lang='lat' dir='ltr'><strong>regenerari</strong></span> <span class='ocrx_word' id='word_1_256' title='bbox 1099 2265 1270 2307; x_wconf 88' lang='lat' dir='ltr'><strong>sacro</strong></span> <span class='ocrx_word' id='word_1_257' title='bbox 1302 2247 1461 2304; x_wconf 89' lang='lat' dir='ltr'><strong>fonte</strong></span> <span class='ocrx_word' id='word_1_258' title='bbox 1492 2246 1708 2305; x_wconf 83' lang='lat' dir='ltr'><strong>faciam</strong></span> <span class='ocrx_word' id='word_1_259' title='bbox 1752 2262 1861 2303; x_wconf 91' lang='lat' dir='ltr'><strong>vos</strong></span> <span class='ocrx_word' id='word_1_260' title='bbox 1884 2262 2095 2302; x_wconf 87' lang='lat' dir='ltr'><strong>onera-</strong></span> 
     </span>
    </p>
   </div>
   <div class='ocr_carea' id='block_1_42' title="bbox 442 2334 2098 2412">
    <p class='ocr_par' dir='ltr' id='par_1_42' title="bbox 442 2334 2098 2412">
     <span class='ocr_line' id='line_1_42' title="bbox 442 2334 2098 2412; baseline -0.002 -15"><span class='ocrx_word' id='word_1_261' title='bbox 442 2338 517 2397; x_wconf 86' lang='lat' dir='ltr'><strong>tis</strong></span> <span class='ocrx_word' id='word_1_262' title='bbox 548 2338 702 2396; x_wconf 88' lang='lat' dir='ltr'><strong>farre</strong></span> <span class='ocrx_word' id='word_1_263' title='bbox 735 2338 1029 2412; x_wconf 84' lang='lat' dir='ltr'><strong>tergisque</strong></span> <span class='ocrx_word' id='word_1_264' title='bbox 1060 2355 1235 2395; x_wconf 91' lang='lat' dir='ltr'><strong>suum</strong></span> <span class='ocrx_word' id='word_1_265' title='bbox 1265 2336 1544 2404; x_wconf 90' lang='lat' dir='ltr'><strong>navibus,</strong></span> <span class='ocrx_word' id='word_1_266' title='bbox 1590 2335 1804 2392; x_wconf 90' lang='lat' dir='ltr'><strong>viatica</strong></span> <span class='ocrx_word' id='word_1_267' title='bbox 1851 2334 2098 2405; x_wconf 88' lang='lat' dir='ltr'><strong>naviga-</strong></span> 
     </span>
    </p>
   </div>
   <div class='ocr_carea' id='block_1_43' title="bbox 442 2424 2099 2501">
    <p class='ocr_par' dir='ltr' id='par_1_43' title="bbox 442 2424 2099 2501">
     <span class='ocr_line' id='line_1_43' title="bbox 442 2424 2099 2501; baseline -0.004 -14"><span class='ocrx_word' id='word_1_268' title='bbox 442 2426 619 2489; x_wconf 89' lang='lat' dir='ltr'><strong>tionis</strong></span> <span class='ocrx_word' id='word_1_269' title='bbox 648 2425 998 2487; x_wconf 89' lang='lat' dir='ltr'><strong>concedam.</strong></span> <span class='ocrx_word' id='word_1_270' title='bbox 1035 2430 1116 2483; x_wconf 83' lang='lat' dir='ltr'><strong>Ex</strong></span> <span class='ocrx_word' id='word_1_271' title='bbox 1163 2431 1499 2501; x_wconf 79' lang='lat' dir='ltr'><strong>praeparato</strong></span> <span class='ocrx_word' id='word_1_272' title='bbox 1553 2424 1734 2497; x_wconf 83' lang='lat' dir='ltr'><strong>igitur</strong></span> <span class='ocrx_word' id='word_1_273' title='bbox 1790 2441 2099 2481; x_wconf 87' lang='lat' dir='ltr'><strong>sacrosan-</strong></span> 
     </span>
    </p>
   </div>
   <div class='ocr_carea' id='block_1_44' title="bbox 416 2508 2097 2589">
    <p class='ocr_par' dir='ltr' id='par_1_44' title="bbox 416 2508 2097 2589">
     <span class='ocr_line' id='line_1_44' title="bbox 416 2508 2097 2589; baseline -0.004 -14"><span class='ocrx_word' id='word_1_274' title='bbox 416 2508 551 2577; x_wconf 59' lang='lat' dir='ltr'><strong>cta</strong></span> <span class='ocrx_word' id='word_1_275' title='bbox 600 2514 1067 2588; x_wconf 85' lang='lat' dir='ltr'><strong>regenerationis</strong></span> <span class='ocrx_word' id='word_1_276' title='bbox 1119 2515 1281 2572; x_wconf 91' lang='lat' dir='ltr'><strong>fonte</strong></span> <span class='ocrx_word' id='word_1_277' title='bbox 1336 2516 1447 2573; x_wconf 92' lang='lat' dir='ltr'><strong>hos</strong></span> <span class='ocrx_word' id='word_1_278' title='bbox 1495 2513 1753 2589; x_wconf 86' lang='lat' dir='ltr'><strong>suscepit</strong></span> <span class='ocrx_word' id='word_1_279' title='bbox 1827 2514 2097 2577; x_wconf 89' lang='lat' dir='ltr'><strong>marchio</strong></span> 
     </span>
    </p>
   </div>
   <div class='ocr_carea' id='block_1_45' title="bbox 440 2602 2096 2678">
    <p class='ocr_par' dir='ltr' id='par_1_45' title="bbox 440 2602 2096 2678">
     <span class='ocr_line' id='line_1_45' title="bbox 440 2602 2096 2678; baseline -0.001 -15"><span class='ocrx_word' id='word_1_280' title='bbox 440 2622 723 2678; x_wconf 87' lang='lat' dir='ltr'><strong>magnus,</strong></span> <span class='ocrx_word' id='word_1_281' title='bbox 753 2604 1052 2663; x_wconf 90' lang='lat' dir='ltr'><strong>delibutos</strong></span> <span class='ocrx_word' id='word_1_282' title='bbox 1073 2605 1204 2661; x_wconf 93' lang='lat' dir='ltr'><strong>oleo</strong></span> <span class='ocrx_word' id='word_1_283' title='bbox 1234 2610 1292 2661; x_wconf 92' lang='lat' dir='ltr'><strong>et</strong></span> <span class='ocrx_word' id='word_1_284' title='bbox 1320 2604 1676 2675; x_wconf 88' lang='lat' dir='ltr'><strong>chrismate;</strong></span> <span class='ocrx_word' id='word_1_285' title='bbox 1700 2603 1962 2663; x_wconf 88' lang='lat' dir='ltr'><strong>tribuens</strong></span> <span class='ocrx_word' id='word_1_286' title='bbox 1992 2602 2096 2661; x_wconf 88' lang='lat' dir='ltr'><strong>be-</strong></span> 
     </span>
    </p>
   </div>
   <div class='ocr_carea' id='block_1_46' title="bbox 441 2692 2092 2775">
    <p class='ocr_par' dir='ltr' id='par_1_46' title="bbox 441 2692 2092 2775">
     <span class='ocr_line' id='line_1_46' title="bbox 441 2692 2092 2775; baseline -0.005 -20"><span class='ocrx_word' id='word_1_287' title='bbox 441 2695 657 2765; x_wconf 79' lang='lat' dir='ltr'><strong>neﬁcia</strong></span> <span class='ocrx_word' id='word_1_288' title='bbox 679 2695 1078 2775; x_wconf 87' lang='lat' dir='ltr'><strong>amplissima,</strong></span> <span class='ocrx_word' id='word_1_289' title='bbox 1108 2694 1331 2768; x_wconf 87' lang='lat' dir='ltr'><strong>quibus</strong></span> <span class='ocrx_word' id='word_1_290' title='bbox 1384 2697 1764 2753; x_wconf 87' lang='lat' dir='ltr'><strong>morarentur</strong></span> <span class='ocrx_word' id='word_1_291' title='bbox 1811 2692 1874 2750; x_wconf 91' lang='lat' dir='ltr'><strong>in</strong></span> <span class='ocrx_word' id='word_1_292' title='bbox 1926 2709 2092 2771; x_wconf 87' lang='lat' dir='ltr'><strong>pace.</strong></span> 
     </span>
    </p>
   </div>
   <div class='ocr_carea' id='block_1_47' title="bbox 439 2780 2093 2857">
    <p class='ocr_par' dir='ltr' id='par_1_47' title="bbox 439 2780 2093 2857">
     <span class='ocr_line' id='line_1_47' title="bbox 439 2780 2093 2857; baseline -0.002 -16"><span class='ocrx_word' id='word_1_293' title='bbox 439 2783 574 2842; x_wconf 90' lang='lat' dir='ltr'><strong>lllos</strong></span> <span class='ocrx_word' id='word_1_294' title='bbox 602 2800 741 2840; x_wconf 91' lang='lat' dir='ltr'><strong>vero</strong></span> <span class='ocrx_word' id='word_1_295' title='bbox 770 2783 875 2857; x_wconf 90' lang='lat' dir='ltr'><strong>qui</strong></span> <span class='ocrx_word' id='word_1_296' title='bbox 906 2782 1187 2839; x_wconf 90' lang='lat' dir='ltr'><strong>oberrare</strong></span> <span class='ocrx_word' id='word_1_297' title='bbox 1219 2781 1542 2851; x_wconf 85' lang='lat' dir='ltr'><strong>cupiebant</strong></span> <span class='ocrx_word' id='word_1_298' title='bbox 1567 2780 1821 2857; x_wconf 83' lang='lat' dir='ltr'><strong>paganis</strong></span> <span class='ocrx_word' id='word_1_299' title='bbox 1861 2781 2093 2849; x_wconf 86' lang='lat' dir='ltr'><strong>ritibus,</strong></span> 
     </span>
    </p>
   </div>
   <div class='ocr_carea' id='block_1_48' title="bbox 2207 1614 3868 1691">
    <p class='ocr_par' dir='ltr' id='par_1_48' title="bbox 2207 1614 3868 1691">
     <span class='ocr_line' id='line_1_48' title="bbox 2207 1614 3868 1691; baseline 0 -18"><span class='ocrx_word' id='word_1_300' title='bbox 2207 1614 2328 1675; x_wconf 87' lang='lat' dir='ltr'><strong>sius</strong></span> <span class='ocrx_word' id='word_1_301' title='bbox 2358 1614 2743 1675; x_wconf 87' lang='lat' dir='ltr'><strong>beatitudinis</strong></span> <span class='ocrx_word' id='word_1_302' title='bbox 2772 1617 2922 1687; x_wconf 85' lang='lat' dir='ltr'><strong>ejus.</strong></span> <span class='ocrx_word' id='word_1_303' title='bbox 2954 1616 3115 1675; x_wconf 84' lang='lat' dir='ltr'><strong>Illius</strong></span> <span class='ocrx_word' id='word_1_304' title='bbox 3146 1632 3287 1675; x_wconf 90' lang='lat' dir='ltr'><strong>vero</strong></span> <span class='ocrx_word' id='word_1_305' title='bbox 3318 1616 3615 1691; x_wconf 88' lang='lat' dir='ltr'><strong>temporis</strong></span> <span class='ocrx_word' id='word_1_306' title='bbox 3677 1633 3868 1681; x_wconf 82' lang='lat' dir='ltr'><strong>cursu,</strong></span> 
     </span>
    </p>
   </div>
   <div class='ocr_carea' id='block_1_49' title="bbox 2207 1703 3867 1775">
    <p class='ocr_par' dir='ltr' id='par_1_49' title="bbox 2207 1703 3867 1775">
     <span class='ocr_line' id='line_1_49' title="bbox 2207 1703 3867 1775; baseline 0 -14"><span class='ocrx_word' id='word_1_307' title='bbox 2207 1718 2359 1761; x_wconf 81' lang='lat' dir='ltr'><strong>uxor</strong></span> <span class='ocrx_word' id='word_1_308' title='bbox 2383 1704 2512 1775; x_wconf 86' lang='lat' dir='ltr'><strong>ejus</strong></span> <span class='ocrx_word' id='word_1_309' title='bbox 2540 1703 2662 1761; x_wconf 86' lang='lat' dir='ltr'><strong>ﬁlia</strong></span> <span class='ocrx_word' id='word_1_310' title='bbox 2692 1704 2914 1761; x_wconf 87' lang='lat' dir='ltr'><strong>scilicet</strong></span> <span class='ocrx_word' id='word_1_311' title='bbox 2933 1705 3201 1775; x_wconf 87' lang='lat' dir='ltr'><strong>Hugonis</strong></span> <span class='ocrx_word' id='word_1_312' title='bbox 3222 1704 3430 1775; x_wconf 89' lang='lat' dir='ltr'><strong>magni</strong></span> <span class='ocrx_word' id='word_1_313' title='bbox 3458 1704 3642 1763; x_wconf 90' lang='lat' dir='ltr'><strong>ducis</strong></span> <span class='ocrx_word' id='word_1_314' title='bbox 3665 1704 3867 1761; x_wconf 83' lang='lat' dir='ltr'><strong>defun-</strong></span> 
     </span>
    </p>
   </div>
   <div class='ocr_carea' id='block_1_50' title="bbox 2207 1792 3865 1865">
    <p class='ocr_par' dir='ltr' id='par_1_50' title="bbox 2207 1792 3865 1865">
     <span class='ocr_line' id='line_1_50' title="bbox 2207 1792 3865 1865; baseline 0.001 -18"><span class='ocrx_word' id='word_1_315' title='bbox 2207 1792 2384 1864; x_wconf 90' lang='lat' dir='ltr'><strong>gitur,</strong></span> <span class='ocrx_word' id='word_1_316' title='bbox 2406 1796 2464 1849; x_wconf 90' lang='lat' dir='ltr'><strong>et</strong></span> <span class='ocrx_word' id='word_1_317' title='bbox 2512 1794 2695 1865; x_wconf 88' lang='lat' dir='ltr'><strong>hujus</strong></span> <span class='ocrx_word' id='word_1_318' title='bbox 2738 1793 3125 1850; x_wconf 87' lang='lat' dir='ltr'><strong>desolationis</strong></span> <span class='ocrx_word' id='word_1_319' title='bbox 3176 1798 3429 1853; x_wconf 70' lang='lat' dir='ltr'><strong>mmstus</strong></span> <span class='ocrx_word' id='word_1_320' title='bbox 3483 1794 3865 1861; x_wconf 77' lang='lat' dir='ltr'><strong>detrimento,</strong></span> 
     </span>
    </p>
   </div>
   <div class='ocr_carea' id='block_1_51' title="bbox 2206 1880 3861 1950">
    <p class='ocr_par' dir='ltr' id='par_1_51' title="bbox 2206 1880 3861 1950">
     <span class='ocr_line' id='line_1_51' title="bbox 2206 1880 3861 1950; baseline 0.002 -15"><span class='ocrx_word' id='word_1_321' title='bbox 2206 1880 2370 1941; x_wconf 85' lang='lat' dir='ltr'><strong>misit</strong></span> <span class='ocrx_word' id='word_1_322' title='bbox 2398 1881 2478 1943; x_wconf 85' lang='lat' dir='ltr'><strong>ad</strong></span> <span class='ocrx_word' id='word_1_323' title='bbox 2499 1881 2813 1950; x_wconf 84' lang='lat' dir='ltr'><strong>Hugonem</strong></span> <span class='ocrx_word' id='word_1_324' title='bbox 2845 1882 3086 1941; x_wconf 85' lang='lat' dir='ltr'><strong>fratrem</strong></span> <span class='ocrx_word' id='word_1_325' title='bbox 3114 1882 3410 1939; x_wconf 81' lang='lat' dir='ltr'><strong>defunctae</strong></span> <span class='ocrx_word' id='word_1_326' title='bbox 3459 1882 3679 1941; x_wconf 72' lang='lat' dir='ltr'><strong>uxoris</strong></span> <span class='ocrx_word' id='word_1_327' title='bbox 3732 1899 3861 1949; x_wconf 65' lang='lat' dir='ltr'><strong>sum,</strong></span> 
     </span>
    </p>
   </div>
   <div class='ocr_carea' id='block_1_52' title="bbox 2207 1968 3859 2042">
    <p class='ocr_par' dir='ltr' id='par_1_52' title="bbox 2207 1968 3859 2042">
     <span class='ocr_line' id='line_1_52' title="bbox 2207 1968 3859 2042; baseline 0 -15"><span class='ocrx_word' id='word_1_328' title='bbox 2207 1972 2273 2027; x_wconf 86' lang='lat' dir='ltr'><strong>ut</strong></span> <span class='ocrx_word' id='word_1_329' title='bbox 2299 1968 2602 2042; x_wconf 84' lang='lat' dir='ltr'><strong>quosdam</strong></span> <span class='ocrx_word' id='word_1_330' title='bbox 2633 1969 2914 2029; x_wconf 88' lang='lat' dir='ltr'><strong>vernulas</strong></span> <span class='ocrx_word' id='word_1_331' title='bbox 2968 1970 3191 2027; x_wconf 89' lang='lat' dir='ltr'><strong>domus</strong></span> <span class='ocrx_word' id='word_1_332' title='bbox 3243 1987 3369 2029; x_wconf 82' lang='lat' dir='ltr'><strong>suae</strong></span> <span class='ocrx_word' id='word_1_333' title='bbox 3419 1970 3691 2027; x_wconf 84' lang='lat' dir='ltr'><strong>mitteret</strong></span> <span class='ocrx_word' id='word_1_334' title='bbox 3739 1970 3859 2039; x_wconf 85' lang='lat' dir='ltr'><strong>sibi,</strong></span> 
     </span>
    </p>
   </div>
   <div class='ocr_carea' id='block_1_53' title="bbox 2206 2057 3856 2131">
    <p class='ocr_par' dir='ltr' id='par_1_53' title="bbox 2206 2057 3856 2131">
     <span class='ocr_line' id='line_1_53' title="bbox 2206 2057 3856 2131; baseline 0.002 -18"><span class='ocrx_word' id='word_1_335' title='bbox 2206 2057 2334 2129; x_wconf 89' lang='lat' dir='ltr'><strong>qui,</strong></span> <span class='ocrx_word' id='word_1_336' title='bbox 2365 2074 2498 2130; x_wconf 80' lang='lat' dir='ltr'><strong>quae</strong></span> <span class='ocrx_word' id='word_1_337' title='bbox 2529 2058 2886 2131; x_wconf 87' lang='lat' dir='ltr'><strong>possederat.</strong></span> <span class='ocrx_word' id='word_1_338' title='bbox 2912 2075 3081 2121; x_wconf 88' lang='lat' dir='ltr'><strong>soror</strong></span> <span class='ocrx_word' id='word_1_339' title='bbox 3107 2075 3221 2117; x_wconf 90' lang='lat' dir='ltr'><strong>sua</strong></span> <span class='ocrx_word' id='word_1_340' title='bbox 3240 2059 3374 2130; x_wconf 87' lang='lat' dir='ltr'><strong>jure</strong></span> <span class='ocrx_word' id='word_1_341' title='bbox 3400 2058 3693 2131; x_wconf 81' lang='lat' dir='ltr'><strong>femineo,</strong></span> <span class='ocrx_word' id='word_1_342' title='bbox 3740 2075 3856 2117; x_wconf 84' lang='lat' dir='ltr'><strong>ero—</strong></span> 
     </span>
    </p>
   </div>
   <div class='ocr_carea' id='block_1_54' title="bbox 2207 2147 3857 2220">
    <p class='ocr_par' dir='ltr' id='par_1_54' title="bbox 2207 2147 3857 2220">
     <span class='ocr_line' id='line_1_54' title="bbox 2207 2147 3857 2220; baseline 0.001 -18"><span class='ocrx_word' id='word_1_343' title='bbox 2207 2150 2418 2215; x_wconf 84' lang='lat' dir='ltr'><strong>garent</strong></span> <span class='ocrx_word' id='word_1_344' title='bbox 2439 2152 2837 2207; x_wconf 63' lang='lat' dir='ltr'><strong>sacrosanctae</strong></span> <span class='ocrx_word' id='word_1_345' title='bbox 2868 2148 3140 2205; x_wconf 78' lang='lat' dir='ltr'><strong>Ecclesiae</strong></span> <span class='ocrx_word' id='word_1_346' title='bbox 3169 2152 3226 2207; x_wconf 91' lang='lat' dir='ltr'><strong>et</strong></span> <span class='ocrx_word' id='word_1_347' title='bbox 3254 2147 3657 2220; x_wconf 86' lang='lat' dir='ltr'><strong>pauperibus.</strong></span> <span class='ocrx_word' id='word_1_348' title='bbox 3699 2148 3857 2217; x_wconf 86' lang='lat' dir='ltr'><strong>Hugo</strong></span> 
     </span>
    </p>
   </div>
   <div class='ocr_carea' id='block_1_55' title="bbox 2206 2235 3856 2309">
    <p class='ocr_par' dir='ltr' id='par_1_55' title="bbox 2206 2235 3856 2309">
     <span class='ocr_line' id='line_1_55' title="bbox 2206 2235 3856 2309; baseline 0.001 -18"><span class='ocrx_word' id='word_1_349' title='bbox 2206 2250 2346 2293; x_wconf 88' lang='lat' dir='ltr'><strong>vero</strong></span> <span class='ocrx_word' id='word_1_350' title='bbox 2366 2235 2493 2293; x_wconf 79' lang='lat' dir='ltr'><strong>dux</strong></span> <span class='ocrx_word' id='word_1_351' title='bbox 2516 2236 2743 2295; x_wconf 86' lang='lat' dir='ltr'><strong>remisit</strong></span> <span class='ocrx_word' id='word_1_352' title='bbox 2771 2237 2849 2293; x_wconf 90' lang='lat' dir='ltr'><strong>ad</strong></span> <span class='ocrx_word' id='word_1_353' title='bbox 2900 2237 3263 2294; x_wconf 77' lang='lat' dir='ltr'><strong>Richardum</strong></span> <span class='ocrx_word' id='word_1_354' title='bbox 3310 2236 3531 2292; x_wconf 88' lang='lat' dir='ltr'><strong>ducem</strong></span> <span class='ocrx_word' id='word_1_355' title='bbox 3579 2242 3645 2293; x_wconf 88' lang='lat' dir='ltr'><strong>et</strong></span> <span class='ocrx_word' id='word_1_356' title='bbox 3699 2236 3856 2309; x_wconf 86' lang='lat' dir='ltr'><strong>patri-</strong></span> 
     </span>
    </p>
   </div>
   <div class='ocr_carea' id='block_1_56' title="bbox 2207 2324 3855 2398">
    <p class='ocr_par' dir='ltr' id='par_1_56' title="bbox 2207 2324 3855 2398">
     <span class='ocr_line' id='line_1_56' title="bbox 2207 2324 3855 2398; baseline 0 -18"><span class='ocrx_word' id='word_1_357' title='bbox 2207 2324 2387 2391; x_wconf 90' lang='lat' dir='ltr'><strong>cium,</strong></span> <span class='ocrx_word' id='word_1_358' title='bbox 2420 2331 2487 2385; x_wconf 86' lang='lat' dir='ltr'><strong>ut</strong></span> <span class='ocrx_word' id='word_1_359' title='bbox 2509 2326 2805 2397; x_wconf 87' lang='lat' dir='ltr'><strong>quidquid</strong></span> <span class='ocrx_word' id='word_1_360' title='bbox 2838 2326 3249 2398; x_wconf 83' lang='lat' dir='ltr'><strong>suppeditaret</strong></span> <span class='ocrx_word' id='word_1_361' title='bbox 3285 2326 3397 2382; x_wconf 88' lang='lat' dir='ltr'><strong>sibi</strong></span> <span class='ocrx_word' id='word_1_362' title='bbox 3454 2325 3741 2383; x_wconf 81' lang='lat' dir='ltr'><strong>voluntas</strong></span> <span class='ocrx_word' id='word_1_363' title='bbox 3780 2325 3855 2381; x_wconf 85' lang='lat' dir='ltr'><strong>fa-</strong></span> 
     </span>
    </p>
   </div>
   <div class='ocr_carea' id='block_1_57' title="bbox 2207 2413 3851 2475">
    <p class='ocr_par' dir='ltr' id='par_1_57' title="bbox 2207 2413 3851 2475">
     <span class='ocr_line' id='line_1_57' title="bbox 2207 2413 3851 2475; baseline -0.001 -4"><span class='ocrx_word' id='word_1_364' title='bbox 2207 2418 2364 2471; x_wconf 84' lang='lat' dir='ltr'><strong>ceret</strong></span> <span class='ocrx_word' id='word_1_365' title='bbox 2389 2414 2573 2471; x_wconf 88' lang='lat' dir='ltr'><strong>libere</strong></span> <span class='ocrx_word' id='word_1_366' title='bbox 2594 2431 2667 2470; x_wconf 79' lang='lat' dir='ltr'><strong>ex</strong></span> <span class='ocrx_word' id='word_1_367' title='bbox 2687 2415 2990 2473; x_wconf 87' lang='lat' dir='ltr'><strong>omnibus.</strong></span> <span class='ocrx_word' id='word_1_368' title='bbox 3015 2418 3176 2475; x_wconf 80' lang='lat' dir='ltr'><strong>Tunc</strong></span> <span class='ocrx_word' id='word_1_369' title='bbox 3206 2414 3535 2473; x_wconf 83' lang='lat' dir='ltr'><strong>Richardus</strong></span> <span class='ocrx_word' id='word_1_370' title='bbox 3566 2413 3851 2473; x_wconf 80' lang='lat' dir='ltr'><strong>aﬂluentis</strong></span> 
     </span>
    </p>
   </div>
   <div class='ocr_carea' id='block_1_58' title="bbox 2206 2500 3852 2575">
    <p class='ocr_par' dir='ltr' id='par_1_58' title="bbox 2206 2500 3852 2575">
     <span class='ocr_line' id='line_1_58' title="bbox 2206 2500 3852 2575; baseline -0.001 -17"><span class='ocrx_word' id='word_1_371' title='bbox 2206 2500 2497 2572; x_wconf 83' lang='lat' dir='ltr'><strong>largitatis</strong></span> <span class='ocrx_word' id='word_1_372' title='bbox 2526 2502 2653 2561; x_wconf 76' lang='lat' dir='ltr'><strong>dux</strong></span> <span class='ocrx_word' id='word_1_373' title='bbox 2674 2502 3424 2575; x_wconf 71' lang='lat' dir='ltr'><strong>praepotentissimus,tanti</strong></span> <span class='ocrx_word' id='word_1_374' title='bbox 3449 2503 3719 2563; x_wconf 81' lang='lat' dir='ltr'><strong>thesauri</strong></span> <span class='ocrx_word' id='word_1_375' title='bbox 3735 2519 3852 2559; x_wconf 85' lang='lat' dir='ltr'><strong>mu-</strong></span> 
     </span>
    </p>
   </div>
   <div class='ocr_carea' id='block_1_59' title="bbox 2205 2592 3849 2664">
    <p class='ocr_par' dir='ltr' id='par_1_59' title="bbox 2205 2592 3849 2664">
     <span class='ocr_line' id='line_1_59' title="bbox 2205 2592 3849 2664; baseline 0 -16"><span class='ocrx_word' id='word_1_376' title='bbox 2205 2606 2354 2649; x_wconf 88' lang='lat' dir='ltr'><strong>nera</strong></span> <span class='ocrx_word' id='word_1_377' title='bbox 2381 2608 2488 2664; x_wconf 88' lang='lat' dir='ltr'><strong>per</strong></span> <span class='ocrx_word' id='word_1_378' title='bbox 2513 2593 2821 2650; x_wconf 87' lang='lat' dir='ltr'><strong>universas</strong></span> <span class='ocrx_word' id='word_1_379' title='bbox 2848 2593 3027 2649; x_wconf 86' lang='lat' dir='ltr'><strong>totius</strong></span> <span class='ocrx_word' id='word_1_380' title='bbox 3056 2592 3313 2651; x_wconf 59' lang='lat' dir='ltr'><strong>Francia:</strong></span> <span class='ocrx_word' id='word_1_381' title='bbox 3334 2597 3390 2651; x_wconf 92' lang='lat' dir='ltr'><strong>et</strong></span> <span class='ocrx_word' id='word_1_382' title='bbox 3415 2592 3849 2651; x_wconf 69' lang='lat' dir='ltr'><strong>Northmannia:</strong></span> 
     </span>
    </p>
   </div>
   <div class='ocr_carea' id='block_1_60' title="bbox 2206 2679 3846 2757">
    <p class='ocr_par' dir='ltr' id='par_1_60' title="bbox 2206 2679 3846 2757">
     <span class='ocr_line' id='line_1_60' title="bbox 2206 2679 3846 2757; baseline -0.001 -20"><span class='ocrx_word' id='word_1_383' title='bbox 2206 2680 2487 2738; x_wconf 88' lang='lat' dir='ltr'><strong>ecclesias</strong></span> <span class='ocrx_word' id='word_1_384' title='bbox 2524 2680 2854 2753; x_wconf 87' lang='lat' dir='ltr'><strong>dispertivit</strong></span> <span class='ocrx_word' id='word_1_385' title='bbox 2886 2697 2899 2737; x_wconf 83' lang='lat'><strong>:</strong></span> <span class='ocrx_word' id='word_1_386' title='bbox 2949 2681 3279 2753; x_wconf 84' lang='lat' dir='ltr'><strong>quinetiam</strong></span> <span class='ocrx_word' id='word_1_387' title='bbox 3306 2680 3571 2757; x_wconf 83' lang='lat' dir='ltr'><strong>plurima</strong></span> <span class='ocrx_word' id='word_1_388' title='bbox 3599 2697 3735 2754; x_wconf 66' lang='lat' dir='ltr'><strong>quae</strong></span> <span class='ocrx_word' id='word_1_389' title='bbox 3767 2679 3846 2737; x_wconf 86' lang='lat' dir='ltr'><strong>sui</strong></span> 
     </span>
    </p>
   </div>
   <div class='ocr_carea' id='block_1_61' title="bbox 2200 2769 3849 2842">
    <p class='ocr_par' dir='ltr' id='par_1_61' title="bbox 2200 2769 3849 2842">
     <span class='ocr_line' id='line_1_61' title="bbox 2200 2769 3849 2842; baseline 0 -16"><span class='ocrx_word' id='word_1_390' title='bbox 2200 2770 2354 2841; x_wconf 88' lang='lat' dir='ltr'><strong>juris</strong></span> <span class='ocrx_word' id='word_1_391' title='bbox 2385 2774 2575 2837; x_wconf 86' lang='lat' dir='ltr'><strong>erant,</strong></span> <span class='ocrx_word' id='word_1_392' title='bbox 2620 2786 2729 2842; x_wconf 88' lang='lat' dir='ltr'><strong>pro</strong></span> <span class='ocrx_word' id='word_1_393' title='bbox 2782 2770 2913 2841; x_wconf 82' lang='lat' dir='ltr'><strong>ejus</strong></span> <span class='ocrx_word' id='word_1_394' title='bbox 2966 2770 3174 2829; x_wconf 87' lang='lat' dir='ltr'><strong>anima</strong></span> <span class='ocrx_word' id='word_1_395' title='bbox 3227 2770 3495 2839; x_wconf 77' lang='lat' dir='ltr'><strong>erogavit</strong></span> <span class='ocrx_word' id='word_1_396' title='bbox 3552 2769 3849 2827; x_wconf 77' lang='lat' dir='ltr'><strong>afﬂuenter</strong></span> 
     </span>
    </p>
   </div>
   <div class='ocr_carea' id='block_1_62' title="bbox 441 2858 3841 2943">
    <p class='ocr_par' dir='ltr' id='par_1_62' title="bbox 441 2858 3841 2943">
     <span class='ocr_line' id='line_1_62' title="bbox 441 2858 3841 2943; baseline -0.004 -13"><span class='ocrx_word' id='word_1_397' title='bbox 441 2872 702 2930; x_wconf 89' lang='lat' dir='ltr'><strong>conduci</strong></span> <span class='ocrx_word' id='word_1_398' title='bbox 749 2871 884 2929; x_wconf 85' lang='lat' dir='ltr'><strong>fecit</strong></span> <span class='ocrx_word' id='word_1_399' title='bbox 934 2870 1014 2931; x_wconf 86' lang='lat' dir='ltr'><strong>ad</strong></span> <span class='ocrx_word' id='word_1_400' title='bbox 1072 2869 1443 2941; x_wconf 87' lang='lat' dir='ltr'><strong>Hispaniam,</strong></span> <span class='ocrx_word' id='word_1_401' title='bbox 1500 2869 2096 2927; x_wconf 80' lang='lat' dir='ltr'><strong>Constantinensibus</strong></span> <span class='ocrx_word' id='word_1_402' title='bbox 2128 2886 2168 2943; x_wconf 72' lang='grc' dir='ltr'>ρ</span> <span class='ocrx_word' id='word_1_403' title='bbox 2204 2858 2591 2931; x_wconf 74' lang='lat' dir='ltr'><strong>pauperibus.</strong></span> <span class='ocrx_word' id='word_1_404' title='bbox 2665 2858 2929 2931; x_wconf 83' lang='lat' dir='ltr'><strong>Denique</strong></span> <span class='ocrx_word' id='word_1_405' title='bbox 2998 2859 3404 2931; x_wconf 80' lang='lat' dir='ltr'><strong>subscalpenti</strong></span> <span class='ocrx_word' id='word_1_406' title='bbox 3484 2859 3841 2931; x_wconf 68' lang='lat' dir='ltr'><strong>voluptuose</strong></span> 
     </span>
    </p>
   </div>
   <div class='ocr_carea' id='block_1_63' title="bbox 437 2957 2096 3035">
    <p class='ocr_par' dir='ltr' id='par_1_63' title="bbox 437 2957 2096 3035">
     <span class='ocr_line' id='line_1_63' title="bbox 437 2957 2096 3035; baseline -0.001 -18"><span class='ocrx_word' id='word_1_407' title='bbox 437 2959 783 3017; x_wconf 88' lang='lat' dir='ltr'><strong>viatoribus.</strong></span> <span class='ocrx_word' id='word_1_408' title='bbox 820 2962 883 3019; x_wconf 82' lang='lat' dir='ltr'><strong>In</strong></span> <span class='ocrx_word' id='word_1_409' title='bbox 913 2958 1332 3030; x_wconf 85' lang='lat' dir='ltr'><strong>progressione</strong></span> <span class='ocrx_word' id='word_1_410' title='bbox 1384 2972 1649 3030; x_wconf 84' lang='lat' dir='ltr'><strong>namque</strong></span> <span class='ocrx_word' id='word_1_411' title='bbox 1700 2957 1854 3015; x_wconf 90' lang='lat' dir='ltr'><strong>illius</strong></span> <span class='ocrx_word' id='word_1_412' title='bbox 1906 2959 2096 3035; x_wconf 90' lang='lat' dir='ltr'><strong>profe-</strong></span> 
     </span>
    </p>
   </div>
   <div class='ocr_carea' id='block_1_64' title="bbox 410 3045 2096 3123">
    <p class='ocr_par' dir='ltr' id='par_1_64' title="bbox 410 3045 2096 3123">
     <span class='ocr_line' id='line_1_64' title="bbox 410 3045 2096 3123; baseline 0 -18"><span class='ocrx_word' id='word_1_413' title='bbox 410 3117 415 3123; x_wconf 26' lang='lat'>.</span> <span class='ocrx_word' id='word_1_414' title='bbox 440 3046 651 3105; x_wconf 90' lang='lat' dir='ltr'><strong>ctionis</strong></span> <span class='ocrx_word' id='word_1_415' title='bbox 679 3047 772 3105; x_wconf 87' lang='lat' dir='ltr'><strong>bis</strong></span> <span class='ocrx_word' id='word_1_416' title='bbox 801 3062 1022 3111; x_wconf 86' lang='lat' dir='ltr'><strong>novem</strong></span> <span class='ocrx_word' id='word_1_417' title='bbox 1052 3046 1316 3102; x_wconf 88' lang='lat' dir='ltr'><strong>civitates</strong></span> <span class='ocrx_word' id='word_1_418' title='bbox 1345 3045 1706 3117; x_wconf 78' lang='lat' dir='ltr'><strong>devicerunt,</strong></span> <span class='ocrx_word' id='word_1_419' title='bbox 1763 3053 1817 3105; x_wconf 91' lang='lat' dir='ltr'><strong>et</strong></span> <span class='ocrx_word' id='word_1_420' title='bbox 1868 3064 2003 3121; x_wconf 82' lang='lat' dir='ltr'><strong>quae</strong></span> <span class='ocrx_word' id='word_1_421' title='bbox 2034 3048 2096 3105; x_wconf 91' lang='lat' dir='ltr'><strong>in</strong></span> 
     </span>
    </p>
   </div>
   <div class='ocr_carea' id='block_1_65' title="bbox 438 3133 2097 3209">
    <p class='ocr_par' dir='ltr' id='par_1_65' title="bbox 438 3133 2097 3209">
     <span class='ocr_line' id='line_1_65' title="bbox 438 3133 2097 3209; baseline 0.001 -17"><span class='ocrx_word' id='word_1_422' title='bbox 438 3134 525 3193; x_wconf 89' lang='lat' dir='ltr'><strong>eis</strong></span> <span class='ocrx_word' id='word_1_423' title='bbox 552 3138 901 3209; x_wconf 80' lang='lat' dir='ltr'><strong>repererunt</strong></span> <span class='ocrx_word' id='word_1_424' title='bbox 930 3134 1040 3191; x_wconf 87' lang='lat' dir='ltr'><strong>sibi</strong></span> <span class='ocrx_word' id='word_1_425' title='bbox 1071 3133 1467 3192; x_wconf 87' lang='lat' dir='ltr'><strong>vindicarunt.</strong></span> <span class='ocrx_word' id='word_1_426' title='bbox 1497 3134 1619 3191; x_wconf 90' lang='lat' dir='ltr'><strong>Hac</strong></span> <span class='ocrx_word' id='word_1_427' title='bbox 1649 3133 1903 3208; x_wconf 89' lang='lat' dir='ltr'><strong>illacque</strong></span> <span class='ocrx_word' id='word_1_428' title='bbox 1942 3136 2097 3209; x_wconf 87' lang='lat' dir='ltr'><strong>rapi-</strong></span> 
     </span>
    </p>
   </div>
   <div class='ocr_carea' id='block_1_66' title="bbox 436 3220 2093 3297">
    <p class='ocr_par' dir='ltr' id='par_1_66' title="bbox 436 3220 2093 3297">
     <span class='ocr_line' id='line_1_66' title="bbox 436 3220 2093 3297; baseline -0.004 -12"><span class='ocrx_word' id='word_1_429' title='bbox 436 3226 671 3297; x_wconf 88' lang='lat' dir='ltr'><strong>nantes,</strong></span> <span class='ocrx_word' id='word_1_430' title='bbox 699 3220 1050 3297; x_wconf 88' lang='lat' dir='ltr'><strong>Hispaniam</strong></span> <span class='ocrx_word' id='word_1_431' title='bbox 1081 3222 1369 3279; x_wconf 89' lang='lat' dir='ltr'><strong>hostiliter</strong></span> <span class='ocrx_word' id='word_1_432' title='bbox 1414 3221 1851 3294; x_wconf 86' lang='lat' dir='ltr'><strong>adgredientes,</strong></span> <span class='ocrx_word' id='word_1_433' title='bbox 1902 3240 2093 3297; x_wconf 83' lang='lat' dir='ltr'><strong>coepe-</strong></span> 
     </span>
    </p>
   </div>
   <div class='ocr_carea' id='block_1_67' title="bbox 437 3311 2089 3391">
    <p class='ocr_par' dir='ltr' id='par_1_67' title="bbox 437 3311 2089 3391">
     <span class='ocr_line' id='line_1_67' title="bbox 437 3311 2089 3391; baseline -0.001 -20"><span class='ocrx_word' id='word_1_434' title='bbox 437 3318 574 3373; x_wconf 91' lang='lat' dir='ltr'><strong>runt</strong></span> <span class='ocrx_word' id='word_1_435' title='bbox 600 3313 878 3391; x_wconf 81' lang='lat' dir='ltr'><strong>incendio</strong></span> <span class='ocrx_word' id='word_1_436' title='bbox 908 3317 966 3371; x_wconf 87' lang='lat' dir='ltr'><strong>et</strong></span> <span class='ocrx_word' id='word_1_437' title='bbox 1016 3312 1241 3387; x_wconf 89' lang='lat' dir='ltr'><strong>rapinis</strong></span> <span class='ocrx_word' id='word_1_438' title='bbox 1300 3311 1562 3382; x_wconf 81' lang='lat' dir='ltr'><strong>afﬂigere</strong></span> <span class='ocrx_word' id='word_1_439' title='bbox 1614 3329 1751 3371; x_wconf 89' lang='lat' dir='ltr'><strong>eam</strong></span> <span class='ocrx_word' id='word_1_440' title='bbox 1794 3313 2089 3371; x_wconf 89' lang='lat' dir='ltr'><strong>severiter.</strong></span> 
     </span>
    </p>
   </div>
   <div class='ocr_carea' id='block_1_68' title="bbox 436 3401 2090 3476">
    <p class='ocr_par' dir='ltr' id='par_1_68' title="bbox 436 3401 2090 3476">
     <span class='ocr_line' id='line_1_68' title="bbox 436 3401 2090 3476; baseline -0.002 -13"><span class='ocrx_word' id='word_1_441' title='bbox 436 3404 700 3464; x_wconf 88' lang='lat' dir='ltr'><strong>Tandem</strong></span> <span class='ocrx_word' id='word_1_442' title='bbox 732 3419 875 3459; x_wconf 87' lang='lat' dir='ltr'><strong>vero</strong></span> <span class='ocrx_word' id='word_1_443' title='bbox 903 3401 1168 3476; x_wconf 85' lang='lat' dir='ltr'><strong>Hispani,</strong></span> <span class='ocrx_word' id='word_1_444' title='bbox 1196 3402 1516 3459; x_wconf 88' lang='lat' dir='ltr'><strong>rusticanis</strong></span> <span class='ocrx_word' id='word_1_445' title='bbox 1574 3402 1851 3474; x_wconf 88' lang='lat' dir='ltr'><strong>gentibus</strong></span> <span class='ocrx_word' id='word_1_446' title='bbox 1900 3401 2090 3473; x_wconf 86' lang='lat' dir='ltr'><strong>digla-</strong></span> 
     </span>
    </p>
   </div>
   <div class='ocr_carea' id='block_1_69' title="bbox 348 3490 2092 3581">
    <p class='ocr_par' dir='ltr' id='par_1_69' title="bbox 348 3490 2092 3581">
     <span class='ocr_line' id='line_1_69' title="bbox 348 3490 2092 3581; baseline -0.002 -30"><span class='ocrx_word' id='word_1_447' title='bbox 348 3554 363 3581; x_wconf 51' lang='grc'>.</span> <span class='ocrx_word' id='word_1_448' title='bbox 436 3492 639 3581; x_wconf 72' lang='lat' dir='ltr'><strong>diatis,</strong></span> <span class='ocrx_word' id='word_1_449' title='bbox 662 3491 1025 3581; x_wconf 79' lang='lat' dir='ltr'><strong>conglobato</strong></span> <span class='ocrx_word' id='word_1_450' title='bbox 1056 3490 1316 3551; x_wconf 84' lang='lat' dir='ltr'><strong>exercitu</strong></span> <span class='ocrx_word' id='word_1_451' title='bbox 1375 3491 1845 3581; x_wconf 80' lang='lat' dir='ltr'><strong>congrediuntur</strong></span> <span class='ocrx_word' id='word_1_452' title='bbox 1887 3492 2092 3581; x_wconf 83' lang='lat' dir='ltr'><strong>North-</strong></span> 
     </span>
    </p>
   </div>
   <div class='ocr_carea' id='block_1_70' title="bbox 434 3577 2092 3653">
    <p class='ocr_par' dir='ltr' id='par_1_70' title="bbox 434 3577 2092 3653">
     <span class='ocr_line' id='line_1_70' title="bbox 434 3577 2092 3653; baseline -0.003 -14"><span class='ocrx_word' id='word_1_453' title='bbox 434 3579 696 3639; x_wconf 87' lang='lat' dir='ltr'><strong>mannis.</strong></span> <span class='ocrx_word' id='word_1_454' title='bbox 742 3578 1023 3637; x_wconf 71' lang='lat' dir='ltr'><strong>Saeviente</strong></span> <span class='ocrx_word' id='word_1_455' title='bbox 1076 3594 1342 3653; x_wconf 89' lang='lat' dir='ltr'><strong>namque</strong></span> <span class='ocrx_word' id='word_1_456' title='bbox 1391 3580 1566 3637; x_wconf 81' lang='lat' dir='ltr'><strong>Marte</strong></span> <span class='ocrx_word' id='word_1_457' title='bbox 1609 3577 1851 3653; x_wconf 86' lang='lat' dir='ltr'><strong>Hispani</strong></span> <span class='ocrx_word' id='word_1_458' title='bbox 1880 3579 2092 3637; x_wconf 76' lang='lat' dir='ltr'><strong>exteris</strong></span> 
     </span>
    </p>
   </div>
   <div class='ocr_carea' id='block_1_71' title="bbox 433 3664 2092 3741">
    <p class='ocr_par' dir='ltr' id='par_1_71' title="bbox 433 3664 2092 3741">
     <span class='ocr_line' id='line_1_71' title="bbox 433 3664 2092 3741; baseline -0.001 -17"><span class='ocrx_word' id='word_1_459' title='bbox 433 3670 606 3740; x_wconf 88' lang='lat' dir='ltr'><strong>terga</strong></span> <span class='ocrx_word' id='word_1_460' title='bbox 631 3671 877 3736; x_wconf 87' lang='lat' dir='ltr'><strong>vertere,</strong></span> <span class='ocrx_word' id='word_1_461' title='bbox 908 3665 1063 3723; x_wconf 88' lang='lat' dir='ltr'><strong>facta</strong></span> <span class='ocrx_word' id='word_1_462' title='bbox 1087 3680 1439 3741; x_wconf 83' lang='lat' dir='ltr'><strong>praemagna</strong></span> <span class='ocrx_word' id='word_1_463' title='bbox 1459 3664 1878 3723; x_wconf 87' lang='lat' dir='ltr'><strong>internecione.</strong></span> <span class='ocrx_word' id='word_1_464' title='bbox 1903 3667 2092 3724; x_wconf 87' lang='lat' dir='ltr'><strong>Tertio</strong></span> 
     </span>
    </p>
   </div>
   <div class='ocr_carea' id='block_1_72' title="bbox 431 3752 2091 3830">
    <p class='ocr_par' dir='ltr' id='par_1_72' title="bbox 431 3752 2091 3830">
     <span class='ocr_line' id='line_1_72' title="bbox 431 3752 2091 3830; baseline 0 -17"><span class='ocrx_word' id='word_1_465' title='bbox 431 3770 702 3830; x_wconf 86' lang='lat' dir='ltr'><strong>namque</strong></span> <span class='ocrx_word' id='word_1_466' title='bbox 728 3754 824 3815; x_wconf 89' lang='lat' dir='ltr'><strong>die</strong></span> <span class='ocrx_word' id='word_1_467' title='bbox 854 3769 1139 3829; x_wconf 86' lang='lat' dir='ltr'><strong>campum</strong></span> <span class='ocrx_word' id='word_1_468' title='bbox 1168 3752 1352 3828; x_wconf 84' lang='lat' dir='ltr'><strong>praelii</strong></span> <span class='ocrx_word' id='word_1_469' title='bbox 1381 3753 1774 3813; x_wconf 78' lang='lat' dir='ltr'><strong>Northmanni</strong></span> <span class='ocrx_word' id='word_1_470' title='bbox 1827 3760 2091 3828; x_wconf 87' lang='lat' dir='ltr'><strong>repeten-</strong></span> 
     </span>
    </p>
   </div>
   <div class='ocr_carea' id='block_1_73' title="bbox 433 3837 2093 3912">
    <p class='ocr_par' dir='ltr' id='par_1_73' title="bbox 433 3837 2093 3912">
     <span class='ocr_line' id='line_1_73' title="bbox 433 3837 2093 3912; baseline -0.001 -15"><span class='ocrx_word' id='word_1_471' title='bbox 433 3840 545 3907; x_wconf 82' lang='lat' dir='ltr'><strong>tes,</strong></span> <span class='ocrx_word' id='word_1_472' title='bbox 566 3842 956 3912; x_wconf 85' lang='lat' dir='ltr'><strong>mortuosque</strong></span> <span class='ocrx_word' id='word_1_473' title='bbox 986 3842 1051 3894; x_wconf 94' lang='lat' dir='ltr'><strong>ut</strong></span> <span class='ocrx_word' id='word_1_474' title='bbox 1074 3837 1333 3893; x_wconf 89' lang='lat' dir='ltr'><strong>induviis</strong></span> <span class='ocrx_word' id='word_1_475' title='bbox 1364 3853 1467 3892; x_wconf 90' lang='lat' dir='ltr'><strong>eos</strong></span> <span class='ocrx_word' id='word_1_476' title='bbox 1523 3837 1827 3912; x_wconf 90' lang='lat' dir='ltr'><strong>privarent</strong></span> <span class='ocrx_word' id='word_1_477' title='bbox 1864 3843 2093 3896; x_wconf 89' lang='lat' dir='ltr'><strong>verten-</strong></span> 
     </span>
    </p>
   </div>
   <div class='ocr_carea' id='block_1_74' title="bbox 433 3926 2093 4004">
    <p class='ocr_par' dir='ltr' id='par_1_74' title="bbox 433 3926 2093 4004">
     <span class='ocr_line' id='line_1_74' title="bbox 433 3926 2093 4004; baseline 0 -17"><span class='ocrx_word' id='word_1_478' title='bbox 433 3933 542 4001; x_wconf 86' lang='lat' dir='ltr'><strong>tes,</strong></span> <span class='ocrx_word' id='word_1_479' title='bbox 572 3932 922 4004; x_wconf 79' lang='lat' dir='ltr'><strong>repererunt</strong></span> <span class='ocrx_word' id='word_1_480' title='bbox 935 3932 1133 4003; x_wconf 88' lang='lat' dir='ltr'><strong>partes</strong></span> <span class='ocrx_word' id='word_1_481' title='bbox 1155 3943 1478 4001; x_wconf 90' lang='lat' dir='ltr'><strong>corporum</strong></span> <span class='ocrx_word' id='word_1_482' title='bbox 1495 3926 1853 3999; x_wconf 87' lang='lat' dir='ltr'><strong>nigellorum</strong></span> <span class='ocrx_word' id='word_1_483' title='bbox 1880 3930 2093 3987; x_wconf 62' lang='lat' dir='ltr'><strong>Ethio—</strong></span> 
     </span>
    </p>
   </div>
   <div class='ocr_carea' id='block_1_75' title="bbox 431 4015 2089 4097">
    <p class='ocr_par' dir='ltr' id='par_1_75' title="bbox 431 4015 2089 4097">
     <span class='ocr_line' id='line_1_75' title="bbox 431 4015 2089 4097; baseline 0 -20"><span class='ocrx_word' id='word_1_484' title='bbox 431 4035 701 4097; x_wconf 88' lang='lat' dir='ltr'><strong>pumque</strong></span> <span class='ocrx_word' id='word_1_485' title='bbox 724 4023 890 4077; x_wconf 69' lang='lat' dir='ltr'><strong>terrea</strong></span> <span class='ocrx_word' id='word_1_486' title='bbox 914 4015 1198 4077; x_wconf 82' lang='lat' dir='ltr'><strong>ﬁnitimas</strong></span> <span class='ocrx_word' id='word_1_487' title='bbox 1249 4020 1428 4093; x_wconf 90' lang='lat' dir='ltr'><strong>atque</strong></span> <span class='ocrx_word' id='word_1_488' title='bbox 1488 4015 1903 4075; x_wconf 89' lang='lat' dir='ltr'><strong>incumbentes</strong></span> <span class='ocrx_word' id='word_1_489' title='bbox 1955 4019 2089 4077; x_wconf 89' lang='lat' dir='ltr'><strong>nive</strong></span> 
     </span>
    </p>
   </div>
   <div class='ocr_carea' id='block_1_76' title="bbox 433 4105 2089 4182">
    <p class='ocr_par' dir='ltr' id='par_1_76' title="bbox 433 4105 2089 4182">
     <span class='ocr_line' id='line_1_76' title="bbox 433 4105 2089 4182; baseline 0 -17"><span class='ocrx_word' id='word_1_490' title='bbox 433 4106 811 4171; x_wconf 86' lang='lat' dir='ltr'><strong>candidiores</strong></span> <span class='ocrx_word' id='word_1_491' title='bbox 845 4125 858 4175; x_wconf 91' lang='lat'><strong>;</strong></span> <span class='ocrx_word' id='word_1_492' title='bbox 891 4105 1188 4179; x_wconf 89' lang='lat' dir='ltr'><strong>reliquum</strong></span> <span class='ocrx_word' id='word_1_493' title='bbox 1217 4122 1360 4165; x_wconf 92' lang='lat' dir='ltr'><strong>vero</strong></span> <span class='ocrx_word' id='word_1_494' title='bbox 1387 4122 1607 4180; x_wconf 90' lang='lat' dir='ltr'><strong>corpus</strong></span> <span class='ocrx_word' id='word_1_495' title='bbox 1643 4107 1962 4182; x_wconf 89' lang='lat' dir='ltr'><strong>pristinum</strong></span> <span class='ocrx_word' id='word_1_496' title='bbox 1994 4126 2089 4165; x_wconf 92' lang='lat' dir='ltr'><strong>co-</strong></span> 
     </span>
    </p>
   </div>
   <div class='ocr_carea' id='block_1_77' title="bbox 2202 2947 3837 3016">
    <p class='ocr_par' dir='ltr' id='par_1_77' title="bbox 2202 2947 3837 3016">
     <span class='ocr_line' id='line_1_77' title="bbox 2202 2947 3837 3016; baseline -0.001 -13"><span class='ocrx_word' id='word_1_497' title='bbox 2202 2948 2594 3005; x_wconf 85' lang='lat' dir='ltr'><strong>humanitatis</strong></span> <span class='ocrx_word' id='word_1_498' title='bbox 2624 2947 2926 3015; x_wconf 87' lang='lat' dir='ltr'><strong>fragilitati</strong></span> <span class='ocrx_word' id='word_1_499' title='bbox 2955 2948 3262 3013; x_wconf 87' lang='lat' dir='ltr'><strong>subactus,</strong></span> <span class='ocrx_word' id='word_1_500' title='bbox 3281 2947 3485 3016; x_wconf 83' lang='lat' dir='ltr'><strong>genuit</strong></span> <span class='ocrx_word' id='word_1_501' title='bbox 3512 2947 3668 3005; x_wconf 90' lang='lat' dir='ltr'><strong>duos</strong></span> <span class='ocrx_word' id='word_1_502' title='bbox 3682 2947 3837 3013; x_wconf 82' lang='lat' dir='ltr'><strong>ﬁlios,</strong></span> 
     </span>
    </p>
   </div>
   <div class='ocr_carea' id='block_1_78' title="bbox 2201 3037 3836 3109">
    <p class='ocr_par' dir='ltr' id='par_1_78' title="bbox 2201 3037 3836 3109">
     <span class='ocr_line' id='line_1_78' title="bbox 2201 3037 3836 3109; baseline -0.003 -13"><span class='ocrx_word' id='word_1_503' title='bbox 2201 3040 2447 3096; x_wconf 87' lang='lat' dir='ltr'><strong>totidem</strong></span> <span class='ocrx_word' id='word_1_504' title='bbox 2479 3044 2537 3095; x_wconf 90' lang='lat' dir='ltr'><strong>et</strong></span> <span class='ocrx_word' id='word_1_505' title='bbox 2558 3037 2732 3106; x_wconf 85' lang='lat' dir='ltr'><strong>ﬁlias,</strong></span> <span class='ocrx_word' id='word_1_506' title='bbox 2766 3053 2838 3099; x_wconf 80' lang='lat' dir='ltr'><strong>ex</strong></span> <span class='ocrx_word' id='word_1_507' title='bbox 2866 3037 3218 3093; x_wconf 88' lang='lat' dir='ltr'><strong>concubinis</strong></span> <span class='ocrx_word' id='word_1_508' title='bbox 3245 3055 3256 3091; x_wconf 91' lang='lat'>:</span> <span class='ocrx_word' id='word_1_509' title='bbox 3290 3053 3555 3109; x_wconf 85' lang='lat' dir='ltr'><strong>quorum</strong></span> <span class='ocrx_word' id='word_1_510' title='bbox 3572 3053 3722 3093; x_wconf 89' lang='lat' dir='ltr'><strong>unus</strong></span> <span class='ocrx_word' id='word_1_511' title='bbox 3745 3038 3836 3091; x_wconf 85' lang='lat' dir='ltr'><strong>Go-</strong></span> 
     </span>
    </p>
   </div>
   <div class='ocr_carea' id='block_1_79' title="bbox 2200 3123 3831 3199">
    <p class='ocr_par' dir='ltr' id='par_1_79' title="bbox 2200 3123 3831 3199">
     <span class='ocr_line' id='line_1_79' title="bbox 2200 3123 3831 3199; baseline -0.004 -14"><span class='ocrx_word' id='word_1_512' title='bbox 2200 3129 2502 3197; x_wconf 84' lang='lat' dir='ltr'><strong>defredus,</strong></span> <span class='ocrx_word' id='word_1_513' title='bbox 2532 3128 2681 3183; x_wconf 88' lang='lat' dir='ltr'><strong>alter</strong></span> <span class='ocrx_word' id='word_1_514' title='bbox 2714 3143 2850 3183; x_wconf 87' lang='lat' dir='ltr'><strong>vero</strong></span> <span class='ocrx_word' id='word_1_515' title='bbox 2877 3132 3262 3199; x_wconf 87' lang='lat' dir='ltr'><strong>nuncupatur</strong></span> <span class='ocrx_word' id='word_1_516' title='bbox 3287 3126 3629 3184; x_wconf 83' lang='lat' dir='ltr'><strong>Willelmus.</strong></span> <span class='ocrx_word' id='word_1_517' title='bbox 3680 3123 3831 3181; x_wconf 84' lang='lat' dir='ltr'><strong>Deni—</strong></span> 
     </span>
    </p>
   </div>
   <div class='ocr_carea' id='block_1_80' title="bbox 2202 3214 3825 3290">
    <p class='ocr_par' dir='ltr' id='par_1_80' title="bbox 2202 3214 3825 3290">
     <span class='ocr_line' id='line_1_80' title="bbox 2202 3214 3825 3290; baseline -0.004 -17"><span class='ocrx_word' id='word_1_518' title='bbox 2202 3233 2320 3290; x_wconf 89' lang='lat' dir='ltr'><strong>que</strong></span> <span class='ocrx_word' id='word_1_519' title='bbox 2345 3217 2660 3273; x_wconf 59' lang='lat' dir='ltr'><strong>luculenta;</strong></span> <span class='ocrx_word' id='word_1_520' title='bbox 2686 3216 3015 3285; x_wconf 86' lang='lat' dir='ltr'><strong>majestatis</strong></span> <span class='ocrx_word' id='word_1_521' title='bbox 3060 3216 3274 3285; x_wconf 87' lang='lat' dir='ltr'><strong>virgini</strong></span> <span class='ocrx_word' id='word_1_522' title='bbox 3328 3232 3401 3271; x_wconf 82' lang='lat' dir='ltr'><strong>ex</strong></span> <span class='ocrx_word' id='word_1_523' title='bbox 3453 3214 3825 3272; x_wconf 76' lang='lat' dir='ltr'><strong>famosissima</strong></span> 
     </span>
    </p>
   </div>
   <div class='ocr_carea' id='block_1_81' title="bbox 2202 3304 3824 3377">
    <p class='ocr_par' dir='ltr' id='par_1_81' title="bbox 2202 3304 3824 3377">
     <span class='ocr_line' id='line_1_81' title="bbox 2202 3304 3824 3377; baseline -0.004 -16"><span class='ocrx_word' id='word_1_524' title='bbox 2202 3306 2495 3363; x_wconf 87' lang='lat' dir='ltr'><strong>nobilium</strong></span> <span class='ocrx_word' id='word_1_525' title='bbox 2528 3309 2821 3361; x_wconf 85' lang='lat' dir='ltr'><strong>Dacorum</strong></span> <span class='ocrx_word' id='word_1_526' title='bbox 2852 3304 3133 3377; x_wconf 83' lang='lat' dir='ltr'><strong>prosapia</strong></span> <span class='ocrx_word' id='word_1_527' title='bbox 3163 3309 3400 3367; x_wconf 76' lang='lat' dir='ltr'><strong>exortae,</strong></span> <span class='ocrx_word' id='word_1_528' title='bbox 3460 3305 3824 3375; x_wconf 81' lang='lat' dir='ltr'><strong>omniumque</strong></span> 
     </span>
    </p>
   </div>
   <div class='ocr_carea' id='block_1_82' title="bbox 2202 3393 3829 3468">
    <p class='ocr_par' dir='ltr' id='par_1_82' title="bbox 2202 3393 3829 3468">
     <span class='ocr_line' id='line_1_82' title="bbox 2202 3393 3829 3468; baseline -0.004 -18"><span class='ocrx_word' id='word_1_529' title='bbox 2202 3394 2655 3468; x_wconf 59' lang='lat' dir='ltr'><strong>speciosissima)</strong></span> <span class='ocrx_word' id='word_1_530' title='bbox 2708 3393 3315 3449; x_wconf 84' lang='lat' dir='ltr'><strong>Northmannicarum</strong></span> <span class='ocrx_word' id='word_1_531' title='bbox 3366 3393 3674 3463; x_wconf 85' lang='lat' dir='ltr'><strong>virginum,</strong></span> <span class='ocrx_word' id='word_1_532' title='bbox 3711 3405 3829 3461; x_wconf 81' lang='lat' dir='ltr'><strong>per-</strong></span> 
     </span>
    </p>
   </div>
   <div class='ocr_carea' id='block_1_83' title="bbox 2201 3482 3821 3555">
    <p class='ocr_par' dir='ltr' id='par_1_83' title="bbox 2201 3482 3821 3555">
     <span class='ocr_line' id='line_1_83' title="bbox 2201 3482 3821 3555; baseline -0.006 -15"><span class='ocrx_word' id='word_1_533' title='bbox 2201 3484 2691 3555; x_wconf 87' lang='lat' dir='ltr'><strong>mutantibusque</strong></span> <span class='ocrx_word' id='word_1_534' title='bbox 2714 3482 2975 3539; x_wconf 87' lang='lat' dir='ltr'><strong>civilium</strong></span> <span class='ocrx_word' id='word_1_535' title='bbox 2992 3482 3438 3555; x_wconf 86' lang='lat' dir='ltr'><strong>forensiumque</strong></span> <span class='ocrx_word' id='word_1_536' title='bbox 3453 3497 3636 3537; x_wconf 86' lang='lat' dir='ltr'><strong>rerum</strong></span> <span class='ocrx_word' id='word_1_537' title='bbox 3656 3493 3821 3533; x_wconf 82' lang='lat' dir='ltr'><strong>even-</strong></span> 
     </span>
    </p>
   </div>
   <div class='ocr_carea' id='block_1_84' title="bbox 2200 3567 3820 3643">
    <p class='ocr_par' dir='ltr' id='par_1_84' title="bbox 2200 3567 3820 3643">
     <span class='ocr_line' id='line_1_84' title="bbox 2200 3567 3820 3643; baseline -0.004 -16"><span class='ocrx_word' id='word_1_538' title='bbox 2200 3572 2358 3627; x_wconf 89' lang='lat' dir='ltr'><strong>tibus</strong></span> <span class='ocrx_word' id='word_1_539' title='bbox 2385 3572 2763 3639; x_wconf 70' lang='lat' dir='ltr'><strong>cautissimze,</strong></span> <span class='ocrx_word' id='word_1_540' title='bbox 2792 3572 3151 3643; x_wconf 89' lang='lat' dir='ltr'><strong>femineique</strong></span> <span class='ocrx_word' id='word_1_541' title='bbox 3184 3571 3407 3627; x_wconf 87' lang='lat' dir='ltr'><strong>artiﬁcii</strong></span> <span class='ocrx_word' id='word_1_542' title='bbox 3435 3569 3647 3625; x_wconf 73' lang='lat' dir='ltr'><strong>edoctae</strong></span> <span class='ocrx_word' id='word_1_543' title='bbox 3672 3567 3820 3634; x_wconf 83' lang='lat' dir='ltr'><strong>inge-</strong></span> 
     </span>
    </p>
   </div>
   <div class='ocr_carea' id='block_1_85' title="bbox 2198 3656 3826 3733">
    <p class='ocr_par' dir='ltr' id='par_1_85' title="bbox 2198 3656 3826 3733">
     <span class='ocr_line' id='line_1_85' title="bbox 2198 3656 3826 3733; baseline -0.004 -16"><span class='ocrx_word' id='word_1_544' title='bbox 2198 3662 2319 3732; x_wconf 90' lang='lat' dir='ltr'><strong>nio,</strong></span> <span class='ocrx_word' id='word_1_545' title='bbox 2352 3661 2750 3733; x_wconf 58' lang='lat' dir='ltr'><strong>facundiaque</strong></span> <span class='ocrx_word' id='word_1_546' title='bbox 2768 3661 3054 3717; x_wconf 87' lang='lat' dir='ltr'><strong>ubertatis</strong></span> <span class='ocrx_word' id='word_1_547' title='bbox 3080 3660 3322 3733; x_wconf 88' lang='lat' dir='ltr'><strong>eloquio</strong></span> <span class='ocrx_word' id='word_1_548' title='bbox 3344 3659 3606 3715; x_wconf 88' lang='lat' dir='ltr'><strong>modeste</strong></span> <span class='ocrx_word' id='word_1_549' title='bbox 3620 3656 3826 3730; x_wconf 87' lang='lat' dir='ltr'><strong>pollen-</strong></span> 
     </span>
    </p>
   </div>
   <div class='ocr_carea' id='block_1_86' title="bbox 2200 3748 3824 3823">
    <p class='ocr_par' dir='ltr' id='par_1_86' title="bbox 2200 3748 3824 3823">
     <span class='ocr_line' id='line_1_86' title="bbox 2200 3748 3824 3823; baseline -0.005 -15"><span class='ocrx_word' id='word_1_550' title='bbox 2200 3751 2260 3823; x_wconf 85' lang='lat' dir='ltr'><strong>ti,</strong></span> <span class='ocrx_word' id='word_1_551' title='bbox 2292 3751 2655 3823; x_wconf 86' lang='lat' dir='ltr'><strong>capacisque</strong></span> <span class='ocrx_word' id='word_1_552' title='bbox 2684 3751 2990 3806; x_wconf 74' lang='lat' dir='ltr'><strong>memorize</strong></span> <span class='ocrx_word' id='word_1_553' title='bbox 3022 3755 3079 3806; x_wconf 89' lang='lat' dir='ltr'><strong>et</strong></span> <span class='ocrx_word' id='word_1_554' title='bbox 3107 3748 3533 3806; x_wconf 83' lang='lat' dir='ltr'><strong>recordationis</strong></span> <span class='ocrx_word' id='word_1_555' title='bbox 3570 3748 3824 3805; x_wconf 85' lang='lat' dir='ltr'><strong>thesauro</strong></span> 
     </span>
    </p>
   </div>
   <div class='ocr_carea' id='block_1_87' title="bbox 2197 3838 3824 3914">
    <p class='ocr_par' dir='ltr' id='par_1_87' title="bbox 2197 3838 3824 3914">
     <span class='ocr_line' id='line_1_87' title="bbox 2197 3838 3824 3914; baseline -0.003 -18"><span class='ocrx_word' id='word_1_556' title='bbox 2197 3839 2502 3914; x_wconf 86' lang='lat' dir='ltr'><strong>profusius</strong></span> <span class='ocrx_word' id='word_1_557' title='bbox 2549 3839 2944 3913; x_wconf 82' lang='lat' dir='ltr'><strong>locupletatae,</strong></span> <span class='ocrx_word' id='word_1_558' title='bbox 3002 3843 3181 3912; x_wconf 87' lang='lat' dir='ltr'><strong>atque</strong></span> <span class='ocrx_word' id='word_1_559' title='bbox 3229 3839 3503 3894; x_wconf 87' lang='lat' dir='ltr'><strong>omnium</strong></span> <span class='ocrx_word' id='word_1_560' title='bbox 3551 3838 3824 3893; x_wconf 85' lang='lat' dir='ltr'><strong>bonorum</strong></span> 
     </span>
    </p>
   </div>
   <div class='ocr_carea' id='block_1_88' title="bbox 2196 3928 3826 4004">
    <p class='ocr_par' dir='ltr' id='par_1_88' title="bbox 2196 3928 3826 4004">
     <span class='ocr_line' id='line_1_88' title="bbox 2196 3928 3826 4004; baseline -0.004 -18"><span class='ocrx_word' id='word_1_561' title='bbox 2196 3930 2569 4004; x_wconf 72' lang='lat' dir='ltr'><strong>preemunitze</strong></span> <span class='ocrx_word' id='word_1_562' title='bbox 2599 3928 2905 3985; x_wconf 77' lang='lat' dir='ltr'><strong>afﬂuentia</strong></span> <span class='ocrx_word' id='word_1_563' title='bbox 2930 3945 2991 3985; x_wconf 87' lang='lat' dir='ltr'><strong>se</strong></span> <span class='ocrx_word' id='word_1_564' title='bbox 3020 3929 3341 3985; x_wconf 80' lang='lat' dir='ltr'><strong>connexuit</strong></span> <span class='ocrx_word' id='word_1_565' title='bbox 3373 3946 3388 3996; x_wconf 89' lang='lat'><strong>;</strong></span> <span class='ocrx_word' id='word_1_566' title='bbox 3419 3943 3674 4000; x_wconf 88' lang='lat' dir='ltr'><strong>eamque</strong></span> <span class='ocrx_word' id='word_1_567' title='bbox 3713 3939 3826 3998; x_wconf 84' lang='lat' dir='ltr'><strong>pro-</strong></span> 
     </span>
    </p>
   </div>
   <div class='ocr_carea' id='block_1_89' title="bbox 2195 4015 3826 4091">
    <p class='ocr_par' dir='ltr' id='par_1_89' title="bbox 2195 4015 3826 4091">
     <span class='ocr_line' id='line_1_89' title="bbox 2195 4015 3826 4091; baseline -0.004 -16"><span class='ocrx_word' id='word_1_568' title='bbox 2195 4020 2396 4075; x_wconf 64' lang='lat' dir='ltr'><strong>hibita;</strong></span> <span class='ocrx_word' id='word_1_569' title='bbox 2426 4018 2821 4091; x_wconf 87' lang='lat' dir='ltr'><strong>copulationis</strong></span> <span class='ocrx_word' id='word_1_570' title='bbox 2851 4018 3073 4074; x_wconf 70' lang='lat' dir='ltr'><strong>foedere</strong></span> <span class='ocrx_word' id='word_1_571' title='bbox 3104 4016 3341 4073; x_wconf 88' lang='lat' dir='ltr'><strong>sortitus</strong></span> <span class='ocrx_word' id='word_1_572' title='bbox 3369 4022 3457 4073; x_wconf 87' lang='lat' dir='ltr'><strong>est</strong></span> <span class='ocrx_word' id='word_1_573' title='bbox 3486 4017 3603 4073; x_wconf 89' lang='lat' dir='ltr'><strong>sibi</strong></span> <span class='ocrx_word' id='word_1_574' title='bbox 3631 4015 3826 4071; x_wconf 80' lang='lat' dir='ltr'><strong>amica-</strong></span> 
     </span>
    </p>
   </div>
   <div class='ocr_carea' id='block_1_90' title="bbox 2196 4102 3829 4179">
    <p class='ocr_par' dir='ltr' id='par_1_90' title="bbox 2196 4102 3829 4179">
     <span class='ocr_line' id='line_1_90' title="bbox 2196 4102 3829 4179; baseline -0.005 -14"><span class='ocrx_word' id='word_1_575' title='bbox 2196 4109 2408 4165; x_wconf 88' lang='lat' dir='ltr'><strong>biliter.</strong></span> <span class='ocrx_word' id='word_1_576' title='bbox 2441 4107 2992 4165; x_wconf 83' lang='lat' dir='ltr'><strong>Northmannorum</strong></span> <span class='ocrx_word' id='word_1_577' title='bbox 3020 4124 3165 4163; x_wconf 88' lang='lat' dir='ltr'><strong>vero</strong></span> <span class='ocrx_word' id='word_1_578' title='bbox 3197 4107 3536 4179; x_wconf 86' lang='lat' dir='ltr'><strong>optimates,</strong></span> <span class='ocrx_word' id='word_1_579' title='bbox 3565 4102 3829 4161; x_wconf 84' lang='lat' dir='ltr'><strong>nobilissi-</strong></span> 
     </span>
    </p>
   </div>
   <div class='ocr_carea' id='block_1_91' title="bbox 431 4195 3831 4293">
    <p class='ocr_par' dir='ltr' id='par_1_91' title="bbox 431 4195 3831 4293">
     <span class='ocr_line' id='line_1_91' title="bbox 431 4195 3831 4293; baseline -0.001 -42"><span class='ocrx_word' id='word_1_580' title='bbox 431 4195 622 4261; x_wconf 85' lang='lat' dir='ltr'><strong>lorem</strong></span> <span class='ocrx_word' id='word_1_581' title='bbox 654 4211 896 4257; x_wconf 84' lang='lat' dir='ltr'><strong>servans</strong></span> <span class='ocrx_word' id='word_1_582' title='bbox 917 4195 1108 4257; x_wconf 87' lang='lat' dir='ltr'><strong>intuiti</strong></span> <span class='ocrx_word' id='word_1_583' title='bbox 1139 4200 1295 4253; x_wconf 90' lang='lat' dir='ltr'><strong>sunt.</strong></span> <span class='ocrx_word' id='word_1_584' title='bbox 1332 4195 1445 4253; x_wconf 92' lang='lat' dir='ltr'><strong>Sed</strong></span> <span class='ocrx_word' id='word_1_585' title='bbox 1472 4197 1693 4257; x_wconf 90' lang='lat' dir='ltr'><strong>mirum</strong></span> <span class='ocrx_word' id='word_1_586' title='bbox 1750 4197 1897 4259; x_wconf 91' lang='lat' dir='ltr'><strong>mihi</strong></span> <span class='ocrx_word' id='word_1_587' title='bbox 1939 4198 2086 4277; x_wconf 89' lang='lat' dir='ltr'><strong>quid</strong></span> <span class='ocrx_word' id='word_1_588' title='bbox 2119 4239 2162 4293; x_wconf 68' lang='grc' dir='ltr'><strong>Β</strong></span> <span class='ocrx_word' id='word_1_589' title='bbox 2198 4213 2299 4254; x_wconf 92' lang='lat' dir='ltr'><strong>mo</strong></span> <span class='ocrx_word' id='word_1_590' title='bbox 2324 4196 2648 4253; x_wconf 73' lang='lat' dir='ltr'><strong>diﬂ‘amatae</strong></span> <span class='ocrx_word' id='word_1_591' title='bbox 2681 4195 2878 4268; x_wconf 90' lang='lat' dir='ltr'><strong>stirpis</strong></span> <span class='ocrx_word' id='word_1_592' title='bbox 2882 4211 3036 4283; x_wconf 57' lang='lat' dir='ltr'><strong>3am</strong></span> <span class='ocrx_word' id='word_1_593' title='bbox 3092 4199 3408 4252; x_wconf 87' lang='lat' dir='ltr'><strong>noscentes</strong></span> <span class='ocrx_word' id='word_1_594' title='bbox 3457 4199 3719 4251; x_wconf 82' lang='lat' dir='ltr'><strong>exortam</strong></span> <span class='ocrx_word' id='word_1_595' title='bbox 3761 4206 3831 4246; x_wconf 70' lang='lat' dir='ltr'><strong>se»</strong></span> 
     </span>
    </p>
   </div>
   <div class='ocr_carea' id='block_1_92' title="bbox 434 4283 2089 4365">
    <p class='ocr_par' dir='ltr' id='par_1_92' title="bbox 434 4283 2089 4365">
     <span class='ocr_line' id='line_1_92' title="bbox 434 4283 2089 4365; baseline 0.002 -24"><span class='ocrx_word' id='word_1_596' title='bbox 434 4298 614 4359; x_wconf 84' lang='lat' dir='ltr'><strong>super</strong></span> <span class='ocrx_word' id='word_1_597' title='bbox 633 4283 747 4341; x_wconf 90' lang='lat' dir='ltr'><strong>hoc</strong></span> <span class='ocrx_word' id='word_1_598' title='bbox 775 4283 1322 4343; x_wconf 87' lang='lat' dir='ltr'><strong>characterizabunt</strong></span> <span class='ocrx_word' id='word_1_599' title='bbox 1350 4284 1661 4357; x_wconf 82' lang='lat' dir='ltr'><strong>dialectici,</strong></span> <span class='ocrx_word' id='word_1_600' title='bbox 1693 4286 1797 4365; x_wconf 89' lang='lat' dir='ltr'><strong>qui</strong></span> <span class='ocrx_word' id='word_1_601' title='bbox 1827 4304 1964 4344; x_wconf 90' lang='lat' dir='ltr'><strong>cum</strong></span> <span class='ocrx_word' id='word_1_602' title='bbox 1995 4304 2089 4347; x_wconf 89' lang='lat' dir='ltr'><strong>ac-</strong></span> 
     </span>
    </p>
   </div>
   <div class='ocr_carea' id='block_1_93' title="bbox 434 4370 2084 4449">
    <p class='ocr_par' dir='ltr' id='par_1_93' title="bbox 434 4370 2084 4449">
     <span class='ocr_line' id='line_1_93' title="bbox 434 4370 2084 4449; baseline 0.002 -20"><span class='ocrx_word' id='word_1_603' title='bbox 434 4370 637 4433; x_wconf 89' lang='lat' dir='ltr'><strong>cidens</strong></span> <span class='ocrx_word' id='word_1_604' title='bbox 663 4372 1036 4447; x_wconf 68' lang='lat' dir='ltr'><strong>Ethiopique</strong></span> <span class='ocrx_word' id='word_1_605' title='bbox 1068 4374 1466 4447; x_wconf 87' lang='lat' dir='ltr'><strong>catcgorizant</strong></span> <span class='ocrx_word' id='word_1_606' title='bbox 1490 4375 1889 4449; x_wconf 89' lang='lat' dir='ltr'><strong>inseparabile</strong></span> <span class='ocrx_word' id='word_1_607' title='bbox 1935 4394 2084 4445; x_wconf 90' lang='lat' dir='ltr'><strong>esse,</strong></span> 
     </span>
    </p>
   </div>
   <div class='ocr_carea' id='block_1_94' title="bbox 430 4462 2087 4539">
    <p class='ocr_par' dir='ltr' id='par_1_94' title="bbox 430 4462 2087 4539">
     <span class='ocr_line' id='line_1_94' title="bbox 430 4462 2087 4539; baseline 0.002 -19"><span class='ocrx_word' id='word_1_608' title='bbox 430 4463 527 4521; x_wconf 90' lang='lat' dir='ltr'><strong>hic</strong></span> <span class='ocrx_word' id='word_1_609' title='bbox 557 4467 859 4531; x_wconf 87' lang='lat' dir='ltr'><strong>mutatum</strong></span> <span class='ocrx_word' id='word_1_610' title='bbox 876 4462 1099 4521; x_wconf 90' lang='lat' dir='ltr'><strong>vident.</strong></span> <span class='ocrx_word' id='word_1_611' title='bbox 1135 4463 1309 4531; x_wconf 86' lang='lat' dir='ltr'><strong>Quod</strong></span> <span class='ocrx_word' id='word_1_612' title='bbox 1337 4463 1597 4538; x_wconf 87' lang='lat' dir='ltr'><strong>amplius</strong></span> <span class='ocrx_word' id='word_1_613' title='bbox 1622 4466 1936 4539; x_wconf 88' lang='lat' dir='ltr'><strong>propalare</strong></span> <span class='ocrx_word' id='word_1_614' title='bbox 1962 4481 2087 4523; x_wconf 92' lang='lat' dir='ltr'><strong>non</strong></span> 
     </span>
    </p>
   </div>
   <div class='ocr_carea' id='block_1_95' title="bbox 431 4551 2086 4628">
    <p class='ocr_par' dir='ltr' id='par_1_95' title="bbox 431 4551 2086 4628">
     <span class='ocr_line' id='line_1_95' title="bbox 431 4551 2086 4628; baseline 0 -17"><span class='ocrx_word' id='word_1_615' title='bbox 431 4569 734 4620; x_wconf 86' lang='lat' dir='ltr'><strong>curamus,</strong></span> <span class='ocrx_word' id='word_1_616' title='bbox 767 4551 873 4612; x_wconf 92' lang='lat' dir='ltr'><strong>sed</strong></span> <span class='ocrx_word' id='word_1_617' title='bbox 920 4551 1000 4610; x_wconf 90' lang='lat' dir='ltr'><strong>ad</strong></span> <span class='ocrx_word' id='word_1_618' title='bbox 1052 4557 1267 4610; x_wconf 75' lang='lat' dir='ltr'><strong>nostrae</strong></span> <span class='ocrx_word' id='word_1_619' title='bbox 1319 4553 1659 4613; x_wconf 86' lang='lat' dir='ltr'><strong>intentionis</strong></span> <span class='ocrx_word' id='word_1_620' title='bbox 1709 4554 2086 4628; x_wconf 88' lang='lat' dir='ltr'><strong>propositum</strong></span> 
     </span>
    </p>
   </div>
   <div class='ocr_carea' id='block_1_96' title="bbox 391 4640 2087 4721">
    <p class='ocr_par' dir='ltr' id='par_1_96' title="bbox 391 4640 2087 4721">
     <span class='ocr_line' id='line_1_96' title="bbox 391 4640 2087 4721; baseline -0.001 -19"><span class='ocrx_word' id='word_1_621' title='bbox 391 4684 395 4691; x_wconf 71' lang='grc' dir='ltr'><strong>ι</strong></span> <span class='ocrx_word' id='word_1_622' title='bbox 426 4649 647 4703; x_wconf 77' lang='lat' dir='ltr'><strong>nostrae</strong></span> <span class='ocrx_word' id='word_1_623' title='bbox 672 4642 1161 4721; x_wconf 62' lang='lat' dir='ltr'><strong>praesumptionis</strong></span> <span class='ocrx_word' id='word_1_624' title='bbox 1185 4641 1386 4698; x_wconf 88' lang='lat' dir='ltr'><strong>stilum</strong></span> <span class='ocrx_word' id='word_1_625' title='bbox 1408 4646 1733 4699; x_wconf 88' lang='lat' dir='ltr'><strong>vertamus.</strong></span> <span class='ocrx_word' id='word_1_626' title='bbox 1758 4640 2087 4701; x_wconf 89' lang='lat' dir='ltr'><strong>Elucidabit</strong></span> 
     </span>
    </p>
   </div>
   <div class='ocr_carea' id='block_1_97' title="bbox 428 4731 2085 4815">
    <p class='ocr_par' dir='ltr' id='par_1_97' title="bbox 428 4731 2085 4815">
     <span class='ocr_line' id='line_1_97' title="bbox 428 4731 2085 4815; baseline -0.001 -22"><span class='ocrx_word' id='word_1_627' title='bbox 428 4735 589 4797; x_wconf 90' lang='lat' dir='ltr'><strong>enim</strong></span> <span class='ocrx_word' id='word_1_628' title='bbox 616 4734 865 4791; x_wconf 88' lang='lat' dir='ltr'><strong>libenter</strong></span> <span class='ocrx_word' id='word_1_629' title='bbox 888 4749 1023 4807; x_wconf 76' lang='lat' dir='ltr'><strong>quae</strong></span> <span class='ocrx_word' id='word_1_630' title='bbox 1053 4732 1325 4815; x_wconf 86' lang='lat' dir='ltr'><strong>quiverit,</strong></span> <span class='ocrx_word' id='word_1_631' title='bbox 1350 4731 1455 4789; x_wconf 88' lang='lat' dir='ltr'><strong>sed</strong></span> <span class='ocrx_word' id='word_1_632' title='bbox 1483 4731 1853 4811; x_wconf 63' lang='lat' dir='ltr'><strong>quae&#39;relatui</strong></span> <span class='ocrx_word' id='word_1_633' title='bbox 1881 4749 2085 4791; x_wconf 91' lang='lat' dir='ltr'><strong>neces-</strong></span> 
     </span>
    </p>
   </div>
   <div class='ocr_carea' id='block_1_98' title="bbox 431 4817 2087 4897">
    <p class='ocr_par' dir='ltr' id='par_1_98' title="bbox 431 4817 2087 4897">
     <span class='ocr_line' id='line_1_98' title="bbox 431 4817 2087 4897; baseline 0.002 -21"><span class='ocrx_word' id='word_1_634' title='bbox 431 4823 592 4885; x_wconf 85' lang='lat' dir='ltr'><strong>saria</strong></span> <span class='ocrx_word' id='word_1_635' title='bbox 619 4823 776 4885; x_wconf 85' lang='lat' dir='ltr'><strong>sunt,</strong></span> <span class='ocrx_word' id='word_1_636' title='bbox 808 4817 1074 4887; x_wconf 87' lang='lat' dir='ltr'><strong>digerere</strong></span> <span class='ocrx_word' id='word_1_637' title='bbox 1100 4834 1224 4875; x_wconf 93' lang='lat' dir='ltr'><strong>non</strong></span> <span class='ocrx_word' id='word_1_638' title='bbox 1244 4818 1478 4877; x_wconf 89' lang='lat' dir='ltr'><strong>valebit.</strong></span> <span class='ocrx_word' id='word_1_639' title='bbox 1526 4818 1612 4883; x_wconf 80' lang='lat' dir='ltr'><strong>illi</strong></span> <span class='ocrx_word' id='word_1_640' title='bbox 1634 4835 1899 4897; x_wconf 83' lang='lat' dir='ltr'><strong>namque</strong></span> <span class='ocrx_word' id='word_1_641' title='bbox 1947 4826 2087 4880; x_wconf 86' lang='lat' dir='ltr'><strong>sunt</strong></span> 
     </span>
    </p>
   </div>
   <div class='ocr_carea' id='block_1_99' title="bbox 429 4906 2084 4987">
    <p class='ocr_par' dir='ltr' id='par_1_99' title="bbox 429 4906 2084 4987">
     <span class='ocr_line' id='line_1_99' title="bbox 429 4906 2084 4987; baseline 0.003 -21"><span class='ocrx_word' id='word_1_642' title='bbox 429 4910 600 4981; x_wconf 83' lang='lat' dir='ltr'><strong>istius</strong></span> <span class='ocrx_word' id='word_1_643' title='bbox 628 4906 930 4971; x_wconf 86' lang='lat' dir='ltr'><strong>bonorum</strong></span> <span class='ocrx_word' id='word_1_644' title='bbox 959 4922 1144 4980; x_wconf 90' lang='lat' dir='ltr'><strong>opera</strong></span> <span class='ocrx_word' id='word_1_645' title='bbox 1158 4908 1421 4981; x_wconf 85' lang='lat' dir='ltr'><strong>cognita,</strong></span> <span class='ocrx_word' id='word_1_646' title='bbox 1436 4908 1541 4987; x_wconf 84' lang='lat' dir='ltr'><strong>qui</strong></span> <span class='ocrx_word' id='word_1_647' title='bbox 1564 4924 1699 4983; x_wconf 68' lang='lat' dir='ltr'><strong>quae</strong></span> <span class='ocrx_word' id='word_1_648' title='bbox 1715 4916 2084 4984; x_wconf 90' lang='lat' dir='ltr'><strong>peraguntur</strong></span> 
     </span>
    </p>
   </div>
   <div class='ocr_carea' id='block_1_100' title="bbox 429 4996 1729 5063">
    <p class='ocr_par' dir='ltr' id='par_1_100' title="bbox 429 4996 1729 5063">
     <span class='ocr_line' id='line_1_100' title="bbox 429 4996 1729 5063; baseline -0.008 -6"><span class='ocrx_word' id='word_1_649' title='bbox 429 5000 596 5060; x_wconf 91' lang='lat' dir='ltr'><strong>novit</strong></span> <span class='ocrx_word' id='word_1_650' title='bbox 623 4999 924 5063; x_wconf 83' lang='lat' dir='ltr'><strong>universa.</strong></span> <span class='ocrx_word' id='word_1_651' title='bbox 1726 4996 1729 5001; x_wconf 77' lang='lat'><em>‘</em></span> 
     </span>
    </p>
   </div>
   <div class='ocr_carea' id='block_1_101' title="bbox 1071 5082 1433 5127">
    <p class='ocr_par' dir='ltr' id='par_1_101' title="bbox 1071 5082 1433 5127">
     <span class='ocr_line' id='line_1_101' title="bbox 1071 5082 1433 5127; baseline 0 -2"><span class='ocrx_word' id='word_1_652' title='bbox 1071 5082 1433 5127; x_wconf 76' lang='lat' dir='ltr'><strong>APOSTROHPA</strong></span> 
     </span>
    </p>
   </div>
   <div class='ocr_carea' id='block_1_102' title="bbox 501 5177 1889 5257">
    <p class='ocr_par' dir='ltr' id='par_1_102' title="bbox 501 5177 1889 5257">
     <span class='ocr_line' id='line_1_102' title="bbox 501 5177 1889 5257; baseline 0.001 -20"><span class='ocrx_word' id='word_1_653' title='bbox 501 5181 795 5241; x_wconf 78' lang='lat' dir='ltr'><strong>Hactenus</strong></span> <span class='ocrx_word' id='word_1_654' title='bbox 820 5177 1084 5253; x_wconf 80' lang='lat' dir='ltr'><strong>aequorei</strong></span> <span class='ocrx_word' id='word_1_655' title='bbox 1112 5192 1218 5257; x_wconf 86' lang='lat' dir='ltr'><strong>per</strong></span> <span class='ocrx_word' id='word_1_656' title='bbox 1246 5192 1470 5249; x_wconf 86' lang='lat' dir='ltr'><strong>magna</strong></span> <span class='ocrx_word' id='word_1_657' title='bbox 1497 5178 1737 5249; x_wconf 83' lang='lat' dir='ltr'><strong>negotia</strong></span> <span class='ocrx_word' id='word_1_658' title='bbox 1765 5179 1889 5253; x_wconf 85' lang='lat' dir='ltr'><strong>fati,</strong></span> 
     </span>
    </p>
   </div>
   <div class='ocr_carea' id='block_1_103' title="bbox 428 5266 1953 5345">
    <p class='ocr_par' dir='ltr' id='par_1_103' title="bbox 428 5266 1953 5345">
     <span class='ocr_line' id='line_1_103' title="bbox 428 5266 1953 5345; baseline 0.001 -20"><span class='ocrx_word' id='word_1_659' title='bbox 428 5267 792 5342; x_wconf 88' lang='lat' dir='ltr'><strong>Dispositum</strong></span> <span class='ocrx_word' id='word_1_660' title='bbox 810 5268 1130 5343; x_wconf 85' lang='lat' dir='ltr'><strong>variosque</strong></span> <span class='ocrx_word' id='word_1_661' title='bbox 1154 5266 1421 5327; x_wconf 90' lang='lat' dir='ltr'><strong>vicissim</strong></span> <span class='ocrx_word' id='word_1_662' title='bbox 1447 5267 1682 5327; x_wconf 90' lang='lat' dir='ltr'><strong>turbine</strong></span> <span class='ocrx_word' id='word_1_663' title='bbox 1707 5268 1953 5345; x_wconf 83' lang='lat' dir='ltr'><strong>factum,</strong></span> 
     </span>
    </p>
   </div>
   <div class='ocr_carea' id='block_1_104' title="bbox 428 5355 1758 5431">
    <p class='ocr_par' dir='ltr' id='par_1_104' title="bbox 428 5355 1758 5431">
     <span class='ocr_line' id='line_1_104' title="bbox 428 5355 1758 5431; baseline 0 -17"><span class='ocrx_word' id='word_1_664' title='bbox 428 5359 820 5429; x_wconf 79' lang='lat' dir='ltr'><strong>Fortunaeque</strong></span> <span class='ocrx_word' id='word_1_665' title='bbox 848 5356 1008 5417; x_wconf 84' lang='lat' dir='ltr'><strong>vices</strong></span> <span class='ocrx_word' id='word_1_666' title='bbox 1038 5355 1257 5423; x_wconf 81' lang='lat' dir='ltr'><strong>biﬁdas</strong></span> <span class='ocrx_word' id='word_1_667' title='bbox 1288 5357 1469 5417; x_wconf 82' lang='lat' dir='ltr'><strong>felicis</strong></span> <span class='ocrx_word' id='word_1_668' title='bbox 1499 5362 1557 5417; x_wconf 89' lang='lat' dir='ltr'><strong>et</strong></span> <span class='ocrx_word' id='word_1_669' title='bbox 1583 5357 1758 5431; x_wconf 90' lang='lat' dir='ltr'><strong>acris,</strong></span> 
     </span>
    </p>
   </div>
   <div class='ocr_carea' id='block_1_105' title="bbox 427 5444 1826 5522">
    <p class='ocr_par' dir='ltr' id='par_1_105' title="bbox 427 5444 1826 5522">
     <span class='ocr_line' id='line_1_105' title="bbox 427 5444 1826 5522; baseline 0.001 -18"><span class='ocrx_word' id='word_1_670' title='bbox 427 5444 734 5511; x_wconf 81' lang='lat' dir='ltr'><strong>Undisoua</strong></span> <span class='ocrx_word' id='word_1_671' title='bbox 760 5448 963 5503; x_wconf 87' lang='lat' dir='ltr'><strong>vectus</strong></span> <span class='ocrx_word' id='word_1_672' title='bbox 994 5444 1200 5515; x_wconf 82' lang='lat' dir='ltr'><strong>ﬂuctu,</strong></span> <span class='ocrx_word' id='word_1_673' title='bbox 1233 5450 1509 5519; x_wconf 86' lang='lat' dir='ltr'><strong>surgente</strong></span> <span class='ocrx_word' id='word_1_674' title='bbox 1546 5445 1826 5522; x_wconf 88' lang='lat' dir='ltr'><strong>procella.</strong></span> 
     </span>
    </p>
   </div>
   <div class='ocr_carea' id='block_1_106' title="bbox 428 5531 1719 5611">
    <p class='ocr_par' dir='ltr' id='par_1_106' title="bbox 428 5531 1719 5611">
     <span class='ocr_line' id='line_1_106' title="bbox 428 5531 1719 5611; baseline -0.002 -17"><span class='ocrx_word' id='word_1_675' title='bbox 428 5536 551 5611; x_wconf 79' lang='lat' dir='ltr'><strong>sub</strong></span> <span class='ocrx_word' id='word_1_676' title='bbox 580 5536 719 5603; x_wconf 64' lang='lat' dir='ltr'><strong>tuw&#39;</strong></span> <span class='ocrx_word' id='word_1_677' title='bbox 748 5531 936 5607; x_wconf 74' lang='lat' dir='ltr'><strong>cecini</strong></span> <span class='ocrx_word' id='word_1_678' title='bbox 963 5537 1180 5603; x_wconf 69' lang='lat' dir='ltr'><strong>nostra:</strong></span> <span class='ocrx_word' id='word_1_679' title='bbox 1206 5535 1486 5599; x_wconf 87' lang='lat' dir='ltr'><strong>stridente</strong></span> <span class='ocrx_word' id='word_1_680' title='bbox 1506 5534 1719 5605; x_wconf 84' lang='lat' dir='ltr'><strong>cicuta.</strong></span> 
     </span>
    </p>
   </div>
   <div class='ocr_carea' id='block_1_107' title="bbox 2200 4280 3830 4360">
    <p class='ocr_par' dir='ltr' id='par_1_107' title="bbox 2200 4280 3830 4360">
     <span class='ocr_line' id='line_1_107' title="bbox 2200 4280 3830 4360; baseline -0.005 -16"><span class='ocrx_word' id='word_1_681' title='bbox 2200 4288 2381 4360; x_wconf 91' lang='lat' dir='ltr'><strong>mine,</strong></span> <span class='ocrx_word' id='word_1_682' title='bbox 2407 4293 2463 4343; x_wconf 92' lang='lat' dir='ltr'><strong>et</strong></span> <span class='ocrx_word' id='word_1_683' title='bbox 2489 4288 2562 4343; x_wconf 87' lang='lat' dir='ltr'><strong>de</strong></span> <span class='ocrx_word' id='word_1_684' title='bbox 2589 4280 2955 4353; x_wconf 77' lang='lat' dir='ltr'><strong>successore,</strong></span> <span class='ocrx_word' id='word_1_685' title='bbox 3013 4286 3208 4360; x_wconf 90' lang='lat' dir='ltr'><strong>deque</strong></span> <span class='ocrx_word' id='word_1_686' title='bbox 3264 4285 3502 4341; x_wconf 68' lang='lat' dir='ltr'><strong>haerede</strong></span> <span class='ocrx_word' id='word_1_687' title='bbox 3553 4290 3720 4357; x_wconf 88' lang='lat' dir='ltr'><strong>atque</strong></span> <span class='ocrx_word' id='word_1_688' title='bbox 3765 4280 3830 4337; x_wconf 89' lang='lat' dir='ltr'><strong>de</strong></span> 
     </span>
    </p>
   </div>
   <div class='ocr_carea' id='block_1_108' title="bbox 2195 4369 3832 4453">
    <p class='ocr_par' dir='ltr' id='par_1_108' title="bbox 2195 4369 3832 4453">
     <span class='ocr_line' id='line_1_108' title="bbox 2195 4369 3832 4453; baseline -0.005 -19"><span class='ocrx_word' id='word_1_689' title='bbox 2195 4377 2536 4453; x_wconf 86' lang='lat' dir='ltr'><strong>posteritate</strong></span> <span class='ocrx_word' id='word_1_690' title='bbox 2559 4375 2859 4431; x_wconf 86' lang='lat' dir='ltr'><strong>salutifera</strong></span> <span class='ocrx_word' id='word_1_691' title='bbox 2882 4375 3041 4449; x_wconf 89' lang='lat' dir='ltr'><strong>plebi</strong></span> <span class='ocrx_word' id='word_1_692' title='bbox 3059 4375 3311 4432; x_wconf 89' lang='lat' dir='ltr'><strong>nimium</strong></span> <span class='ocrx_word' id='word_1_693' title='bbox 3332 4375 3681 4446; x_wconf 86' lang='lat' dir='ltr'><strong>cogitantes,</strong></span> <span class='ocrx_word' id='word_1_694' title='bbox 3706 4369 3832 4426; x_wconf 88' lang='lat' dir='ltr'><strong>sub-</strong></span> 
     </span>
    </p>
   </div>
   <div class='ocr_carea' id='block_1_109' title="bbox 2197 4464 3836 4540">
    <p class='ocr_par' dir='ltr' id='par_1_109' title="bbox 2197 4464 3836 4540">
     <span class='ocr_line' id='line_1_109' title="bbox 2197 4464 3836 4540; baseline -0.003 -17"><span class='ocrx_word' id='word_1_695' title='bbox 2197 4468 2382 4525; x_wconf 91' lang='lat' dir='ltr'><strong>missa</strong></span> <span class='ocrx_word' id='word_1_696' title='bbox 2410 4483 2573 4536; x_wconf 90' lang='lat' dir='ltr'><strong>voce,</strong></span> <span class='ocrx_word' id='word_1_697' title='bbox 2605 4466 2889 4540; x_wconf 91' lang='lat' dir='ltr'><strong>vultuque</strong></span> <span class='ocrx_word' id='word_1_698' title='bbox 2910 4466 3180 4539; x_wconf 89' lang='lat' dir='ltr'><strong>proclivi,</strong></span> <span class='ocrx_word' id='word_1_699' title='bbox 3212 4466 3506 4522; x_wconf 84' lang='lat' dir='ltr'><strong>Richardo</strong></span> <span class='ocrx_word' id='word_1_700' title='bbox 3545 4464 3683 4521; x_wconf 89' lang='lat' dir='ltr'><strong>duci</strong></span> <span class='ocrx_word' id='word_1_701' title='bbox 3708 4477 3836 4536; x_wconf 76' lang='lat' dir='ltr'><strong>prae-</strong></span> 
     </span>
    </p>
   </div>
   <div class='ocr_carea' id='block_1_110' title="bbox 2195 4552 3833 4633">
    <p class='ocr_par' dir='ltr' id='par_1_110' title="bbox 2195 4552 3833 4633">
     <span class='ocr_line' id='line_1_110' title="bbox 2195 4552 3833 4633; baseline -0.005 -20"><span class='ocrx_word' id='word_1_702' title='bbox 2195 4555 2612 4633; x_wconf 86' lang='lat' dir='ltr'><strong>potentissimo</strong></span> <span class='ocrx_word' id='word_1_703' title='bbox 2640 4554 3085 4611; x_wconf 80' lang='lat' dir='ltr'><strong>subintulerunt</strong></span> <span class='ocrx_word' id='word_1_704' title='bbox 3162 4572 3174 4609; x_wconf 93' lang='lat'>:</span> <span class='ocrx_word' id='word_1_705' title='bbox 3249 4576 3278 4607; x_wconf 87' lang='grc'><strong>‹</strong></span> <span class='ocrx_word' id='word_1_706' title='bbox 3308 4557 3457 4611; x_wconf 90' lang='lat' dir='ltr'><strong>Cum</strong></span> <span class='ocrx_word' id='word_1_707' title='bbox 3478 4554 3582 4625; x_wconf 88' lang='lat' dir='ltr'><strong>sis,</strong></span> <span class='ocrx_word' id='word_1_708' title='bbox 3612 4552 3833 4609; x_wconf 86' lang='lat' dir='ltr'><strong>domine</strong></span> 
     </span>
    </p>
   </div>
   <div class='ocr_carea' id='block_1_111' title="bbox 2194 4642 3833 4723">
    <p class='ocr_par' dir='ltr' id='par_1_111' title="bbox 2194 4642 3833 4723">
     <span class='ocr_line' id='line_1_111' title="bbox 2194 4642 3833 4723; baseline -0.002 -23"><span class='ocrx_word' id='word_1_709' title='bbox 2194 4644 2318 4700; x_wconf 82' lang='lat' dir='ltr'><strong>dux</strong></span> <span class='ocrx_word' id='word_1_710' title='bbox 2368 4643 2940 4723; x_wconf 63' lang='lat' dir='ltr'><strong>prsepotentissime,</strong></span> <span class='ocrx_word' id='word_1_711' title='bbox 2998 4642 3272 4699; x_wconf 91' lang='lat' dir='ltr'><strong>omnium</strong></span> <span class='ocrx_word' id='word_1_712' title='bbox 3322 4642 3833 4714; x_wconf 84' lang='lat' dir='ltr'><strong>Francigenarum,</strong></span> 
     </span>
    </p>
   </div>
   <div class='ocr_carea' id='block_1_112' title="bbox 2193 4730 3837 4807">
    <p class='ocr_par' dir='ltr' id='par_1_112' title="bbox 2193 4730 3837 4807">
     <span class='ocr_line' id='line_1_112' title="bbox 2193 4730 3837 4807; baseline -0.004 -15"><span class='ocrx_word' id='word_1_713' title='bbox 2193 4735 2886 4807; x_wconf 86' lang='lat' dir='ltr'><strong>Northmannorumque,</strong></span> <span class='ocrx_word' id='word_1_714' title='bbox 2918 4737 2975 4789; x_wconf 89' lang='lat' dir='ltr'><strong>et</strong></span> <span class='ocrx_word' id='word_1_715' title='bbox 3012 4732 3530 4803; x_wconf 88' lang='lat' dir='ltr'><strong>Burgundionum,</strong></span> <span class='ocrx_word' id='word_1_716' title='bbox 3555 4730 3837 4788; x_wconf 89' lang='lat' dir='ltr'><strong>omnium-</strong></span> 
     </span>
    </p>
   </div>
   <div class='ocr_carea' id='block_1_113' title="bbox 2191 4822 3835 4899">
    <p class='ocr_par' dir='ltr' id='par_1_113' title="bbox 2191 4822 3835 4899">
     <span class='ocr_line' id='line_1_113' title="bbox 2191 4822 3835 4899; baseline -0.003 -19"><span class='ocrx_word' id='word_1_717' title='bbox 2191 4839 2309 4899; x_wconf 91' lang='lat' dir='ltr'><strong>que</strong></span> <span class='ocrx_word' id='word_1_718' title='bbox 2339 4838 2663 4893; x_wconf 88' lang='lat' dir='ltr'><strong>regnorum</strong></span> <span class='ocrx_word' id='word_1_719' title='bbox 2692 4822 2925 4893; x_wconf 89' lang='lat' dir='ltr'><strong>sagacis</strong></span> <span class='ocrx_word' id='word_1_720' title='bbox 2952 4822 3354 4879; x_wconf 86' lang='lat' dir='ltr'><strong>meditationis</strong></span> <span class='ocrx_word' id='word_1_721' title='bbox 3380 4822 3666 4877; x_wconf 86' lang='lat' dir='ltr'><strong>scrutinio</strong></span> <span class='ocrx_word' id='word_1_722' title='bbox 3709 4833 3835 4895; x_wconf 86' lang='lat' dir='ltr'><strong>pru-</strong></span> 
     </span>
    </p>
   </div>
   <div class='ocr_carea' id='block_1_114' title="bbox 2191 4907 3837 4985">
    <p class='ocr_par' dir='ltr' id='par_1_114' title="bbox 2191 4907 3837 4985">
     <span class='ocr_line' id='line_1_114' title="bbox 2191 4907 3837 4985; baseline -0.004 -18"><span class='ocrx_word' id='word_1_723' title='bbox 2191 4910 2578 4969; x_wconf 89' lang='lat' dir='ltr'><strong>dentissimus</strong></span> <span class='ocrx_word' id='word_1_724' title='bbox 2603 4928 2616 4968; x_wconf 94' lang='lat'><strong>:</strong></span> <span class='ocrx_word' id='word_1_725' title='bbox 2641 4911 2935 4969; x_wconf 90' lang='lat' dir='ltr'><strong>miramur</strong></span> <span class='ocrx_word' id='word_1_726' title='bbox 2964 4910 3296 4969; x_wconf 88' lang='lat' dir='ltr'><strong>admodum</strong></span> <span class='ocrx_word' id='word_1_727' title='bbox 3326 4910 3474 4985; x_wconf 89' lang='lat' dir='ltr'><strong>quin</strong></span> <span class='ocrx_word' id='word_1_728' title='bbox 3508 4907 3837 4967; x_wconf 89' lang='lat' dir='ltr'><strong>comminis-</strong></span> 
     </span>
    </p>
   </div>
   <div class='ocr_carea' id='block_1_115' title="bbox 2190 5000 3834 5081">
    <p class='ocr_par' dir='ltr' id='par_1_115' title="bbox 2190 5000 3834 5081">
     <span class='ocr_line' id='line_1_115' title="bbox 2190 5000 3834 5081; baseline -0.005 -23"><span class='ocrx_word' id='word_1_729' title='bbox 2190 5001 2338 5058; x_wconf 90' lang='lat' dir='ltr'><strong>ceris</strong></span> <span class='ocrx_word' id='word_1_730' title='bbox 2366 5001 2504 5077; x_wconf 88' lang='lat' dir='ltr'><strong>quis</strong></span> <span class='ocrx_word' id='word_1_731' title='bbox 2530 5006 2670 5081; x_wconf 88' lang='lat' dir='ltr'><strong>post</strong></span> <span class='ocrx_word' id='word_1_732' title='bbox 2688 5000 2947 5057; x_wconf 89' lang='lat' dir='ltr'><strong>ﬂebilem</strong></span> <span class='ocrx_word' id='word_1_733' title='bbox 2974 5000 3365 5077; x_wconf 90' lang='lat' dir='ltr'><strong>debitumque</strong></span> <span class='ocrx_word' id='word_1_734' title='bbox 3397 5015 3718 5056; x_wconf 84' lang='lat' dir='ltr'><strong>excessum</strong></span> <span class='ocrx_word' id='word_1_735' title='bbox 3735 5002 3834 5052; x_wconf 66' lang='lat' dir='ltr'><strong>tuae</strong></span> 
     </span>
    </p>
   </div>
   <div class='ocr_carea' id='block_1_116' title="bbox 2188 5088 3833 5167">
    <p class='ocr_par' dir='ltr' id='par_1_116' title="bbox 2188 5088 3833 5167">
     <span class='ocr_line' id='line_1_116' title="bbox 2188 5088 3833 5167; baseline -0.006 -16"><span class='ocrx_word' id='word_1_736' title='bbox 2188 5092 2517 5167; x_wconf 67' lang='lat' dir='ltr'><strong>praesentiae</strong></span> <span class='ocrx_word' id='word_1_737' title='bbox 2547 5095 2710 5163; x_wconf 90' lang='lat' dir='ltr'><strong>reget</strong></span> <span class='ocrx_word' id='word_1_738' title='bbox 2729 5090 3021 5164; x_wconf 89' lang='lat' dir='ltr'><strong>populum</strong></span> <span class='ocrx_word' id='word_1_739' title='bbox 3050 5095 3165 5146; x_wconf 66' lang='lat' dir='ltr'><strong>tute</strong></span> <span class='ocrx_word' id='word_1_740' title='bbox 3186 5088 3396 5146; x_wconf 90' lang='lat' dir='ltr'><strong>ditioni</strong></span> <span class='ocrx_word' id='word_1_741' title='bbox 3420 5088 3833 5164; x_wconf 71' lang='lat' dir='ltr'><strong>potentissima:</strong></span> 
     </span>
    </p>
   </div>
   <div class='ocr_carea' id='block_1_117' title="bbox 2186 5171 3836 5257">
    <p class='ocr_par' dir='ltr' id='par_1_117' title="bbox 2186 5171 3836 5257">
     <span class='ocr_line' id='line_1_117' title="bbox 2186 5171 3836 5257; baseline -0.007 -18"><span class='ocrx_word' id='word_1_742' title='bbox 2186 5180 2372 5239; x_wconf 90' lang='lat' dir='ltr'><strong>modo</strong></span> <span class='ocrx_word' id='word_1_743' title='bbox 2445 5178 2784 5257; x_wconf 87' lang='lat' dir='ltr'><strong>subjectum</strong></span> <span class='ocrx_word' id='word_1_744' title='bbox 2818 5222 2831 5235; x_wconf 94' lang='lat'><strong>.</strong></span> <span class='ocrx_word' id='word_1_745' title='bbox 2914 5178 3243 5235; x_wconf 89' lang='lat' dir='ltr'><strong>Fortuitam</strong></span> <span class='ocrx_word' id='word_1_746' title='bbox 3326 5193 3593 5250; x_wconf 89' lang='lat' dir='ltr'><strong>namque</strong></span> <span class='ocrx_word' id='word_1_747' title='bbox 3672 5171 3836 5231; x_wconf 84' lang='lat' dir='ltr'><strong>futuri</strong></span> 
     </span>
    </p>
   </div>
   <div class='ocr_carea' id='block_1_118' title="bbox 2185 5265 3834 5341">
    <p class='ocr_par' dir='ltr' id='par_1_118' title="bbox 2185 5265 3834 5341">
     <span class='ocr_line' id='line_1_118' title="bbox 2185 5265 3834 5341; baseline -0.004 -17"><span class='ocrx_word' id='word_1_748' title='bbox 2185 5267 2521 5325; x_wconf 89' lang='lat' dir='ltr'><strong>detrimenti</strong></span> <span class='ocrx_word' id='word_1_749' title='bbox 2574 5268 2815 5325; x_wconf 90' lang='lat' dir='ltr'><strong>ruinam</strong></span> <span class='ocrx_word' id='word_1_750' title='bbox 2874 5266 3380 5341; x_wconf 90' lang='lat' dir='ltr'><strong>pertimescentes,</strong></span> <span class='ocrx_word' id='word_1_751' title='bbox 3448 5265 3834 5323; x_wconf 85' lang='lat' dir='ltr'><strong>formidamus</strong></span> 
     </span>
    </p>
   </div>
   <div class='ocr_carea' id='block_1_119' title="bbox 2185 5356 3835 5435">
    <p class='ocr_par' dir='ltr' id='par_1_119' title="bbox 2185 5356 3835 5435">
     <span class='ocr_line' id='line_1_119' title="bbox 2185 5356 3835 5435; baseline -0.002 -24"><span class='ocrx_word' id='word_1_752' title='bbox 2185 5372 2260 5412; x_wconf 94' lang='lat' dir='ltr'><strong>ne</strong></span> <span class='ocrx_word' id='word_1_753' title='bbox 2307 5361 2441 5435; x_wconf 88' lang='lat' dir='ltr'><strong>post</strong></span> <span class='ocrx_word' id='word_1_754' title='bbox 2496 5356 2752 5429; x_wconf 89' lang='lat' dir='ltr'><strong>lugubre</strong></span> <span class='ocrx_word' id='word_1_755' title='bbox 2795 5356 3187 5431; x_wconf 89' lang='lat' dir='ltr'><strong>depositionis</strong></span> <span class='ocrx_word' id='word_1_756' title='bbox 3238 5361 3353 5413; x_wconf 69' lang='lat' dir='ltr'><strong>tuae</strong></span> <span class='ocrx_word' id='word_1_757' title='bbox 3408 5356 3706 5414; x_wconf 88' lang='lat' dir='ltr'><strong>damnum</strong></span> <span class='ocrx_word' id='word_1_758' title='bbox 3749 5366 3835 5408; x_wconf 75' lang='lat' dir='ltr'><strong>ex-</strong></span> 
     </span>
    </p>
   </div>
   <div class='ocr_carea' id='block_1_120' title="bbox 2184 5445 3832 5519">
    <p class='ocr_par' dir='ltr' id='par_1_120' title="bbox 2184 5445 3832 5519">
     <span class='ocr_line' id='line_1_120' title="bbox 2184 5445 3832 5519; baseline -0.005 -14"><span class='ocrx_word' id='word_1_759' title='bbox 2184 5450 2321 5505; x_wconf 70' lang='lat' dir='ltr'><strong>terae</strong></span> <span class='ocrx_word' id='word_1_760' title='bbox 2374 5450 2580 5519; x_wconf 87' lang='lat' dir='ltr'><strong>gentes</strong></span> <span class='ocrx_word' id='word_1_761' title='bbox 2632 5462 2745 5503; x_wconf 91' lang='lat' dir='ltr'><strong>nos</strong></span> <span class='ocrx_word' id='word_1_762' title='bbox 2800 5447 3091 5503; x_wconf 91' lang='lat' dir='ltr'><strong>advocato</strong></span> <span class='ocrx_word' id='word_1_763' title='bbox 3166 5451 3224 5503; x_wconf 91' lang='lat' dir='ltr'><strong>et</strong></span> <span class='ocrx_word' id='word_1_764' title='bbox 3277 5445 3515 5503; x_wconf 72' lang='lat' dir='ltr'><strong>haerede</strong></span> <span class='ocrx_word' id='word_1_765' title='bbox 3576 5445 3832 5503; x_wconf 84' lang='lat' dir='ltr'><strong>carentes</strong></span> 
     </span>
    </p>
   </div>
   <div class='ocr_carea' id='block_1_121' title="bbox 2183 5528 3833 5609">
    <p class='ocr_par' dir='ltr' id='par_1_121' title="bbox 2183 5528 3833 5609">
     <span class='ocr_line' id='line_1_121' title="bbox 2183 5528 3833 5609; baseline -0.004 -16"><span class='ocrx_word' id='word_1_766' title='bbox 2183 5536 2536 5605; x_wconf 75' lang='lat' dir='ltr'><strong>conculcent</strong></span> <span class='ocrx_word' id='word_1_767' title='bbox 2561 5577 2575 5590; x_wconf 94' lang='lat'><strong>.</strong></span> <span class='ocrx_word' id='word_1_768' title='bbox 2627 5555 2658 5591; x_wconf 86' lang='grc'>›</span> <span class='ocrx_word' id='word_1_769' title='bbox 2732 5538 2894 5594; x_wconf 89' lang='lat' dir='ltr'><strong>Tunc</strong></span> <span class='ocrx_word' id='word_1_770' title='bbox 2962 5535 3293 5597; x_wconf 82' lang='lat' dir='ltr'><strong>Richardus</strong></span> <span class='ocrx_word' id='word_1_771' title='bbox 3367 5555 3380 5592; x_wconf 92' lang='lat'>:</span> <span class='ocrx_word' id='word_1_772' title='bbox 3465 5557 3495 5587; x_wconf 72' lang='grc' dir='ltr'><strong>ι(</strong></span> <span class='ocrx_word' id='word_1_773' title='bbox 3546 5528 3833 5609; x_wconf 78' lang='lat' dir='ltr'><strong>Reipubli-</strong></span> 
     </span>
    </p>
   </div>
  </div>
