3994 6166
190 119 294 174 ’749

192 256 277 297 οδε
306 243 510 296 vestro
541 237 936 294 saluberrimo
968 235 1218 292 consilio
1245 251 1442 307 usque
1474 233 1656 290 modo
1718 246 1888 303 prae-

193 329 301 395 fui,
336 333 395 384 et
428 334 490 383 ut
509 327 674 400 quivi
699 327 916 398 profui.
952 331 1114 382 Nunc
1150 323 1296 396 quid
1328 325 1415 379 rei
1466 323 1652 394 gratia
1683 318 1889 374 corde

199 417 495 475 statuistis
527 417 671 472 mihi
697 416 1024 471 enucleate.
1061 437 1086 466 »
1112 416 1186 468 At
1215 413 1293 468 illi
1330 431 1344 467 :
1411 437 1436 462 «
1493 407 1888 468 Providentia

199 523 461 562 summie
483 505 824 566 divinitatis,
861 510 925 559 ut
946 519 1163 568 remur,
1193 503 1350 557 hanc
1376 502 1484 558 tibi
1508 499 1888 567 Dacigenam

198 611 395 668 quam
428 594 610 649 modo
641 593 871 648 refoves
899 591 1218 648 connexuit
1250 609 1261 644 :
1304 597 1380 646 ut
1437 597 1598 663 patre
1650 589 1890 642 matre-

200 702 325 758 que
375 684 667 752 Dacigena
714 683 906 737 haeres
955 682 1134 750 hujus
1186 686 1360 736 terras
1421 684 1725 742 nascatur,
1781 675 1890 746 qui

200 775 492 830 defensor
516 778 571 827 et
594 773 924 826 advocatus
956 771 1418 826 robustissimus
1449 775 1632 827 exstet
1671 765 1884 836 hujus.

205 868 310 920 Est
342 879 604 933 namque
635 861 899 932 superba
935 862 1114 932 stirpe
1145 862 1488 932 progenita,
1543 859 1740 934 specie
1785 857 1890 912 de.

204 970 377 1016 cora,
408 956 464 1007 et
493 952 768 1012 formosa,
805 949 1064 1004 consilio
1095 955 1274 1004 cauta
1297 956 1354 1005 et
1388 951 1658 1023 provida,
1687 952 1886 1004 mente

203 1043 456 1100 devota,
491 1039 661 1094 corde
693 1038 970 1098 subacta,
1005 1037 1270 1108 alloquio
1301 1040 1599 1108 modesta,
1641 1052 1886 1094 conver-

208 1131 451 1186 satione
489 1133 817 1196 mansueta,
853 1127 914 1181 in
945 1127 1108 1181 omni
1164 1143 1227 1182 re
1256 1128 1546 1184 industris
1577 1135 1632 1185 et
1676 1144 1881 1197 sagax.

209 1224 382 1276 Hanc
412 1219 508 1273 tibi
537 1216 927 1272 inextricabili
965 1216 1254 1272 maritalis
1285 1217 1528 1272 hederis
1574 1217 1887 1291 privilegio

207 1309 492 1382 protinus
523 1311 824 1375 connecte,
857 1312 924 1361 ut
952 1305 1262 1361 salutifera
1294 1306 1503 1362 sobole
1533 1309 1666 1377 ejus
1717 1307 1890 1362 tellus

210 1399 304 1454 tui
338 1396 688 1461 ducaminis,
711 1395 1062 1450 imminente
1089 1399 1375 1450 extremm
1407 1395 1583 1450 sortis
1614 1401 1729 1450 tute
1762 1395 1891 1450 obi-

211 1493 304 1552 tu,
344 1486 652 1541 salubriter
679 1488 737 1540 et
789 1488 1132 1540 constanter
1161 1489 1425 1553 regatur.
1464 1507 1491 1532 »
1522 1483 1670 1539 Huic
1718 1484 1896 1553 igitur

213 1575 475 1632 consilio
505 1574 748 1629 libenter
784 1574 906 1628 dux
950 1573 1374 1628 sanctissimus
1427 1572 1768 1628 Richardus
1817 1574 1899 1628 fa-

213 1683 396 1732 vens,
430 1663 623 1719 ascitis
651 1663 954 1735 episcopis
975 1679 1115 1717 cum
1149 1663 1310 1718 clero
1342 1661 1727 1734 satrapisque
1760 1678 1900 1717 cum

215 1753 474 1828 populo,
503 1768 637 1808 eam
667 1752 797 1821 lege
827 1751 1081 1806 maritali
1113 1749 1526 1822 desponsavit,
1587 1756 1642 1805 et
1696 1766 1772 1806 ex
1831 1767 1901 1807 ea

217 1856 514 1915 processu
542 1840 831 1912 temporis
855 1840 1126 1911 quinque
1157 1837 1508 1894 masculina:
1558 1839 1751 1910 prolis
1818 1839 1902 1911 pi-

222 1947 440 2001 gnora,
496 1929 889 2001 feminamque
942 1928 1147 1998 genuit
1199 1927 1332 1982 tria.
1390 1930 1493 1982 Per
1523 1929 1651 1985 vias
1722 1929 1902 1998 igitur

224 2036 482 2092 operum
511 2023 704 2074 rectas
736 2018 1142 2088 gradiebatur,
1189 2016 1484 2088 justisque
1526 2017 1731 2087 legum
1793 2020 1900 2074 ha-

225 2107 407 2163 benis
435 2107 672 2179 plebem
706 2111 942 2162 strenue
967 2106 1239 2176 regebat.
1275 2105 1758 2161 Northmannicae
1807 2123 1899 2162 re-

227 2196 429 2266 gionis
449 2196 725 2251 ecclesias
749 2200 997 2266 sumptu
1028 2193 1405 2249 reaedificans
1451 2195 1714 2267 proprio,
1776 2211 1902 2250 mo-

225 2285 472 2341 nasticis
533 2285 715 2340 rebus
776 2284 1108 2352 adornavit,
1165 2282 1550 2354 plurimaque
1607 2285 1900 2340 Francicaa

226 2375 459 2431 telluris
493 2375 716 2446 templa
743 2375 985 2429 miriﬁce
1018 2371 1357 2429 construxit
1384 2375 1607 2444 proprii
1635 2375 1902 2429 muneris

227 2465 535 2520 thesauro.
577 2463 1042 2531 Rothomagensi
1101 2476 1373 2532 namque
1401 2461 1547 2516 urbe
1587 2463 1647 2518 in
1672 2464 1903 2518 honore

228 2553 540 2610 Genitricis
599 2552 698 2607 Dei
750 2551 1060 2622 ampliavit
1107 2549 1383 2606 mirabile
1447 2552 1898 2618 monasterium,

230 2642 648 2710 longitudinis,
681 2640 1152 2713 latitudinisque,
1188 2643 1372 2710 atque
1422 2640 1746 2696 altitudinis
1799 2642 1902 2696 ho-

230 2731 484 2786 noriﬁce
510 2730 911 2801 exspatiatum
940 2729 1337 2784 incremento.
1371 2731 1430 2782 In
1481 2733 1682 2785 monte
1734 2745 1902 2784 nam-

230 2837 357 2893 que
385 2820 703 2883 maritimo,
738 2819 938 2874 retium
969 2818 1166 2874 lunari
1197 2817 1586 2890 dispositione
1643 2819 1902 2875 inunda-

231 2909 418 2965 tionis
435 2909 661 2979 gurgite
680 2909 944 2979 undique
975 2924 1152 2962 secus
1171 2907 1562 2972 circumdato,
1582 2908 1901 2963 delubrum
1937 2945 1975 2996 η

231 2998 405 3053 mirae
437 2997 862 3068 amplitudinis,
895 2997 1284 3068 spatiosaque
1318 2995 1671 3050 monachilis
1731 2996 1901 3051 habi-

233 3084 474 3141 tationis
505 3085 726 3140 muenia
753 3084 1083 3139 construxit
1112 3105 1123 3138 :
1158 3083 1361 3154 ibique
1393 3085 1725 3139 monachos
1786 3085 1901 3140 sub

230 3189 578 3230 aerumnosa
608 3173 880 3228 theoricie
910 3173 1044 3227 vitze
1077 3173 1375 3244 palaestra,
1400 3173 1777 3228 normalibus
1808 3187 1899 3228 ce-

232 3262 419 3317 lebris
444 3261 664 3316 itineris
693 3261 944 3316 decretis
976 3260 1273 3327 astrictos,
1309 3259 1538 3314 Christo
1570 3258 1763 3327 coegit
1815 3259 1897 3313 ia-

233 3351 476 3407 mulari.
511 3354 658 3407 Cum
711 3356 911 3407 autem
962 3349 1502 3404 innumerabilibus
1557 3349 1893 3404 exuberan-

235 3442 390 3498 tium
410 3441 740 3496 bonitatum
767 3440 1014 3512 polleret
1042 3439 1447 3507 incrementis,
1481 3437 1749 3510 quadam
1799 3436 1894 3492 die

237 3529 604 3587 Fiscanninze
637 3529 792 3583 sedis
843 3544 1170 3597 aggrossus
1196 3526 1439 3591 muenia,
1491 3531 1782 3597 stansque
1832 3525 1895 3579 in

235 3619 513 3676 introitus
542 3618 757 3672 domus
789 3635 911 3672 suae
944 3620 1248 3685 suggestu,
1299 3620 1479 3687 atque
1532 3616 1730 3687 ipsam
1787 3615 1896 3669 ἀο-

237 3725 411 3765 mum
437 3707 703 3762 altiorem
733 3707 1230 3778 capacioremque
1260 3704 1509 3760 basilica
1552 3705 1613 3759 in
1671 3705 1900 3759 honore

237 3800 467 3856 deiﬁcaa
498 3798 787 3854 Trinitatis
813 3797 1087 3853 dedicata
1109 3794 1484 3868 conspiciens
1520 3813 1532 3861 ;
1587 3795 1776 3850 ascito
1801 3809 1904 3866 pe-

238 3895 469 3944 trarum
513 3888 682 3942 fabro
744 3885 1154 3942 architectoria
1211 3889 1334 3939 arte
1387 3883 1600 3955 perito,
1657 3883 1900 3955 inquit:

241 3980 558 4033 «Domum
603 3977 700 4032 Dei
751 3981 806 4032 et
861 3974 1147 4032 orationis
1205 3973 1571 4046 superlativo
1626 3973 1907 4045 specialis

235 4066 697 4140 pulchritudinis
718 4065 1072 4136 decorteque
1102 4062 1435 4119 altitudinis
1468 4063 1751 4124 culmine,
1813 4079 1910 4118 sua

235 4150 799 4224 pereminentiorem
829 4148 1120 4205 universis
1145 4147 1449 4202 moenibus
1507 4146 1759 4202 civitatis
1803 4146 1909 4202 de-

237 4247 332 4297 cet
357 4246 416 4296 et
437 4244 669 4312 oportet
697 4255 844 4304 esse,
878 4239 1020 4312 quia
1049 4238 1378 4293 Plasmator
1422 4236 1907 4308 Redemptorque

239 4331 478 4401 generis
505 4329 754 4384 humani
778 4327 1036 4399 gratuita
1066 4328 1222 4382 hanc
1255 4327 1367 4380 sibi
1391 4325 1611 4394 delegit
1652 4325 1907 4380 clemen-

238 4421 342 4488 tia,
372 4418 661 4490 mirisque
693 4417 1159 4486 regenerationis
1189 4421 1382 4471 mater
1412 4415 1625 4487 typicte
1657 4413 1909 4470 ablutio-

237 4509 335 4564 nis
367 4507 611 4562 lavacro
643 4512 854 4576 exstat,
886 4511 1064 4578 atque
1095 4506 1156 4560 in
1197 4506 1309 4561 hac
1367 4505 1584 4560 divinis
1634 4503 1911 4559 eruditio‘

238 4599 339 4654 nis
371 4597 578 4652 audire
609 4597 814 4656 verba.
838 4602 1163 4667 nostraque
1195 4595 1417 4650 deflere
1447 4595 1740 4649 debemus
1775 4610 1908 4665 pec-

242 4693 403 4744 cata.
441 4689 575 4741 Haec
604 4702 868 4758 namque
902 4685 1041 4740 aula
1070 4690 1242 4756 porta
1272 4685 1404 4740 cmli
1443 4688 1828 4755 nuncupatur
1855 4685 1912 4738 et

241 4781 358 4844 est,
389 4791 576 4847 quam
608 4775 893 4844 incolunt,
928 4774 1143 4846 cuique
1171 4779 1438 4845 praesunt
1463 4772 1760 4828 caelicolae.
1781 4775 1910 4827 Haec

244 4866 473 4921 domus
504 4880 787 4934 namque,
839 4863 1348 4934 Psalmograpbus
1401 4862 1500 4928 ait,
1563 4877 1737 4916 mons
1787 4862 1909 4930 Dei,

243 4969 430 5010 mons
457 4953 719 5026 pinguis,
747 4968 925 5007 mons
954 4952 1016 5006 in
1045 4968 1169 5024 quo
1199 4951 1349 5006 bene
1373 4951 1658 5022 placitum
1690 4957 1779 5007 est
1793 4955 1911 5006 Deo

243 5041 524 5098 habitare
545 5041 605 5096 in
627 5057 729 5096 eo:
749 5041 968 5097 etenim
993 5041 1280 5095 Dominus
1303 5039 1594 5095 habitabit
1624 5040 1682 5095 in
1705 5041 1908 5095 tinem.

247 5131 358 5185 Hic
382 5145 647 5201 namque
674 5146 851 5185 mons
880 5135 970 5184 est
999 5129 1061 5184 in
1086 5143 1208 5200 quo
1235 5144 1406 5182 meus
1433 5143 1581 5183 avus
1642 5144 1702 5183 se
1758 5133 1914 5184 stan-

247 5224 394 5285 tem,
431 5234 616 5290 seque
659 5219 824 5274 ablui
857 5222 1060 5273 monte
1092 5216 1394 5272 salutifero
1423 5217 1640 5272 divinaa
1667 5217 1913 5272 visionis

247 5307 502 5365 oraculo
529 5309 836 5379 conspicit,
857 5312 912 5363 et
939 5324 975 5362 a
1007 5307 1173 5378 lepra
1190 5305 1464 5361 vitiorum
1481 5321 1603 5377 qua
1629 5306 1913 5363 infectum

248 5414 317 5453 se
331 5396 571 5452 somnio
595 5397 874 5452 cernebat
895 5395 1141 5468 expiari.
1165 5398 1540 5467 Quapropter
1553 5395 1695 5466 quia
1711 5395 1914 5451 altiore

251 5485 568 5559 amplioris
598 5486 878 5541 culminis
914 5485 1240 5552 schemate,
1261 5484 1514 5538 domum
1555 5483 1655 5538 Dei
1707 5483 1915 5539 domui

251 5581 478 5634 nostra:
508 5575 892 5634 habitationis
916 5575 1252 5648 praecellere
1275 5573 1562 5630 condecet
1588 5591 1602 5642 ;
1648 5574 1913 5646 experire

877 115 966 168 DE
1008 109 1245 167 GESTIS
1281 110 1720 167 NORMANNLE
1765 105 2042 164 DUCUM.
2088 133 2160 148 ι·-
2201 109 2335 169 LIB.
2382 115 2474 175 Ill.
2517 122 2931 180 RICHARDUS.

3615 151 3720 206 780

1925 235 1973 287 Α
2005 231 2054 328 si
2086 232 2235 328 forte
2263 235 2709 328 imminentium
2739 253 3036 306 montium
3069 244 3400 324 ριόοΙ-ἱνὶδ
3449 273 3505 324 et
3557 273 3715 328 colli-

2006 321 2123 430 pus
2143 322 2398 430 alicujus
2418 338 2598 429 petrae
2619 339 2927 394 materiem
2957 321 3227 413 reperire
3273 321 3706 430 quiveris,vqiia

2003 411 2303 500 templum
2332 418 2435 474 Dei
2466 428 2681 478 nostrae
2739 411 3236 486 conversationis
3295 411 3696 500 domicialtiu—s

2001 499 2301 597 fabricare
2323 508 2544 566 valeas.
2569 533 2594 560 υ
2617 517 2688 567 At
2707 513 2803 568 ille
2827 523 3073 590 accepto
3101 516 3284 574 illico
3310 525 3504 597 ligone
3527 499 3692 586 nion-

2001 586 2156 682 tium
2179 591 2349 659 prius
2371 597 2633 666 procliva
2649 599 2811 666 adiit,
2835 586 3166 676 eorumque
3195 586 3568 682 crepidinem
3599 616 3684 670 di-

1999 676 2165 732 vellit
2195 685 2470 752 sarculis,
2502 692 2680 760 atque
2712 689 2942 745 nullam
2973 698 3154 764 petrae
3187 676 3496 756 materiem
3544 701 3678 758 usui

2000 769 2270 826 materias
2303 777 2603 847 reperiens
2635 793 2990 849 congruam,
3014 783 3183 854 petiit
3219 783 3446 843 devexa
3499 803 3671 845 mon-

1999 856 2151 912 tium
2181 857 2340 917 inter
2360 866 2514 920 duos
2537 866 2814 924 ﬂuviolos
2840 885 3028 942 prope
3045 872 3366 930 Fiscanum
3387 877 3669 946 jacentia,

1995 946 2204 1020 ibique
2236 967 2505 1010 massam
2537 957 2710 1028 gypsi
2749 959 2991 1028 invenit,
3052 966 3109 1016 et
3161 975 3353 1017 unum
3405 963 3668 1036 lapidem

1997 1051 2301 1108 gypseum
2333 1043 2392 1097 in
2416 1045 2668 1100 modum
2701 1046 2880 1115 cudit,
2906 1049 3123 1104 excidit
3152 1055 3211 1104 et
3237 1056 3373 1106 ante
3427 1052 3669 1108 Richar‘

1996 1127 2147 1182 dum
2168 1129 2388 1186 ducem
2420 1133 2648 1189 detulit.
2677 1137 2838 1191 Tunc
2865 1137 2988 1192 dux
3017 1153 3275 1207 magnus
3299 1140 3626 1195 Richardus
3652 1154 3664 1196 :

1999 1233 2029 1260 ‹‹
2063 1211 2301 1270 Satisne
2323 1217 2399 1272 de
2430 1217 2648 1273 talibus
2680 1221 2936 1292 reperire
2958 1223 3179 1293 poteris
3201 1224 3228 1278 ‘1’
3247 1245 3275 1272 ››
3305 1223 3663 1295 Respondit:

2000 1320 2031 1354 α
2059 1302 2235 1374 Satis,
2259 1306 2576 1360 Domine.»
2602 1308 2784 1363 Atille
2814 1326 2877 1362 ια
2901 1313 3047 1365 Tuto
3063 1311 3220 1366 hanc
3243 1316 3475 1382 petram
3502 1327 3671 1384 repo-

2002 1407 2076 1446 ne
2105 1391 2264 1464 loco,
2298 1400 2355 1450 et
2384 1395 2546 1451 mitte
2569 1399 3054 1470 quamplurimos
3084 1401 3391 1472 operarios
3411 1401 3489 1456 ad
3520 1400 3672 1458 exci-

2002 1480 2238 1536 dendos
2291 1484 2544 1555 lapides,
2591 1487 2931 1559 multasque
2981 1488 3158 1543 calcis
3197 1486 3349 1544 viva:
3397 1490 3670 1548 fornaees

1933 1595 1971 1648 Β
2006 1587 2336 1644 compone:
2353 1574 2516 1645 quia,
2531 1576 2816 1631 omnibus
2836 1591 2972 1648 qum
2995 1579 3334 1636 necessaria
3357 1586 3498 1636 sunt
3515 1596 3670 1654 prie-

2006 1661 2257 1731 paratis,
2285 1662 2461 1718 istam
2488 1664 2547 1718 in
2573 1664 2738 1720 initio
2769 1666 3218 1722 fundamentiin
3236 1668 3403 1725 titulo
3433 1671 3673 1728 erectio—

2007 1749 2099 1804 nis
2131 1750 2355 1804 domus
2381 1751 2483 1806 Dei
2513 1753 2775 1825 primam
2797 1754 3032 1810 locabo.
3055 1772 3083 1806 ›
3111 1757 3373 1828 Denique
3404 1760 3672 1818 marohio

2006 1837 2479 1908 famosissimus,
2503 1846 2840 1914 praaparata
2861 1842 3040 1908 calce,
3060 1844 3363 1916 petrisque
3376 1847 3588 1902 excisis
3617 1850 3675 1902 et

2009 1929 2399 1993 coacervatis,
2427 1935 2606 2006 atque
2636 1930 2924 1986 lateribus
2945 1931 3322 1988 artiﬁcialiter
3373 1935 3673 2008 composi-

2008 2016 2100 2083 tis,
2130 2016 2295 2070 dictu
2325 2016 2574 2091 visuque
2604 2015 2898 2086 mirabile,
2929 2015 3063 2076 miri
3107 2021 3424 2079 schematis
3481 2021 3676 2080 forma

2009 2106 2343 2160 construxit
2365 2107 2424 2162 in
2454 2111 2683 2164 honore
2717 2111 2940 2163 sanctae
2990 2108 3279 2166 Trinitatis
3332 2109 3673 2188 delubrum,

2009 2194 2274 2250 turribus
2306 2194 2444 2251 hinc
2494 2193 2636 2252 inde
2693 2196 2749 2250 et
2789 2193 3137 2252 altrinsecus
3194 2196 3670 2272 prtebaltcatum,

2009 2283 2446 2356 dupliciterque
2470 2288 2790 2340 arcuatum
2821 2283 3189 2354 mirabiliter,
3223 2294 3279 2344 et
3307 2285 3380 2345 de
3409 2297 3676 2348 concate-

2009 2373 2164 2428 natis
2195 2372 2517 2429 artificiose
2543 2370 2830 2427 lateribus
2853 2380 3219 2447 coopertum.
3255 2379 3395 2436 Hinc
3435 2376 3676 2438 forinse-

2011 2479 2117 2517 cus
2149 2461 2456 2517 dealbavit
2481 2461 2649 2524 illud,
2673 2456 3025 2517 intrinsecus
3054 2469 3252 2521 autem
3271 2465 3538 2541 depinxit
3559 2470 3675 2525 his-

2011 2549 2312 2617 torialiter,
2347 2561 2620 2620 auroque
2649 2550 2703 2602 et
2726 2550 2979 2615 gemmis
3004 2565 3227 2622 magno
3267 2568 3516 2611 munere
3573 2570 3674 2612 ac-

2010 2637 2244 2710 quisitis
2276 2637 2490 2693 altaria
2515 2636 2838 2706 decoravit,
2867 2651 3191 2713 crucesque
3220 2643 3383 2700 mirre
3442 2647 3677 2714 magni-

2011 2726 2235 2781 tudinis
2263 2737 2336 2779 cx
2360 2737 2509 2779 auro
2542 2722 2940 2782 mundissimo
2969 2728 3300 2802 fabricavit,
3344 2729 3679 2806 calicesque

2012 2816 2219 2885 magni
2253 2813 2540 2886 ponderis
2573 2814 2701 2868 auri
2735 2819 2790 2870 et
2818 2817 2988 2888 pretii
3018 2822 3322 2893 annexuit,
3369 2837 3676 2897 aureaque

2011 2903 2385 2961 candelabra
2429 2903 2762 2958 humanam
2819 2911 3097 2965 naturam
3149 2908 3680 2984 superexcellentla

2011 2999 2147 3050 ante
2171 2990 2583 3047 sanctuarium
2614 2988 2813 3048 statuit
2845 3009 2857 3048 :
2904 2997 3327 3074 thuribulaque
3385 2999 3672 3060 inauditae

2009 3077 2430 3156 amplitudinis
2458 3083 2513 3134 et
2533 3080 2701 3151 pretii
2731 3097 2877 3139 auro
2904 3087 3173 3144 confecta
3212 3085 3530 3162 delegavit,
3594 3097 3678 3149 at~

2006 3188 2128 3242 que
2160 3167 2518 3225 indumenta
2547 3171 2803 3243 phrygio
2831 3175 3063 3245 pectine
3086 3176 3290 3249 polita,
3326 3196 3433 3235 nec
3493 3183 3679 3239 semel

2005 3261 2064 3316 in
2102 3258 2315 3334 Tyrios
2342 3259 2590 3315 rubores
2645 3261 2934 3319 decocta:
2999 3268 3100 3339 qui
3151 3268 3328 3324 etiam
3389 3271 3678 3328 crassiore

2003 3367 2164 3407 auro
2201 3349 2718 3424 smaragdinisque
2746 3353 3158 3424 superinsutas
3185 3358 3485 3431 apposuit,
3539 3358 3682 3433 bys-

2005 3454 2244 3514 sosque
2274 3437 2477 3494 niveas
2509 3455 2960 3515 purpureasque
3015 3459 3164 3501 auro
3220 3444 3497 3517 intextas,
3550 3447 3681 3520 plu-

2006 3545 2280 3603 meoque
2311 3528 2596 3585 mirabilis
2625 3527 2853 3585 artiﬁcii
2881 3527 3213 3591 holoserica
3236 3537 3536 3593 commisit
3561 3558 3573 3602 ς
3601 3543 3685 3595 at-

2008 3636 2136 3691 que
2163 3621 2389 3676 clerum
2421 3636 2752 3675 numerosae
2786 3619 3183 3680 multitudinis
3214 3641 3526 3702 propensa
3554 3625 3682 3683 dia-

2011 3708 2103 3764 ria
2147 3708 2414 3781 quotidie
2470 3708 2874 3782 recipientem,
2931 3711 3164 3785 subque
3213 3715 3493 3789 practice:
3551 3715 3684 3772 vitae

2014 3798 2301 3868 palaestra
2330 3799 2727 3853 desudantem
2762 3799 2988 3856 Christo
3009 3799 3307 3859 deservire
3335 3803 3547 3874 coegit.
3583 3802 3684 3861 Illo

2018 3900 2289 3956 namque
2319 3886 2541 3956 templo
2567 3882 3038 3942 monasticarum
3060 3885 3418 3946 facultatum
3451 3890 3685 3945 uberta-

2018 3972 2092 4026 tis
2120 3971 2428 4026 afﬂuentia
2482 3972 2706 4044 repleto
2753 3987 2946 4044 eoque
3000 3974 3420 4034 benedictione
3461 3976 3685 4050 episco-

2019 4059 2142 4131 pali
2172 4059 2606 4114 ofﬂciosissime
2634 4059 2932 4126 dedicato,
2954 4063 3428 4122 Northmannioa
3454 4065 3683 4124 Francis

2021 4163 2213 4219 caque
2234 4147 2438 4202 tellure
2461 4147 2619 4213 sitas,
2650 4148 2893 4220 proprio
2924 4155 3171 4224 sumptu
3203 4153 3510 4212 reﬁciebat
3549 4172 3680 4213 om-

2021 4250 2129 4291 nes
2182 4237 2489 4307 disruptas
2542 4237 2846 4293 ecclesias.
2909 4239 3272 4297 Mirabilibus
3326 4247 3684 4304 coruscabat

2022 4326 2210 4393 factis,
2258 4325 2439 4397 justis
2495 4330 2552 4382 et
2606 4325 2828 4393 bonis;
2886 4329 3170 4404 famaque
3205 4335 3522 4404 probitatis
3549 4338 3678 4409 ejus

2017 4415 2364 4488 longinquis
2419 4416 2764 4486 regionibus
2833 4419 3138 4490 profusius
3206 4421 3674 4482 diffundebatur.

2022 4506 2258 4576 Species
2287 4505 2417 4575 ejus
2436 4506 2712 4561 redimita
2745 4507 2960 4562 decore
2990 4509 3364 4566 admirandis
3420 4514 3679 4582 pulchris

2019 4594 2262 4663 tudinis,
2290 4593 2582 4650 fundebat
2601 4595 2785 4665 jubar
2815 4597 2893 4651 ab
2923 4612 3044 4666 ore,
3069 4597 3246 4668 quasi
3267 4599 3475 4654 solaris
3503 4601 3676 4656 clari-

2020 4682 2261 4739 tudinis.
2291 4687 2423 4741 Erat
2448 4683 2499 4739 ei
2533 4699 2811 4738 summus
2844 4685 3056 4751 honor,
3089 4701 3211 4757 quo
3263 4701 3483 4742 nomen
3541 4690 3674 4759 ejus

2021 4772 2398 4844 audiebatur,
2421 4777 2665 4844 totaque
2686 4773 2871 4828 Gallia
2902 4773 3315 4829 admirabatur
3347 4792 3526 4847 super
3562 4779 3678 4834 lar-

2020 4862 2203 4931 giﬂua
2231 4861 2495 4917 bonitate
2523 4861 2670 4931 ejus.
2704 4864 2921 4916 Amore
2952 4861 3181 4932 pietatis
3223 4863 3412 4918 cultor
3431 4864 3674 4933 justitiaa

2021 4955 2299 5006 strenuus
2330 4949 2638 5017 renitebat,
2657 4955 3130 5022 cunctorumque
3154 4967 3367 5006 causas
3391 4953 3545 5010 intra
3565 4969 3676 5012 sua

2017 5045 2261 5112 pectora
2291 5037 2576 5094 sollicitus
2604 5037 2988 5105 recondebat,
3018 5043 3196 5111 atque
3222 5056 3332 5112 pro
3361 5043 3570 5114 populi
3590 5059 3675 5099 re-

2019 5129 2158 5202 quie
2182 5129 2281 5200 pia
2301 5129 2440 5197 jura
2469 5126 2726 5182 tenebat.
2761 5127 2964 5199 Specie
2994 5129 3451 5200 pulcherrimus,
3507 5133 3673 5189 canis

2019 5215 2419 5290 priecandidis
2439 5214 2718 5286 repletus,
2744 5215 3071 5286 superciliis
3098 5217 3344 5291 acieque
3359 5219 3672 5278 oculorum

2021 5321 2325 5374 coruscus,
2356 5302 2603 5358 naribus
2631 5303 2926 5374 malisque
2957 5304 3326 5377 splendidus,
3357 5307 3552 5365 barba
3581 5326 3674 5365 cas

2021 5395 2208 5450 nifera
2233 5397 2289 5449 et
2314 5391 2546 5466 prolixa
2575 5391 2923 5459 honoratus,
2952 5397 3177 5450 statura
3202 5411 3508 5468 procerus,
3558 5397 3671 5452 lin-

2022 5499 2142 5558 gua
2170 5483 2454 5547 eruditus,
2483 5480 2697 5537 virtute
2723 5481 2907 5537 animi
2932 5487 2989 5538 et
3011 5484 3278 5557 corporis
3303 5485 3538 5557 plenus,
3569 5485 3675 5542 bo:

2022 5574 2204 5633 nitate
2230 5571 2504 5640 diffusus,
2559 5575 2758 5627 mente
2818 5571 3268 5642 sagacissimus,
3329 5574 3518 5643 gratia
3571 5574 3668 5631 Dei
