4002 6186
400 59 500 114 751
1369 51 1673 108 DUDONIS
1724 49 1979 107 DECANI
2018 47 2074 102 S.
2116 47 2423 113 QUINTINI
2461 52 2846 109 VIROMAND.
3730 60 3838 110 75-2

399 181 667 255 munitus
692 180 1094 255 omnibusque
1115 179 1242 232 erat
1270 191 1394 232 una
1416 175 1597 230 salus.
1617 174 1854 231 Amicos
1877 189 2047 228 nam-
2078 183 2125 233 Α
2156 171 2272 228 ritu
2301 173 2520 244 delegit
2558 191 2686 231 esse
2729 191 2983 247 regnum
3036 175 3348 245 caelorum,
3407 178 3738 232 credimus
3791 180 3842 233 ei

399 287 516 344 que
549 269 803 341 erigens,
835 266 1098 322 tumidos
1128 265 1400 321 calcabat
1451 267 1675 334 hostes,
1726 263 2052 334 subjectos-
2157 263 2528 320 attributum.
2590 266 2908 338 Sequentia
2959 265 3258 336 Evangelii
3306 266 3625 340 depromit
3677 269 3842 339 quod

399 375 514 430 que
547 357 773 423 fovens,
804 355 1152 411 conterebat
1170 354 1326 410 feros
1353 358 1407 410 et
1427 353 1696 418 rebelles,
1726 354 2050 424 tempestas
2159 352 2426 424 sequitur
2457 370 2470 407 ε
2506 373 2536 406 ‹
2569 355 2728 410 Beati
2784 356 2976 423 mites,
3031 355 3327 428 quoniam
3375 355 3490 429 ipsi
3555 357 3843 428 posside-

396 450 496 500 irae
522 443 611 499 vel
634 443 946 499 discordiae
976 443 1143 499 nullo
1164 442 1553 498 dissensionis
1585 441 1842 496 tumultu
1871 455 2050 512 pene-
2153 439 2306 497 bunt
2335 447 2574 499 terram.
2611 466 2638 492 »
2675 446 2867 508 Quam
2891 444 3112 515 suavis,
3159 461 3346 516 quam
3398 445 3593 513 mitis,
3652 462 3840 517 quam

394 533 590 588 trahat
619 533 803 589 corda
855 534 1024 604 ejus;
1073 533 1216 604 quia
1264 532 1326 587 in
1381 531 1681 587 salutifera
1733 529 2048 585 stabilitate
2155 529 2488 600 benivolus,
2517 549 2825 604 quamque
2847 532 3316 601 benignissimus
3334 533 3505 588 fuerit
3527 535 3652 606 qui
3683 550 3840 588 com-

388 621 627 692 justitiaa
659 626 716 678 et
735 622 964 692 judicii,
998 621 1418 693 eharitatisque
1451 619 1597 692 spei,
1649 625 1705 675 et
1753 619 1892 674 ﬁdei
1945 633 2048 672 an-
2153 619 2509 691 pendiosam
2541 621 2671 676 vitae
2699 621 2830 691 ejus
2864 621 3076 676 seriem
3117 621 3338 690 legerit,
3399 621 3653 694 aliquid
3711 639 3839 678 sua-

391 708 574 764 chora
601 709 1000 780 sagacissime
1030 709 1245 764 mentis
1287 707 1409 762 ﬁxa
1452 707 1656 763 aderat
1711 706 1812 761 illi.
1865 707 2046 760 Cons-
2153 707 2346 762 vitatis
2386 709 2515 778 ejus
2562 724 2916 780 pernoscere
2985 709 3256 782 quiverit.
3310 709 3414 764 Hic
3460 710 3838 766 Tetboldum

390 802 617 853 tantem
647 799 776 868 ejus
799 798 1072 853 animum
1117 813 1272 852 aura
1323 796 1480 852 illius
1535 795 1910 852 adversitatis
1960 799 2048 849 tu-
2154 796 2432 852 comitem
2465 798 2794 870 aliquando
2847 798 3185 863 devotione,
3241 798 3585 870 aliquando
3652 801 3835 855 armis

393 888 592 943 multu
621 904 746 943 non
767 887 1116 955 ventilabat,
1147 903 1258 942 nec
1289 887 1362 942 de
1411 886 1722 941 multiﬂuaa
1764 885 2047 958 copiosae-
2153 887 2538 958 compescuit.
2577 886 2674 941 Hic
2708 887 3051 942 Lotharium
3082 902 3284 956 regem
3313 887 3676 943 humilitate
3739 889 3836 943 de-

391 993 507 1048 que
555 977 962 1050 prosperitatis
1019 977 1285 1032 ubertate
1341 976 1613 1030 animum
1663 973 2041 1030 subtollebat.
2153 974 2311 1029 vicit.
2345 974 2449 1029 Hic
2483 978 2671 1030 Dacos
2705 975 2993 1031 suavitate
3019 975 3341 1031 verborum
3363 979 3418 1030 et
3445 976 3648 1030 donis
3684 992 3837 1032 coer-

392 1069 540 1123 Cum
573 1071 773 1122 autem
800 1066 862 1121 in
889 1082 1075 1134 regno
1110 1082 1219 1120 suo
1245 1065 1474 1121 variato
1506 1080 1816 1120 murmure
1854 1063 2046 1136 pullu—
2154 1063 2291 1118 cuit.
2326 1064 2426 1118 Hic
2472 1067 2726 1119 Francos
2783 1068 3147 1136 casterasque
3205 1069 3411 1134 gentes
3460 1065 3832 1120 humillimis

387 1155 596 1213 labant
625 1156 840 1229 aliqua;
873 1155 1177 1211 seditionis
1202 1172 1422 1222 causae,
1450 1155 1698 1210 sedebat
1719 1170 1821 1210 eas
1847 1153 2046 1209 decre-
2153 1151 2352 1207 verbis
2379 1156 2436 1207 et
2461 1152 2814 1208 muneribus
2857 1152 2968 1207 sibi
3026 1168 3365 1224 provocans
3419 1153 3675 1209 ascivit.
3738 1154 3832 1208 Hic

388 1245 460 1301 tis
489 1245 692 1315 legum
736 1249 791 1300 et
841 1244 1142 1300 salutifera
1193 1248 1502 1316 potestate.
1565 1243 1723 1299 Illius
1780 1257 2043 1314 namque
2151 1239 2378 1296 incolas
2407 1241 2886 1296 Northmannicze
2916 1240 3176 1311 regionis
3206 1258 3447 1297 summa
3496 1242 3828 1299 devotione

387 1334 538 1390 ﬁdes
567 1339 690 1390 tam
711 1334 912 1390 valida
941 1333 1202 1389 veritatis
1230 1335 1429 1389 radice
1455 1333 1786 1404 tenebatur,
1835 1337 1899 1387 ut
1943 1348 2044 1387 an-
2151 1330 2422 1402 protexit.
2453 1330 2555 1384 Hic
2585 1330 2964 1399 domigenas,
2991 1335 3056 1385 ut
3103 1334 3272 1402 pater
3328 1331 3605 1387 familias
3660 1332 3830 1387 devo-

387 1427 482 1480 tea
510 1439 686 1479 mons
715 1423 994 1479 deﬁceret
1025 1427 1126 1478 aut
1154 1423 1454 1492 migraret,
1487 1439 1670 1494 quam
1705 1437 1815 1477 sua
1859 1421 2043 1476 verba
2151 1422 2269 1487 tus,
2301 1418 2464 1474 fovit.
2496 1419 2807 1474 Benivolus
2832 1419 2892 1474 in
2923 1419 3088 1474 omni
3110 1419 3352 1489 negotio
3382 1420 3644 1488 exstitit,
3703 1439 3823 1477 sua-

387 1513 684 1570 caderent.
711 1515 820 1568 Bes
849 1514 927 1569 ab
976 1530 1048 1569 eo
1092 1513 1404 1584 promissae
1461 1513 1626 1568 nullo
1678 1511 2042 1568 mulctandaa
2081 1533 2121 1586 Β
2151 1505 2245 1561 via
2274 1506 2334 1560 in
2364 1506 2530 1562 omni
2560 1523 2622 1562 re
2676 1506 2863 1562 verba
2921 1511 2977 1562 et
3049 1522 3229 1579 opere
3296 1508 3520 1564 sonuit.
3585 1511 3821 1564 Terram

385 1607 543 1670 actu,
570 1619 725 1658 verte
773 1601 1284 1675 perseverabant;
1333 1606 1513 1674 atque
1570 1600 1908 1673 pollicitataa
1954 1615 2041 1654 se-
2150 1611 2416 1668 namque
2445 1596 2770 1652 viventium
2799 1595 3105 1668 possidere
3136 1596 3370 1668 meruit,
3411 1598 3523 1669 qui
3549 1599 3815 1671 corporis

382 1692 521 1761 mel,
552 1696 914 1764 perpetuatae
942 1690 1290 1747 manebant.
2151 1686 2242 1741 sui
2272 1691 2491 1742 terram
2516 1690 2836 1742 mansueta
2883 1685 3250 1756 benignitate
3305 1687 3663 1744 eustodivit.
3725 1691 3818 1744 Se-

2147 1775 2348 1847 quitur
2373 1775 2542 1830 tertia
2567 1775 2895 1840 beatitudo,
2943 1791 3066 1846 qua
3120 1775 3334 1830 dicitur
3367 1792 3379 1829 :
3409 1799 3436 1822 α
3491 1777 3668 1833 Beati
3719 1777 3814 1848 qui

2145 1863 2369 1934 lugent,
2402 1863 2692 1936 quoniam
2738 1863 2850 1936 ipsi
2904 1864 3394 1920 consolabuntur.
3433 1887 3459 1912 ››
3516 1867 3811 1931 Quoniam

2145 1951 2389 2022 quidem
2419 1951 2585 2006 (lives
2616 1967 2802 2023 opum
2830 1968 3294 2024 munerumque,
3328 1957 3383 2008 et
3405 1953 3675 2009 militum
3729 1961 3806 2008 at-

2143 2056 2260 2112 que
2288 2040 2671 2096 familiarium
2703 2041 3007 2096 exstiterat
3041 2059 3052 2107 ;
3086 2041 3224 2096 ideo
3257 2058 3318 2096 se
3347 2042 3732 2114 implicatum
3758 2049 3806 2097 et

1022 1831 1406 1872 APOSTBOPHA.

384 1925 573 1995 Hujus
597 1922 827 1996 patricii
856 1921 1170 1978 cumulum
1198 1920 1482 1977 bonitatis
1512 1936 1821 1976 enormen.

594 2015 816 2068 Praesut
834 2010 1098 2068 amande
1125 2009 1312 2065 vides.

379 2103 668 2202 εῐαὼοέδ
697 2102 808 2202 qui
830 2099 1282 2202 multo???“
1312 2099 1594 2154 bonitatis
1626 2099 1687 2154 ίη
1718 2102 1849 2154 οοίο
2141 2099 2429 2184 irretitum
2491 2128 2879 2184 saecularibus
2937 2099 3190 2198 negotiis
3235 2099 3500 2198 lugebat.
3550 2131 3802 2202 Lugebat

592 2191 813 2247 Praesul
841 2189 1106 2246 amande
1135 2189 1322 2244 vides.

2141 2233 2405 2289 namque
2437 2217 2762 2288 pravitates
2786 2218 3244 2284 monachorum,
3277 2235 3433 2290 quos
3457 2219 3680 2275 devius
3727 2237 3801 2274 er-

381 2281 572 2338 Viduo
593 2280 689 2380 Pis
720 2279 923 2380 sexsibit
968 2296 1103 2380 qufe
1129 2276 1506 2380 ΕῨΫΠεθΗδίδ
1534 2275 1724 2332 beatis
2141 2322 2260 2371 ror,
2284 2275 2485 2361 relicto
2513 2306 2715 2361 stricto
2748 2307 2915 2376 calle,
2974 2275 3316 2362 abducebat
3365 2307 3798 2380 deeeptricibus

591 2369 812 2470 P335111
837 2367 1318 2470 amQFdeflqu;
1431 2455 1444 2470 1
1531 2455 1562 2470 ,ι
1683 2455 1694 2466 ,
1769 2454 1779 2464 ,
2141 2394 2395 2450 fallentis
2421 2395 2634 2450 mundi
2665 2395 2844 2450 rebus
2875 2395 2935 2450 in
2972 2395 3333 2451 exsecrabile
3382 2367 3790 2470 praecipitium.

379 2463 643 2558 Qumqllf
674 2465 811 2558 tu“?
843 2464 1073 2558 Βθωίοξ
1102 2456 1271 2558 Ϊθιξδξδ
1301 2455 1570 2528 ΠΠΡῙΘἯι
1598 2471 1816 2528 opums
2143 2484 2409 2554 Lugebat
2437 2499 2664 2540 errores
2686 2485 3113 2540 eanonicorum
3159 2502 3196 2539 a
3249 2455 3604 2541 monasticis
3663 2502 3795 2558 prte-

519 2638 528 2648 .
578 2549 809 2648 ,Ρηθειξξ
834 2547 1096 2644 amande:
1125 2546 1314 2601 Vides'
1759 2647 1767 2648 ί
2143 2546 2517 2644 ceptionibus
2585 2571 3008 2627 decidentium.
3076 2571 3339 2640 Lugebat
3399 2546 3786 2640 ignorantiam

380 2644 444 2695 In
473 2638 633 2733 diu?
662 2637 872 2733 melior
909 2636 1409 2733 quoPia‘P‘nemo
1440 2636 1626 2687 enim
1649 2636 1781 2704 ipso
2139 2636 2466 2730 juventutis
2494 2677 2636 2728 suae,
2665 2665 2721 2715 et
2763 2661 2978 2716 delicta
3009 2679 3021 2727 ;
3075 2636 3253 2733 atq—ue
3302 2636 3454 2717 ﬂetu.
3487 2662 3785 2718 oculorum

589 2723 811 2823 P119391
839 2721 1098 2823 anifmde
1129 2720 1313 2823 ﬁde?’
1373 2807 1403 2823 ..
1507 2807 1516 2818 .
2139 2720 2329 2804 bimio
2371 2753 2589 2804 terram
2627 2720 2967 2821 prostratus
3013 2720 3421 2805 humlectabat.
3476 2752 3779 2823 Sequitur:

377 2820 440 2871 In
470 2815 628 2913 fame
654 2816 808 2913 cem?
836 2809 1478 2913 ΠυΠυδξΙυθῘξίξίθηίίοΓ
1503 2809 1637 2880 ipso
2074 2883 2111 2913 ί,
2145 2861 2171 2886 ‹‹
2208 2838 2364 2893 Beati
2389 2839 2492 2910 qui
2521 2809 2792 2893 esuriunt
2823 2843 2878 2893 et
2910 2839 3111 2894 sitiunt
3137 2839 3455 2909 justitiam,
3510 2809 3780 2913 quoniam

588 2898 809 2955 Prassul
840 2897 1100 2953 amande
1125 2895 1315 2951 vides.
2074 2883 2094 2935 (

2095 2919 2113 2936 ³
2140 2927 2252 3000 ipsi
2285 2929 2728 2983 saturabuntur.
2762 2952 2788 2976 ››
2823 2929 2989 2983 Hanc
3028 2944 3170 2984 vero
3223 2929 3481 2985 esuriem
3536 2937 3590 2986 et
3639 2930 3774 2984 sitim

2139 3032 2318 3072 nemo
2342 3017 2626 3073 habuisse
2659 3017 3021 3072 Richardum
3053 3018 3268 3073 ducem
3298 3019 3552 3081 dubitat,
3576 3019 3666 3092 qui
3681 3033 3770 3088 pa-

711 3105 804 3178 ῗυῆ
833 3105 1093 3178 αξῆἦαιωῗ
1122 3105 1303 3178 im?“
1407 3162 1416 3172 ,
2139 3106 2340 3161 ciﬁcos
2373 3111 2539 3162 actus
2569 3107 2699 3177 ejus
2733 3106 3022 3162 subtiliter
3051 3112 3282 3178 pensat.
3319 3109 3470 3174 Quia
3514 3105 3756 3164 instantia

372 3167 497 3222 Huc
525 3166 724 3268 1"wa
755 3170 812 3268 θξ
837 3165 935 3221 Vili
967 3164 1186 3268 $01?th
1207 3163 1562 3268 fievenimus
1590 3179 1781 3234 usque
2131 3195 2372 3265 justitize
2402 3163 2714 3261 renitebat,
2757 3195 2966 3251 callem
2995 3163 3202 3267 judicii
3233 3163 3591 3253 incessanter
3616 3200 3754 3268 pete-

583 3254 811 3310 Praasul
841 3253 1101 3310 amande
1132 3252 1314 3308 vides.

2139 3252 2256 3340 bat.
2293 3284 2682 3356 Opprimebat
2704 3252 2837 3340 diro
2865 3252 3015 3354 legis
3032 3285 3181 3355 jugo
3212 3286 3572 3355 negligentes
3605 3252 3755 3355 justi-

370 3345 622 3442 p‘ﬂcmf‘
652 3362 832 3442 mmfs
858 3350 1009 3400 ratio
1037 3342 1382 3442 f’erP9P‘lm'
1415 3343 1834 3410 matenesque’
2135 3373 2303 3441 tiam,
2337 3373 2673 3442 corrigebat
2705 3373 2884 3428 verbo
2908 3373 3233 3428 severitatis
3255 3374 3583 3429 abdicantes
3610 3388 3747 3426 eam.

583 3433 803 3490 Prtesul
831 3432 1091 3488 amande
1111 3430 1298 3484 vides.

600 3521 630 3534 ..
987 3523 996 3534 .
1659 3514 1787 3534 “gn-

2139 3465 2215 3517 Eo
2242 3477 2504 3534 namque
2535 3464 2868 3534 superstite,
2925 3462 3333 3518 misericordia
3375 3468 3424 3517 et
3466 3462 3665 3516 veritas
3693 3459 3747 3513 in

369 3521 666 3621 Τδθωδὲίε
696 3519 875 3621 editio
906 3516 1325 3621 θλίίίλξίνίὲἱίῖἷθν
1386 3515 1626 3581 rustica,
1659 3514 1810 3581 Vilis,
2133 3514 2499 3621 ιῖεέῌᾷῐλῖεζ
2529 3514 3150 3618 υιῑὲέέιὶιῌίέὶαῖέέέιίίζ
3171 3514 3752 3615 suassuas...

421 3699 454 3711 ,Α
505 3703 515 3711 ι
583 3603 1363 3711 Plfsulamandeﬂqis,
1386 3695 1460 3711 ,ΔΑ
2128 3639 2358 3710 justitia
2383 3644 2440 3695 et
2463 3655 2582 3711 pax
2630 3640 2914 3696 osculata)
2938 3645 3094 3696 sunt.
3128 3641 3460 3711 Esuriebat,
3485 3642 3672 3697 sitiens
3702 3654 3756 3692 se

421 3699 431 3710 .
635 3696 644 3706 .
677 3695 688 3705 .
1223 3691 1234 3701 .
2128 3690 2356 3710 ,πη-η
2387 3690 2439 3695 --
2464 3690 2582 3711 rm
2637 3690 2895 3696 --η---ν
2938 3690 3093 3696 ___--
3128 3690 3460 3711 ____---_-,
3488 3690 3669 3697 -_“-_-
3703 3690 3748 3692 _-

368 3701 565 3755 [mam
1314 3690 1491 3760 faeta’
2135 3745 2398 3801 suosque
2419 3729 2636 3785 lucrari
2667 3729 2915 3799 Christo,
2973 3734 3038 3785 ut
3088 3735 3290 3803 posset
3331 3730 3660 3804 participari
3705 3727 3754 3782 in

2136 3779 2275 3784 ηπ
2331 3779 2636 3785 --ηνηη
2674 3779 2915 3799 ,______,
2979 3779 3037 3785 _,
3136 3779 3289 3786 η---
3378 3779 3537 3786 _-_-v.
3586 3779 3660 3785 ___
3706 3779 3735 3782 μ

582 3783 802 3841 Prmsm
834 3781 1094 3840 amande
1123 3779 1278 3836 νῶθ’
2132 3818 2227 3873 die
2255 3779 2462 3887 jiidicii
2487 3819 2827 3891 perenniter
2852 3822 2991 3875 Deo.
3024 3779 3146 3875 Η(ξο
3172 3779 3659 3876 instarritissimrum
3681 3818 3758 3888 ju-

441 3908 639 3967 Merito
660 3908 857 3980 igitur,
880 3908 1157 3979 justeque
1180 3910 1362 3978 atque
1384 3903 1771 3976 probabiliter
1791 3904 2026 3960 Richar-
2133 3923 2324 3980 geque
2351 3908 2712 3963 desiderium
2745 3909 2892 3979 ejus,
2926 3909 3054 3965 haec
3082 3910 3304 3965 esuries
3347 3905 3758 3982 perseveranda

369 4001 520 4056 dum
545 3997 1022 4054 Northmannieze
1051 3995 1311 4064 regionis
1335 3994 1552 4050 ducem
1580 3993 1825 4050 beatum
1852 4011 2024 4050 sane-
2133 3995 2284 4066 ejus,
2317 4000 2495 4068 atque
2527 3995 2649 4050 sitis
2680 3995 3028 4052 indeficiens
3057 3997 3186 4068 ejus
3215 4002 3361 4064 erat,
3381 4003 3447 4052 ut
3466 4013 3664 4054 omnes
3689 3993 3758 4048 lu-

371 4094 640 4160 tumque,
695 4085 1006 4142 recenslis
1057 4084 1315 4140 breviter
1359 4083 1640 4156 operibus
1690 4084 1840 4155 ejus,
1886 4083 2026 4138 dici-
2134 4083 2216 4138 eri
2249 4085 2485 4139 faceret.
2520 4083 2840 4154 Sequitur:
2871 4085 3076 4140 «Beati
3110 4085 3339 4140 mundo
3393 4087 3590 4148 corde.
3634 4097 3757 4155 quo-

370 4194 544 4244 mus;
569 4175 664 4231 cui
684 4174 887 4230 omnia
908 4172 1388 4243 uuugelicarum
1405 4171 1847 4228 beatitudinum
1864 4172 2026 4228 dona
2057 4232 2096 4245 η
2132 4172 2296 4228 niam
2318 4173 2432 4245 ipsi
2470 4177 2652 4227 Deum
2682 4173 2991 4229 videbunt.
3018 4196 3044 4224 «
3078 4177 3188 4231 Cor
3217 4175 3364 4230 tanti
3413 4176 3580 4231 ducis
3603 4169 3758 4245 patri-

369 4265 750 4339 reperiuntur
777 4262 1137 4336 propensius
1163 4261 1461 4318 attributa.
1493 4263 1759 4326 Quarum
1790 4260 2020 4332 prima:
2055 4232 2100 4286 D
2133 4262 2326 4334 eiique
2374 4266 2431 4316 et
2495 4261 2875 4327 confessoris,
2945 4263 3080 4335 quis
3128 4264 3311 4320 fuisse
3382 4261 3755 4321 sanctuarium

372 4355 590 4412 «Beati
631 4368 929 4427 pauperes
981 4351 1212 4424 spiritu,
1271 4350 1561 4424 quoniam
1610 4351 1880 4422 ipsorum
1938 4354 2028 4405 est
2129 4350 2386 4416 Domini,
2417 4356 2473 4404 et
2496 4350 2698 4405 aulam
2726 4351 2883 4420 regis
2910 4352 3112 4408 aeterni
3164 4352 3455 4409 dubitat?
3512 4347 3762 4410 Munditia

367 4461 622 4518 regnum
649 4443 957 4499 caelorum.
994 4465 1020 4492 »
1055 4442 1195 4507 Quae
1247 4441 1308 4496 in
1358 4441 1474 4496 hoc
1529 4439 1868 4495 confessore
1913 4438 2027 4494 cla-
2132 4440 2329 4496 cordis
2351 4439 2504 4494 illius
2525 4439 2702 4510 longe
2732 4440 2967 4513 lateque
2999 4443 3316 4510 emicabat,
3349 4443 3762 4515 puritatemque

366 4536 490 4592 rius
534 4534 666 4589 luce
692 4536 943 4604 apparet
979 4531 1188 4596 fuisse,
1242 4528 1349 4601 qui
1408 4527 1888 4584 Northmannicaa
1935 4543 2024 4582 re-
2131 4530 2347 4585 mentis
2379 4530 2799 4585 serenissimus
2820 4530 3020 4586 vultus
3051 4532 3180 4602 ejus
3206 4531 3422 4588 clarius
3464 4529 3762 4588 indicabat-

370 4624 566 4696 gionis
597 4621 1037 4688 monarchiam,
1068 4634 1192 4674 non
1222 4633 1406 4674 causa
1434 4617 1617 4687 hujus
1641 4615 2024 4688 praelabentis
2130 4621 2424 4690 Praecepta
2453 4618 2672 4674 divinae
2721 4619 2868 4688 legis
2913 4620 3091 4676 corde
3145 4621 3398 4690 mundo,
3459 4627 3524 4676 ut
3584 4620 3763 4680 laicus,

367 4714 634 4780 honoris,
668 4711 772 4767 sed
801 4727 876 4766 ne
908 4711 1304 4765 sacrosanctae
1327 4705 1598 4761 Ecclesiae
1625 4708 1812 4760 status
1842 4721 2025 4778 paga-
2130 4708 2372 4779 gerebat
2403 4727 2414 4764 :
2450 4707 2678 4775 divites,
2713 4708 3188 4782 mediocresque,
3231 4715 3288 4766 et
3345 4726 3640 4783 pauperes
3685 4706 3767 4760 be-

369 4802 461 4858 nis
482 4799 844 4857 irruentibus
875 4796 1326 4869 periclitaretur,
1357 4794 1636 4863 retinens,
1670 4809 1731 4848 se
1777 4793 1857 4848 ad
1897 4793 2026 4849 imi—
2128 4796 2327 4853 nivola
2347 4801 2546 4852 mente
2598 4795 2813 4853 alebat.
2865 4798 3046 4868 Cujus
3105 4798 3299 4854 cordis
3353 4799 3683 4870 mentisque
3721 4793 3766 4846 et

368 4891 610 4947 tabilem
644 4887 854 4946 Christi
878 4887 1295 4958 paupertatem
1334 4882 1471 4938 totis
1526 4882 1722 4938 cordis
1769 4882 2020 4951 nisibus,
2128 4885 2450 4942 voluntatis
2482 4885 2609 4955 fuit,
2639 4891 2890 4959 apparet
2919 4886 2977 4942 in
3006 4887 3265 4944 ecclesiis
3314 4884 3765 4944 Northmannicaa

372 4984 611 5050 totoque
632 4976 845 5032 mentis
878 4975 1097 5030 atlectu
1126 4971 1488 5028 conferebat.
1519 4973 1659 5036 Quae
1698 4970 2022 5026 mundialis
2131 4973 2409 5043 regionis,
2497 4975 2678 5030 rebus
2758 4976 3106 5032 monasticis
3163 4977 3412 5032 miriﬁce
3461 4970 3759 5033 adornatis.

368 5067 687 5123 hominum
719 5059 983 5122 conditio
1017 5061 1278 5120 continet
1330 5060 1612 5134 pretiosa,
1671 5061 1766 5116 hic
1823 5064 2021 5116 mente
2134 5062 2454 5134 Sequitur:
2491 5063 2701 5119 «Beati
2734 5064 2990 5135 pacifici,
3041 5065 3330 5137 quoniam
3379 5065 3483 5120 ﬁlii
3536 5065 3635 5119 Dei
3681 5073 3763 5114 vo-

366 5155 724 5229 periculosa.
757 5157 897 5218 Qun:
927 5169 1170 5224 magna,
1203 5151 1298 5207 hic
1333 5151 1510 5207 corde
1560 5150 1826 5220 fugitiva.
1881 5153 2022 5216 Quae
2132 5150 2446 5205 cabuntur.
2485 5174 2510 5199 »
2543 5151 2931 5208 Paciﬁcorum
2966 5158 3166 5208 autem
3213 5169 3441 5208 merces
3471 5158 3560 5208 est
3611 5155 3668 5206 ut
3712 5144 3764 5199 ﬁ-

367 5243 762 5306 deleetabilia,
821 5243 915 5298 hic
966 5261 1091 5300 non
1145 5248 1450 5315 perpetua.
1534 5242 1669 5297 Haec
1741 5241 2026 5297 veraciter
2133 5239 2191 5294 lii
2225 5239 2321 5294 Dei
2347 5245 2652 5311 vocentur,
2685 5246 2742 5296 et
2771 5241 2904 5296 sint.
2943 5242 3069 5297 Sint
3098 5242 3342 5313 quidem
3370 5243 3629 5314 perfecta
3651 5237 3764 5292 cha-

367 5338 566 5391 mente
595 5333 895 5401 deserens,
927 5337 984 5387 et
1011 5331 1310 5401 iutegriter
1344 5331 1520 5386 corde
1561 5345 1871 5402 spernens,
1904 5346 2024 5384 coa-
2133 5328 2320 5400 ritate,
2352 5334 2640 5385 vocentur
2665 5331 2970 5398 dignitate.
3003 5331 3191 5401 Hujus
3223 5331 3494 5386 beneficii
3543 5336 3762 5386 munere

360 5438 560 5497 lorum
604 5438 882 5493 regnum,
946 5421 1113 5493 quod
1166 5421 1269 5476 diu
1323 5419 1682 5491 concupivit,
1737 5418 2022 5487 largiente
2134 5417 2240 5473 iste
2291 5417 2414 5472 dux
2445 5418 2651 5487 viguit,
2686 5419 2830 5490 quia
2860 5435 3070 5475 omnes
3098 5425 3161 5474 ut
3185 5419 3376 5492 potuit
3433 5411 3758 5492 paeiticavit.

367 5513 598 5572 Christo
629 5513 884 5583 adeptus
913 5513 1019 5565 est.
1055 5509 1351 5574 Quoniam
1380 5525 1451 5564 ex
1499 5507 1867 5580 pauperibus
1911 5505 2025 5579 spi—
2135 5506 2354 5564 Diebus
2393 5522 2658 5580 namque
2695 5509 3043 5578 Dominicis,
3095 5511 3567 5580 Sanctorumque
3627 5499 3761 5560 festi-

377 2985 538 3044 Ullus
568 3002 678 3043 nec
702 2985 1018 3042 hominum
1041 2988 1199 3042 extat
1231 2982 1491 3040 sanctior
1518 2982 1577 3038 in
1607 2983 1914 3051 meditatu,

584 3076 803 3132 Praesul
833 3074 1093 3132 amande
1115 3073 1303 3130 vides.
