  <div class='ocr_page' id='page_1' title='image "/cluster/home/n/w/nwhite01/storage/ocr_20150623/141/hvd.32044054760012/382.png"; bbox 0 0 4002 6186; ppageno 0'>
   <div class='ocr_carea' id='block_1_1' title="bbox 219 239 326 290">
    <p class='ocr_par' dir='ltr' id='par_1_1' title="bbox 219 239 326 290">
     <span class='ocr_line' id='line_1_1' title="bbox 219 239 326 290; baseline 0.009 -1"><span class='ocrx_word' id='word_1_1' title='bbox 219 239 326 290; x_wconf 82' lang='lat'><strong>753</strong></span> 
     </span>
    </p>
   </div>
   <div class='ocr_carea' id='block_1_2' title="bbox 932 229 2943 292">
    <p class='ocr_par' dir='ltr' id='par_1_2' title="bbox 932 229 2943 292">
     <span class='ocr_line' id='line_1_2' title="bbox 932 229 2943 292; baseline 0.001 -5"><span class='ocrx_word' id='word_1_2' title='bbox 932 235 1022 287; x_wconf 89' lang='lat' dir='ltr'><strong>DE</strong></span> <span class='ocrx_word' id='word_1_3' title='bbox 1063 233 1303 290; x_wconf 89' lang='lat' dir='ltr'><strong>GESTIS</strong></span> <span class='ocrx_word' id='word_1_4' title='bbox 1346 230 1778 289; x_wconf 76' lang='lat' dir='ltr'><strong>NORMANNIE</strong></span> <span class='ocrx_word' id='word_1_5' title='bbox 1823 229 2077 286; x_wconf 85' lang='lat' dir='ltr'><strong>DUCUM.</strong></span> <span class='ocrx_word' id='word_1_6' title='bbox 2113 263 2180 271; x_wconf 90' lang='lat'><strong>-—</strong></span> <span class='ocrx_word' id='word_1_7' title='bbox 2221 233 2351 290; x_wconf 88' lang='lat' dir='ltr'><strong>LIB.</strong></span> <span class='ocrx_word' id='word_1_8' title='bbox 2387 238 2476 290; x_wconf 90' lang='lat' dir='ltr'>IIl.</span> <span class='ocrx_word' id='word_1_9' title='bbox 2519 235 2943 292; x_wconf 73' lang='lat' dir='ltr'><strong>RICHARDUS.</strong></span> 
     </span>
    </p>
   </div>
   <div class='ocr_carea' id='block_1_3' title="bbox 3543 240 3647 291">
    <p class='ocr_par' dir='ltr' id='par_1_3' title="bbox 3543 240 3647 291">
     <span class='ocr_line' id='line_1_3' title="bbox 3543 240 3647 291; baseline 0.01 -1"><span class='ocrx_word' id='word_1_10' title='bbox 3543 240 3647 291; x_wconf 71' lang='grc'><strong>754</strong></span> 
     </span>
    </p>
   </div>
   <div class='ocr_carea' id='block_1_4' title="bbox 214 356 3648 433">
    <p class='ocr_par' dir='ltr' id='par_1_4' title="bbox 214 356 3648 433">
     <span class='ocr_line' id='line_1_4' title="bbox 214 356 3648 433; baseline 0.001 -19"><span class='ocrx_word' id='word_1_11' title='bbox 214 359 503 414; x_wconf 87' lang='lat' dir='ltr'><strong>vitatibus</strong></span> <span class='ocrx_word' id='word_1_12' title='bbox 531 359 646 415; x_wconf 92' lang='lat' dir='ltr'><strong>hoc</strong></span> <span class='ocrx_word' id='word_1_13' title='bbox 686 359 919 432; x_wconf 89' lang='lat' dir='ltr'><strong>plenius</strong></span> <span class='ocrx_word' id='word_1_14' title='bbox 962 358 1311 425; x_wconf 80' lang='lat' dir='ltr'><strong>exercebat;</strong></span> <span class='ocrx_word' id='word_1_15' title='bbox 1358 356 1608 413; x_wconf 84' lang='lat' dir='ltr'><strong>rebelles</strong></span> <span class='ocrx_word' id='word_1_16' title='bbox 1654 369 1798 409; x_wconf 88' lang='lat' dir='ltr'><strong>vero</strong></span> <span class='ocrx_word' id='word_1_17' title='bbox 1824 357 1881 408; x_wconf 91' lang='lat' dir='ltr'><strong>et</strong></span> <span class='ocrx_word' id='word_1_18' title='bbox 1916 358 1964 409; x_wconf 82' lang='grc' dir='ltr'><strong>Α</strong></span> <span class='ocrx_word' id='word_1_19' title='bbox 1992 357 2086 409; x_wconf 89' lang='lat' dir='ltr'><strong>tur</strong></span> <span class='ocrx_word' id='word_1_20' title='bbox 2119 373 2130 410; x_wconf 92' lang='lat'>:</span> <span class='ocrx_word' id='word_1_21' title='bbox 2164 360 2376 415; x_wconf 82' lang='lat' dir='ltr'><strong>«Beati</strong></span> <span class='ocrx_word' id='word_1_22' title='bbox 2403 361 2541 416; x_wconf 86' lang='lat' dir='ltr'><strong>estis</strong></span> <span class='ocrx_word' id='word_1_23' title='bbox 2572 377 2711 416; x_wconf 90' lang='lat' dir='ltr'><strong>cum</strong></span> <span class='ocrx_word' id='word_1_24' title='bbox 2746 360 3166 416; x_wconf 75' lang='lat' dir='ltr'><strong>maledixerint</strong></span> <span class='ocrx_word' id='word_1_25' title='bbox 3192 361 3383 428; x_wconf 84' lang='lat' dir='ltr'><strong>vobis,</strong></span> <span class='ocrx_word' id='word_1_26' title='bbox 3417 365 3472 417; x_wconf 88' lang='lat' dir='ltr'><strong>et</strong></span> <span class='ocrx_word' id='word_1_27' title='bbox 3519 378 3648 433; x_wconf 88' lang='lat' dir='ltr'><strong>per-</strong></span> 
     </span>
    </p>
   </div>
   <div class='ocr_carea' id='block_1_5' title="bbox 212 442 1882 519">
    <p class='ocr_par' dir='ltr' id='par_1_5' title="bbox 212 442 1882 519">
     <span class='ocr_line' id='line_1_5' title="bbox 212 442 1882 519; baseline -0.004 -17"><span class='ocrx_word' id='word_1_28' title='bbox 212 447 528 503; x_wconf 88' lang='lat' dir='ltr'><strong>discordes</strong></span> <span class='ocrx_word' id='word_1_29' title='bbox 559 447 782 503; x_wconf 82' lang='lat' dir='ltr'><strong>blande</strong></span> <span class='ocrx_word' id='word_1_30' title='bbox 813 447 1135 519; x_wconf 82' lang='lat' dir='ltr'><strong>leniterque</strong></span> <span class='ocrx_word' id='word_1_31' title='bbox 1160 446 1537 503; x_wconf 85' lang='lat' dir='ltr'><strong>conciliabat.</strong></span> <span class='ocrx_word' id='word_1_32' title='bbox 1560 442 1882 498; x_wconf 86' lang='lat' dir='ltr'><strong>Flandren-</strong></span> 
     </span>
    </p>
   </div>
   <div class='ocr_carea' id='block_1_6' title="bbox 213 529 1884 608">
    <p class='ocr_par' dir='ltr' id='par_1_6' title="bbox 213 529 1884 608">
     <span class='ocr_line' id='line_1_6' title="bbox 213 529 1884 608; baseline -0.005 -16"><span class='ocrx_word' id='word_1_33' title='bbox 213 538 300 592; x_wconf 87' lang='lat' dir='ltr'><strong>sis</strong></span> <span class='ocrx_word' id='word_1_34' title='bbox 330 553 530 592; x_wconf 91' lang='lat' dir='ltr'><strong>comes</strong></span> <span class='ocrx_word' id='word_1_35' title='bbox 559 536 839 592; x_wconf 81' lang='lat' dir='ltr'><strong>Arnulfus</strong></span> <span class='ocrx_word' id='word_1_36' title='bbox 871 537 1114 592; x_wconf 87' lang='lat' dir='ltr'><strong>nomine</strong></span> <span class='ocrx_word' id='word_1_37' title='bbox 1148 536 1370 608; x_wconf 81' lang='lat' dir='ltr'><strong>sprevit</strong></span> <span class='ocrx_word' id='word_1_38' title='bbox 1416 532 1694 589; x_wconf 89' lang='lat' dir='ltr'><strong>Lothario</strong></span> <span class='ocrx_word' id='word_1_39' title='bbox 1741 529 1884 600; x_wconf 82' lang='lat' dir='ltr'><strong>Regi</strong></span> 
     </span>
    </p>
   </div>
   <div class='ocr_carea' id='block_1_7' title="bbox 209 621 1884 698">
    <p class='ocr_par' dir='ltr' id='par_1_7' title="bbox 209 621 1884 698">
     <span class='ocr_line' id='line_1_7' title="bbox 209 621 1884 698; baseline -0.005 -17"><span class='ocrx_word' id='word_1_40' title='bbox 209 642 291 682; x_wconf 90' lang='lat' dir='ltr'><strong>eo</strong></span> <span class='ocrx_word' id='word_1_41' title='bbox 338 633 600 698; x_wconf 86' lang='lat' dir='ltr'><strong>tempore</strong></span> <span class='ocrx_word' id='word_1_42' title='bbox 648 625 900 680; x_wconf 80' lang='lat' dir='ltr'><strong>militare</strong></span> <span class='ocrx_word' id='word_1_43' title='bbox 943 630 999 681; x_wconf 92' lang='lat' dir='ltr'><strong>et</strong></span> <span class='ocrx_word' id='word_1_44' title='bbox 1048 625 1286 680; x_wconf 88' lang='lat' dir='ltr'><strong>servire.</strong></span> <span class='ocrx_word' id='word_1_45' title='bbox 1341 623 1650 679; x_wconf 88' lang='lat' dir='ltr'><strong>Lotharius</strong></span> <span class='ocrx_word' id='word_1_46' title='bbox 1705 621 1884 689; x_wconf 83' lang='lat' dir='ltr'><strong>igitur</strong></span> 
     </span>
    </p>
   </div>
   <div class='ocr_carea' id='block_1_8' title="bbox 208 709 1883 784">
    <p class='ocr_par' dir='ltr' id='par_1_8' title="bbox 208 709 1883 784">
     <span class='ocr_line' id='line_1_8' title="bbox 208 709 1883 784; baseline -0.005 -15"><span class='ocrx_word' id='word_1_47' title='bbox 208 730 322 769; x_wconf 85' lang='lat' dir='ltr'><strong>rex</strong></span> <span class='ocrx_word' id='word_1_48' title='bbox 353 715 532 784; x_wconf 89' lang='lat' dir='ltr'><strong>hujus</strong></span> <span class='ocrx_word' id='word_1_49' title='bbox 563 713 644 768; x_wconf 89' lang='lat' dir='ltr'><strong>rei</strong></span> <span class='ocrx_word' id='word_1_50' title='bbox 667 713 1062 777; x_wconf 85' lang='lat' dir='ltr'><strong>animositate,</strong></span> <span class='ocrx_word' id='word_1_51' title='bbox 1100 713 1283 768; x_wconf 90' lang='lat' dir='ltr'><strong>ascita</strong></span> <span class='ocrx_word' id='word_1_52' title='bbox 1328 711 1525 771; x_wconf 91' lang='lat' dir='ltr'><strong>hostili</strong></span> <span class='ocrx_word' id='word_1_53' title='bbox 1571 709 1883 778; x_wconf 88' lang='lat' dir='ltr'><strong>Francige-</strong></span> 
     </span>
    </p>
   </div>
   <div class='ocr_carea' id='block_1_9' title="bbox 211 797 1885 874">
    <p class='ocr_par' dir='ltr' id='par_1_9' title="bbox 211 797 1885 874">
     <span class='ocr_line' id='line_1_9' title="bbox 211 797 1885 874; baseline -0.005 -15"><span class='ocrx_word' id='word_1_54' title='bbox 211 820 437 859; x_wconf 88' lang='lat' dir='ltr'><strong>narum</strong></span> <span class='ocrx_word' id='word_1_55' title='bbox 470 803 1096 874; x_wconf 88' lang='lat' dir='ltr'><strong>Burgundionumqua</strong></span> <span class='ocrx_word' id='word_1_56' title='bbox 1122 818 1309 857; x_wconf 90' lang='lat' dir='ltr'><strong>manu</strong></span> <span class='ocrx_word' id='word_1_57' title='bbox 1339 799 1692 855; x_wconf 76' lang='lat' dir='ltr'><strong>Atrabatum</strong></span> <span class='ocrx_word' id='word_1_58' title='bbox 1714 797 1885 852; x_wconf 91' lang='lat' dir='ltr'><strong>obse-</strong></span> 
     </span>
    </p>
   </div>
   <div class='ocr_carea' id='block_1_10' title="bbox 211 887 1885 964">
    <p class='ocr_par' dir='ltr' id='par_1_10' title="bbox 211 887 1885 964">
     <span class='ocr_line' id='line_1_10' title="bbox 211 887 1885 964; baseline -0.005 -17"><span class='ocrx_word' id='word_1_59' title='bbox 211 892 307 947; x_wconf 85' lang='lat' dir='ltr'><strong>dit</strong></span> <span class='ocrx_word' id='word_1_60' title='bbox 324 897 379 946; x_wconf 92' lang='lat' dir='ltr'><strong>et</strong></span> <span class='ocrx_word' id='word_1_61' title='bbox 401 891 596 964; x_wconf 76' lang='lat' dir='ltr'><strong>coepit,</strong></span> <span class='ocrx_word' id='word_1_62' title='bbox 626 897 988 962; x_wconf 67' lang='lat' dir='ltr'><strong>caeterasque</strong></span> <span class='ocrx_word' id='word_1_63' title='bbox 1015 890 1378 946; x_wconf 83' lang='lat' dir='ltr'><strong>munitiones</strong></span> <span class='ocrx_word' id='word_1_64' title='bbox 1403 888 1481 944; x_wconf 90' lang='lat' dir='ltr'><strong>ad</strong></span> <span class='ocrx_word' id='word_1_65' title='bbox 1511 887 1668 941; x_wconf 89' lang='lat' dir='ltr'><strong>Leisc</strong></span> <span class='ocrx_word' id='word_1_66' title='bbox 1692 899 1885 956; x_wconf 90' lang='lat' dir='ltr'><strong>usque</strong></span> 
     </span>
    </p>
   </div>
   <div class='ocr_carea' id='block_1_11' title="bbox 213 972 1885 1049">
    <p class='ocr_par' dir='ltr' id='par_1_11' title="bbox 213 972 1885 1049">
     <span class='ocr_line' id='line_1_11' title="bbox 213 972 1885 1049; baseline -0.005 -14"><span class='ocrx_word' id='word_1_67' title='bbox 213 980 474 1036; x_wconf 89' lang='lat' dir='ltr'><strong>ﬂuvium</strong></span> <span class='ocrx_word' id='word_1_68' title='bbox 512 979 623 1035; x_wconf 90' lang='lat' dir='ltr'><strong>sibi</strong></span> <span class='ocrx_word' id='word_1_69' title='bbox 675 978 1040 1049; x_wconf 86' lang='lat' dir='ltr'><strong>subjugavit.</strong></span> <span class='ocrx_word' id='word_1_70' title='bbox 1093 979 1278 1048; x_wconf 86' lang='lat' dir='ltr'><strong>Hujus</strong></span> <span class='ocrx_word' id='word_1_71' title='bbox 1325 975 1632 1031; x_wconf 89' lang='lat' dir='ltr'><strong>infortunii</strong></span> <span class='ocrx_word' id='word_1_72' title='bbox 1680 972 1885 1028; x_wconf 89' lang='lat' dir='ltr'><strong>dolore</strong></span> 
     </span>
    </p>
   </div>
   <div class='ocr_carea' id='block_1_12' title="bbox 207 1063 1885 1140">
    <p class='ocr_par' dir='ltr' id='par_1_12' title="bbox 207 1063 1885 1140">
     <span class='ocr_line' id='line_1_12' title="bbox 207 1063 1885 1140; baseline -0.006 -15"><span class='ocrx_word' id='word_1_73' title='bbox 207 1073 494 1136; x_wconf 70' lang='lat' dir='ltr'><strong>mmstus,</strong></span> <span class='ocrx_word' id='word_1_74' title='bbox 522 1085 724 1125; x_wconf 90' lang='lat' dir='ltr'><strong>comes</strong></span> <span class='ocrx_word' id='word_1_75' title='bbox 757 1067 1040 1123; x_wconf 88' lang='lat' dir='ltr'><strong>Arnulfus</strong></span> <span class='ocrx_word' id='word_1_76' title='bbox 1070 1068 1236 1140; x_wconf 88' lang='lat' dir='ltr'><strong>petiit</strong></span> <span class='ocrx_word' id='word_1_77' title='bbox 1267 1064 1633 1121; x_wconf 86' lang='lat' dir='ltr'><strong>Richardum</strong></span> <span class='ocrx_word' id='word_1_78' title='bbox 1668 1063 1885 1117; x_wconf 91' lang='lat' dir='ltr'><strong>ducem</strong></span> 
     </span>
    </p>
   </div>
   <div class='ocr_carea' id='block_1_13' title="bbox 214 1154 1887 1231">
    <p class='ocr_par' dir='ltr' id='par_1_13' title="bbox 214 1154 1887 1231">
     <span class='ocr_line' id='line_1_13' title="bbox 214 1154 1887 1231; baseline -0.006 -17"><span class='ocrx_word' id='word_1_79' title='bbox 214 1159 478 1231; x_wconf 83' lang='lat' dir='ltr'><strong>supplex</strong></span> <span class='ocrx_word' id='word_1_80' title='bbox 506 1162 562 1213; x_wconf 91' lang='lat' dir='ltr'><strong>et</strong></span> <span class='ocrx_word' id='word_1_81' title='bbox 582 1158 856 1228; x_wconf 89' lang='lat' dir='ltr'><strong>devotus,</strong></span> <span class='ocrx_word' id='word_1_82' title='bbox 887 1162 949 1212; x_wconf 92' lang='lat' dir='ltr'><strong>ut</strong></span> <span class='ocrx_word' id='word_1_83' title='bbox 973 1156 1318 1228; x_wconf 87' lang='lat' dir='ltr'><strong>paciﬁcaret</strong></span> <span class='ocrx_word' id='word_1_84' title='bbox 1355 1169 1416 1209; x_wconf 92' lang='lat' dir='ltr'><strong>se</strong></span> <span class='ocrx_word' id='word_1_85' title='bbox 1471 1169 1609 1208; x_wconf 91' lang='lat' dir='ltr'><strong>cum</strong></span> <span class='ocrx_word' id='word_1_86' title='bbox 1663 1166 1801 1221; x_wconf 87' lang='lat' dir='ltr'><strong>rege</strong></span> <span class='ocrx_word' id='word_1_87' title='bbox 1830 1154 1887 1205; x_wconf 91' lang='lat' dir='ltr'><strong>et</strong></span> 
     </span>
    </p>
   </div>
   <div class='ocr_carea' id='block_1_14' title="bbox 213 1238 1883 1318">
    <p class='ocr_par' dir='ltr' id='par_1_14' title="bbox 213 1238 1883 1318">
     <span class='ocr_line' id='line_1_14' title="bbox 213 1238 1883 1318; baseline -0.006 -15"><span class='ocrx_word' id='word_1_88' title='bbox 213 1247 597 1316; x_wconf 87' lang='lat' dir='ltr'><strong>Francigenis</strong></span> <span class='ocrx_word' id='word_1_89' title='bbox 622 1245 1020 1318; x_wconf 89' lang='lat' dir='ltr'><strong>principibus.</strong></span> <span class='ocrx_word' id='word_1_90' title='bbox 1056 1244 1390 1300; x_wconf 88' lang='lat' dir='ltr'><strong>Richardus</strong></span> <span class='ocrx_word' id='word_1_91' title='bbox 1419 1258 1559 1298; x_wconf 91' lang='lat' dir='ltr'><strong>vero</strong></span> <span class='ocrx_word' id='word_1_92' title='bbox 1605 1238 1883 1296; x_wconf 87' lang='lat' dir='ltr'><strong>benivolo</strong></span> 
     </span>
    </p>
   </div>
   <div class='ocr_carea' id='block_1_15' title="bbox 209 1330 1882 1407">
    <p class='ocr_par' dir='ltr' id='par_1_15' title="bbox 209 1330 1882 1407">
     <span class='ocr_line' id='line_1_15' title="bbox 209 1330 1882 1407; baseline -0.006 -15"><span class='ocrx_word' id='word_1_93' title='bbox 209 1341 519 1392; x_wconf 70' lang='lat' dir='ltr'><strong>consuetse</strong></span> <span class='ocrx_word' id='word_1_94' title='bbox 567 1334 1001 1407; x_wconf 88' lang='lat' dir='ltr'><strong>pacificationis</strong></span> <span class='ocrx_word' id='word_1_95' title='bbox 1030 1333 1239 1389; x_wconf 91' lang='lat' dir='ltr'><strong>habitu</strong></span> <span class='ocrx_word' id='word_1_96' title='bbox 1282 1332 1535 1405; x_wconf 91' lang='lat' dir='ltr'><strong>pollens,</strong></span> <span class='ocrx_word' id='word_1_97' title='bbox 1583 1330 1882 1400; x_wconf 91' lang='lat' dir='ltr'><strong>hujusque</strong></span> 
     </span>
    </p>
   </div>
   <div class='ocr_carea' id='block_1_16' title="bbox 209 1420 1880 1493">
    <p class='ocr_par' dir='ltr' id='par_1_16' title="bbox 209 1420 1880 1493">
     <span class='ocr_line' id='line_1_16' title="bbox 209 1420 1880 1493; baseline -0.007 -13"><span class='ocrx_word' id='word_1_98' title='bbox 209 1424 426 1480; x_wconf 91' lang='lat' dir='ltr'><strong>damni</strong></span> <span class='ocrx_word' id='word_1_99' title='bbox 455 1423 695 1493; x_wconf 90' lang='lat' dir='ltr'><strong>negotio</strong></span> <span class='ocrx_word' id='word_1_100' title='bbox 719 1428 928 1478; x_wconf 89' lang='lat' dir='ltr'><strong>contra</strong></span> <span class='ocrx_word' id='word_1_101' title='bbox 943 1425 1164 1491; x_wconf 83' lang='lat' dir='ltr'><strong>Regem</strong></span> <span class='ocrx_word' id='word_1_102' title='bbox 1191 1421 1270 1476; x_wconf 91' lang='lat' dir='ltr'><strong>ad</strong></span> <span class='ocrx_word' id='word_1_103' title='bbox 1293 1420 1578 1492; x_wconf 90' lang='lat' dir='ltr'><strong>placitum</strong></span> <span class='ocrx_word' id='word_1_104' title='bbox 1603 1432 1880 1489; x_wconf 82' lang='lat' dir='ltr'><strong>pergens,</strong></span> 
     </span>
    </p>
   </div>
   <div class='ocr_carea' id='block_1_17' title="bbox 1992 447 3648 515">
    <p class='ocr_par' dir='ltr' id='par_1_17' title="bbox 1992 447 3648 515">
     <span class='ocr_line' id='line_1_17' title="bbox 1992 447 3648 515; baseline 0.004 -17"><span class='ocrx_word' id='word_1_105' title='bbox 1992 447 2174 500; x_wconf 85' lang='lat' dir='ltr'><strong>secuti</strong></span> <span class='ocrx_word' id='word_1_106' title='bbox 2202 463 2311 502; x_wconf 90' lang='lat' dir='ltr'><strong>vos</strong></span> <span class='ocrx_word' id='word_1_107' title='bbox 2338 448 2572 515; x_wconf 86' lang='lat' dir='ltr'><strong>fuerint,</strong></span> <span class='ocrx_word' id='word_1_108' title='bbox 2606 454 2660 504; x_wconf 91' lang='lat' dir='ltr'><strong>et</strong></span> <span class='ocrx_word' id='word_1_109' title='bbox 2691 449 2948 504; x_wconf 82' lang='lat' dir='ltr'><strong>dixerint</strong></span> <span class='ocrx_word' id='word_1_110' title='bbox 2966 465 3149 504; x_wconf 83' lang='lat' dir='ltr'><strong>omne</strong></span> <span class='ocrx_word' id='word_1_111' title='bbox 3176 449 3402 505; x_wconf 91' lang='lat' dir='ltr'><strong>malum</strong></span> <span class='ocrx_word' id='word_1_112' title='bbox 3443 450 3648 506; x_wconf 90' lang='lat' dir='ltr'><strong>adver-</strong></span> 
     </span>
    </p>
   </div>
   <div class='ocr_carea' id='block_1_18' title="bbox 1992 539 3646 610">
    <p class='ocr_par' dir='ltr' id='par_1_18' title="bbox 1992 539 3646 610">
     <span class='ocr_line' id='line_1_18' title="bbox 1992 539 3646 610; baseline 0.004 -23"><span class='ocrx_word' id='word_1_113' title='bbox 1992 549 2126 588; x_wconf 92' lang='lat' dir='ltr'><strong>sum</strong></span> <span class='ocrx_word' id='word_1_114' title='bbox 2155 551 2284 598; x_wconf 88' lang='lat' dir='ltr'><strong>vos,</strong></span> <span class='ocrx_word' id='word_1_115' title='bbox 2316 539 2666 594; x_wconf 89' lang='lat' dir='ltr'><strong>mentientes</strong></span> <span class='ocrx_word' id='word_1_116' title='bbox 2720 541 2964 610; x_wconf 89' lang='lat' dir='ltr'><strong>propter</strong></span> <span class='ocrx_word' id='word_1_117' title='bbox 3012 554 3128 592; x_wconf 83' lang='lat' dir='ltr'><strong>me.</strong></span> <span class='ocrx_word' id='word_1_118' title='bbox 3165 539 3422 594; x_wconf 88' lang='lat' dir='ltr'><strong>Gaudete</strong></span> <span class='ocrx_word' id='word_1_119' title='bbox 3468 542 3525 593; x_wconf 90' lang='lat' dir='ltr'><strong>et</strong></span> <span class='ocrx_word' id='word_1_120' title='bbox 3547 555 3646 593; x_wconf 84' lang='lat' dir='ltr'><strong>ex-</strong></span> 
     </span>
    </p>
   </div>
   <div class='ocr_carea' id='block_1_19' title="bbox 1993 622 3651 698">
    <p class='ocr_par' dir='ltr' id='par_1_19' title="bbox 1993 622 3651 698">
     <span class='ocr_line' id='line_1_19' title="bbox 1993 622 3651 698; baseline 0.002 -22"><span class='ocrx_word' id='word_1_121' title='bbox 1993 622 2222 691; x_wconf 90' lang='lat' dir='ltr'><strong>sultate,</strong></span> <span class='ocrx_word' id='word_1_122' title='bbox 2256 627 2546 696; x_wconf 90' lang='lat' dir='ltr'><strong>quoniam</strong></span> <span class='ocrx_word' id='word_1_123' title='bbox 2574 642 2801 682; x_wconf 89' lang='lat' dir='ltr'><strong>merces</strong></span> <span class='ocrx_word' id='word_1_124' title='bbox 2833 631 3031 682; x_wconf 73' lang='lat' dir='ltr'><strong>vestra</strong></span> <span class='ocrx_word' id='word_1_125' title='bbox 3063 627 3308 698; x_wconf 86' lang='lat' dir='ltr'><strong>copiosa</strong></span> <span class='ocrx_word' id='word_1_126' title='bbox 3338 631 3425 682; x_wconf 91' lang='lat' dir='ltr'><strong>est</strong></span> <span class='ocrx_word' id='word_1_127' title='bbox 3447 626 3509 680; x_wconf 91' lang='lat' dir='ltr'><strong>in</strong></span> <span class='ocrx_word' id='word_1_128' title='bbox 3538 643 3651 681; x_wconf 75' lang='lat' dir='ltr'><strong>coe-</strong></span> 
     </span>
    </p>
   </div>
   <div class='ocr_carea' id='block_1_20' title="bbox 1990 709 3654 787">
    <p class='ocr_par' dir='ltr' id='par_1_20' title="bbox 1990 709 3654 787">
     <span class='ocr_line' id='line_1_20' title="bbox 1990 709 3654 787; baseline 0.002 -23"><span class='ocrx_word' id='word_1_129' title='bbox 1990 709 2080 764; x_wconf 92' lang='lat' dir='ltr'><strong>lis.</strong></span> <span class='ocrx_word' id='word_1_130' title='bbox 2118 733 2145 759; x_wconf 88' lang='grc'><strong>››</strong></span> <span class='ocrx_word' id='word_1_131' title='bbox 2178 714 2336 776; x_wconf 90' lang='lat' dir='ltr'><strong>Quas</strong></span> <span class='ocrx_word' id='word_1_132' title='bbox 2365 718 2421 769; x_wconf 91' lang='lat' dir='ltr'><strong>et</strong></span> <span class='ocrx_word' id='word_1_133' title='bbox 2445 720 2701 786; x_wconf 88' lang='lat' dir='ltr'><strong>quantas</strong></span> <span class='ocrx_word' id='word_1_134' title='bbox 2731 714 2839 770; x_wconf 89' lang='lat' dir='ltr'><strong>iste</strong></span> <span class='ocrx_word' id='word_1_135' title='bbox 2887 715 3010 770; x_wconf 78' lang='lat' dir='ltr'><strong>dux</strong></span> <span class='ocrx_word' id='word_1_136' title='bbox 3042 731 3264 787; x_wconf 80' lang='lat' dir='ltr'><strong>passus</strong></span> <span class='ocrx_word' id='word_1_137' title='bbox 3307 719 3363 770; x_wconf 90' lang='lat' dir='ltr'><strong>et</strong></span> <span class='ocrx_word' id='word_1_138' title='bbox 3408 714 3654 769; x_wconf 90' lang='lat' dir='ltr'><strong>maledi-</strong></span> 
     </span>
    </p>
   </div>
   <div class='ocr_carea' id='block_1_21' title="bbox 1991 800 3652 876">
    <p class='ocr_par' dir='ltr' id='par_1_21' title="bbox 1991 800 3652 876">
     <span class='ocr_line' id='line_1_21' title="bbox 1991 800 3652 876; baseline 0.002 -22"><span class='ocrx_word' id='word_1_139' title='bbox 1991 800 2214 855; x_wconf 92' lang='lat' dir='ltr'><strong>ctiones</strong></span> <span class='ocrx_word' id='word_1_140' title='bbox 2261 807 2317 856; x_wconf 89' lang='lat' dir='ltr'><strong>et</strong></span> <span class='ocrx_word' id='word_1_141' title='bbox 2372 802 2776 874; x_wconf 86' lang='lat' dir='ltr'><strong>blasphemias</strong></span> <span class='ocrx_word' id='word_1_142' title='bbox 2804 820 2914 876; x_wconf 89' lang='lat' dir='ltr'><strong>pro</strong></span> <span class='ocrx_word' id='word_1_143' title='bbox 2943 803 3108 873; x_wconf 83' lang='lat' dir='ltr'><strong>regni</strong></span> <span class='ocrx_word' id='word_1_144' title='bbox 3167 803 3419 858; x_wconf 72' lang='lat' dir='ltr'><strong>cmlestis</strong></span> <span class='ocrx_word' id='word_1_145' title='bbox 3470 803 3652 875; x_wconf 89' lang='lat' dir='ltr'><strong>adep-</strong></span> 
     </span>
    </p>
   </div>
   <div class='ocr_carea' id='block_1_22' title="bbox 1991 889 3650 956">
    <p class='ocr_par' dir='ltr' id='par_1_22' title="bbox 1991 889 3650 956">
     <span class='ocr_line' id='line_1_22' title="bbox 1991 889 3650 956; baseline 0.001 -12"><span class='ocrx_word' id='word_1_146' title='bbox 1991 889 2168 956; x_wconf 86' lang='lat' dir='ltr'><strong>tione,</strong></span> <span class='ocrx_word' id='word_1_147' title='bbox 2203 890 2401 945; x_wconf 91' lang='lat' dir='ltr'><strong>nullus</strong></span> <span class='ocrx_word' id='word_1_148' title='bbox 2457 896 2799 948; x_wconf 89' lang='lat' dir='ltr'><strong>nostrorum</strong></span> <span class='ocrx_word' id='word_1_149' title='bbox 2834 893 2991 948; x_wconf 91' lang='lat' dir='ltr'><strong>valet</strong></span> <span class='ocrx_word' id='word_1_150' title='bbox 3041 909 3414 948; x_wconf 85' lang='lat' dir='ltr'><strong>enumerare.</strong></span> <span class='ocrx_word' id='word_1_151' title='bbox 3469 892 3650 948; x_wconf 90' lang='lat' dir='ltr'><strong>Susti-</strong></span> 
     </span>
    </p>
   </div>
   <div class='ocr_carea' id='block_1_23' title="bbox 1991 977 3647 1054">
    <p class='ocr_par' dir='ltr' id='par_1_23' title="bbox 1991 977 3647 1054">
     <span class='ocr_line' id='line_1_23' title="bbox 1991 977 3647 1054; baseline 0.002 -23"><span class='ocrx_word' id='word_1_152' title='bbox 1991 977 2118 1032; x_wconf 92' lang='lat' dir='ltr'><strong>nuit</strong></span> <span class='ocrx_word' id='word_1_153' title='bbox 2145 994 2408 1050; x_wconf 87' lang='lat' dir='ltr'><strong>namque</strong></span> <span class='ocrx_word' id='word_1_154' title='bbox 2438 979 2886 1035; x_wconf 87' lang='lat' dir='ltr'><strong>maledictiones</strong></span> <span class='ocrx_word' id='word_1_155' title='bbox 2911 998 3020 1054; x_wconf 92' lang='lat' dir='ltr'><strong>pro</strong></span> <span class='ocrx_word' id='word_1_156' title='bbox 3046 981 3163 1036; x_wconf 85' lang='lat' dir='ltr'><strong>tide</strong></span> <span class='ocrx_word' id='word_1_157' title='bbox 3195 980 3506 1046; x_wconf 90' lang='lat' dir='ltr'><strong>catholica,</strong></span> <span class='ocrx_word' id='word_1_158' title='bbox 3537 995 3647 1050; x_wconf 90' lang='lat' dir='ltr'><strong>pro</strong></span> 
     </span>
    </p>
   </div>
   <div class='ocr_carea' id='block_1_24' title="bbox 1990 1067 3644 1140">
    <p class='ocr_par' dir='ltr' id='par_1_24' title="bbox 1990 1067 3644 1140">
     <span class='ocr_line' id='line_1_24' title="bbox 1990 1067 3644 1140; baseline 0.001 -18"><span class='ocrx_word' id='word_1_159' title='bbox 1990 1067 2159 1135; x_wconf 85' lang='lat' dir='ltr'><strong>regni</strong></span> <span class='ocrx_word' id='word_1_160' title='bbox 2213 1067 2414 1135; x_wconf 87' lang='lat' dir='ltr'><strong>tutela,</strong></span> <span class='ocrx_word' id='word_1_161' title='bbox 2463 1084 2843 1140; x_wconf 87' lang='lat' dir='ltr'><strong>paganorum</strong></span> <span class='ocrx_word' id='word_1_162' title='bbox 2902 1069 3194 1124; x_wconf 87' lang='lat' dir='ltr'><strong>attritione</strong></span> <span class='ocrx_word' id='word_1_163' title='bbox 3248 1068 3644 1137; x_wconf 86' lang='lat' dir='ltr'><strong>severissima,</strong></span> 
     </span>
    </p>
   </div>
   <div class='ocr_carea' id='block_1_25' title="bbox 1989 1157 3648 1228">
    <p class='ocr_par' dir='ltr' id='par_1_25' title="bbox 1989 1157 3648 1228">
     <span class='ocr_line' id='line_1_25' title="bbox 1989 1157 3648 1228; baseline 0.001 -17"><span class='ocrx_word' id='word_1_164' title='bbox 1989 1171 2100 1228; x_wconf 92' lang='lat' dir='ltr'><strong>pro</strong></span> <span class='ocrx_word' id='word_1_165' title='bbox 2152 1157 2592 1212; x_wconf 88' lang='lat' dir='ltr'><strong>monachorum</strong></span> <span class='ocrx_word' id='word_1_166' title='bbox 2649 1157 3077 1228; x_wconf 88' lang='lat' dir='ltr'><strong>negligentium</strong></span> <span class='ocrx_word' id='word_1_167' title='bbox 3124 1157 3394 1226; x_wconf 87' lang='lat' dir='ltr'><strong>regulam</strong></span> <span class='ocrx_word' id='word_1_168' title='bbox 3438 1157 3648 1213; x_wconf 89' lang='lat' dir='ltr'><strong>contri-</strong></span> 
     </span>
    </p>
   </div>
   <div class='ocr_carea' id='block_1_26' title="bbox 1992 1243 3648 1317">
    <p class='ocr_par' dir='ltr' id='par_1_26' title="bbox 1992 1243 3648 1317">
     <span class='ocr_line' id='line_1_26' title="bbox 1992 1243 3648 1317; baseline 0.001 -19"><span class='ocrx_word' id='word_1_169' title='bbox 1992 1243 2148 1299; x_wconf 88' lang='lat' dir='ltr'><strong>tione</strong></span> <span class='ocrx_word' id='word_1_170' title='bbox 2180 1245 2579 1313; x_wconf 83' lang='lat' dir='ltr'><strong>sanctissima,</strong></span> <span class='ocrx_word' id='word_1_171' title='bbox 2611 1261 2720 1317; x_wconf 88' lang='lat' dir='ltr'><strong>pro</strong></span> <span class='ocrx_word' id='word_1_172' title='bbox 2751 1245 3180 1300; x_wconf 88' lang='lat' dir='ltr'><strong>canonicorum</strong></span> <span class='ocrx_word' id='word_1_173' title='bbox 3207 1245 3358 1300; x_wconf 91' lang='lat' dir='ltr'><strong>inter</strong></span> <span class='ocrx_word' id='word_1_174' title='bbox 3388 1261 3448 1299; x_wconf 92' lang='lat' dir='ltr'><strong>se</strong></span> <span class='ocrx_word' id='word_1_175' title='bbox 3478 1245 3648 1300; x_wconf 89' lang='lat' dir='ltr'><strong>dissi-</strong></span> 
     </span>
    </p>
   </div>
   <div class='ocr_carea' id='block_1_27' title="bbox 1990 1332 3644 1405">
    <p class='ocr_par' dir='ltr' id='par_1_27' title="bbox 1990 1332 3644 1405">
     <span class='ocr_line' id='line_1_27' title="bbox 1990 1332 3644 1405; baseline -0.001 -17"><span class='ocrx_word' id='word_1_176' title='bbox 1990 1332 2260 1388; x_wconf 87' lang='lat' dir='ltr'><strong>dentium</strong></span> <span class='ocrx_word' id='word_1_177' title='bbox 2291 1334 2632 1400; x_wconf 82' lang='lat' dir='ltr'><strong>concordia,</strong></span> <span class='ocrx_word' id='word_1_178' title='bbox 2665 1349 2776 1405; x_wconf 88' lang='lat' dir='ltr'><strong>pro</strong></span> <span class='ocrx_word' id='word_1_179' title='bbox 2796 1333 3087 1389; x_wconf 88' lang='lat' dir='ltr'><strong>laicorum</strong></span> <span class='ocrx_word' id='word_1_180' title='bbox 3114 1348 3263 1404; x_wconf 75' lang='lat' dir='ltr'><strong>pace</strong></span> <span class='ocrx_word' id='word_1_181' title='bbox 3291 1333 3644 1388; x_wconf 90' lang='lat' dir='ltr'><strong>intermissa.</strong></span> 
     </span>
    </p>
   </div>
   <div class='ocr_carea' id='block_1_28' title="bbox 1991 1420 3649 1487">
    <p class='ocr_par' dir='ltr' id='par_1_28' title="bbox 1991 1420 3649 1487">
     <span class='ocr_line' id='line_1_28' title="bbox 1991 1420 3649 1487; baseline -0.001 -10"><span class='ocrx_word' id='word_1_182' title='bbox 1991 1424 2128 1478; x_wconf 87' lang='lat' dir='ltr'><strong>Erat</strong></span> <span class='ocrx_word' id='word_1_183' title='bbox 2155 1422 2316 1477; x_wconf 90' lang='lat' dir='ltr'><strong>enim</strong></span> <span class='ocrx_word' id='word_1_184' title='bbox 2345 1422 2513 1478; x_wconf 89' lang='lat' dir='ltr'><strong>istius</strong></span> <span class='ocrx_word' id='word_1_185' title='bbox 2539 1421 2708 1476; x_wconf 93' lang='lat' dir='ltr'><strong>ducis</strong></span> <span class='ocrx_word' id='word_1_186' title='bbox 2738 1423 3003 1479; x_wconf 88' lang='lat' dir='ltr'><strong>Christus</strong></span> <span class='ocrx_word' id='word_1_187' title='bbox 3032 1420 3094 1476; x_wconf 91' lang='lat' dir='ltr'><strong>in</strong></span> <span class='ocrx_word' id='word_1_188' title='bbox 3122 1437 3326 1487; x_wconf 86' lang='lat' dir='ltr'><strong>causa,</strong></span> <span class='ocrx_word' id='word_1_189' title='bbox 3359 1421 3494 1476; x_wconf 93' lang='lat' dir='ltr'><strong>ideo</strong></span> <span class='ocrx_word' id='word_1_190' title='bbox 3521 1437 3649 1476; x_wconf 87' lang='lat' dir='ltr'><strong>ma-</strong></span> 
     </span>
    </p>
   </div>
   <div class='ocr_carea' id='block_1_29' title="bbox 207 1505 3647 1587">
    <p class='ocr_par' dir='ltr' id='par_1_29' title="bbox 207 1505 3647 1587">
     <span class='ocr_line' id='line_1_29' title="bbox 207 1505 3647 1587; baseline -0.003 -18"><span class='ocrx_word' id='word_1_191' title='bbox 207 1513 554 1587; x_wconf 84' lang='lat' dir='ltr'><strong>paciﬁcavit</strong></span> <span class='ocrx_word' id='word_1_192' title='bbox 575 1529 714 1568; x_wconf 88' lang='lat' dir='ltr'><strong>cum</strong></span> <span class='ocrx_word' id='word_1_193' title='bbox 736 1527 873 1580; x_wconf 88' lang='lat' dir='ltr'><strong>rege</strong></span> <span class='ocrx_word' id='word_1_194' title='bbox 899 1510 1180 1566; x_wconf 91' lang='lat' dir='ltr'><strong>comitem</strong></span> <span class='ocrx_word' id='word_1_195' title='bbox 1205 1509 1541 1574; x_wconf 83' lang='lat' dir='ltr'><strong>Arnulfum,</strong></span> <span class='ocrx_word' id='word_1_196' title='bbox 1571 1505 1882 1577; x_wconf 82' lang='lat' dir='ltr'><strong>coegitque</strong></span> <span class='ocrx_word' id='word_1_197' title='bbox 1988 1511 2340 1566; x_wconf 74' lang='lat' dir='ltr'><strong>lefactorum</strong></span> <span class='ocrx_word' id='word_1_198' title='bbox 2392 1511 2682 1566; x_wconf 72' lang='lat' dir='ltr'><strong>adversus</strong></span> <span class='ocrx_word' id='word_1_199' title='bbox 2734 1528 2873 1567; x_wconf 78' lang='lat' dir='ltr'><strong>eum</strong></span> <span class='ocrx_word' id='word_1_200' title='bbox 2925 1527 3047 1566; x_wconf 78' lang='lat' dir='ltr'><strong>non</strong></span> <span class='ocrx_word' id='word_1_201' title='bbox 3098 1511 3412 1584; x_wconf 62' lang='lat' dir='ltr'><strong>praevaluit</strong></span> <span class='ocrx_word' id='word_1_202' title='bbox 3461 1510 3647 1566; x_wconf 73' lang='lat' dir='ltr'><strong>mina.</strong></span> 
     </span>
    </p>
   </div>
   <div class='ocr_carea' id='block_1_30' title="bbox 211 1596 1881 1672">
    <p class='ocr_par' dir='ltr' id='par_1_30' title="bbox 211 1596 1881 1672">
     <span class='ocr_line' id='line_1_30' title="bbox 211 1596 1881 1672; baseline -0.006 -15"><span class='ocrx_word' id='word_1_203' title='bbox 211 1602 388 1657; x_wconf 88' lang='lat' dir='ltr'><strong>reddi</strong></span> <span class='ocrx_word' id='word_1_204' title='bbox 418 1601 498 1656; x_wconf 90' lang='lat' dir='ltr'><strong>illi</strong></span> <span class='ocrx_word' id='word_1_205' title='bbox 525 1601 725 1656; x_wconf 68' lang='lat' dir='ltr'><strong>nimiae</strong></span> <span class='ocrx_word' id='word_1_206' title='bbox 755 1600 1114 1672; x_wconf 88' lang='lat' dir='ltr'><strong>precationis</strong></span> <span class='ocrx_word' id='word_1_207' title='bbox 1135 1598 1351 1653; x_wconf 69' lang='lat' dir='ltr'><strong>affectu</strong></span> <span class='ocrx_word' id='word_1_208' title='bbox 1371 1596 1741 1652; x_wconf 85' lang='lat' dir='ltr'><strong>Atrabatum.</strong></span> <span class='ocrx_word' id='word_1_209' title='bbox 1767 1597 1881 1648; x_wconf 87' lang='lat' dir='ltr'><strong>Nec</strong></span> 
     </span>
    </p>
   </div>
   <div class='ocr_carea' id='block_1_31' title="bbox 1993 1599 3653 1672">
    <p class='ocr_par' dir='ltr' id='par_1_31' title="bbox 1993 1599 3653 1672">
     <span class='ocr_line' id='line_1_31' title="bbox 1993 1599 3653 1672; baseline -0.001 -16"><span class='ocrx_word' id='word_1_210' title='bbox 1993 1600 2302 1656; x_wconf 87' lang='lat' dir='ltr'><strong>Gaudebat</strong></span> <span class='ocrx_word' id='word_1_211' title='bbox 2341 1615 2607 1672; x_wconf 88' lang='lat' dir='ltr'><strong>namque</strong></span> <span class='ocrx_word' id='word_1_212' title='bbox 2639 1600 2860 1656; x_wconf 62' lang='lat' dir='ltr'><strong>caelesti</strong></span> <span class='ocrx_word' id='word_1_213' title='bbox 2905 1599 3179 1655; x_wconf 75' lang='lat' dir='ltr'><strong>mercede</strong></span> <span class='ocrx_word' id='word_1_214' title='bbox 3228 1599 3545 1672; x_wconf 91' lang='lat' dir='ltr'><strong>promissa,</strong></span> <span class='ocrx_word' id='word_1_215' title='bbox 3596 1603 3653 1655; x_wconf 89' lang='lat' dir='ltr'><strong>et</strong></span> 
     </span>
    </p>
   </div>
   <div class='ocr_carea' id='block_1_32' title="bbox 213 1682 3650 1762">
    <p class='ocr_par' dir='ltr' id='par_1_32' title="bbox 213 1682 3650 1762">
     <span class='ocr_line' id='line_1_32' title="bbox 213 1682 3650 1762; baseline -0.001 -16"><span class='ocrx_word' id='word_1_216' title='bbox 213 1691 360 1746; x_wconf 89' lang='lat' dir='ltr'><strong>illud</strong></span> <span class='ocrx_word' id='word_1_217' title='bbox 404 1690 890 1762; x_wconf 71' lang='lat' dir='ltr'><strong>praetereundum</strong></span> <span class='ocrx_word' id='word_1_218' title='bbox 918 1688 1105 1760; x_wconf 91' lang='lat' dir='ltr'><strong>quod,</strong></span> <span class='ocrx_word' id='word_1_219' title='bbox 1157 1687 1433 1742; x_wconf 91' lang='lat' dir='ltr'><strong>Lothario</strong></span> <span class='ocrx_word' id='word_1_220' title='bbox 1486 1701 1623 1755; x_wconf 89' lang='lat' dir='ltr'><strong>rege</strong></span> <span class='ocrx_word' id='word_1_221' title='bbox 1675 1682 1876 1738; x_wconf 83' lang='lat' dir='ltr'><strong>defun-</strong></span> <span class='ocrx_word' id='word_1_222' title='bbox 1921 1703 1962 1757; x_wconf 80' lang='grc' dir='ltr'>Β</span> <span class='ocrx_word' id='word_1_223' title='bbox 1991 1688 2348 1755; x_wconf 87' lang='lat' dir='ltr'><strong>exsultabat,</strong></span> <span class='ocrx_word' id='word_1_224' title='bbox 2405 1689 2788 1744; x_wconf 89' lang='lat' dir='ltr'><strong>inimicorum</strong></span> <span class='ocrx_word' id='word_1_225' title='bbox 2845 1688 3310 1760; x_wconf 86' lang='lat' dir='ltr'><strong>invidorumque</strong></span> <span class='ocrx_word' id='word_1_226' title='bbox 3376 1688 3650 1744; x_wconf 90' lang='lat' dir='ltr'><strong>omnium</strong></span> 
     </span>
    </p>
   </div>
   <div class='ocr_carea' id='block_1_33' title="bbox 213 1772 2601 1851">
    <p class='ocr_par' dir='ltr' id='par_1_33' title="bbox 213 1772 2601 1851">
     <span class='ocr_line' id='line_1_33' title="bbox 213 1772 2601 1851; baseline 0 -17"><span class='ocrx_word' id='word_1_227' title='bbox 213 1784 338 1845; x_wconf 88' lang='lat' dir='ltr'><strong>cto,</strong></span> <span class='ocrx_word' id='word_1_228' title='bbox 381 1780 553 1849; x_wconf 89' lang='lat' dir='ltr'><strong>Hugo</strong></span> <span class='ocrx_word' id='word_1_229' title='bbox 584 1779 709 1834; x_wconf 89' lang='lat' dir='ltr'><strong>dux</strong></span> <span class='ocrx_word' id='word_1_230' title='bbox 735 1777 1122 1832; x_wconf 90' lang='lat' dir='ltr'><strong>intronizatus</strong></span> <span class='ocrx_word' id='word_1_231' title='bbox 1153 1776 1214 1830; x_wconf 93' lang='lat' dir='ltr'><strong>in</strong></span> <span class='ocrx_word' id='word_1_232' title='bbox 1245 1789 1430 1844; x_wconf 89' lang='lat' dir='ltr'><strong>regno</strong></span> <span class='ocrx_word' id='word_1_233' title='bbox 1472 1772 1660 1828; x_wconf 88' lang='lat' dir='ltr'><strong>voluit</strong></span> <span class='ocrx_word' id='word_1_234' title='bbox 1702 1787 1884 1844; x_wconf 91' lang='lat' dir='ltr'><strong>super</strong></span> <span class='ocrx_word' id='word_1_235' title='bbox 1990 1781 2287 1851; x_wconf 84' lang='lat' dir='ltr'><strong>prostrata</strong></span> <span class='ocrx_word' id='word_1_236' title='bbox 2315 1777 2601 1850; x_wconf 87' lang='lat' dir='ltr'><strong>nequitia.</strong></span> 
     </span>
    </p>
   </div>
   <div class='ocr_carea' id='block_1_34' title="bbox 215 1862 1884 1939">
    <p class='ocr_par' dir='ltr' id='par_1_34' title="bbox 215 1862 1884 1939">
     <span class='ocr_line' id='line_1_34' title="bbox 215 1862 1884 1939; baseline -0.005 -15"><span class='ocrx_word' id='word_1_237' title='bbox 215 1869 532 1924; x_wconf 86' lang='lat' dir='ltr'><strong>Albertum</strong></span> <span class='ocrx_word' id='word_1_238' title='bbox 564 1867 841 1922; x_wconf 89' lang='lat' dir='ltr'><strong>comitem</strong></span> <span class='ocrx_word' id='word_1_239' title='bbox 872 1866 1159 1939; x_wconf 89' lang='lat' dir='ltr'><strong>equitare,</strong></span> <span class='ocrx_word' id='word_1_240' title='bbox 1191 1863 1387 1920; x_wconf 91' lang='lat' dir='ltr'><strong>hostili</strong></span> <span class='ocrx_word' id='word_1_241' title='bbox 1436 1862 1696 1918; x_wconf 87' lang='lat' dir='ltr'><strong>exercitu</strong></span> <span class='ocrx_word' id='word_1_242' title='bbox 1744 1877 1884 1916; x_wconf 91' lang='lat' dir='ltr'><strong>con-</strong></span> 
     </span>
    </p>
   </div>
   <div class='ocr_carea' id='block_1_35' title="bbox 216 1949 1884 2026">
    <p class='ocr_par' dir='ltr' id='par_1_35' title="bbox 216 1949 1884 2026">
     <span class='ocr_line' id='line_1_35' title="bbox 216 1949 1884 2026; baseline -0.005 -13"><span class='ocrx_word' id='word_1_243' title='bbox 216 1957 486 2026; x_wconf 86' lang='lat' dir='ltr'><strong>globato.</strong></span> <span class='ocrx_word' id='word_1_244' title='bbox 521 1956 792 2011; x_wconf 81' lang='lat' dir='ltr'><strong>Albertus</strong></span> <span class='ocrx_word' id='word_1_245' title='bbox 830 1955 1008 2025; x_wconf 90' lang='lat' dir='ltr'><strong>igitur</strong></span> <span class='ocrx_word' id='word_1_246' title='bbox 1057 1958 1328 2009; x_wconf 89' lang='lat' dir='ltr'><strong>metuens</strong></span> <span class='ocrx_word' id='word_1_247' title='bbox 1377 1956 1700 2007; x_wconf 90' lang='lat' dir='ltr'><strong>venturum</strong></span> <span class='ocrx_word' id='word_1_248' title='bbox 1745 1949 1884 2005; x_wconf 90' lang='lat' dir='ltr'><strong>furi-</strong></span> 
     </span>
    </p>
   </div>
   <div class='ocr_carea' id='block_1_36' title="bbox 216 2038 1884 2113">
    <p class='ocr_par' dir='ltr' id='par_1_36' title="bbox 216 2038 1884 2113">
     <span class='ocr_line' id='line_1_36' title="bbox 216 2038 1884 2113; baseline -0.004 -14"><span class='ocrx_word' id='word_1_249' title='bbox 216 2045 417 2099; x_wconf 90' lang='lat' dir='ltr'><strong>bundi</strong></span> <span class='ocrx_word' id='word_1_250' title='bbox 445 2044 602 2113; x_wconf 90' lang='lat' dir='ltr'><strong>regis</strong></span> <span class='ocrx_word' id='word_1_251' title='bbox 641 2044 986 2106; x_wconf 89' lang='lat' dir='ltr'><strong>adventum,</strong></span> <span class='ocrx_word' id='word_1_252' title='bbox 1016 2041 1174 2097; x_wconf 89' lang='lat' dir='ltr'><strong>misit</strong></span> <span class='ocrx_word' id='word_1_253' title='bbox 1221 2041 1547 2113; x_wconf 89' lang='lat' dir='ltr'><strong>quemdam</strong></span> <span class='ocrx_word' id='word_1_254' title='bbox 1604 2038 1884 2094; x_wconf 83' lang='lat' dir='ltr'><strong>clericum</strong></span> 
     </span>
    </p>
   </div>
   <div class='ocr_carea' id='block_1_37' title="bbox 217 2128 1886 2204">
    <p class='ocr_par' dir='ltr' id='par_1_37' title="bbox 217 2128 1886 2204">
     <span class='ocr_line' id='line_1_37' title="bbox 217 2128 1886 2204; baseline -0.002 -17"><span class='ocrx_word' id='word_1_255' title='bbox 217 2132 468 2204; x_wconf 89' lang='lat' dir='ltr'><strong>pretiosi</strong></span> <span class='ocrx_word' id='word_1_256' title='bbox 499 2132 778 2203; x_wconf 86' lang='lat' dir='ltr'><strong>martyris</strong></span> <span class='ocrx_word' id='word_1_257' title='bbox 810 2131 1018 2188; x_wconf 88' lang='lat' dir='ltr'><strong>Christi</strong></span> <span class='ocrx_word' id='word_1_258' title='bbox 1075 2130 1336 2195; x_wconf 90' lang='lat' dir='ltr'><strong>Quintini</strong></span> <span class='ocrx_word' id='word_1_259' title='bbox 1383 2128 1743 2185; x_wconf 86' lang='lat' dir='ltr'><strong>canonicum</strong></span> <span class='ocrx_word' id='word_1_260' title='bbox 1781 2143 1886 2183; x_wconf 92' lang='lat' dir='ltr'><strong>no-</strong></span> 
     </span>
    </p>
   </div>
   <div class='ocr_carea' id='block_1_38' title="bbox 212 2218 1883 2285">
    <p class='ocr_par' dir='ltr' id='par_1_38' title="bbox 212 2218 1883 2285">
     <span class='ocr_line' id='line_1_38' title="bbox 212 2218 1883 2285; baseline -0.001 -11"><span class='ocrx_word' id='word_1_261' title='bbox 212 2221 383 2275; x_wconf 90' lang='lat' dir='ltr'><strong>mine</strong></span> <span class='ocrx_word' id='word_1_262' title='bbox 432 2221 762 2285; x_wconf 91' lang='lat' dir='ltr'><strong>Dudonem,</strong></span> <span class='ocrx_word' id='word_1_263' title='bbox 805 2220 1032 2275; x_wconf 92' lang='lat' dir='ltr'><strong>dictum</strong></span> <span class='ocrx_word' id='word_1_264' title='bbox 1082 2219 1160 2274; x_wconf 89' lang='lat' dir='ltr'><strong>ad</strong></span> <span class='ocrx_word' id='word_1_265' title='bbox 1211 2218 1573 2274; x_wconf 83' lang='lat' dir='ltr'><strong>Richardum</strong></span> <span class='ocrx_word' id='word_1_266' title='bbox 1631 2233 1883 2273; x_wconf 71' lang='lat' dir='ltr'><strong>summa:</strong></span> 
     </span>
    </p>
   </div>
   <div class='ocr_carea' id='block_1_39' title="bbox 210 2306 1882 2381">
    <p class='ocr_par' dir='ltr' id='par_1_39' title="bbox 210 2306 1882 2381">
     <span class='ocr_line' id='line_1_39' title="bbox 210 2306 1882 2381; baseline -0.002 -17"><span class='ocrx_word' id='word_1_267' title='bbox 210 2308 515 2381; x_wconf 65' lang='lat' dir='ltr'><strong>patientiae</strong></span> <span class='ocrx_word' id='word_1_268' title='bbox 543 2308 895 2381; x_wconf 89' lang='lat' dir='ltr'><strong>patricium;</strong></span> <span class='ocrx_word' id='word_1_269' title='bbox 933 2313 995 2363; x_wconf 91' lang='lat' dir='ltr'><strong>ut</strong></span> <span class='ocrx_word' id='word_1_270' title='bbox 1024 2325 1099 2364; x_wconf 92' lang='lat' dir='ltr'><strong>ne</strong></span> <span class='ocrx_word' id='word_1_271' title='bbox 1138 2308 1337 2364; x_wconf 90' lang='lat' dir='ltr'><strong>hostili</strong></span> <span class='ocrx_word' id='word_1_272' title='bbox 1381 2307 1753 2362; x_wconf 89' lang='lat' dir='ltr'><strong>immanitate</strong></span> <span class='ocrx_word' id='word_1_273' title='bbox 1779 2306 1882 2361; x_wconf 93' lang='lat' dir='ltr'><strong>de-</strong></span> 
     </span>
    </p>
   </div>
   <div class='ocr_carea' id='block_1_40' title="bbox 213 2397 1884 2470">
    <p class='ocr_par' dir='ltr' id='par_1_40' title="bbox 213 2397 1884 2470">
     <span class='ocr_line' id='line_1_40' title="bbox 213 2397 1884 2470; baseline 0 -20"><span class='ocrx_word' id='word_1_274' title='bbox 213 2401 555 2453; x_wconf 86' lang='lat' dir='ltr'><strong>vastaretur</strong></span> <span class='ocrx_word' id='word_1_275' title='bbox 582 2413 778 2470; x_wconf 85' lang='lat' dir='ltr'><strong>pagus</strong></span> <span class='ocrx_word' id='word_1_276' title='bbox 803 2397 1388 2463; x_wconf 89' lang='lat' dir='ltr'><strong>Viromandensium,</strong></span> <span class='ocrx_word' id='word_1_277' title='bbox 1419 2397 1755 2452; x_wconf 89' lang='lat' dir='ltr'><strong>interventu</strong></span> <span class='ocrx_word' id='word_1_278' title='bbox 1775 2411 1884 2450; x_wconf 93' lang='lat' dir='ltr'><strong>suo</strong></span> 
     </span>
    </p>
   </div>
   <div class='ocr_carea' id='block_1_41' title="bbox 219 2483 1887 2558">
    <p class='ocr_par' dir='ltr' id='par_1_41' title="bbox 219 2483 1887 2558">
     <span class='ocr_line' id='line_1_41' title="bbox 219 2483 1887 2558; baseline -0.001 -18"><span class='ocrx_word' id='word_1_279' title='bbox 219 2491 468 2541; x_wconf 90' lang='lat' dir='ltr'><strong>strenuo</strong></span> <span class='ocrx_word' id='word_1_280' title='bbox 512 2485 899 2541; x_wconf 87' lang='lat' dir='ltr'><strong>intercederet</strong></span> <span class='ocrx_word' id='word_1_281' title='bbox 927 2501 1038 2558; x_wconf 92' lang='lat' dir='ltr'><strong>pro</strong></span> <span class='ocrx_word' id='word_1_282' title='bbox 1070 2502 1132 2541; x_wconf 91' lang='lat' dir='ltr'><strong>se</strong></span> <span class='ocrx_word' id='word_1_283' title='bbox 1162 2485 1327 2558; x_wconf 91' lang='lat' dir='ltr'><strong>apud</strong></span> <span class='ocrx_word' id='word_1_284' title='bbox 1361 2500 1564 2554; x_wconf 90' lang='lat' dir='ltr'><strong>regem</strong></span> <span class='ocrx_word' id='word_1_285' title='bbox 1609 2483 1887 2556; x_wconf 88' lang='lat' dir='ltr'><strong>pestifera</strong></span> 
     </span>
    </p>
   </div>
   <div class='ocr_carea' id='block_1_42' title="bbox 219 2572 1886 2645">
    <p class='ocr_par' dir='ltr' id='par_1_42' title="bbox 219 2572 1886 2645">
     <span class='ocr_line' id='line_1_42' title="bbox 219 2572 1886 2645; baseline -0.002 -16"><span class='ocrx_word' id='word_1_286' title='bbox 219 2573 598 2629; x_wconf 87' lang='lat' dir='ltr'><strong>animositate</strong></span> <span class='ocrx_word' id='word_1_287' title='bbox 660 2573 927 2645; x_wconf 90' lang='lat' dir='ltr'><strong>plenum.</strong></span> <span class='ocrx_word' id='word_1_288' title='bbox 992 2577 1118 2629; x_wconf 88' lang='lat' dir='ltr'><strong>Dux</strong></span> <span class='ocrx_word' id='word_1_289' title='bbox 1173 2589 1316 2628; x_wconf 88' lang='lat' dir='ltr'><strong>vero</strong></span> <span class='ocrx_word' id='word_1_290' title='bbox 1367 2572 1699 2628; x_wconf 85' lang='lat' dir='ltr'><strong>Richardus</strong></span> <span class='ocrx_word' id='word_1_291' title='bbox 1747 2587 1886 2626; x_wconf 87' lang='lat' dir='ltr'><strong>cum</strong></span> 
     </span>
    </p>
   </div>
   <div class='ocr_carea' id='block_1_43' title="bbox 222 2660 1890 2734">
    <p class='ocr_par' dir='ltr' id='par_1_43' title="bbox 222 2660 1890 2734">
     <span class='ocr_line' id='line_1_43' title="bbox 222 2660 1890 2734; baseline -0.001 -18"><span class='ocrx_word' id='word_1_292' title='bbox 222 2678 468 2717; x_wconf 89' lang='lat' dir='ltr'><strong>summo</strong></span> <span class='ocrx_word' id='word_1_293' title='bbox 530 2662 872 2717; x_wconf 69' lang='lat' dir='ltr'><strong>reverentiae</strong></span> <span class='ocrx_word' id='word_1_294' title='bbox 936 2661 1100 2717; x_wconf 85' lang='lat' dir='ltr'><strong>cultu</strong></span> <span class='ocrx_word' id='word_1_295' title='bbox 1161 2661 1426 2734; x_wconf 90' lang='lat' dir='ltr'><strong>suscepit</strong></span> <span class='ocrx_word' id='word_1_296' title='bbox 1473 2660 1774 2729; x_wconf 90' lang='lat' dir='ltr'><strong>clericum,</strong></span> <span class='ocrx_word' id='word_1_297' title='bbox 1833 2663 1890 2714; x_wconf 92' lang='lat' dir='ltr'><strong>et</strong></span> 
     </span>
    </p>
   </div>
   <div class='ocr_carea' id='block_1_44' title="bbox 222 2747 1882 2821">
    <p class='ocr_par' dir='ltr' id='par_1_44' title="bbox 222 2747 1882 2821">
     <span class='ocr_line' id='line_1_44' title="bbox 222 2747 1882 2821; baseline -0.001 -17"><span class='ocrx_word' id='word_1_298' title='bbox 222 2750 498 2821; x_wconf 88' lang='lat' dir='ltr'><strong>profectu</strong></span> <span class='ocrx_word' id='word_1_299' title='bbox 555 2754 646 2804; x_wconf 89' lang='lat' dir='ltr'><strong>est</strong></span> <span class='ocrx_word' id='word_1_300' title='bbox 702 2754 911 2804; x_wconf 89' lang='lat' dir='ltr'><strong>contra</strong></span> <span class='ocrx_word' id='word_1_301' title='bbox 967 2764 1170 2818; x_wconf 86' lang='lat' dir='ltr'><strong>regem</strong></span> <span class='ocrx_word' id='word_1_302' title='bbox 1243 2750 1542 2804; x_wconf 90' lang='lat' dir='ltr'><strong>volentem</strong></span> <span class='ocrx_word' id='word_1_303' title='bbox 1617 2747 1882 2820; x_wconf 89' lang='lat' dir='ltr'><strong>equitare</strong></span> 
     </span>
    </p>
   </div>
   <div class='ocr_carea' id='block_1_45' title="bbox 221 2836 1892 2910">
    <p class='ocr_par' dir='ltr' id='par_1_45' title="bbox 221 2836 1892 2910">
     <span class='ocr_line' id='line_1_45' title="bbox 221 2836 1892 2910; baseline -0.002 -16"><span class='ocrx_word' id='word_1_304' title='bbox 221 2839 411 2894; x_wconf 86' lang='lat' dir='ltr'><strong>ascito</strong></span> <span class='ocrx_word' id='word_1_305' title='bbox 437 2839 632 2894; x_wconf 89' lang='lat' dir='ltr'><strong>hostili</strong></span> <span class='ocrx_word' id='word_1_306' title='bbox 685 2839 947 2893; x_wconf 89' lang='lat' dir='ltr'><strong>exercitu</strong></span> <span class='ocrx_word' id='word_1_307' title='bbox 997 2853 1175 2910; x_wconf 88' lang='lat' dir='ltr'><strong>super</strong></span> <span class='ocrx_word' id='word_1_308' title='bbox 1216 2838 1540 2899; x_wconf 86' lang='lat' dir='ltr'><strong>Albertum,</strong></span> <span class='ocrx_word' id='word_1_309' title='bbox 1593 2842 1650 2893; x_wconf 91' lang='lat' dir='ltr'><strong>et</strong></span> <span class='ocrx_word' id='word_1_310' title='bbox 1699 2836 1892 2892; x_wconf 87' lang='lat' dir='ltr'><strong>multi-</strong></span> 
     </span>
    </p>
   </div>
   <div class='ocr_carea' id='block_1_46' title="bbox 224 2926 1890 3000">
    <p class='ocr_par' dir='ltr' id='par_1_46' title="bbox 224 2926 1890 3000">
     <span class='ocr_line' id='line_1_46' title="bbox 224 2926 1890 3000; baseline -0.002 -17"><span class='ocrx_word' id='word_1_311' title='bbox 224 2928 548 2983; x_wconf 89' lang='lat' dir='ltr'><strong>modarum</strong></span> <span class='ocrx_word' id='word_1_312' title='bbox 581 2926 1102 3000; x_wconf 85' lang='lat' dir='ltr'><strong>prosecutionibus</strong></span> <span class='ocrx_word' id='word_1_313' title='bbox 1131 2927 1483 2999; x_wconf 90' lang='lat' dir='ltr'><strong>petitionum</strong></span> <span class='ocrx_word' id='word_1_314' title='bbox 1503 2941 1890 2999; x_wconf 90' lang='lat' dir='ltr'><strong>compescens</strong></span> 
     </span>
    </p>
   </div>
   <div class='ocr_carea' id='block_1_47' title="bbox 224 3015 1962 3105">
    <p class='ocr_par' dir='ltr' id='par_1_47' title="bbox 224 3015 1962 3105">
     <span class='ocr_line' id='line_1_47' title="bbox 224 3015 1962 3105; baseline -0.001 -34"><span class='ocrx_word' id='word_1_315' title='bbox 224 3033 434 3086; x_wconf 89' lang='lat' dir='ltr'><strong>regem</strong></span> <span class='ocrx_word' id='word_1_316' title='bbox 466 3017 832 3081; x_wconf 90' lang='lat' dir='ltr'><strong>animosum,</strong></span> <span class='ocrx_word' id='word_1_317' title='bbox 867 3015 1020 3071; x_wconf 91' lang='lat' dir='ltr'><strong>datis</strong></span> <span class='ocrx_word' id='word_1_318' title='bbox 1050 3016 1362 3071; x_wconf 89' lang='lat' dir='ltr'><strong>obsidibus</strong></span> <span class='ocrx_word' id='word_1_319' title='bbox 1392 3015 1731 3089; x_wconf 87' lang='lat' dir='ltr'><strong>paciﬁcavit</strong></span> <span class='ocrx_word' id='word_1_320' title='bbox 1753 3031 1891 3070; x_wconf 91' lang='lat' dir='ltr'><strong>cum</strong></span> <span class='ocrx_word' id='word_1_321' title='bbox 1923 3051 1962 3105; x_wconf 63' lang='grc' dir='ltr'><strong>ρ</strong></span> 
     </span>
    </p>
   </div>
   <div class='ocr_carea' id='block_1_48' title="bbox 223 3103 1893 3176">
    <p class='ocr_par' dir='ltr' id='par_1_48' title="bbox 223 3103 1893 3176">
     <span class='ocr_line' id='line_1_48' title="bbox 223 3103 1893 3176; baseline -0.002 -16"><span class='ocrx_word' id='word_1_322' title='bbox 223 3120 366 3174; x_wconf 88' lang='lat' dir='ltr'><strong>rege</strong></span> <span class='ocrx_word' id='word_1_323' title='bbox 429 3104 755 3160; x_wconf 81' lang='lat' dir='ltr'><strong>Albertum.</strong></span> <span class='ocrx_word' id='word_1_324' title='bbox 815 3104 999 3173; x_wconf 88' lang='lat' dir='ltr'><strong>Hujus</strong></span> <span class='ocrx_word' id='word_1_325' title='bbox 1051 3103 1228 3172; x_wconf 88' lang='lat' dir='ltr'><strong>igitur</strong></span> <span class='ocrx_word' id='word_1_326' title='bbox 1282 3103 1621 3160; x_wconf 90' lang='lat' dir='ltr'><strong>beatudinis</strong></span> <span class='ocrx_word' id='word_1_327' title='bbox 1677 3118 1893 3176; x_wconf 62' lang='lat' dir='ltr'><strong>praero-</strong></span> 
     </span>
    </p>
   </div>
   <div class='ocr_carea' id='block_1_49' title="bbox 225 3191 1891 3265">
    <p class='ocr_par' dir='ltr' id='par_1_49' title="bbox 225 3191 1891 3265">
     <span class='ocr_line' id='line_1_49' title="bbox 225 3191 1891 3265; baseline -0.001 -17"><span class='ocrx_word' id='word_1_328' title='bbox 225 3195 432 3264; x_wconf 87' lang='lat' dir='ltr'><strong>gativa</strong></span> <span class='ocrx_word' id='word_1_329' title='bbox 461 3193 565 3248; x_wconf 89' lang='lat' dir='ltr'><strong>iste</strong></span> <span class='ocrx_word' id='word_1_330' title='bbox 598 3193 716 3247; x_wconf 82' lang='lat' dir='ltr'><strong>dux</strong></span> <span class='ocrx_word' id='word_1_331' title='bbox 751 3192 1053 3264; x_wconf 88' lang='lat' dir='ltr'><strong>profusius</strong></span> <span class='ocrx_word' id='word_1_332' title='bbox 1083 3192 1300 3260; x_wconf 80' lang='lat' dir='ltr'><strong>ﬂoruit,</strong></span> <span class='ocrx_word' id='word_1_333' title='bbox 1330 3193 1473 3264; x_wconf 90' lang='lat' dir='ltr'><strong>quia</strong></span> <span class='ocrx_word' id='word_1_334' title='bbox 1502 3209 1655 3265; x_wconf 90' lang='lat' dir='ltr'><strong>quos</strong></span> <span class='ocrx_word' id='word_1_335' title='bbox 1686 3191 1891 3247; x_wconf 89' lang='lat' dir='ltr'><strong>audie-</strong></span> 
     </span>
    </p>
   </div>
   <div class='ocr_carea' id='block_1_50' title="bbox 224 3281 1894 3354">
    <p class='ocr_par' dir='ltr' id='par_1_50' title="bbox 224 3281 1894 3354">
     <span class='ocr_line' id='line_1_50' title="bbox 224 3281 1894 3354; baseline -0.001 -16"><span class='ocrx_word' id='word_1_336' title='bbox 224 3284 335 3338; x_wconf 86' lang='lat' dir='ltr'><strong>bat</strong></span> <span class='ocrx_word' id='word_1_337' title='bbox 364 3282 693 3348; x_wconf 89' lang='lat' dir='ltr'><strong>discordes,</strong></span> <span class='ocrx_word' id='word_1_338' title='bbox 736 3287 838 3338; x_wconf 90' lang='lat' dir='ltr'><strong>aut</strong></span> <span class='ocrx_word' id='word_1_339' title='bbox 867 3298 974 3354; x_wconf 90' lang='lat' dir='ltr'><strong>per</strong></span> <span class='ocrx_word' id='word_1_340' title='bbox 1022 3298 1083 3337; x_wconf 86' lang='lat' dir='ltr'><strong>se</strong></span> <span class='ocrx_word' id='word_1_341' title='bbox 1137 3287 1240 3338; x_wconf 90' lang='lat' dir='ltr'><strong>aut</strong></span> <span class='ocrx_word' id='word_1_342' title='bbox 1267 3298 1374 3354; x_wconf 90' lang='lat' dir='ltr'><strong>per</strong></span> <span class='ocrx_word' id='word_1_343' title='bbox 1419 3281 1646 3350; x_wconf 86' lang='lat' dir='ltr'><strong>legatos</strong></span> <span class='ocrx_word' id='word_1_344' title='bbox 1692 3282 1894 3354; x_wconf 88' lang='lat' dir='ltr'><strong>paciﬁ-</strong></span> 
     </span>
    </p>
   </div>
   <div class='ocr_carea' id='block_1_51' title="bbox 225 3370 1892 3439">
    <p class='ocr_par' dir='ltr' id='par_1_51' title="bbox 225 3370 1892 3439">
     <span class='ocr_line' id='line_1_51' title="bbox 225 3370 1892 3439; baseline -0.002 -12"><span class='ocrx_word' id='word_1_345' title='bbox 225 3371 428 3427; x_wconf 90' lang='lat' dir='ltr'><strong>cabat.</strong></span> <span class='ocrx_word' id='word_1_346' title='bbox 456 3370 815 3426; x_wconf 71' lang='lat' dir='ltr'><strong>Pacilicabat</strong></span> <span class='ocrx_word' id='word_1_347' title='bbox 852 3371 1012 3426; x_wconf 91' lang='lat' dir='ltr'><strong>enim</strong></span> <span class='ocrx_word' id='word_1_348' title='bbox 1040 3371 1442 3439; x_wconf 86' lang='lat' dir='ltr'><strong>Francigenas</strong></span> <span class='ocrx_word' id='word_1_349' title='bbox 1470 3377 1525 3426; x_wconf 91' lang='lat' dir='ltr'><strong>et</strong></span> <span class='ocrx_word' id='word_1_350' title='bbox 1552 3371 1892 3426; x_wconf 82' lang='lat' dir='ltr'><strong>Lotharien-</strong></span> 
     </span>
    </p>
   </div>
   <div class='ocr_carea' id='block_1_52' title="bbox 225 3459 1893 3529">
    <p class='ocr_par' dir='ltr' id='par_1_52' title="bbox 225 3459 1893 3529">
     <span class='ocr_line' id='line_1_52' title="bbox 225 3459 1893 3529; baseline -0.001 -13"><span class='ocrx_word' id='word_1_351' title='bbox 225 3477 345 3527; x_wconf 92' lang='lat' dir='ltr'><strong>ses,</strong></span> <span class='ocrx_word' id='word_1_352' title='bbox 378 3460 836 3528; x_wconf 89' lang='lat' dir='ltr'><strong>Burgundiones</strong></span> <span class='ocrx_word' id='word_1_353' title='bbox 877 3465 933 3515; x_wconf 93' lang='lat' dir='ltr'><strong>et</strong></span> <span class='ocrx_word' id='word_1_354' title='bbox 963 3459 1378 3527; x_wconf 86' lang='lat' dir='ltr'><strong>Flandrenses,</strong></span> <span class='ocrx_word' id='word_1_355' title='bbox 1424 3460 1645 3529; x_wconf 86' lang='lat' dir='ltr'><strong>Anglos</strong></span> <span class='ocrx_word' id='word_1_356' title='bbox 1693 3465 1750 3515; x_wconf 86' lang='lat' dir='ltr'><strong>ct</strong></span> <span class='ocrx_word' id='word_1_357' title='bbox 1795 3459 1893 3514; x_wconf 85' lang='lat' dir='ltr'><strong>Hi-</strong></span> 
     </span>
    </p>
   </div>
   <div class='ocr_carea' id='block_1_53' title="bbox 224 3549 1893 3614">
    <p class='ocr_par' dir='ltr' id='par_1_53' title="bbox 224 3549 1893 3614">
     <span class='ocr_line' id='line_1_53' title="bbox 224 3549 1893 3614; baseline -0.002 -9"><span class='ocrx_word' id='word_1_358' title='bbox 224 3549 576 3614; x_wconf 88' lang='lat' dir='ltr'><strong>bernenses,</strong></span> <span class='ocrx_word' id='word_1_359' title='bbox 612 3550 1051 3604; x_wconf 79' lang='lat' dir='ltr'><strong>Northmannos</strong></span> <span class='ocrx_word' id='word_1_360' title='bbox 1077 3554 1134 3604; x_wconf 92' lang='lat' dir='ltr'><strong>et</strong></span> <span class='ocrx_word' id='word_1_361' title='bbox 1167 3550 1448 3604; x_wconf 89' lang='lat' dir='ltr'><strong>Britones.</strong></span> <span class='ocrx_word' id='word_1_362' title='bbox 1486 3549 1717 3604; x_wconf 89' lang='lat' dir='ltr'><strong>Sciebat</strong></span> <span class='ocrx_word' id='word_1_363' title='bbox 1734 3549 1893 3603; x_wconf 90' lang='lat' dir='ltr'><strong>enim</strong></span> 
     </span>
    </p>
   </div>
   <div class='ocr_carea' id='block_1_54' title="bbox 225 3636 1893 3709">
    <p class='ocr_par' dir='ltr' id='par_1_54' title="bbox 225 3636 1893 3709">
     <span class='ocr_line' id='line_1_54' title="bbox 225 3636 1893 3709; baseline -0.002 -15"><span class='ocrx_word' id='word_1_364' title='bbox 225 3638 466 3694; x_wconf 90' lang='lat' dir='ltr'><strong>nullum</strong></span> <span class='ocrx_word' id='word_1_365' title='bbox 497 3636 853 3692; x_wconf 87' lang='lat' dir='ltr'><strong>sacriﬁcium</strong></span> <span class='ocrx_word' id='word_1_366' title='bbox 904 3643 958 3693; x_wconf 90' lang='lat' dir='ltr'><strong>et</strong></span> <span class='ocrx_word' id='word_1_367' title='bbox 1000 3637 1422 3693; x_wconf 89' lang='lat' dir='ltr'><strong>holocaustum</strong></span> <span class='ocrx_word' id='word_1_368' title='bbox 1463 3642 1587 3693; x_wconf 92' lang='lat' dir='ltr'><strong>tam</strong></span> <span class='ocrx_word' id='word_1_369' title='bbox 1627 3642 1893 3709; x_wconf 85' lang='lat' dir='ltr'><strong>accepta-</strong></span> 
     </span>
    </p>
   </div>
   <div class='ocr_carea' id='block_1_55' title="bbox 228 3725 1897 3798">
    <p class='ocr_par' dir='ltr' id='par_1_55' title="bbox 228 3725 1897 3798">
     <span class='ocr_line' id='line_1_55' title="bbox 228 3725 1897 3798; baseline -0.001 -16"><span class='ocrx_word' id='word_1_370' title='bbox 228 3727 347 3782; x_wconf 89' lang='lat' dir='ltr'><strong>bile</strong></span> <span class='ocrx_word' id='word_1_371' title='bbox 377 3730 516 3786; x_wconf 86' lang='lat' dir='ltr'><strong>Deo.</strong></span> <span class='ocrx_word' id='word_1_372' title='bbox 547 3743 729 3798; x_wconf 90' lang='lat' dir='ltr'><strong>quam</strong></span> <span class='ocrx_word' id='word_1_373' title='bbox 765 3726 929 3798; x_wconf 87' lang='lat' dir='ltr'><strong>pacis</strong></span> <span class='ocrx_word' id='word_1_374' title='bbox 979 3727 1433 3782; x_wconf 90' lang='lat' dir='ltr'><strong>incrementum.</strong></span> <span class='ocrx_word' id='word_1_375' title='bbox 1477 3725 1897 3782; x_wconf 89' lang='lat' dir='ltr'><strong>Venerabiliter</strong></span> 
     </span>
    </p>
   </div>
   <div class='ocr_carea' id='block_1_56' title="bbox 228 3813 1895 3886">
    <p class='ocr_par' dir='ltr' id='par_1_56' title="bbox 228 3813 1895 3886">
     <span class='ocr_line' id='line_1_56' title="bbox 228 3813 1895 3886; baseline -0.001 -16"><span class='ocrx_word' id='word_1_376' title='bbox 228 3831 377 3883; x_wconf 87' lang='lat' dir='ltr'><strong>ergo</strong></span> <span class='ocrx_word' id='word_1_377' title='bbox 407 3815 513 3870; x_wconf 87' lang='lat' dir='ltr'><strong>iste</strong></span> <span class='ocrx_word' id='word_1_378' title='bbox 542 3815 665 3869; x_wconf 90' lang='lat' dir='ltr'><strong>dux</strong></span> <span class='ocrx_word' id='word_1_379' title='bbox 695 3815 845 3870; x_wconf 89' lang='lat' dir='ltr'><strong>inter</strong></span> <span class='ocrx_word' id='word_1_380' title='bbox 873 3831 976 3871; x_wconf 90' lang='lat' dir='ltr'><strong>eos</strong></span> <span class='ocrx_word' id='word_1_381' title='bbox 1004 3819 1356 3870; x_wconf 89' lang='lat' dir='ltr'><strong>numeratur</strong></span> <span class='ocrx_word' id='word_1_382' title='bbox 1395 3815 1500 3886; x_wconf 91' lang='lat' dir='ltr'><strong>qui</strong></span> <span class='ocrx_word' id='word_1_383' title='bbox 1528 3814 1646 3868; x_wconf 87' lang='lat' dir='ltr'><strong>ﬁde</strong></span> <span class='ocrx_word' id='word_1_384' title='bbox 1678 3819 1734 3869; x_wconf 90' lang='lat' dir='ltr'><strong>et.</strong></span> <span class='ocrx_word' id='word_1_385' title='bbox 1761 3813 1895 3868; x_wconf 92' lang='lat' dir='ltr'><strong>imi-</strong></span> 
     </span>
    </p>
   </div>
   <div class='ocr_carea' id='block_1_57' title="bbox 231 3902 1895 3975">
    <p class='ocr_par' dir='ltr' id='par_1_57' title="bbox 231 3902 1895 3975">
     <span class='ocr_line' id='line_1_57' title="bbox 231 3902 1895 3975; baseline -0.001 -17"><span class='ocrx_word' id='word_1_386' title='bbox 231 3904 453 3958; x_wconf 88' lang='lat' dir='ltr'><strong>tatione</strong></span> <span class='ocrx_word' id='word_1_387' title='bbox 483 3903 587 3957; x_wconf 85' lang='lat' dir='ltr'><strong>ﬁlii</strong></span> <span class='ocrx_word' id='word_1_388' title='bbox 611 3903 711 3957; x_wconf 92' lang='lat' dir='ltr'><strong>Dei</strong></span> <span class='ocrx_word' id='word_1_389' title='bbox 744 3908 1054 3969; x_wconf 90' lang='lat' dir='ltr'><strong>vocantur,</strong></span> <span class='ocrx_word' id='word_1_390' title='bbox 1104 3904 1246 3975; x_wconf 87' lang='lat' dir='ltr'><strong>quia</strong></span> <span class='ocrx_word' id='word_1_391' title='bbox 1289 3903 1425 3957; x_wconf 88' lang='lat' dir='ltr'><strong>totis</strong></span> <span class='ocrx_word' id='word_1_392' title='bbox 1474 3902 1612 3957; x_wconf 89' lang='lat' dir='ltr'><strong>ﬁdei</strong></span> <span class='ocrx_word' id='word_1_393' title='bbox 1663 3902 1895 3956; x_wconf 91' lang='lat' dir='ltr'><strong>nisibus</strong></span> 
     </span>
    </p>
   </div>
   <div class='ocr_carea' id='block_1_58' title="bbox 231 3991 1898 4064">
    <p class='ocr_par' dir='ltr' id='par_1_58' title="bbox 231 3991 1898 4064">
     <span class='ocr_line' id='line_1_58' title="bbox 231 3991 1898 4064; baseline -0.001 -18"><span class='ocrx_word' id='word_1_394' title='bbox 231 3991 503 4064; x_wconf 84' lang='lat' dir='ltr'><strong>implevit</strong></span> <span class='ocrx_word' id='word_1_395' title='bbox 531 3991 696 4064; x_wconf 91' lang='lat' dir='ltr'><strong>quod</strong></span> <span class='ocrx_word' id='word_1_396' title='bbox 728 3997 904 4047; x_wconf 62' lang='lat' dir='ltr'><strong>tanta;</strong></span> <span class='ocrx_word' id='word_1_397' title='bbox 955 3991 1226 4061; x_wconf 84' lang='lat' dir='ltr'><strong>dignitati</strong></span> <span class='ocrx_word' id='word_1_398' title='bbox 1263 4007 1591 4061; x_wconf 89' lang='lat' dir='ltr'><strong>congruere</strong></span> <span class='ocrx_word' id='word_1_399' title='bbox 1641 4006 1898 4062; x_wconf 76' lang='lat' dir='ltr'><strong>praesen-</strong></span> 
     </span>
    </p>
   </div>
   <div class='ocr_carea' id='block_1_59' title="bbox 234 4079 1899 4151">
    <p class='ocr_par' dir='ltr' id='par_1_59' title="bbox 234 4079 1899 4151">
     <span class='ocr_line' id='line_1_59' title="bbox 234 4079 1899 4151; baseline -0.002 -15"><span class='ocrx_word' id='word_1_400' title='bbox 234 4083 331 4148; x_wconf 91' lang='lat' dir='ltr'><strong>sit,</strong></span> <span class='ocrx_word' id='word_1_401' title='bbox 383 4080 577 4136; x_wconf 92' lang='lat' dir='ltr'><strong>sciens</strong></span> <span class='ocrx_word' id='word_1_402' title='bbox 633 4097 756 4136; x_wconf 94' lang='lat' dir='ltr'><strong>non</strong></span> <span class='ocrx_word' id='word_1_403' title='bbox 809 4081 1126 4151; x_wconf 89' lang='lat' dir='ltr'><strong>prohibere</strong></span> <span class='ocrx_word' id='word_1_404' title='bbox 1177 4081 1364 4135; x_wconf 92' lang='lat' dir='ltr'><strong>Deum</strong></span> <span class='ocrx_word' id='word_1_405' title='bbox 1418 4079 1899 4151; x_wconf 90' lang='lat' dir='ltr'><strong>quamplurimos</strong></span> 
     </span>
    </p>
   </div>
   <div class='ocr_carea' id='block_1_60' title="bbox 231 4168 1900 4242">
    <p class='ocr_par' dir='ltr' id='par_1_60' title="bbox 231 4168 1900 4242">
     <span class='ocr_line' id='line_1_60' title="bbox 231 4168 1900 4242; baseline -0.002 -18"><span class='ocrx_word' id='word_1_406' title='bbox 231 4169 362 4225; x_wconf 88' lang='lat' dir='ltr'><strong>ﬁeri</strong></span> <span class='ocrx_word' id='word_1_407' title='bbox 414 4169 524 4224; x_wconf 85' lang='lat' dir='ltr'><strong>dos</strong></span> <span class='ocrx_word' id='word_1_408' title='bbox 553 4169 1005 4242; x_wconf 85' lang='lat' dir='ltr'><strong>participatione</strong></span> <span class='ocrx_word' id='word_1_409' title='bbox 1053 4168 1306 4224; x_wconf 92' lang='lat' dir='ltr'><strong>deitatis.</strong></span> <span class='ocrx_word' id='word_1_410' title='bbox 1348 4168 1671 4223; x_wconf 90' lang='lat' dir='ltr'><strong>Videamus</strong></span> <span class='ocrx_word' id='word_1_411' title='bbox 1722 4168 1900 4237; x_wconf 86' lang='lat' dir='ltr'><strong>igitur</strong></span> 
     </span>
    </p>
   </div>
   <div class='ocr_carea' id='block_1_61' title="bbox 237 4257 1901 4332">
    <p class='ocr_par' dir='ltr' id='par_1_61' title="bbox 237 4257 1901 4332">
     <span class='ocr_line' id='line_1_61' title="bbox 237 4257 1901 4332; baseline 0 -18"><span class='ocrx_word' id='word_1_412' title='bbox 237 4259 540 4329; x_wconf 85' lang='lat' dir='ltr'><strong>Evangelii</strong></span> <span class='ocrx_word' id='word_1_413' title='bbox 593 4259 988 4332; x_wconf 91' lang='lat' dir='ltr'><strong>sequentiam,</strong></span> <span class='ocrx_word' id='word_1_414' title='bbox 1048 4274 1172 4330; x_wconf 90' lang='lat' dir='ltr'><strong>qua</strong></span> <span class='ocrx_word' id='word_1_415' title='bbox 1219 4257 1474 4312; x_wconf 90' lang='lat' dir='ltr'><strong>dicitur:</strong></span> <span class='ocrx_word' id='word_1_416' title='bbox 1536 4280 1564 4305; x_wconf 87' lang='lat'><strong><em>«</em></strong></span> <span class='ocrx_word' id='word_1_417' title='bbox 1596 4258 1755 4312; x_wconf 90' lang='lat' dir='ltr'><strong>Beati</strong></span> <span class='ocrx_word' id='word_1_418' title='bbox 1795 4260 1901 4329; x_wconf 89' lang='lat' dir='ltr'><strong>qui</strong></span> 
     </span>
    </p>
   </div>
   <div class='ocr_carea' id='block_1_62' title="bbox 233 4346 1902 4420">
    <p class='ocr_par' dir='ltr' id='par_1_62' title="bbox 233 4346 1902 4420">
     <span class='ocr_line' id='line_1_62' title="bbox 233 4346 1902 4420; baseline -0.001 -18"><span class='ocrx_word' id='word_1_419' title='bbox 233 4347 708 4420; x_wconf 89' lang='lat' dir='ltr'><strong>persecutionem</strong></span> <span class='ocrx_word' id='word_1_420' title='bbox 743 4349 1051 4419; x_wconf 88' lang='lat' dir='ltr'><strong>patiuntur</strong></span> <span class='ocrx_word' id='word_1_421' title='bbox 1101 4351 1343 4419; x_wconf 90' lang='lat' dir='ltr'><strong>propter</strong></span> <span class='ocrx_word' id='word_1_422' title='bbox 1389 4346 1701 4416; x_wconf 81' lang='lat' dir='ltr'><strong>justitiam,</strong></span> <span class='ocrx_word' id='word_1_423' title='bbox 1755 4363 1902 4418; x_wconf 93' lang='lat' dir='ltr'><strong>quo-</strong></span> 
     </span>
    </p>
   </div>
   <div class='ocr_carea' id='block_1_63' title="bbox 233 4435 1903 4508">
    <p class='ocr_par' dir='ltr' id='par_1_63' title="bbox 233 4435 1903 4508">
     <span class='ocr_line' id='line_1_63' title="bbox 233 4435 1903 4508; baseline -0.002 -16"><span class='ocrx_word' id='word_1_424' title='bbox 233 4437 402 4492; x_wconf 87' lang='lat' dir='ltr'><strong>niam</strong></span> <span class='ocrx_word' id='word_1_425' title='bbox 432 4437 702 4508; x_wconf 90' lang='lat' dir='ltr'><strong>ipsorum</strong></span> <span class='ocrx_word' id='word_1_426' title='bbox 735 4441 822 4491; x_wconf 90' lang='lat' dir='ltr'><strong>est</strong></span> <span class='ocrx_word' id='word_1_427' title='bbox 862 4451 1118 4505; x_wconf 84' lang='lat' dir='ltr'><strong>regnum</strong></span> <span class='ocrx_word' id='word_1_428' title='bbox 1167 4435 1481 4491; x_wconf 78' lang='lat' dir='ltr'><strong>ccelorum.</strong></span> <span class='ocrx_word' id='word_1_429' title='bbox 1512 4459 1540 4483; x_wconf 85' lang='lat'>»</span> <span class='ocrx_word' id='word_1_430' title='bbox 1588 4435 1643 4491; x_wconf 93' lang='lat' dir='ltr'><strong>Si</strong></span> <span class='ocrx_word' id='word_1_431' title='bbox 1691 4435 1903 4506; x_wconf 65' lang='lat' dir='ltr'><strong>quieri-</strong></span> 
     </span>
    </p>
   </div>
   <div class='ocr_carea' id='block_1_64' title="bbox 232 4523 1904 4596">
    <p class='ocr_par' dir='ltr' id='par_1_64' title="bbox 232 4523 1904 4596">
     <span class='ocr_line' id='line_1_64' title="bbox 232 4523 1904 4596; baseline -0.001 -16"><span class='ocrx_word' id='word_1_432' title='bbox 232 4530 329 4580; x_wconf 88' lang='lat' dir='ltr'><strong>tur</strong></span> <span class='ocrx_word' id='word_1_433' title='bbox 361 4541 546 4579; x_wconf 88' lang='lat' dir='ltr'><strong>causa</strong></span> <span class='ocrx_word' id='word_1_434' title='bbox 573 4524 1004 4596; x_wconf 87' lang='lat' dir='ltr'><strong>persecutionis</strong></span> <span class='ocrx_word' id='word_1_435' title='bbox 1033 4525 1217 4594; x_wconf 87' lang='lat' dir='ltr'><strong>hujus</strong></span> <span class='ocrx_word' id='word_1_436' title='bbox 1247 4524 1439 4592; x_wconf 90' lang='lat' dir='ltr'><strong>ducis,</strong></span> <span class='ocrx_word' id='word_1_437' title='bbox 1473 4540 1592 4578; x_wconf 92' lang='lat' dir='ltr'><strong>non</strong></span> <span class='ocrx_word' id='word_1_438' title='bbox 1627 4523 1745 4579; x_wconf 90' lang='lat' dir='ltr'><strong>alia</strong></span> <span class='ocrx_word' id='word_1_439' title='bbox 1773 4540 1904 4596; x_wconf 85' lang='lat' dir='ltr'><strong>pro-</strong></span> 
     </span>
    </p>
   </div>
   <div class='ocr_carea' id='block_1_65' title="bbox 233 4611 1903 4683">
    <p class='ocr_par' dir='ltr' id='par_1_65' title="bbox 233 4611 1903 4683">
     <span class='ocr_line' id='line_1_65' title="bbox 233 4611 1903 4683; baseline -0.001 -16"><span class='ocrx_word' id='word_1_440' title='bbox 233 4613 332 4667; x_wconf 90' lang='lat' dir='ltr'><strong>cul</strong></span> <span class='ocrx_word' id='word_1_441' title='bbox 361 4611 551 4667; x_wconf 90' lang='lat' dir='ltr'><strong>dubio</strong></span> <span class='ocrx_word' id='word_1_442' title='bbox 575 4613 866 4683; x_wconf 89' lang='lat' dir='ltr'><strong>reperitur</strong></span> <span class='ocrx_word' id='word_1_443' title='bbox 897 4628 1082 4682; x_wconf 87' lang='lat' dir='ltr'><strong>quam</strong></span> <span class='ocrx_word' id='word_1_444' title='bbox 1127 4612 1389 4682; x_wconf 68' lang='lat' dir='ltr'><strong>justitit&#39;e,</strong></span> <span class='ocrx_word' id='word_1_445' title='bbox 1441 4612 1650 4668; x_wconf 81' lang='lat' dir='ltr'><strong>Christi</strong></span> <span class='ocrx_word' id='word_1_446' title='bbox 1696 4611 1903 4666; x_wconf 88' lang='lat' dir='ltr'><strong>videli-</strong></span> 
     </span>
    </p>
   </div>
   <div class='ocr_carea' id='block_1_66' title="bbox 235 4700 1903 4772">
    <p class='ocr_par' dir='ltr' id='par_1_66' title="bbox 235 4700 1903 4772">
     <span class='ocr_line' id='line_1_66' title="bbox 235 4700 1903 4772; baseline -0.001 -16"><span class='ocrx_word' id='word_1_447' title='bbox 235 4706 346 4768; x_wconf 92' lang='lat' dir='ltr'><strong>cet,</strong></span> <span class='ocrx_word' id='word_1_448' title='bbox 385 4716 570 4772; x_wconf 89' lang='lat' dir='ltr'><strong>quem</strong></span> <span class='ocrx_word' id='word_1_449' title='bbox 611 4705 731 4755; x_wconf 92' lang='lat' dir='ltr'><strong>toto</strong></span> <span class='ocrx_word' id='word_1_450' title='bbox 782 4700 980 4769; x_wconf 90' lang='lat' dir='ltr'><strong>corde,</strong></span> <span class='ocrx_word' id='word_1_451' title='bbox 1035 4704 1156 4755; x_wconf 87' lang='lat' dir='ltr'><strong>tota</strong></span> <span class='ocrx_word' id='word_1_452' title='bbox 1206 4700 1431 4769; x_wconf 89' lang='lat' dir='ltr'><strong>anima,</strong></span> <span class='ocrx_word' id='word_1_453' title='bbox 1491 4702 1624 4756; x_wconf 90' lang='lat' dir='ltr'><strong>totis</strong></span> <span class='ocrx_word' id='word_1_454' title='bbox 1680 4700 1903 4755; x_wconf 85' lang='lat' dir='ltr'><strong>viribus</strong></span> 
     </span>
    </p>
   </div>
   <div class='ocr_carea' id='block_1_67' title="bbox 234 4789 1905 4860">
    <p class='ocr_par' dir='ltr' id='par_1_67' title="bbox 234 4789 1905 4860">
     <span class='ocr_line' id='line_1_67' title="bbox 234 4789 1905 4860; baseline -0.001 -14"><span class='ocrx_word' id='word_1_455' title='bbox 234 4789 535 4846; x_wconf 88' lang='lat' dir='ltr'><strong>amabat:</strong></span> <span class='ocrx_word' id='word_1_456' title='bbox 594 4805 775 4860; x_wconf 88' lang='lat' dir='ltr'><strong>quem</strong></span> <span class='ocrx_word' id='word_1_457' title='bbox 828 4790 1056 4858; x_wconf 90' lang='lat' dir='ltr'><strong>integra</strong></span> <span class='ocrx_word' id='word_1_458' title='bbox 1106 4789 1246 4857; x_wconf 83' lang='lat' dir='ltr'><strong>ﬁde,</strong></span> <span class='ocrx_word' id='word_1_459' title='bbox 1299 4805 1538 4844; x_wconf 88' lang='lat' dir='ltr'><strong>summa</strong></span> <span class='ocrx_word' id='word_1_460' title='bbox 1594 4789 1905 4845; x_wconf 82' lang='lat' dir='ltr'><strong>devotione</strong></span> 
     </span>
    </p>
   </div>
   <div class='ocr_carea' id='block_1_68' title="bbox 234 4877 1907 4949">
    <p class='ocr_par' dir='ltr' id='par_1_68' title="bbox 234 4877 1907 4949">
     <span class='ocr_line' id='line_1_68' title="bbox 234 4877 1907 4949; baseline -0.001 -14"><span class='ocrx_word' id='word_1_461' title='bbox 234 4878 476 4935; x_wconf 90' lang='lat' dir='ltr'><strong>colebat</strong></span> <span class='ocrx_word' id='word_1_462' title='bbox 505 4883 560 4932; x_wconf 93' lang='lat' dir='ltr'><strong>et</strong></span> <span class='ocrx_word' id='word_1_463' title='bbox 591 4877 918 4933; x_wconf 89' lang='lat' dir='ltr'><strong>adorabat:</strong></span> <span class='ocrx_word' id='word_1_464' title='bbox 952 4893 1062 4949; x_wconf 89' lang='lat' dir='ltr'><strong>pro</strong></span> <span class='ocrx_word' id='word_1_465' title='bbox 1091 4894 1212 4949; x_wconf 93' lang='lat' dir='ltr'><strong>quo</strong></span> <span class='ocrx_word' id='word_1_466' title='bbox 1244 4879 1555 4934; x_wconf 83' lang='lat' dir='ltr'><strong>monachis</strong></span> <span class='ocrx_word' id='word_1_467' title='bbox 1583 4884 1638 4933; x_wconf 89' lang='lat' dir='ltr'><strong>et</strong></span> <span class='ocrx_word' id='word_1_468' title='bbox 1668 4878 1907 4934; x_wconf 89' lang='lat' dir='ltr'><strong>canoni-</strong></span> 
     </span>
    </p>
   </div>
   <div class='ocr_carea' id='block_1_69' title="bbox 231 4966 1909 5037">
    <p class='ocr_par' dir='ltr' id='par_1_69' title="bbox 231 4966 1909 5037">
     <span class='ocr_line' id='line_1_69' title="bbox 231 4966 1909 5037; baseline -0.001 -13"><span class='ocrx_word' id='word_1_469' title='bbox 231 4969 320 5024; x_wconf 89' lang='lat' dir='ltr'><strong>cis</strong></span> <span class='ocrx_word' id='word_1_470' title='bbox 342 4966 624 5022; x_wconf 87' lang='lat' dir='ltr'><strong>ecclesias</strong></span> <span class='ocrx_word' id='word_1_471' title='bbox 652 4966 1055 5032; x_wconf 83' lang='lat' dir='ltr'><strong>construebat,</strong></span> <span class='ocrx_word' id='word_1_472' title='bbox 1089 4970 1146 5021; x_wconf 90' lang='lat' dir='ltr'><strong>et</strong></span> <span class='ocrx_word' id='word_1_473' title='bbox 1174 4983 1308 5037; x_wconf 81' lang='lat' dir='ltr'><strong>quae</strong></span> <span class='ocrx_word' id='word_1_474' title='bbox 1363 4969 1696 5023; x_wconf 77' lang='lat' dir='ltr'><strong>necessaria</strong></span> <span class='ocrx_word' id='word_1_475' title='bbox 1739 4972 1909 5023; x_wconf 90' lang='lat' dir='ltr'><strong>erant</strong></span> 
     </span>
    </p>
   </div>
   <div class='ocr_carea' id='block_1_70' title="bbox 232 5054 1909 5127">
    <p class='ocr_par' dir='ltr' id='par_1_70' title="bbox 232 5054 1909 5127">
     <span class='ocr_line' id='line_1_70' title="bbox 232 5054 1909 5127; baseline 0.001 -17"><span class='ocrx_word' id='word_1_476' title='bbox 232 5055 653 5111; x_wconf 87' lang='lat' dir='ltr'><strong>distribuebat.</strong></span> <span class='ocrx_word' id='word_1_477' title='bbox 690 5055 920 5110; x_wconf 90' lang='lat' dir='ltr'><strong>Cultum</strong></span> <span class='ocrx_word' id='word_1_478' title='bbox 955 5054 1254 5122; x_wconf 80' lang='lat' dir='ltr'><strong>religionis</strong></span> <span class='ocrx_word' id='word_1_479' title='bbox 1281 5059 1476 5110; x_wconf 90' lang='lat' dir='ltr'><strong>tenere</strong></span> <span class='ocrx_word' id='word_1_480' title='bbox 1505 5055 1777 5126; x_wconf 89' lang='lat' dir='ltr'><strong>cogebat,</strong></span> <span class='ocrx_word' id='word_1_481' title='bbox 1806 5072 1909 5127; x_wconf 91' lang='lat' dir='ltr'><strong>pa.</strong></span> 
     </span>
    </p>
   </div>
   <div class='ocr_carea' id='block_1_71' title="bbox 233 5143 1908 5216">
    <p class='ocr_par' dir='ltr' id='par_1_71' title="bbox 233 5143 1908 5216">
     <span class='ocr_line' id='line_1_71' title="bbox 233 5143 1908 5216; baseline 0.001 -17"><span class='ocrx_word' id='word_1_482' title='bbox 233 5160 434 5216; x_wconf 82' lang='lat' dir='ltr'><strong>ganos</strong></span> <span class='ocrx_word' id='word_1_483' title='bbox 465 5143 522 5198; x_wconf 92' lang='lat' dir='ltr'><strong>in</strong></span> <span class='ocrx_word' id='word_1_484' title='bbox 555 5144 851 5199; x_wconf 81' lang='lat' dir='ltr'><strong>Christum</strong></span> <span class='ocrx_word' id='word_1_485' title='bbox 885 5143 1125 5198; x_wconf 90' lang='lat' dir='ltr'><strong>credere</strong></span> <span class='ocrx_word' id='word_1_486' title='bbox 1158 5144 1428 5212; x_wconf 83' lang='lat' dir='ltr'><strong>urgebat,</strong></span> <span class='ocrx_word' id='word_1_487' title='bbox 1457 5150 1512 5200; x_wconf 90' lang='lat' dir='ltr'><strong>et</strong></span> <span class='ocrx_word' id='word_1_488' title='bbox 1529 5145 1768 5199; x_wconf 91' lang='lat' dir='ltr'><strong>illorum</strong></span> <span class='ocrx_word' id='word_1_489' title='bbox 1803 5146 1908 5200; x_wconf 87' lang='lat' dir='ltr'><strong>im-</strong></span> 
     </span>
    </p>
   </div>
   <div class='ocr_carea' id='block_1_72' title="bbox 233 5232 1906 5307">
    <p class='ocr_par' dir='ltr' id='par_1_72' title="bbox 233 5232 1906 5307">
     <span class='ocr_line' id='line_1_72' title="bbox 233 5232 1906 5307; baseline 0 -19"><span class='ocrx_word' id='word_1_490' title='bbox 233 5239 452 5307; x_wconf 88' lang='lat' dir='ltr'><strong>petum</strong></span> <span class='ocrx_word' id='word_1_491' title='bbox 483 5249 556 5287; x_wconf 89' lang='lat' dir='ltr'><strong>ne</strong></span> <span class='ocrx_word' id='word_1_492' title='bbox 609 5232 916 5288; x_wconf 86' lang='lat' dir='ltr'><strong>Franciam</strong></span> <span class='ocrx_word' id='word_1_493' title='bbox 962 5232 1343 5288; x_wconf 85' lang='lat' dir='ltr'><strong>devastarent</strong></span> <span class='ocrx_word' id='word_1_494' title='bbox 1394 5233 1704 5289; x_wconf 90' lang='lat' dir='ltr'><strong>tolerabat.</strong></span> <span class='ocrx_word' id='word_1_495' title='bbox 1753 5237 1906 5288; x_wconf 88' lang='lat' dir='ltr'><strong>More</strong></span> 
     </span>
    </p>
   </div>
   <div class='ocr_carea' id='block_1_73' title="bbox 233 5320 1906 5392">
    <p class='ocr_par' dir='ltr' id='par_1_73' title="bbox 233 5320 1906 5392">
     <span class='ocr_line' id='line_1_73' title="bbox 233 5320 1906 5392; baseline -0.001 -15"><span class='ocrx_word' id='word_1_496' title='bbox 233 5320 698 5377; x_wconf 86' lang='lat' dir='ltr'><strong>malefactorum</strong></span> <span class='ocrx_word' id='word_1_497' title='bbox 717 5324 1064 5392; x_wconf 88' lang='lat' dir='ltr'><strong>persecutus</strong></span> <span class='ocrx_word' id='word_1_498' title='bbox 1088 5337 1123 5375; x_wconf 88' lang='lat' dir='ltr'><strong>a</strong></span> <span class='ocrx_word' id='word_1_499' title='bbox 1144 5321 1421 5376; x_wconf 90' lang='lat' dir='ltr'><strong>Lothario</strong></span> <span class='ocrx_word' id='word_1_500' title='bbox 1450 5337 1608 5390; x_wconf 92' lang='lat' dir='ltr'><strong>rege,</strong></span> <span class='ocrx_word' id='word_1_501' title='bbox 1624 5321 1906 5376; x_wconf 88' lang='lat' dir='ltr'><strong>Tetboldo</strong></span> 
     </span>
    </p>
   </div>
   <div class='ocr_carea' id='block_1_74' title="bbox 232 5409 1908 5478">
    <p class='ocr_par' dir='ltr' id='par_1_74' title="bbox 232 5409 1908 5478">
     <span class='ocr_line' id='line_1_74' title="bbox 232 5409 1908 5478; baseline 0 -12"><span class='ocrx_word' id='word_1_502' title='bbox 232 5410 480 5478; x_wconf 88' lang='lat' dir='ltr'><strong>comite,</strong></span> <span class='ocrx_word' id='word_1_503' title='bbox 510 5410 854 5464; x_wconf 89' lang='lat' dir='ltr'><strong>monasticis</strong></span> <span class='ocrx_word' id='word_1_504' title='bbox 882 5409 1061 5465; x_wconf 88' lang='lat' dir='ltr'><strong>rebus</strong></span> <span class='ocrx_word' id='word_1_505' title='bbox 1115 5410 1352 5465; x_wconf 90' lang='lat' dir='ltr'><strong>inhians</strong></span> <span class='ocrx_word' id='word_1_506' title='bbox 1402 5427 1522 5464; x_wconf 91' lang='lat' dir='ltr'><strong>non</strong></span> <span class='ocrx_word' id='word_1_507' title='bbox 1569 5411 1825 5466; x_wconf 89' lang='lat' dir='ltr'><strong>cessavit</strong></span> <span class='ocrx_word' id='word_1_508' title='bbox 1873 5427 1908 5466; x_wconf 87' lang='lat' dir='ltr'><strong>a</strong></span> 
     </span>
    </p>
   </div>
   <div class='ocr_carea' id='block_1_75' title="bbox 233 5497 1907 5568">
    <p class='ocr_par' dir='ltr' id='par_1_75' title="bbox 233 5497 1907 5568">
     <span class='ocr_line' id='line_1_75' title="bbox 233 5497 1907 5568; baseline 0.001 -17"><span class='ocrx_word' id='word_1_509' title='bbox 233 5497 456 5552; x_wconf 88' lang='lat' dir='ltr'><strong>Christi</strong></span> <span class='ocrx_word' id='word_1_510' title='bbox 489 5497 687 5553; x_wconf 88' lang='lat' dir='ltr'><strong>laude.</strong></span> <span class='ocrx_word' id='word_1_511' title='bbox 722 5497 1109 5568; x_wconf 86' lang='lat' dir='ltr'><strong>Multipliciter</strong></span> <span class='ocrx_word' id='word_1_512' title='bbox 1139 5498 1295 5552; x_wconf 89' lang='lat' dir='ltr'><strong>enim</strong></span> <span class='ocrx_word' id='word_1_513' title='bbox 1333 5502 1699 5568; x_wconf 88' lang='lat' dir='ltr'><strong>persecutus,</strong></span> <span class='ocrx_word' id='word_1_514' title='bbox 1733 5499 1907 5552; x_wconf 76' lang='lat' dir='ltr'><strong>coelo-</strong></span> 
     </span>
    </p>
   </div>
   <div class='ocr_carea' id='block_1_76' title="bbox 231 5584 1904 5658">
    <p class='ocr_par' dir='ltr' id='par_1_76' title="bbox 231 5584 1904 5658">
     <span class='ocr_line' id='line_1_76' title="bbox 231 5584 1904 5658; baseline -0.001 -16"><span class='ocrx_word' id='word_1_515' title='bbox 231 5602 381 5642; x_wconf 88' lang='lat' dir='ltr'><strong>rum</strong></span> <span class='ocrx_word' id='word_1_516' title='bbox 402 5601 675 5654; x_wconf 81' lang='lat' dir='ltr'><strong>regnum,</strong></span> <span class='ocrx_word' id='word_1_517' title='bbox 699 5585 864 5657; x_wconf 87' lang='lat' dir='ltr'><strong>quod</strong></span> <span class='ocrx_word' id='word_1_518' title='bbox 895 5586 1186 5658; x_wconf 86' lang='lat' dir='ltr'><strong>quaesivit,</strong></span> <span class='ocrx_word' id='word_1_519' title='bbox 1220 5590 1283 5640; x_wconf 92' lang='lat' dir='ltr'><strong>ut</strong></span> <span class='ocrx_word' id='word_1_520' title='bbox 1315 5584 1615 5640; x_wconf 85' lang='lat' dir='ltr'><strong>credimus</strong></span> <span class='ocrx_word' id='word_1_521' title='bbox 1647 5585 1904 5640; x_wconf 89' lang='lat' dir='ltr'><strong>intravit.</strong></span> 
     </span>
    </p>
   </div>
   <div class='ocr_carea' id='block_1_77' title="bbox 235 5673 1906 5746">
    <p class='ocr_par' dir='ltr' id='par_1_77' title="bbox 235 5673 1906 5746">
     <span class='ocr_line' id='line_1_77' title="bbox 235 5673 1906 5746; baseline -0.001 -14"><span class='ocrx_word' id='word_1_522' title='bbox 235 5674 624 5732; x_wconf 87' lang='lat' dir='ltr'><strong>Confortatus</strong></span> <span class='ocrx_word' id='word_1_523' title='bbox 649 5675 971 5730; x_wconf 89' lang='lat' dir='ltr'><strong>Salvatoris</strong></span> <span class='ocrx_word' id='word_1_524' title='bbox 1025 5674 1211 5729; x_wconf 90' lang='lat' dir='ltr'><strong>nostri</strong></span> <span class='ocrx_word' id='word_1_525' title='bbox 1251 5673 1559 5740; x_wconf 88' lang='lat' dir='ltr'><strong>sententia,</strong></span> <span class='ocrx_word' id='word_1_526' title='bbox 1610 5689 1734 5746; x_wconf 88' lang='lat' dir='ltr'><strong>qua</strong></span> <span class='ocrx_word' id='word_1_527' title='bbox 1762 5673 1906 5730; x_wconf 81' lang='lat' dir='ltr'><strong>dici-</strong></span> 
     </span>
    </p>
   </div>
   <div class='ocr_carea' id='block_1_78' title="bbox 2621 1882 3005 1922">
    <p class='ocr_par' dir='ltr' id='par_1_78' title="bbox 2621 1882 3005 1922">
     <span class='ocr_line' id='line_1_78' title="bbox 2621 1882 3005 1922; baseline -0.003 -1"><span class='ocrx_word' id='word_1_528' title='bbox 2621 1882 2976 1922; x_wconf 72' lang='lat' dir='ltr'><strong>APOSTROPHA</strong></span> <span class='ocrx_word' id='word_1_529' title='bbox 2991 1909 3005 1921; x_wconf 91' lang='lat'><strong>.</strong></span> 
     </span>
    </p>
   </div>
   <div class='ocr_carea' id='block_1_79' title="bbox 2099 1954 3217 2028">
    <p class='ocr_par' dir='ltr' id='par_1_79' title="bbox 2099 1954 3217 2028">
     <span class='ocr_line' id='line_1_79' title="bbox 2099 1954 3217 2028; baseline -0.003 -16"><span class='ocrx_word' id='word_1_530' title='bbox 2099 1959 2246 2012; x_wconf 92' lang='lat' dir='ltr'><strong>Cum</strong></span> <span class='ocrx_word' id='word_1_531' title='bbox 2276 1971 2382 2028; x_wconf 94' lang='lat' dir='ltr'><strong>per</strong></span> <span class='ocrx_word' id='word_1_532' title='bbox 2409 1955 2692 2012; x_wconf 86' lang='lat' dir='ltr'><strong>miriﬁcos</strong></span> <span class='ocrx_word' id='word_1_533' title='bbox 2721 1954 3217 2026; x_wconf 80' lang='lat' dir='ltr'><strong>magniﬁmsque,</strong></span> 
     </span>
    </p>
   </div>
   <div class='ocr_carea' id='block_1_80' title="bbox 2099 2044 3244 2117">
    <p class='ocr_par' dir='ltr' id='par_1_80' title="bbox 2099 2044 3244 2117">
     <span class='ocr_line' id='line_1_80' title="bbox 2099 2044 3244 2117; baseline -0.003 -15"><span class='ocrx_word' id='word_1_534' title='bbox 2099 2045 2336 2102; x_wconf 89' lang='lat' dir='ltr'><strong>Cunctis</strong></span> <span class='ocrx_word' id='word_1_535' title='bbox 2367 2044 2724 2101; x_wconf 92' lang='lat' dir='ltr'><strong>Christicolis</strong></span> <span class='ocrx_word' id='word_1_536' title='bbox 2753 2044 3244 2117; x_wconf 50' lang='lat' dir='ltr'><strong>percelehresque</strong></span> 
     </span>
    </p>
   </div>
   <div class='ocr_carea' id='block_1_81' title="bbox 2100 2133 3033 2206">
    <p class='ocr_par' dir='ltr' id='par_1_81' title="bbox 2100 2133 3033 2206">
     <span class='ocr_line' id='line_1_81' title="bbox 2100 2133 3033 2206; baseline -0.001 -17"><span class='ocrx_word' id='word_1_537' title='bbox 2100 2134 2375 2190; x_wconf 82' lang='lat' dir='ltr'><strong>Richardi</strong></span> <span class='ocrx_word' id='word_1_538' title='bbox 2403 2133 2633 2189; x_wconf 88' lang='lat' dir='ltr'><strong>comitis</strong></span> <span class='ocrx_word' id='word_1_539' title='bbox 2660 2133 3033 2206; x_wconf 86' lang='lat' dir='ltr'><strong>patriciique,</strong></span> 
     </span>
    </p>
   </div>
   <div class='ocr_carea' id='block_1_82' title="bbox 2100 2223 3128 2296">
    <p class='ocr_par' dir='ltr' id='par_1_82' title="bbox 2100 2223 3128 2296">
     <span class='ocr_line' id='line_1_82' title="bbox 2100 2223 3128 2296; baseline -0.002 -16"><span class='ocrx_word' id='word_1_540' title='bbox 2100 2225 2472 2296; x_wconf 88' lang='lat' dir='ltr'><strong>lnsignisque</strong></span> <span class='ocrx_word' id='word_1_541' title='bbox 2502 2224 2693 2289; x_wconf 89' lang='lat' dir='ltr'><strong>ducis,</strong></span> <span class='ocrx_word' id='word_1_542' title='bbox 2725 2229 2781 2280; x_wconf 91' lang='lat' dir='ltr'><strong>et</strong></span> <span class='ocrx_word' id='word_1_543' title='bbox 2808 2223 3128 2290; x_wconf 90' lang='lat' dir='ltr'><strong>recolendi,</strong></span> 
     </span>
    </p>
   </div>
   <div class='ocr_carea' id='block_1_83' title="bbox 2097 2312 3179 2369">
    <p class='ocr_par' dir='ltr' id='par_1_83' title="bbox 2097 2312 3179 2369">
     <span class='ocr_line' id='line_1_83' title="bbox 2097 2312 3179 2369; baseline -0.001 -1"><span class='ocrx_word' id='word_1_544' title='bbox 2097 2313 2302 2369; x_wconf 91' lang='lat' dir='ltr'><strong>Solvor</strong></span> <span class='ocrx_word' id='word_1_545' title='bbox 2327 2313 2694 2368; x_wconf 91' lang='lat' dir='ltr'><strong>thematibus</strong></span> <span class='ocrx_word' id='word_1_546' title='bbox 2721 2312 2936 2368; x_wconf 89' lang='lat' dir='ltr'><strong>vilibus</strong></span> <span class='ocrx_word' id='word_1_547' title='bbox 2967 2317 3133 2367; x_wconf 89' lang='lat' dir='ltr'><strong>actus</strong></span> <span class='ocrx_word' id='word_1_548' title='bbox 3165 2330 3179 2367; x_wconf 89' lang='lat'>:</span> 
     </span>
    </p>
   </div>
   <div class='ocr_carea' id='block_1_84' title="bbox 2098 2400 3170 2471">
    <p class='ocr_par' dir='ltr' id='par_1_84' title="bbox 2098 2400 3170 2471">
     <span class='ocr_line' id='line_1_84' title="bbox 2098 2400 3170 2471; baseline -0.002 -15"><span class='ocrx_word' id='word_1_549' title='bbox 2098 2405 2238 2458; x_wconf 90' lang='lat' dir='ltr'><strong>Pars</strong></span> <span class='ocrx_word' id='word_1_550' title='bbox 2267 2417 2470 2456; x_wconf 91' lang='lat' dir='ltr'><strong>rerum</strong></span> <span class='ocrx_word' id='word_1_551' title='bbox 2494 2400 2705 2456; x_wconf 89' lang='lat' dir='ltr'><strong>melior</strong></span> <span class='ocrx_word' id='word_1_552' title='bbox 2734 2405 2886 2456; x_wconf 89' lang='lat' dir='ltr'><strong>tecta</strong></span> <span class='ocrx_word' id='word_1_553' title='bbox 2913 2400 3170 2471; x_wconf 81' lang='lat' dir='ltr'><strong>videtur,</strong></span> 
     </span>
    </p>
   </div>
   <div class='ocr_carea' id='block_1_85' title="bbox 2102 2489 3138 2562">
    <p class='ocr_par' dir='ltr' id='par_1_85' title="bbox 2102 2489 3138 2562">
     <span class='ocr_line' id='line_1_85' title="bbox 2102 2489 3138 2562; baseline -0.004 -16"><span class='ocrx_word' id='word_1_554' title='bbox 2102 2495 2168 2547; x_wconf 89' lang='lat' dir='ltr'><strong>Et</strong></span> <span class='ocrx_word' id='word_1_555' title='bbox 2195 2494 2390 2562; x_wconf 89' lang='lat' dir='ltr'><strong>torpet</strong></span> <span class='ocrx_word' id='word_1_556' title='bbox 2420 2490 2599 2547; x_wconf 91' lang='lat' dir='ltr'><strong>series</strong></span> <span class='ocrx_word' id='word_1_557' title='bbox 2625 2506 2786 2545; x_wconf 92' lang='lat' dir='ltr'><strong>nunc</strong></span> <span class='ocrx_word' id='word_1_558' title='bbox 2816 2489 3138 2555; x_wconf 86' lang='lat' dir='ltr'><strong>luculenta,</strong></span> 
     </span>
    </p>
   </div>
   <div class='ocr_carea' id='block_1_86' title="bbox 2103 2578 3294 2651">
    <p class='ocr_par' dir='ltr' id='par_1_86' title="bbox 2103 2578 3294 2651">
     <span class='ocr_line' id='line_1_86' title="bbox 2103 2578 3294 2651; baseline -0.002 -17"><span class='ocrx_word' id='word_1_559' title='bbox 2103 2583 2244 2645; x_wconf 65' lang='lat' dir='ltr'><strong>Quae</strong></span> <span class='ocrx_word' id='word_1_560' title='bbox 2270 2581 2399 2650; x_wconf 90' lang='lat' dir='ltr'><strong>jam</strong></span> <span class='ocrx_word' id='word_1_561' title='bbox 2430 2579 2756 2651; x_wconf 91' lang='lat' dir='ltr'><strong>perniciem</strong></span> <span class='ocrx_word' id='word_1_562' title='bbox 2782 2578 3043 2634; x_wconf 83' lang='lat' dir='ltr'><strong>conferet</strong></span> <span class='ocrx_word' id='word_1_563' title='bbox 3072 2593 3294 2645; x_wconf 90' lang='lat' dir='ltr'><strong>acrem,</strong></span> 
     </span>
    </p>
   </div>
   <div class='ocr_carea' id='block_1_87' title="bbox 2105 2667 3213 2734">
    <p class='ocr_par' dir='ltr' id='par_1_87' title="bbox 2105 2667 3213 2734">
     <span class='ocr_line' id='line_1_87' title="bbox 2105 2667 3213 2734; baseline -0.003 -11"><span class='ocrx_word' id='word_1_564' title='bbox 2105 2667 2312 2734; x_wconf 90' lang='lat' dir='ltr'><strong>Stulto,</strong></span> <span class='ocrx_word' id='word_1_565' title='bbox 2344 2667 2425 2723; x_wconf 88' lang='lat' dir='ltr'><strong>ha</strong></span> <span class='ocrx_word' id='word_1_566' title='bbox 2453 2668 2465 2722; x_wconf 85' lang='lat' dir='ltr'><strong>l</strong></span> <span class='ocrx_word' id='word_1_567' title='bbox 2499 2667 2771 2723; x_wconf 91' lang='lat' dir='ltr'><strong>mihimet</strong></span> <span class='ocrx_word' id='word_1_568' title='bbox 2799 2683 2921 2722; x_wconf 91' lang='lat' dir='ltr'><strong>non</strong></span> <span class='ocrx_word' id='word_1_569' title='bbox 2951 2670 3213 2721; x_wconf 82' lang='lat' dir='ltr'><strong>reserata</strong></span> 
     </span>
    </p>
   </div>
   <div class='ocr_carea' id='block_1_88' title="bbox 2101 2754 3250 2825">
    <p class='ocr_par' dir='ltr' id='par_1_88' title="bbox 2101 2754 3250 2825">
     <span class='ocr_line' id='line_1_88' title="bbox 2101 2754 3250 2825; baseline -0.004 -13"><span class='ocrx_word' id='word_1_570' title='bbox 2101 2755 2416 2825; x_wconf 89' lang='lat' dir='ltr'><strong>Permagni</strong></span> <span class='ocrx_word' id='word_1_571' title='bbox 2445 2756 2700 2812; x_wconf 90' lang='lat' dir='ltr'><strong>nimium</strong></span> <span class='ocrx_word' id='word_1_572' title='bbox 2731 2771 2978 2811; x_wconf 93' lang='lat' dir='ltr'><strong>munere</strong></span> <span class='ocrx_word' id='word_1_573' title='bbox 3004 2754 3250 2820; x_wconf 87' lang='lat' dir='ltr'><strong>fructus,</strong></span> 
     </span>
    </p>
   </div>
   <div class='ocr_carea' id='block_1_89' title="bbox 2100 2843 3170 2918">
    <p class='ocr_par' dir='ltr' id='par_1_89' title="bbox 2100 2843 3170 2918">
     <span class='ocr_line' id='line_1_89' title="bbox 2100 2843 3170 2918; baseline -0.003 -18"><span class='ocrx_word' id='word_1_574' title='bbox 2100 2849 2184 2901; x_wconf 93' lang='lat' dir='ltr'><strong>Tu</strong></span> <span class='ocrx_word' id='word_1_575' title='bbox 2213 2845 2524 2901; x_wconf 89' lang='lat' dir='ltr'><strong>fraudatus</strong></span> <span class='ocrx_word' id='word_1_576' title='bbox 2554 2845 2690 2911; x_wconf 92' lang='lat' dir='ltr'><strong>eris,</strong></span> <span class='ocrx_word' id='word_1_577' title='bbox 2721 2845 2944 2918; x_wconf 92' lang='lat' dir='ltr'><strong>optime</strong></span> <span class='ocrx_word' id='word_1_578' title='bbox 2967 2843 3170 2898; x_wconf 87' lang='lat' dir='ltr'><strong>lector.</strong></span> 
     </span>
    </p>
   </div>
   <div class='ocr_carea' id='block_1_90' title="bbox 2103 2931 3530 3002">
    <p class='ocr_par' dir='ltr' id='par_1_90' title="bbox 2103 2931 3530 3002">
     <span class='ocr_line' id='line_1_90' title="bbox 2103 2931 3530 3002; baseline -0.003 -12"><span class='ocrx_word' id='word_1_579' title='bbox 2103 2935 2276 3000; x_wconf 84' lang='lat' dir='ltr'><strong>Quod</strong></span> <span class='ocrx_word' id='word_1_580' title='bbox 2306 2951 2614 2990; x_wconf 91' lang='lat' dir='ltr'><strong>summum</strong></span> <span class='ocrx_word' id='word_1_581' title='bbox 2643 2934 2808 2989; x_wconf 91' lang='lat' dir='ltr'><strong>haud</strong></span> <span class='ocrx_word' id='word_1_582' title='bbox 2839 2934 3022 3002; x_wconf 88' lang='lat' dir='ltr'><strong>tetigit</strong></span> <span class='ocrx_word' id='word_1_583' title='bbox 3050 2935 3215 2991; x_wconf 83' lang='lat' dir='ltr'><strong>Musa</strong></span> <span class='ocrx_word' id='word_1_584' title='bbox 3241 2931 3530 2988; x_wconf 91' lang='lat' dir='ltr'><strong>laborem.</strong></span> 
     </span>
    </p>
   </div>
   <div class='ocr_carea' id='block_1_91' title="bbox 2105 3022 3320 3094">
    <p class='ocr_par' dir='ltr' id='par_1_91' title="bbox 2105 3022 3320 3094">
     <span class='ocr_line' id='line_1_91' title="bbox 2105 3022 3320 3094; baseline -0.001 -15"><span class='ocrx_word' id='word_1_585' title='bbox 2105 3027 2227 3079; x_wconf 86' lang='lat' dir='ltr'><strong>Heu</strong></span> <span class='ocrx_word' id='word_1_586' title='bbox 2253 3024 2264 3077; x_wconf 89' lang='lat'><strong>!</strong></span> <span class='ocrx_word' id='word_1_587' title='bbox 2297 3024 2414 3078; x_wconf 89' lang='lat' dir='ltr'><strong>heu</strong></span> <span class='ocrx_word' id='word_1_588' title='bbox 2439 3024 2451 3078; x_wconf 75' lang='grc' dir='ltr'>ι</span> <span class='ocrx_word' id='word_1_589' title='bbox 2482 3023 2759 3079; x_wconf 86' lang='lat' dir='ltr'><strong>funereos</strong></span> <span class='ocrx_word' id='word_1_590' title='bbox 2789 3022 3320 3094; x_wconf 84' lang='lat' dir='ltr'><strong>perlugubresque,</strong></span> 
     </span>
    </p>
   </div>
   <div class='ocr_carea' id='block_1_92' title="bbox 2105 3111 3261 3184">
    <p class='ocr_par' dir='ltr' id='par_1_92' title="bbox 2105 3111 3261 3184">
     <span class='ocr_line' id='line_1_92' title="bbox 2105 3111 3261 3184; baseline -0.003 -16"><span class='ocrx_word' id='word_1_591' title='bbox 2105 3116 2261 3169; x_wconf 86' lang='lat' dir='ltr'><strong>Mens</strong></span> <span class='ocrx_word' id='word_1_592' title='bbox 2290 3127 2565 3184; x_wconf 74' lang='lat' dir='ltr'><strong>praesaga</strong></span> <span class='ocrx_word' id='word_1_593' title='bbox 2594 3112 2776 3178; x_wconf 89' lang='lat' dir='ltr'><strong>necis,</strong></span> <span class='ocrx_word' id='word_1_594' title='bbox 2812 3115 2990 3184; x_wconf 88' lang='lat' dir='ltr'><strong>atque</strong></span> <span class='ocrx_word' id='word_1_595' title='bbox 3017 3111 3261 3178; x_wconf 91' lang='lat' dir='ltr'><strong>doloris,</strong></span> 
     </span>
    </p>
   </div>
   <div class='ocr_carea' id='block_1_93' title="bbox 2107 3198 3200 3274">
    <p class='ocr_par' dir='ltr' id='par_1_93' title="bbox 2107 3198 3200 3274">
     <span class='ocr_line' id='line_1_93' title="bbox 2107 3198 3200 3274; baseline -0.001 -20"><span class='ocrx_word' id='word_1_596' title='bbox 2107 3198 2364 3256; x_wconf 80' lang='lat' dir='ltr'><strong>Diﬂinire</strong></span> <span class='ocrx_word' id='word_1_597' title='bbox 2395 3201 2611 3257; x_wconf 87' lang='lat' dir='ltr'><strong>modos</strong></span> <span class='ocrx_word' id='word_1_598' title='bbox 2641 3217 2901 3274; x_wconf 88' lang='lat' dir='ltr'><strong>expaves</strong></span> <span class='ocrx_word' id='word_1_599' title='bbox 2928 3201 3200 3269; x_wconf 90' lang='lat' dir='ltr'><strong>horrens,</strong></span> 
     </span>
    </p>
   </div>
   <div class='ocr_carea' id='block_1_94' title="bbox 2109 3287 3034 3358">
    <p class='ocr_par' dir='ltr' id='par_1_94' title="bbox 2109 3287 3034 3358">
     <span class='ocr_line' id='line_1_94' title="bbox 2109 3287 3034 3358; baseline -0.001 -16"><span class='ocrx_word' id='word_1_600' title='bbox 2109 3290 2218 3343; x_wconf 83' lang='lat' dir='ltr'><strong>Res</strong></span> <span class='ocrx_word' id='word_1_601' title='bbox 2250 3288 2591 3355; x_wconf 73' lang='lat' dir='ltr'><strong>moestifera,</strong></span> <span class='ocrx_word' id='word_1_602' title='bbox 2626 3289 2811 3358; x_wconf 89' lang='lat' dir='ltr'><strong>digna</strong></span> <span class='ocrx_word' id='word_1_603' title='bbox 2835 3287 3034 3345; x_wconf 87' lang='lat' dir='ltr'><strong>taceri.</strong></span> 
     </span>
    </p>
   </div>
   <div class='ocr_carea' id='block_1_95' title="bbox 2109 3375 3142 3450">
    <p class='ocr_par' dir='ltr' id='par_1_95' title="bbox 2109 3375 3142 3450">
     <span class='ocr_line' id='line_1_95' title="bbox 2109 3375 3142 3450; baseline -0.003 -18"><span class='ocrx_word' id='word_1_604' title='bbox 2109 3378 2152 3432; x_wconf 90' lang='grc' dir='ltr'><strong>Ο</strong></span> <span class='ocrx_word' id='word_1_605' title='bbox 2177 3393 2273 3432; x_wconf 91' lang='lat' dir='ltr'><strong>res</strong></span> <span class='ocrx_word' id='word_1_606' title='bbox 2298 3377 2643 3444; x_wconf 62' lang='lat' dir='ltr'><strong>maestifera,</strong></span> <span class='ocrx_word' id='word_1_607' title='bbox 2675 3377 2856 3450; x_wconf 93' lang='lat' dir='ltr'><strong>plena</strong></span> <span class='ocrx_word' id='word_1_608' title='bbox 2881 3375 3104 3432; x_wconf 85' lang='lat' dir='ltr'><strong>doloris</strong></span> <span class='ocrx_word' id='word_1_609' title='bbox 3130 3375 3142 3429; x_wconf 92' lang='lat'><strong>!</strong></span> 
     </span>
    </p>
   </div>
   <div class='ocr_carea' id='block_1_96' title="bbox 2110 3462 3341 3537">
    <p class='ocr_par' dir='ltr' id='par_1_96' title="bbox 2110 3462 3341 3537">
     <span class='ocr_line' id='line_1_96' title="bbox 2110 3462 3341 3537; baseline -0.004 -17"><span class='ocrx_word' id='word_1_610' title='bbox 2110 3466 2470 3537; x_wconf 86' lang='lat' dir='ltr'><strong>Quanquam</strong></span> <span class='ocrx_word' id='word_1_611' title='bbox 2503 3465 2696 3521; x_wconf 76' lang='lat' dir='ltr'><strong>dicere</strong></span> <span class='ocrx_word' id='word_1_612' title='bbox 2727 3465 2800 3520; x_wconf 90' lang='lat' dir='ltr'><strong>sit</strong></span> <span class='ocrx_word' id='word_1_613' title='bbox 2827 3464 2986 3520; x_wconf 90' lang='lat' dir='ltr'><strong>triste</strong></span> <span class='ocrx_word' id='word_1_614' title='bbox 3016 3462 3341 3533; x_wconf 90' lang='lat' dir='ltr'><strong>minaxque</strong></span> 
     </span>
    </p>
   </div>
   <div class='ocr_carea' id='block_1_97' title="bbox 2109 3551 3337 3626">
    <p class='ocr_par' dir='ltr' id='par_1_97' title="bbox 2109 3551 3337 3626">
     <span class='ocr_line' id='line_1_97' title="bbox 2109 3551 3337 3626; baseline -0.003 -18"><span class='ocrx_word' id='word_1_615' title='bbox 2109 3554 2345 3609; x_wconf 91' lang='lat' dir='ltr'><strong>Cunctis</strong></span> <span class='ocrx_word' id='word_1_616' title='bbox 2374 3558 2431 3609; x_wconf 88' lang='lat' dir='ltr'><strong>et</strong></span> <span class='ocrx_word' id='word_1_617' title='bbox 2458 3553 2798 3626; x_wconf 91' lang='lat' dir='ltr'><strong>querulum,</strong></span> <span class='ocrx_word' id='word_1_618' title='bbox 2839 3557 2896 3608; x_wconf 92' lang='lat' dir='ltr'><strong>et</strong></span> <span class='ocrx_word' id='word_1_619' title='bbox 2922 3551 3337 3625; x_wconf 85' lang='lat' dir='ltr'><strong>prodigiosum</strong></span> 
     </span>
    </p>
   </div>
   <div class='ocr_carea' id='block_1_98' title="bbox 2110 3639 3428 3714">
    <p class='ocr_par' dir='ltr' id='par_1_98' title="bbox 2110 3639 3428 3714">
     <span class='ocr_line' id='line_1_98' title="bbox 2110 3639 3428 3714; baseline -0.002 -18"><span class='ocrx_word' id='word_1_620' title='bbox 2110 3644 2469 3714; x_wconf 83' lang='lat' dir='ltr'><strong>Quanquam</strong></span> <span class='ocrx_word' id='word_1_621' title='bbox 2497 3643 2694 3698; x_wconf 89' lang='lat' dir='ltr'><strong>ﬂebile</strong></span> <span class='ocrx_word' id='word_1_622' title='bbox 2745 3643 2818 3698; x_wconf 90' lang='lat' dir='ltr'><strong>sit</strong></span> <span class='ocrx_word' id='word_1_623' title='bbox 2839 3641 3115 3709; x_wconf 82' lang='lat' dir='ltr'><strong>scribere,</strong></span> <span class='ocrx_word' id='word_1_624' title='bbox 3148 3639 3428 3695; x_wconf 91' lang='lat' dir='ltr'><strong>scribam.</strong></span> 
     </span>
    </p>
   </div>
   <div class='ocr_carea' id='block_1_99' title="bbox 2111 3729 3442 3804">
    <p class='ocr_par' dir='ltr' id='par_1_99' title="bbox 2111 3729 3442 3804">
     <span class='ocr_line' id='line_1_99' title="bbox 2111 3729 3442 3804; baseline -0.002 -18"><span class='ocrx_word' id='word_1_625' title='bbox 2111 3731 2377 3786; x_wconf 91' lang='lat' dir='ltr'><strong>Scribam</strong></span> <span class='ocrx_word' id='word_1_626' title='bbox 2403 3732 2570 3804; x_wconf 87' lang='lat' dir='ltr'><strong>quod</strong></span> <span class='ocrx_word' id='word_1_627' title='bbox 2595 3731 2791 3797; x_wconf 92' lang='lat' dir='ltr'><strong>doleo,</strong></span> <span class='ocrx_word' id='word_1_628' title='bbox 2822 3730 2988 3803; x_wconf 90' lang='lat' dir='ltr'><strong>quod</strong></span> <span class='ocrx_word' id='word_1_629' title='bbox 3019 3729 3133 3784; x_wconf 89' lang='lat' dir='ltr'><strong>ﬂeo</strong></span> <span class='ocrx_word' id='word_1_630' title='bbox 3159 3744 3442 3795; x_wconf 72' lang='lat' dir='ltr'><strong>maerens,</strong></span> 
     </span>
    </p>
   </div>
   <div class='ocr_carea' id='block_1_100' title="bbox 2109 3817 3034 3890">
    <p class='ocr_par' dir='ltr' id='par_1_100' title="bbox 2109 3817 3034 3890">
     <span class='ocr_line' id='line_1_100' title="bbox 2109 3817 3034 3890; baseline -0.002 -18"><span class='ocrx_word' id='word_1_631' title='bbox 2109 3818 2197 3873; x_wconf 88' lang='lat' dir='ltr'><strong>Ad</strong></span> <span class='ocrx_word' id='word_1_632' title='bbox 2226 3818 2411 3873; x_wconf 85' lang='lat' dir='ltr'><strong>vitam</strong></span> <span class='ocrx_word' id='word_1_633' title='bbox 2444 3819 2622 3874; x_wconf 90' lang='lat' dir='ltr'><strong>subiit</strong></span> <span class='ocrx_word' id='word_1_634' title='bbox 2645 3819 2900 3890; x_wconf 90' lang='lat' dir='ltr'><strong>qualiter</strong></span> <span class='ocrx_word' id='word_1_635' title='bbox 2926 3817 3034 3872; x_wconf 91' lang='lat' dir='ltr'><strong>iste</strong></span> 
     </span>
    </p>
   </div>
   <div class='ocr_carea' id='block_1_101' title="bbox 2112 3904 3381 3978">
    <p class='ocr_par' dir='ltr' id='par_1_101' title="bbox 2112 3904 3381 3978">
     <span class='ocr_line' id='line_1_101' title="bbox 2112 3904 3381 3978; baseline -0.005 -19"><span class='ocrx_word' id='word_1_636' title='bbox 2112 3908 2261 3972; x_wconf 84' lang='lat' dir='ltr'><strong>Dux,</strong></span> <span class='ocrx_word' id='word_1_637' title='bbox 2289 3911 2346 3960; x_wconf 90' lang='lat' dir='ltr'><strong>et</strong></span> <span class='ocrx_word' id='word_1_638' title='bbox 2372 3907 2676 3978; x_wconf 86' lang='lat' dir='ltr'><strong>patricius,</strong></span> <span class='ocrx_word' id='word_1_639' title='bbox 2708 3911 2765 3961; x_wconf 94' lang='lat' dir='ltr'><strong>et</strong></span> <span class='ocrx_word' id='word_1_640' title='bbox 2788 3904 3057 3960; x_wconf 90' lang='lat' dir='ltr'><strong>marchio</strong></span> <span class='ocrx_word' id='word_1_641' title='bbox 3088 3917 3381 3956; x_wconf 90' lang='lat' dir='ltr'><strong>summus.</strong></span> 
     </span>
    </p>
   </div>
   <div class='ocr_carea' id='block_1_102' title="bbox 2111 3990 3089 4066">
    <p class='ocr_par' dir='ltr' id='par_1_102' title="bbox 2111 3990 3089 4066">
     <span class='ocr_line' id='line_1_102' title="bbox 2111 3990 3089 4066; baseline -0.005 -17"><span class='ocrx_word' id='word_1_642' title='bbox 2111 3994 2272 4050; x_wconf 88' lang='lat' dir='ltr'><strong>Morti</strong></span> <span class='ocrx_word' id='word_1_643' title='bbox 2302 3994 2512 4049; x_wconf 89' lang='lat' dir='ltr'><strong>limina</strong></span> <span class='ocrx_word' id='word_1_644' title='bbox 2541 4010 2648 4066; x_wconf 93' lang='lat' dir='ltr'><strong>per</strong></span> <span class='ocrx_word' id='word_1_645' title='bbox 2671 3993 2874 4049; x_wconf 90' lang='lat' dir='ltr'><strong>debita</strong></span> <span class='ocrx_word' id='word_1_646' title='bbox 2903 3990 3089 4056; x_wconf 89' lang='lat' dir='ltr'><strong>carni,</strong></span> 
     </span>
    </p>
   </div>
   <div class='ocr_carea' id='block_1_103' title="bbox 2115 4076 3316 4152">
    <p class='ocr_par' dir='ltr' id='par_1_103' title="bbox 2115 4076 3316 4152">
     <span class='ocr_line' id='line_1_103' title="bbox 2115 4076 3316 4152; baseline -0.004 -15"><span class='ocrx_word' id='word_1_647' title='bbox 2115 4082 2479 4152; x_wconf 87' lang='lat' dir='ltr'><strong>Conjunctus</strong></span> <span class='ocrx_word' id='word_1_648' title='bbox 2510 4081 2762 4136; x_wconf 93' lang='lat' dir='ltr'><strong>Domino</strong></span> <span class='ocrx_word' id='word_1_649' title='bbox 2791 4082 3032 4151; x_wconf 92' lang='lat' dir='ltr'><strong>perpete</strong></span> <span class='ocrx_word' id='word_1_650' title='bbox 3064 4076 3316 4145; x_wconf 86' lang='lat' dir='ltr'><strong>Christo,</strong></span> 
     </span>
    </p>
   </div>
   <div class='ocr_carea' id='block_1_104' title="bbox 2117 4167 3116 4242">
    <p class='ocr_par' dir='ltr' id='par_1_104' title="bbox 2117 4167 3116 4242">
     <span class='ocr_line' id='line_1_104' title="bbox 2117 4167 3116 4242; baseline -0.007 -16"><span class='ocrx_word' id='word_1_651' title='bbox 2117 4174 2182 4226; x_wconf 88' lang='lat' dir='ltr'><strong>Et</strong></span> <span class='ocrx_word' id='word_1_652' title='bbox 2205 4170 2340 4242; x_wconf 92' lang='lat' dir='ltr'><strong>plus</strong></span> <span class='ocrx_word' id='word_1_653' title='bbox 2371 4175 2434 4226; x_wconf 92' lang='lat' dir='ltr'><strong>ut</strong></span> <span class='ocrx_word' id='word_1_654' title='bbox 2463 4175 2705 4240; x_wconf 89' lang='lat' dir='ltr'><strong>stupeas</strong></span> <span class='ocrx_word' id='word_1_655' title='bbox 2731 4167 3116 4224; x_wconf 72' lang='lat' dir='ltr'><strong>muniﬁcntzis</strong></span> 
     </span>
    </p>
   </div>
   <div class='ocr_carea' id='block_1_105' title="bbox 2117 4259 3222 4332">
    <p class='ocr_par' dir='ltr' id='par_1_105' title="bbox 2117 4259 3222 4332">
     <span class='ocr_line' id='line_1_105' title="bbox 2117 4259 3222 4332; baseline -0.005 -17"><span class='ocrx_word' id='word_1_656' title='bbox 2117 4263 2267 4315; x_wconf 92' lang='lat' dir='ltr'><strong>Usus</strong></span> <span class='ocrx_word' id='word_1_657' title='bbox 2296 4259 2478 4332; x_wconf 90' lang='lat' dir='ltr'><strong>inque</strong></span> <span class='ocrx_word' id='word_1_658' title='bbox 2509 4261 2696 4314; x_wconf 92' lang='lat' dir='ltr'><strong>Deum</strong></span> <span class='ocrx_word' id='word_1_659' title='bbox 2728 4261 2938 4330; x_wconf 90' lang='lat' dir='ltr'><strong>estque</strong></span> <span class='ocrx_word' id='word_1_660' title='bbox 2967 4260 3222 4311; x_wconf 66' lang='lat' dir='ltr'><strong>MEiiSIE.</strong></span> 
     </span>
    </p>
   </div>
   <div class='ocr_carea' id='block_1_106' title="bbox 2083 4344 3662 4416">
    <p class='ocr_par' dir='ltr' id='par_1_106' title="bbox 2083 4344 3662 4416">
     <span class='ocr_line' id='line_1_106' title="bbox 2083 4344 3662 4416; baseline -0.004 -11"><span class='ocrx_word' id='word_1_661' title='bbox 2083 4351 2229 4405; x_wconf 93' lang='lat' dir='ltr'><strong>Cum</strong></span> <span class='ocrx_word' id='word_1_662' title='bbox 2258 4351 2460 4403; x_wconf 91' lang='lat' dir='ltr'><strong>autem</strong></span> <span class='ocrx_word' id='word_1_663' title='bbox 2490 4351 2792 4404; x_wconf 88' lang='lat' dir='ltr'><strong>tantarum</strong></span> <span class='ocrx_word' id='word_1_664' title='bbox 2810 4344 3270 4416; x_wconf 80' lang='lat' dir='ltr'><strong>beatitudinum,</strong></span> <span class='ocrx_word' id='word_1_665' title='bbox 3297 4347 3362 4401; x_wconf 95' lang='lat' dir='ltr'><strong>ut</strong></span> <span class='ocrx_word' id='word_1_666' title='bbox 3382 4358 3662 4416; x_wconf 92' lang='lat' dir='ltr'><strong>compen-</strong></span> 
     </span>
    </p>
   </div>
   <div class='ocr_carea' id='block_1_107' title="bbox 2009 4433 3662 4509">
    <p class='ocr_par' dir='ltr' id='par_1_107' title="bbox 2009 4433 3662 4509">
     <span class='ocr_line' id='line_1_107' title="bbox 2009 4433 3662 4509; baseline -0.004 -16"><span class='ocrx_word' id='word_1_667' title='bbox 2009 4437 2175 4493; x_wconf 91' lang='lat' dir='ltr'><strong>diose</strong></span> <span class='ocrx_word' id='word_1_668' title='bbox 2201 4437 2408 4492; x_wconf 88' lang='lat' dir='ltr'><strong>hebete</strong></span> <span class='ocrx_word' id='word_1_669' title='bbox 2448 4441 2603 4509; x_wconf 87' lang='lat' dir='ltr'><strong>styto</strong></span> <span class='ocrx_word' id='word_1_670' title='bbox 2643 4437 3054 4492; x_wconf 90' lang='lat' dir='ltr'><strong>elucubratum</strong></span> <span class='ocrx_word' id='word_1_671' title='bbox 3083 4439 3196 4498; x_wconf 87' lang='lat' dir='ltr'><strong>est,</strong></span> <span class='ocrx_word' id='word_1_672' title='bbox 3228 4434 3503 4492; x_wconf 91' lang='lat' dir='ltr'><strong>redolens</strong></span> <span class='ocrx_word' id='word_1_673' title='bbox 3553 4433 3662 4487; x_wconf 89' lang='lat' dir='ltr'><strong>ﬂa-</strong></span> 
     </span>
    </p>
   </div>
   <div class='ocr_carea' id='block_1_108' title="bbox 2011 4522 3663 4598">
    <p class='ocr_par' dir='ltr' id='par_1_108' title="bbox 2011 4522 3663 4598">
     <span class='ocr_line' id='line_1_108' title="bbox 2011 4522 3663 4598; baseline -0.005 -17"><span class='ocrx_word' id='word_1_674' title='bbox 2011 4531 2209 4597; x_wconf 90' lang='lat' dir='ltr'><strong>graret</strong></span> <span class='ocrx_word' id='word_1_675' title='bbox 2255 4526 2558 4598; x_wconf 90' lang='lat' dir='ltr'><strong>lampade,</strong></span> <span class='ocrx_word' id='word_1_676' title='bbox 2604 4526 2780 4597; x_wconf 91' lang='lat' dir='ltr'><strong>jussit</strong></span> <span class='ocrx_word' id='word_1_677' title='bbox 2819 4524 2933 4580; x_wconf 90' lang='lat' dir='ltr'><strong>sibi</strong></span> <span class='ocrx_word' id='word_1_678' title='bbox 2976 4523 3146 4580; x_wconf 67' lang='lat' dir='ltr'><strong>excid</strong></span> <span class='ocrx_word' id='word_1_679' title='bbox 3220 4522 3663 4594; x_wconf 88' lang='lat' dir='ltr'><strong>sarcophagum</strong></span> 
     </span>
    </p>
   </div>
   <div class='ocr_carea' id='block_1_109' title="bbox 2011 4604 3662 4681">
    <p class='ocr_par' dir='ltr' id='par_1_109' title="bbox 2011 4604 3662 4681">
     <span class='ocr_line' id='line_1_109' title="bbox 2011 4604 3662 4681; baseline -0.007 -11"><span class='ocrx_word' id='word_1_680' title='bbox 2011 4615 2249 4681; x_wconf 90' lang='lat' dir='ltr'><strong>scilicet,</strong></span> <span class='ocrx_word' id='word_1_681' title='bbox 2283 4620 2340 4670; x_wconf 89' lang='lat' dir='ltr'><strong>et</strong></span> <span class='ocrx_word' id='word_1_682' title='bbox 2366 4615 2520 4670; x_wconf 90' lang='lat' dir='ltr'><strong>infra</strong></span> <span class='ocrx_word' id='word_1_683' title='bbox 2561 4615 2876 4671; x_wconf 90' lang='lat' dir='ltr'><strong>ecclesiam</strong></span> <span class='ocrx_word' id='word_1_684' title='bbox 2926 4613 3172 4668; x_wconf 81' lang='lat' dir='ltr'><strong>Fiscano</strong></span> <span class='ocrx_word' id='word_1_685' title='bbox 3202 4609 3446 4666; x_wconf 90' lang='lat' dir='ltr'><strong>nomine</strong></span> <span class='ocrx_word' id='word_1_686' title='bbox 3494 4604 3662 4661; x_wconf 87' lang='lat' dir='ltr'><strong>deiﬁ-</strong></span> 
     </span>
    </p>
   </div>
   <div class='ocr_carea' id='block_1_110' title="bbox 2011 4694 3663 4760">
    <p class='ocr_par' dir='ltr' id='par_1_110' title="bbox 2011 4694 3663 4760">
     <span class='ocr_line' id='line_1_110' title="bbox 2011 4694 3663 4760; baseline -0.008 0"><span class='ocrx_word' id='word_1_687' title='bbox 2011 4721 2093 4760; x_wconf 81' lang='lat' dir='ltr'><strong>cae</strong></span> <span class='ocrx_word' id='word_1_688' title='bbox 2120 4704 2382 4758; x_wconf 90' lang='lat' dir='ltr'><strong>Trinitati</strong></span> <span class='ocrx_word' id='word_1_689' title='bbox 2406 4709 2822 4760; x_wconf 89' lang='lat' dir='ltr'><strong>consecratam</strong></span> <span class='ocrx_word' id='word_1_690' title='bbox 2853 4706 2989 4756; x_wconf 88' lang='lat' dir='ltr'><strong>ante</strong></span> <span class='ocrx_word' id='word_1_691' title='bbox 3017 4701 3218 4755; x_wconf 90' lang='lat' dir='ltr'><strong>locum</strong></span> <span class='ocrx_word' id='word_1_692' title='bbox 3248 4694 3480 4753; x_wconf 86' lang='lat' dir='ltr'><strong>stationi</strong></span> <span class='ocrx_word' id='word_1_693' title='bbox 3501 4714 3516 4744; x_wconf 57' lang='grc' dir='ltr'><strong>θ</strong></span> <span class='ocrx_word' id='word_1_694' title='bbox 3544 4708 3663 4746; x_wconf 81' lang='lat' dir='ltr'><strong>suae</strong></span> 
     </span>
    </p>
   </div>
   <div class='ocr_carea' id='block_1_111' title="bbox 2012 4783 3666 4864">
    <p class='ocr_par' dir='ltr' id='par_1_111' title="bbox 2012 4783 3666 4864">
     <span class='ocr_line' id='line_1_111' title="bbox 2012 4783 3666 4864; baseline -0.008 -18"><span class='ocrx_word' id='word_1_695' title='bbox 2012 4792 2226 4857; x_wconf 90' lang='lat' dir='ltr'><strong>locare,</strong></span> <span class='ocrx_word' id='word_1_696' title='bbox 2255 4796 2310 4848; x_wconf 91' lang='lat' dir='ltr'><strong>et</strong></span> <span class='ocrx_word' id='word_1_697' title='bbox 2339 4808 2461 4847; x_wconf 90' lang='lat' dir='ltr'><strong>uno</strong></span> <span class='ocrx_word' id='word_1_698' title='bbox 2500 4808 2743 4864; x_wconf 90' lang='lat' dir='ltr'><strong>quoque</strong></span> <span class='ocrx_word' id='word_1_699' title='bbox 2787 4789 2881 4844; x_wconf 93' lang='lat' dir='ltr'><strong>die</strong></span> <span class='ocrx_word' id='word_1_700' title='bbox 2913 4793 3090 4843; x_wconf 71' lang='lat' dir='ltr'><strong>sextae</strong></span> <span class='ocrx_word' id='word_1_701' title='bbox 3135 4785 3316 4855; x_wconf 61' lang='lat' dir='ltr'><strong>feriae,</strong></span> <span class='ocrx_word' id='word_1_702' title='bbox 3367 4783 3666 4854; x_wconf 88' lang='lat' dir='ltr'><strong>quantum</strong></span> 
     </span>
    </p>
   </div>
   <div class='ocr_carea' id='block_1_112' title="bbox 2016 4867 3668 4953">
    <p class='ocr_par' dir='ltr' id='par_1_112' title="bbox 2016 4867 3668 4953">
     <span class='ocr_line' id='line_1_112' title="bbox 2016 4867 3668 4953; baseline -0.008 -17"><span class='ocrx_word' id='word_1_703' title='bbox 2016 4881 2295 4936; x_wconf 78' lang='lat' dir='ltr'><strong>frumenti</strong></span> <span class='ocrx_word' id='word_1_704' title='bbox 2323 4897 2515 4953; x_wconf 90' lang='lat' dir='ltr'><strong>capax</strong></span> <span class='ocrx_word' id='word_1_705' title='bbox 2563 4883 2690 4935; x_wconf 90' lang='lat' dir='ltr'><strong>erat</strong></span> <span class='ocrx_word' id='word_1_706' title='bbox 2741 4882 2799 4934; x_wconf 90' lang='lat' dir='ltr'><strong>et</strong></span> <span class='ocrx_word' id='word_1_707' title='bbox 2825 4877 3094 4948; x_wconf 78' lang='lat' dir='ltr'><strong>quinque</strong></span> <span class='ocrx_word' id='word_1_708' title='bbox 3141 4871 3363 4928; x_wconf 92' lang='lat' dir='ltr'><strong>solidos</strong></span> <span class='ocrx_word' id='word_1_709' title='bbox 3391 4867 3668 4942; x_wconf 87' lang='lat' dir='ltr'><strong>pauperi-</strong></span> 
     </span>
    </p>
   </div>
   <div class='ocr_carea' id='block_1_113' title="bbox 2019 4956 3667 5039">
    <p class='ocr_par' dir='ltr' id='par_1_113' title="bbox 2019 4956 3667 5039">
     <span class='ocr_line' id='line_1_113' title="bbox 2019 4956 3667 5039; baseline -0.009 -14"><span class='ocrx_word' id='word_1_710' title='bbox 2019 4971 2128 5024; x_wconf 92' lang='lat' dir='ltr'><strong>bus</strong></span> <span class='ocrx_word' id='word_1_711' title='bbox 2154 4985 2420 5037; x_wconf 85' lang='lat' dir='ltr'><strong>erogare.</strong></span> <span class='ocrx_word' id='word_1_712' title='bbox 2456 4968 2718 5039; x_wconf 90' lang='lat' dir='ltr'><strong>Denique</strong></span> <span class='ocrx_word' id='word_1_713' title='bbox 2747 4963 3115 5022; x_wconf 76' lang='lat' dir='ltr'><strong>multimodis</strong></span> <span class='ocrx_word' id='word_1_714' title='bbox 3139 4956 3667 5014; x_wconf 89' lang='lat' dir='ltr'><strong>innumerabilium</strong></span> 
     </span>
    </p>
   </div>
   <div class='ocr_carea' id='block_1_114' title="bbox 2015 5045 3670 5124">
    <p class='ocr_par' dir='ltr' id='par_1_114' title="bbox 2015 5045 3670 5124">
     <span class='ocr_line' id='line_1_114' title="bbox 2015 5045 3670 5124; baseline -0.008 -11"><span class='ocrx_word' id='word_1_715' title='bbox 2015 5074 2270 5113; x_wconf 90' lang='lat' dir='ltr'><strong>casuum</strong></span> <span class='ocrx_word' id='word_1_716' title='bbox 2302 5055 2783 5121; x_wconf 89' lang='lat' dir='ltr'><strong>adversitatibus,</strong></span> <span class='ocrx_word' id='word_1_717' title='bbox 2809 5049 3358 5124; x_wconf 87' lang='lat' dir='ltr'><strong>multiplicibusque</strong></span> <span class='ocrx_word' id='word_1_718' title='bbox 3410 5045 3670 5119; x_wconf 77' lang='lat' dir='ltr'><strong>aequani-</strong></span> 
     </span>
    </p>
   </div>
   <div class='ocr_carea' id='block_1_115' title="bbox 2016 5135 3669 5216">
    <p class='ocr_par' dir='ltr' id='par_1_115' title="bbox 2016 5135 3669 5216">
     <span class='ocr_line' id='line_1_115' title="bbox 2016 5135 3669 5216; baseline -0.007 -15"><span class='ocrx_word' id='word_1_719' title='bbox 2016 5147 2188 5202; x_wconf 91' lang='lat' dir='ltr'><strong>miter</strong></span> <span class='ocrx_word' id='word_1_720' title='bbox 2216 5145 2524 5200; x_wconf 89' lang='lat' dir='ltr'><strong>laboribus</strong></span> <span class='ocrx_word' id='word_1_721' title='bbox 2550 5160 2659 5216; x_wconf 92' lang='lat' dir='ltr'><strong>pro</strong></span> <span class='ocrx_word' id='word_1_722' title='bbox 2690 5144 2788 5198; x_wconf 93' lang='lat' dir='ltr'><strong>Dei</strong></span> <span class='ocrx_word' id='word_1_723' title='bbox 2819 5156 3023 5196; x_wconf 93' lang='lat' dir='ltr'><strong>amore</strong></span> <span class='ocrx_word' id='word_1_724' title='bbox 3051 5135 3334 5205; x_wconf 90' lang='lat' dir='ltr'><strong>toleratis,</strong></span> <span class='ocrx_word' id='word_1_725' title='bbox 3382 5135 3669 5192; x_wconf 89' lang='lat' dir='ltr'><strong>adminis-</strong></span> 
     </span>
    </p>
   </div>
   <div class='ocr_carea' id='block_1_116' title="bbox 2017 5226 3668 5303">
    <p class='ocr_par' dir='ltr' id='par_1_116' title="bbox 2017 5226 3668 5303">
     <span class='ocr_line' id='line_1_116' title="bbox 2017 5226 3668 5303; baseline -0.005 -15"><span class='ocrx_word' id='word_1_726' title='bbox 2017 5232 2369 5290; x_wconf 88' lang='lat' dir='ltr'><strong>trationibus</strong></span> <span class='ocrx_word' id='word_1_727' title='bbox 2398 5231 2744 5303; x_wconf 92' lang='lat' dir='ltr'><strong>temporalis</strong></span> <span class='ocrx_word' id='word_1_728' title='bbox 2773 5231 2905 5285; x_wconf 66' lang='lat' dir='ltr'><strong>vitae</strong></span> <span class='ocrx_word' id='word_1_729' title='bbox 2931 5229 3084 5285; x_wconf 89' lang='lat' dir='ltr'><strong>bene</strong></span> <span class='ocrx_word' id='word_1_730' title='bbox 3113 5226 3444 5294; x_wconf 89' lang='lat' dir='ltr'><strong>transactis,</strong></span> <span class='ocrx_word' id='word_1_731' title='bbox 3487 5226 3668 5295; x_wconf 78' lang='lat' dir='ltr'><strong>largi—</strong></span> 
     </span>
    </p>
   </div>
   <div class='ocr_carea' id='block_1_117' title="bbox 2016 5315 3666 5392">
    <p class='ocr_par' dir='ltr' id='par_1_117' title="bbox 2016 5315 3666 5392">
     <span class='ocr_line' id='line_1_117' title="bbox 2016 5315 3666 5392; baseline -0.003 -15"><span class='ocrx_word' id='word_1_732' title='bbox 2016 5322 2149 5377; x_wconf 72' lang='lat' dir='ltr'><strong>ﬂuee</strong></span> <span class='ocrx_word' id='word_1_733' title='bbox 2180 5319 2642 5392; x_wconf 89' lang='lat' dir='ltr'><strong>multiplicisque</strong></span> <span class='ocrx_word' id='word_1_734' title='bbox 2684 5317 3104 5374; x_wconf 50' lang='lat' dir='ltr'><strong>misericordia!</strong></span> <span class='ocrx_word' id='word_1_735' title='bbox 3153 5316 3436 5389; x_wconf 86' lang='lat' dir='ltr'><strong>operibus</strong></span> <span class='ocrx_word' id='word_1_736' title='bbox 3487 5315 3666 5385; x_wconf 91' lang='lat' dir='ltr'><strong>datis,</strong></span> 
     </span>
    </p>
   </div>
   <div class='ocr_carea' id='block_1_118' title="bbox 2017 5405 3665 5480">
    <p class='ocr_par' dir='ltr' id='par_1_118' title="bbox 2017 5405 3665 5480">
     <span class='ocr_line' id='line_1_118' title="bbox 2017 5405 3665 5480; baseline -0.004 -15"><span class='ocrx_word' id='word_1_737' title='bbox 2017 5408 2272 5465; x_wconf 83' lang='lat' dir='ltr'><strong>(lucibus</strong></span> <span class='ocrx_word' id='word_1_738' title='bbox 2301 5407 2814 5480; x_wconf 83' lang='lat' dir='ltr'><strong>imitabilibusque</strong></span> <span class='ocrx_word' id='word_1_739' title='bbox 2845 5407 2974 5463; x_wconf 66' lang='lat' dir='ltr'><strong>vitee</strong></span> <span class='ocrx_word' id='word_1_740' title='bbox 3006 5406 3294 5478; x_wconf 75' lang='lat' dir='ltr'><strong>exemplis</strong></span> <span class='ocrx_word' id='word_1_741' title='bbox 3347 5405 3665 5470; x_wconf 91' lang='lat' dir='ltr'><strong>concessis,</strong></span> 
     </span>
    </p>
   </div>
   <div class='ocr_carea' id='block_1_119' title="bbox 2017 5491 3666 5568">
    <p class='ocr_par' dir='ltr' id='par_1_119' title="bbox 2017 5491 3666 5568">
     <span class='ocr_line' id='line_1_119' title="bbox 2017 5491 3666 5568; baseline -0.005 -15"><span class='ocrx_word' id='word_1_742' title='bbox 2017 5496 2545 5553; x_wconf 88' lang='lat' dir='ltr'><strong>innumerabilium</strong></span> <span class='ocrx_word' id='word_1_743' title='bbox 2558 5496 2928 5568; x_wconf 89' lang='lat' dir='ltr'><strong>captivorum</strong></span> <span class='ocrx_word' id='word_1_744' title='bbox 2943 5494 3307 5564; x_wconf 85' lang='lat' dir='ltr'><strong>agiminibus</strong></span> <span class='ocrx_word' id='word_1_745' title='bbox 3319 5491 3666 5564; x_wconf 88' lang='lat' dir='ltr'><strong>redemptis,</strong></span> 
     </span>
    </p>
   </div>
   <div class='ocr_carea' id='block_1_120' title="bbox 2017 5580 3668 5655">
    <p class='ocr_par' dir='ltr' id='par_1_120' title="bbox 2017 5580 3668 5655">
     <span class='ocr_line' id='line_1_120' title="bbox 2017 5580 3668 5655; baseline -0.004 -14"><span class='ocrx_word' id='word_1_746' title='bbox 2017 5587 2457 5642; x_wconf 90' lang='lat' dir='ltr'><strong>monachorum</strong></span> <span class='ocrx_word' id='word_1_747' title='bbox 2488 5585 3038 5655; x_wconf 91' lang='lat' dir='ltr'><strong>canonicorumque</strong></span> <span class='ocrx_word' id='word_1_748' title='bbox 3087 5581 3374 5639; x_wconf 75' lang='lat' dir='ltr'><strong>cmnobiis</strong></span> <span class='ocrx_word' id='word_1_749' title='bbox 3413 5580 3668 5650; x_wconf 88' lang='lat' dir='ltr'><strong>refectis,</strong></span> 
     </span>
    </p>
   </div>
   <div class='ocr_carea' id='block_1_121' title="bbox 2019 5669 3671 5747">
    <p class='ocr_par' dir='ltr' id='par_1_121' title="bbox 2019 5669 3671 5747">
     <span class='ocr_line' id='line_1_121' title="bbox 2019 5669 3671 5747; baseline -0.004 -17"><span class='ocrx_word' id='word_1_750' title='bbox 2019 5676 2314 5731; x_wconf 88' lang='lat' dir='ltr'><strong>immensa</strong></span> <span class='ocrx_word' id='word_1_751' title='bbox 2343 5675 2518 5732; x_wconf 77' lang='lat' dir='ltr'><strong>variae</strong></span> <span class='ocrx_word' id='word_1_752' title='bbox 2549 5673 2882 5747; x_wconf 89' lang='lat' dir='ltr'><strong>supellectis</strong></span> <span class='ocrx_word' id='word_1_753' title='bbox 2907 5671 3064 5728; x_wconf 90' lang='lat' dir='ltr'><strong>mole</strong></span> <span class='ocrx_word' id='word_1_754' title='bbox 3085 5670 3400 5727; x_wconf 86' lang='lat' dir='ltr'><strong>distributa</strong></span> <span class='ocrx_word' id='word_1_755' title='bbox 3428 5669 3671 5742; x_wconf 85' lang='lat' dir='ltr'><strong>profuse</strong></span> 
     </span>
    </p>
   </div>
  </div>
