4002 6186
411 153 515 205 759

1581 155 1882 213 GAUSLIN
1889 157 1974 213 US
2004 157 2304 214 BITURIG.
2337 159 2658 218 ARCHIEP.

3728 182 3833 234 760

1209 275 2694 289 ‘_‘_‘_—‘——_

1244 297 1596 306 —_.___._
1605 295 1777 307 -Μ
1789 301 1920 307 ._____
1927 302 1962 306 --

1969 300 2410 309 ———————_—

2419 302 2428 306 -
2431 301 2520 308 ...σ-
2523 302 2596 310 -ιρ
2603 304 2619 308 ...

3443 317 3826 328 ‘—

1808 429 1952 469 ANNO
1981 429 2169 470 DOMINI
2199 430 2416 472 MXXVII.

1586 616 2652 768 GAUSLINUS

1335 929 1808 984 BITURICENSIS
1871 927 2222 985 ECCLESIAE
2284 932 2895 994 ARCHIEPISCOPUS.

1557 1252 1995 1339 NOTITIA
2056 1254 2680 1346 HISTORICA.

1326 1483 1553 1552 (Gallia
1597 1484 1967 1554 Christiana,
2000 1501 2141 1543 nov.
2173 1487 2314 1545 edit.
2347 1493 2490 1546 tom.
2527 1496 2592 1560 ll,
2625 1509 2762 1566 pag.
2795 1496 2906 1569 39.)

474 1687 810 1757 Gauslinus,
879 1691 1149 1761 Hugonis
1206 1694 1428 1768 Capeti,
1506 1697 1823 1753 Galliarum
1883 1699 2060 1768 regis,
2091 1702 2140 1755 A
2169 1717 2326 1774 pago
2375 1707 2682 1764 Venetensi
2729 1712 3005 1770 cmnnbia
3054 1718 3626 1778 San-Gildasianum
3664 1729 3824 1797 atque

398 1777 641 1840 nothus,
673 1777 786 1833 sub
833 1779 1084 1837 Abbone
1121 1784 1414 1839 magistro
1443 1784 1502 1840 in
1532 1787 1894 1842 monasterio
1941 1789 2064 1844 Flo-

397 1867 652 1922 riacensi
695 1867 953 1924 multum
981 1872 1231 1942 profecit
1266 1874 1327 1928 in
1358 1874 1580 1942 litteris,
1609 1879 1872 1933 maxime
1919 1895 2061 1934 vero

399 1954 460 2010 in
491 1955 778 2011 virtutum
822 1959 1096 2014 omnium
1129 1962 1358 2017 studiis.
1396 1965 1768 2037 Quapropter
1797 1967 2059 2038 primum

397 2043 645 2115 quidem
698 2045 888 2101 abbas
937 2047 1181 2105 Floriaci
1235 2051 1545 2107 ordinatus
1589 2059 1694 2124 est,
1753 2072 1891 2125 rege
1948 2059 2062 2112 Bo-

394 2129 565 2187 berto
611 2131 789 2188 fratre
839 2136 1111 2208 cupiente
1159 2157 1172 2206 ;
1232 2155 1417 2211 quam
1468 2145 1670 2198 tamen
1711 2143 2061 2214 dignitatem

393 2219 561 2275 haud
588 2221 759 2277 facile
798 2231 1154 2282 consecutus
1185 2233 1290 2297 est,
1337 2231 1502 2302 quod
1544 2247 1668 2288 non
1699 2239 1853 2290 esset
1880 2235 2062 2305 legit.-

394 2324 496 2362 mo
524 2309 804 2379 conjugio
846 2317 1047 2370 natus.
1080 2319 1287 2373 Postea
1317 2320 1564 2390 quando
1595 2321 1675 2378 ad
1713 2325 2060 2383 cathedram

394 2396 818 2454 Bituricensem
864 2401 974 2457 fuit
1020 2410 1355 2476 provectus,
1419 2410 1721 2478 graviores
1775 2429 1848 2469 ea
1889 2430 2058 2472 occa-

395 2483 561 2540 sione
591 2491 790 2542 motus
817 2490 926 2545 orti
959 2497 1114 2548 sunt.
1149 2495 1498 2554 Audiendus
1523 2515 1596 2556 ea
1620 2501 1695 2557 de
1727 2518 1790 2559 re
1819 2520 2057 2562 coaevus

390 2571 645 2645 scriptor
668 2574 1001 2634 Ademarus
1046 2581 1414 2641 Cabanensis
1442 2586 1503 2642 in
1529 2590 1820 2648 Chronico
1846 2609 1858 2648 :
1890 2615 1918 2645 «
1938 2597 2057 2650 Rex

389 2661 682 2718 Bobertus
711 2679 821 2736 pro
852 2665 1135 2724 defuncto
1167 2671 1443 2742 (Abbone
1487 2676 1836 2736 Floriacensi
1867 2683 2054 2740 abba-

387 2752 443 2804 te
472 2766 510 2806 a
551 2752 924 2808 Vasconibus
969 2759 1185 2829 occiso)
1233 2762 1532 2818 ordinavit
1577 2765 1860 2825 abbatem
1901 2775 2054 2828 Gau-

330 2837 344 2846 ’
385 2837 665 2909 zelinum,
722 2839 858 2896 licet
927 2853 1332 2915 repugnarent
1408 2855 1709 2922 monachi,
1785 2859 2055 2919 nolentes

386 2922 498 2977 sibi
527 2939 784 2995 praeesse
814 2926 1007 2984 ﬁlium
1053 2933 1249 2988 scorti.
1287 2938 1422 2992 Erat
1451 2939 1611 2996 enim
1641 2941 1769 3014 ipse
1813 2948 2054 3005 nobilis-

388 3008 523 3064 simi.
582 3015 945 3071 Francorum
987 3020 1274 3092 principis
1303 3024 1590 3095 (Hugonis
1632 3008 1855 3105 Capeti)
1891 3037 1975 3092 ﬁli
2003 3057 2052 3095 ιε
2081 3047 2126 3101 Β

385 3113 649 3184 manzer,
682 3116 718 3156 a
767 3117 956 3175 puero
1007 3107 1066 3162 in
1117 3114 1482 3171 monasterio
1534 3118 1588 3173 S.
1624 3122 1918 3181 Benedicti
1949 3144 2056 3184 nu-

381 3171 574 3259 tritus,
623 3205 807 3262 quem
840 3193 1020 3251 etiam
1059 3213 1166 3253 rex
1210 3216 1392 3275 supra
1425 3206 1678 3280 scriptus
1726 3213 2051 3288 archiepis-

393 3289 615 3348 copum
664 3279 1136 3341 Bituricensibus
1171 3288 1309 3346 fecit
1333 3279 1565 3364 postea,
1599 3298 1877 3358 defuncto
1908 3279 2051 3375 Bag-

383 3363 554 3421 berto
611 3369 1085 3446 archiepiscopo.
1151 3378 1260 3433 Sel
1318 3363 1375 3436 et
1425 3382 1538 3454 ipsi
1611 3363 2048 3466 (Biturzcenses)

383 3452 803 3524 quinquennio
853 3461 1206 3518 seditionem
1251 3452 1495 3537 agentes
1543 3473 1863 3533 noluerunt
1910 3452 2048 3539 eum

382 3536 540 3593 intra
579 3540 793 3596 urbem
840 3547 1124 3626 recipere,
1158 3536 1495 3612 clamantes
1522 3575 1643 3615 una
1695 3579 1861 3620 voce.
1910 3569 2047 3626 Non

384 3620 548 3676 decet
578 3623 884 3681 dominari
901 3617 1186 3688 Ecclesiae
1210 3639 1406 3701 ,dium
1432 3645 1631 3698 scorti.
1658 3647 2046 3710 Postmodum

384 3713 687 3780 sequestre
738 3713 986 3773 Odilone
1038 3719 1260 3780 al-hale
1306 3727 1465 3796 regis
1495 3731 1772 3791 voluntas
1820 3754 2046 3811 praeva-

380 3795 507 3863 luit,
540 3801 598 3854 et
622 3799 723 3856 Dei
746 3807 896 3859 nutu
924 3805 985 3862 in
1018 3809 1221 3866 sedem
1259 3795 1577 3890 susceptus
1610 3826 1719 3879 est.
1751 3848 1778 3874 ››

452 3887 610 3945 Infra
638 3889 892 3965 loquens
919 3894 1079 3954 idem
1112 3903 1367 3977 scriptor
1410 3887 1486 3964 de
1517 3911 1894 3973 ordinatione
1937 3921 2043 3976 Ge-

378 3973 532 4032 raldi
576 3976 636 4034 in
685 3981 825 4037 sede
875 3973 1302 4059 Lemovicensi,
1348 4010 1533 4067 quem
1582 3999 1725 4058 dicit
1758 4003 1818 4059 in
1853 4009 2044 4076 gradu

386 4066 720 4159 pontiﬁcali
768 4070 949 4130 fuisse
993 4066 1404 4141 ordinatuma
1454 4088 1712 4159 Seguino
1743 4066 2042 4156 monacho

381 4152 838 4229 archiepiscopo
869 4163 1314 4240 Burdegalensi,
1367 4175 1607 4233 subdit:
1637 4203 1665 4229 «
1703 4185 1829 4240 Non
1879 4203 2040 4244 enum

380 4238 590 4296 adesse
620 4246 811 4314 potuit
840 4251 1172 4311 Gauslenus
1220 4260 1595 4322 Bituricensis
1642 4273 2039 4348 archiepisco-

2171 1791 2524 1850 Moriacense
2563 1805 2808 1870 regeret,
2841 1801 2977 1858 illuc
3027 1821 3336 1874 regressus
3367 1828 3379 1864 :
3415 1811 3496 1866 uti
3531 1810 3751 1881 legitur
3775 1814 3823 1868 in

2171 1880 2292 1936 Vita
2323 1883 2376 1938 S.
2408 1884 2586 1941 Gildae
2619 1890 2835 1945 saeculo
2861 1909 2876 1946 ι
2909 1895 3304 1953 Benedic-tino.

2242 1970 2366 2023 Fuit
2390 1977 2589 2028 autem
2629 1977 2827 2044 gravis
2859 1986 3255 2040 controversia
3285 1985 3435 2043 inter
3477 1992 3822 2047 Gauslinum

2170 2060 2226 2110 et
2247 2057 2570 2116 Jordanem
2619 2063 2970 2138 episcopum
3019 2073 3526 2132 Lemovicensem.
3565 2083 3621 2134 Is
3662 2097 3818 2136 cons-

2168 2150 2400 2200 ceratus
2426 2146 2617 2205 fuerat
2642 2166 2676 2206 a
2705 2153 2961 2224 Seguino
2991 2157 3464 2232 Burdegalensis,
3502 2166 3816 2240 archiepis-

2169 2249 2342 2306 copo,
2375 2239 2439 2291 ut
2462 2237 2591 2308 jam
2626 2257 2697 2297 ex
2746 2245 3048 2302 Ademaro
3095 2249 3428 2309 Cabanensi
3471 2257 3811 2325 retulimus;

2168 2322 2271 2394 qui
2300 2327 2501 2380 tamen
2541 2335 2773 2400 postea,
2806 2339 3133 2393 retractans
3189 2357 3324 2412 quas
3364 2344 3537 2415 prius
3581 2346 3814 2414 dixerat,

2169 2415 2410 2469 testatur
2450 2432 2587 2473 eum
2620 2429 3034 2482 consecratum
3066 2428 3250 2486 fuisse
3283 2432 3361 2487 ab
3393 2434 3592 2492 lslone
3626 2439 3811 2494 Santo-

2166 2503 2336 2556 nensi
2364 2505 2666 2580 episcopo,
2698 2513 3043 2582 coadjutore
3069 2519 3501 2594 archiepiscopi
3533 2527 3811 2595 Burdegao

2164 2589 2362 2647 lensis.
2399 2597 2513 2650 Cur
2541 2595 2619 2653 ab
2649 2596 2766 2655 alio
2793 2617 2976 2673 quam
3024 2601 3101 2660 ab
3133 2589 3589 2685 archiepiscopo
3620 2629 3806 2670 conse-

2165 2684 2362 2737 cratus
2391 2683 2564 2741 fuerit
2590 2688 2903 2760 Jordanus,
2924 2710 3171 2752 causam
3197 2699 3388 2755 attulit
3419 2683 3809 2776 supra,supra

2164 2770 2325 2840 quod
2361 2774 2631 2831 nondum
2675 2779 2990 2837 Gauslinus
3015 2789 3168 2838 esset
3195 2784 3250 2839 in
3287 2788 3430 2844 sede
3461 2770 3708 2848 Biturica
3733 2808 3806 2848 re-

2165 2863 2389 2931 ceptus.
2411 2866 2480 2918 At
2503 2865 2686 2936 paulo
2715 2874 2854 2940 post
2879 2871 3058 2927 aliam
3090 2875 3312 2945 profert
3339 2894 3624 2936 causam:
3655 2882 3799 2954 quia,

2164 2945 2374 3019 inquit,
2409 2954 2722 3023 pecuniam
2752 2959 3091 3030 requirebat
3121 2979 3230 3034 pro
3275 2964 3658 3038 impositione
3689 2986 3798 3025 ma-

2163 3047 2374 3104 nuum,
2409 3045 2783 3115 contemptus
2830 3051 2935 3102 est.
2966 3052 3136 3105 Notat
3167 3069 3305 3109 vero
3357 3053 3630 3112 Labbeus
3657 3074 3688 3113 a
3716 3074 3798 3112 co-

2161 3120 2394 3179 dicibus
2442 3127 2688 3186 Thuano
2735 3137 2791 3188 et
2841 3134 3282 3196 Claramontani
3327 3143 3558 3215 collegii
3603 3146 3788 3200 abesse

2162 3212 2344 3269 verba
2372 3214 2514 3279 haec,
2551 3219 2656 3275 sed
2682 3222 2982 3280 sufﬁciens
3027 3243 3209 3284 causa
3238 3230 3468 3288 dissidii
3495 3234 3612 3302 fuit,
3639 3232 3782 3306 quod

2161 3299 2284 3355 sine
2313 3307 2656 3364 auctoritate
2687 3311 2777 3365 sui
2820 3315 3260 3386 metropolitani
3291 3328 3654 3378 consecratus
3681 3321 3786 3376 fue-

2157 3395 2247 3446 rat
2291 3395 2587 3452 Jordanus
2621 3417 2634 3466 ;
2661 3401 2861 3473 itaque
2888 3403 3045 3460 facta
3073 3410 3308 3478 synodo
3362 3411 3418 3466 in
3448 3413 3673 3468 Francia
3699 3428 3785 3467 co-

2156 3495 2287 3535 ram
2353 3499 2489 3552 rege
2560 3483 2864 3560 Rotberto,
2924 3493 3023 3550 ubi
3087 3503 3316 3569 septem
3381 3499 3775 3572 archiepiscopi

2157 3569 2496 3643 adfuerunt,
2527 3575 2621 3632 die
2653 3581 3043 3653 Pentecostes,
3075 3602 3213 3642 cum
3241 3569 3608 3658 suifraganeis
3632 3569 3774 3660 epis-

2156 3659 2341 3729 copis,
2373 3664 2566 3719 totum
2601 3668 3044 3727 Lemovicinum
3097 3678 3626 3734 excommunicavit
3647 3694 3785 3751 prae-

2156 3750 2240 3802 ter
2285 3747 2488 3807 locum
2513 3753 2568 3810 S.
2613 3758 2908 3816 Martialis.
2944 3804 2956 3816 .
2994 3807 3005 3818 .
3043 3805 3056 3818 .
3094 3807 3106 3819 .
3138 3764 3461 3840 ipsumque
3511 3747 3785 3842 prohibuit

2153 3836 2233 3892 ab
2287 3837 2482 3896 ofﬁcio
2509 3859 2618 3898 suo
2645 3846 2988 3921 episcopali.
3025 3836 3277 3924 Purgare
3321 3836 3384 3911 se
3417 3836 3639 3929 poterat
3678 3857 3788 3912 Jor-

2152 3925 2348 3982 danus
2404 3946 2608 3988 coram
2659 3951 2839 4007 papa,
2897 3945 2961 3995 ut
3015 3942 3290 4000 observat
3337 3925 3687 4016 Ademarus,
3735 3950 3786 4001 at

2151 4015 2362 4073 maluit
2407 4021 2544 4092 paci
2597 4025 2905 4082 consulere
2958 4033 3013 4084 et
3069 4031 3417 4090 humilitatis
3473 4015 3786 4110 exemplum

2149 4107 2436 4177 praebere.
2465 4112 2615 4167 Nam
2641 4114 3007 4172 satisfaciens
3033 4121 3210 4176 nudis
3233 4124 3492 4194 pedibus
3523 4143 3654 4181 cum
3675 4141 3788 4180 cen-

2149 4201 2275 4251 tum
2307 4198 2475 4254 cleris
2504 4205 2561 4256 et
2587 4205 2919 4272 monachis,
2955 4209 3237 4265 omnibus
3290 4213 3556 4270 similiter
3597 4213 3786 4270 discal-

2149 4287 2326 4342 ceatis
2356 4290 2630 4360 pedibus,
2666 4293 2978 4351 Bituricam
3011 4299 3215 4355 sedem
3241 4302 3420 4369 adiit;
3454 4305 3556 4360 ubi
3583 4304 3788 4358 archie-

1847 4330 1860 4348 ι
1888 4330 1928 4331 η
1947 4330 1962 4333 ἡ
1981 4330 2001 4334 -
2150 4330 2326 4342 vva"...
2356 4330 2630 4360 faxo-uua,
2667 4330 2978 4351 υιιιμιυαιυ
3011 4330 3215 4355 acuum
3241 4330 3420 4369 aunt;
3458 4330 3556 4360 υυι
3583 4330 3787 4358 aruum-

378 4340 516 4458 ἕως,
547 4330 692 4400 quia
720 4334 946 4458 nedulr‘n
974 4350 1248 4416 receptus
1275 4353 1485 4409 eratin
1516 4358 1654 4414 sede
1700 4361 1970 4422 Biturica.
2008 4392 2034 4417 ››
2070 4399 2112 4454 C
2147 4376 2428 4448 piscopus
2475 4395 2612 4436 cum
2659 4381 2815 4438 clero
2846 4384 2928 4439 eis
2977 4389 3268 4458 processit
3315 4392 3577 4458 obviam,
3609 4399 3661 4448 et
3690 4393 3787 4446 ho-

409 4431 504 4458 nm
555 4417 612 4458 in
647 4436 753 4458 cun
800 4441 874 4458 1n.
919 4443 949 4458 η
991 4431 1293 4458 -A._:____-
1358 4457 1400 4458 η
1467 4443 1497 4458 η
1681 4450 1713 4458 ..
1799 4453 1812 4458 -

377 4417 508 4472 Jam
554 4417 616 4474 in
647 4436 759 4478 sua
800 4425 949 4483 urbe
989 4431 1295 4491 admissus
1344 4443 1719 4506 conﬁrmavit
1763 4453 2034 4512 chartam

377 4503 744 4565 fundationis
790 4515 1063 4575 Ecclesia
1113 4522 1166 4577 S.
1201 4529 1582 4600 Austregesili
1632 4539 2034 4600 Graciacensis

374 4593 492 4650 hoc
535 4612 716 4655 anno.
769 4603 974 4662 Adfuit
1019 4611 1372 4671 Gauzelinus
1417 4624 1652 4692 synodo
1693 4628 2034 4702 Airiacensi,

373 4684 517 4755 pagi
538 4688 1053 4764 Antissidorensis,
1081 4716 1182 4758 an.
1220 4707 1376 4762 {020.

445 4776 530 4872 Ex
560 4775 933 4875 ChronicoS.
963 4787 1112 4842 Petri
1150 4788 1245 4847 Vix
1265 4791 1280 4847 i
1304 4797 1450 4854 tom.
1484 4801 1529 4854 Il
1562 4801 1856 4875 Spicilegii
1897 4826 2036 4866 con-

365 4861 610 4932 jicimus
637 4866 818 4924 etiam
845 4870 1050 4944 ipsum
1090 4878 1316 4938 sedisse
1370 4884 1431 4940 in
1475 4861 1725 4948 concilio
1768 4899 2030 4956 Aurelia-

365 5039 550 5109 retici,
581 5049 794 5115 postea
822 5048 1085 5109 ﬂammis
1113 5057 1354 5132 addicti,
1383 5066 1526 5137 quia
1576 5039 1883 5146 suscripsit
1911 5081 2031 5135 cui-

373 5125 559 5146 JA__W
776 5139 786 5146 ,
852 5141 886 5146 _
938 5140 955 5146 _
1081 5145 1085 5146 ν

530 5139 829 5239 Ρταῖοθριρ
852 5140 1089 5239 Robert'i
1111 5147 1268 5215 regis
1289 5125 1429 5209 tunc
1447 5125 1731 5230 temporis

364 5213 606 5313 Miciaco
633 5223 964 5285 Aurelianis
988 5233 1250 5305 publice,
1278 5256 1439 5299 anno
1466 5213 1894 5309 lncamationis
1913 5213 2026 5313 Bo-

363 5300 514 5402 mini
543 5309 698 5376 1022,
731 5300 1267 5385 quando—haeretici
1292 5300 1733 5395 damnatis—unt
1755 5300 2020 5401 Aurelia-

2143 4466 2388 4521 n01i".<"c
2420 4483 2522 4523 eos
2556 4470 2881 4542 deducens,
2909 4477 3075 4547 quod
3106 4478 3396 4547 ligaverat
3426 4483 3692 4538 absolvit.

2213 4553 2559 4623 Helgaudus
2616 4558 3002 4619 Floriacensis
3053 4569 3390 4624 monachus
3443 4571 3503 4626 in
3552 4573 3789 4643 epitome

2146 4640 2284 4696 Vitze
2336 4644 2589 4713 Roberti,
2646 4653 2856 4706 auctor
2910 4657 2999 4708 est
3062 4656 3432 4729 Gauslinum,
3485 4640 3628 4717 cum
3678 4660 3791 4715 aliis

2146 4728 2468 4786 Galliarum
2522 4734 2846 4809 episcopis,
2899 4739 3132 4797 levasse
3183 4759 3402 4816 corpus
3453 4749 3512 4802 Β.
3573 4747 3788 4810 Aniani.

2143 4817 2290 4873 etin
2337 4835 2562 4878 novum
2593 4825 2884 4898 templum
2915 4829 2993 4884 ab
3043 4830 3176 4902 ipso
3203 4832 3455 4890 Roberto
3504 4853 3647 4909 rege
3675 4836 3792 4892 fun-

2141 4907 2353 4963 datum
2422 4911 2481 4965 in
2545 4913 2692 4969 urbe
2763 4918 3188 4990 Aurelianensi,
3246 4923 3624 4999 solemnique
3692 4927 3791 4982 ritu

2002 5023 2029 5032 -
2140 4994 2522 5054 benedictum
2575 5003 2949 5061 transtulisse
3003 5023 3104 5062 an.
3171 5014 3327 5076 1029,
3376 4994 3726 5084 quo—anno
3765 5029 3791 5067 e

2138 5081 2260 5138 vita
2315 5086 2641 5143 excessisse
2712 5089 2944 5157 dicitur,
3002 5111 3357 5168 quanquam
3418 5101 3516 5157 alii
3571 5103 3650 5159 ad
3702 5117 3791 5157 an-

2137 5187 2286 5227 num
2334 5175 2605 5246 proxime
2636 5185 2984 5250 sequentem
3029 5185 3160 5254 ejus
3203 5193 3458 5245 mortem
3503 5191 3788 5247 differant.

2138 5260 2276 5329 Ejus
2333 5277 2472 5318 vero
2520 5264 2912 5338 epitaphium,
2946 5272 3112 5342 quod
3151 5275 3311 5330 dedit
3351 5280 3413 5332 V.
3441 5279 3502 5335 Ο.
3535 5279 3791 5336 Baluzius

2133 5353 2258 5403 tom
2305 5353 2371 5405 lV
2417 5353 2733 5411 Miscellan.
2787 5356 2946 5414 diem
2976 5361 3107 5430 ejus
3155 5364 3352 5420 obitus
3402 5369 3679 5440 assignat
3709 5382 3790 5421 vui

1981 5435 2019 5489 i-
2131 5435 2271 5490 Idus
2323 5439 2524 5496 Martii.
2580 5444 2760 5498 Porro
2817 5445 2978 5501 istud
3035 5451 3405 5523 epitaphium
3474 5435 3572 5513 hic
3626 5456 3788 5513 edere

2128 5526 2521 5595 negleximus,
2547 5532 2709 5604 quod
2764 5534 2835 5588 sit
2882 5535 3137 5593 barbare
3183 5541 3489 5614 scriptum,
3538 5551 3593 5602 et
3644 5561 3783 5618 pau-

1638 5570 1644 5576 ,
1737 5570 2014 5590 ..-ηρ-ΟΝ
2131 5570 2521 5595 -.ντγυιιμμυιη
2594 5570 2709 5586 ιιυιι
2765 5570 2835 5588 ou
2882 5570 3137 5593 uuuuuc
3184 5570 3489 5614 acupuuu,
3538 5570 3592 5602 Cl
3644 5570 3783 5618 pﬂu'

355 5570 670 5632 comitissae
714 5577 1018 5640 Britonum
1047 5587 1307 5667 hortatu,
1341 5603 1471 5656 uta
1501 5617 1564 5658 se
1593 5609 1924 5664 restaurata
1953 5610 2014 5668 in
2126 5631 2197 5670 ca
2252 5617 2326 5673 de
2382 5570 2676 5690 Gausleno
2727 5622 2960 5692 doceat,
3021 5627 3307 5686 nimirum
3363 5635 3532 5706 quod
3583 5633 3783 5713 Floria-
