3994 6166
207 202 310 257 7015

1494 188 1783 247 ΝΟἸἾΤΙΑ
1812 190 1996 251 HIST.
2038 190 2127 248 ET
2158 191 2421 257 Ll'l'l'ER.

3584 214 3694 277 706

201 324 243 381 ll
266 339 346 380 ne
373 338 533 378 nous
562 318 709 375 reste
733 314 872 389 plus
901 315 1283 375 maintenant
1311 331 1542 374 aucune
1563 314 1637 370 de
1654 331 1756 370 ces
1784 315 1890 373 let-
1924 320 1969 374 Α
1998 314 2159 390 pluie
2188 319 2264 376 de
2291 339 2463 394 sang,
2491 323 2530 379 il
2558 326 2658 398 n’y
2684 327 2915 400 répond
2944 346 3060 401 que
3089 344 3205 403 par
3234 328 3349 385 des
3373 330 3699 400 raisonne-

202 419 343 481 tres,
372 410 482 484 qui
498 425 652 465 nous
674 406 1082 467 donneraient
1128 407 1205 473 de
1251 405 1557 473 nouvelles
1600 404 1896 473 lumieres

203 514 310 553 sur
337 502 478 553 tous
508 512 604 551 ces
630 497 1041 549 evanements.

274 591 442 643 Nous
473 602 547 641 en
578 600 759 641 avons
792 584 1167 639 néanmoins
1197 584 1355 640 deux
1385 587 1580 639 autres
1610 583 1688 638 de
1719 588 1897 639 notre

197 675 401 748 prélat
417 689 521 730 sur
547 673 704 729 deux
725 676 931 727 autres
965 672 1176 743 sujets.
1212 674 1388 729 L’une
1419 676 1510 727 est
1539 672 1828 728 adressée
1860 677 1896 729 ὁ.

198 764 404 834 Oliba,
428 764 655 844 évéque
679 761 751 827 de
776 760 877 825 Vic
902 776 981 825 en
1015 761 1360 831 Catalogne.
1387 760 1625 825 Gauzlin
1655 779 1696 835 y
1724 761 1896 839 parle

195 853 344 926 plus
398 870 475 908 en
524 851 738 924 qualite
783 850 1011 905 d‘abbé
1043 852 1227 923 qu’en
1258 851 1399 906 celle
1429 851 1893 923 (l’archeveque,

192 941 502 1015 quoiqu‘il
540 958 580 1013 y
622 955 845 1012 prenne
892 938 1021 995 l'un
1067 944 1127 994 et
1168 939 1373 996 l’autre
1423 940 1570 994 titre.
1607 940 1762 996 C'est
1812 956 1896 995 un

192 1031 599 1104 compliment
650 1029 721 1084 de
768 1028 1190 1084 condoléance
1237 1045 1339 1083 sur
1367 1029 1425 1083 la
1456 1030 1613 1083 mort
1647 1028 1723 1083 de
1757 1032 1893 1084 Ber-

192 1120 386 1187 nard,
414 1123 605 1175 comte
634 1118 706 1173 de
738 1117 969 1181 Besalu,
1002 1116 1157 1172 frere
1188 1117 1442 1189 d’Oliba,
1471 1133 1545 1173 en
1573 1122 1835 1199 reponse
1858 1123 1894 1173 a

192 1210 260 1265 la
318 1209 492 1265 lettre
521 1206 819 1263 circulaire
869 1222 988 1278 par
1026 1205 1288 1279 laquelle
1332 1206 1563 1267 celui-ci
1596 1207 1759 1269 avait
1790 1223 1895 1273 an-

191 1302 405 1355 noncé
434 1302 578 1354 cette
606 1301 760 1352 mort
788 1300 824 1351 ὲ.
857 1312 955 1351 ses
987 1296 1166 1351 amis.

276 1388 513 1444 L’autre
535 1386 695 1442 lettre
740 1385 815 1440 de
844 1383 1095 1441 Gauzlin
1125 1384 1231 1456 qui
1274 1400 1432 1439 nous
1462 1402 1498 1441 a
1529 1389 1617 1441 eté
1652 1402 1892 1441 conser-

194 1480 311 1532 vée
344 1480 434 1531 est
462 1475 596 1548 plus
635 1475 1051 1530 intéressante.
1084 1473 1235 1530 C’est
1263 1488 1385 1541 uno
1416 1477 1672 1548 réponse
1697 1490 1777 1533 au
1804 1474 1893 1529 roi

196 1565 431 1621 Robert
461 1567 646 1635 (FULB.
677 1578 764 1633 ep.
798 1567 938 1633 95.),
987 1561 1095 1634 qui
1126 1561 1283 1617 avait
1314 1563 1459 1617 ecrit
1488 1567 1524 1617 ἐι
1552 1568 1721 1618 notre
1755 1566 1890 1636 pre-

195 1653 289 1708 lat
320 1657 379 1708 et
411 1657 448 1707 a
477 1650 762 1724 quelques
805 1655 1008 1707 autres
1036 1654 1283 1705 savants
1332 1651 1407 1706 de
1441 1668 1551 1706 son
1596 1668 1891 1724 royaume

200 1741 500 1797 touchant
547 1744 690 1796 cette
737 1744 950 1813 espece
1001 1740 1077 1794 de
1118 1738 1278 1811 pluie
1312 1739 1388 1795 de
1422 1756 1576 1810 sang
1618 1742 1724 1813 qui
1754 1741 1894 1795 etait

201 1829 458 1886 tombée
488 1846 588 1885 sur
616 1845 731 1884 une
778 1830 887 1885 des
918 1830 1083 1884 cutes
1129 1828 1462 1884 maritimes
1493 1830 1891 1901 d‘Aquitaine.

204 1922 286 1976 Ce
318 1918 529 1990 prince
553 1917 637 1974 les
667 1918 948 1989 engagait
969 1922 1005 1972 a
1028 1917 1113 1971 lui
1142 1915 1268 1971 dire
1302 1917 1349 1971 si
1375 1916 1703 2003 l’antiquité
1734 1918 1895 1987 four-

205 2006 428 2062 nissait
454 2006 712 2079 quelque
741 2005 1016 2078 exemple
1042 2005 1191 2059 d’un
1214 2003 1543 2061 semblable
1566 2006 1896 2079 phenome-

205 2111 310 2160 ne,
346 2098 407 2149 et
452 2094 589 2167 quel
642 2094 900 2150 {Acheux
950 2098 1310 2149 evenement
1366 2095 1489 2149 s'en
1541 2094 1682 2149 etait
1716 2094 1890 2149 suivi.

208 2182 462 2239 Gauzlin
515 2188 741 2239 montre
798 2200 878 2238 au
922 2182 1013 2237 roi
1064 2197 1177 2253 par
1218 2180 1271 2235 le
1312 2183 1528 2237 recueil
1568 2183 1643 2238 de
1688 2183 1892 2237 Valere

208 2270 492 2339 Maxime,
549 2270 606 2325 1a
669 2270 1009 2342 Chronique
1061 2268 1375 2336 d'Eusebe,
1434 2269 1723 2325 l‘Histoire
1779 2271 1887 2325 des

209 2358 554 2425 Lombards
611 2364 667 2414 et
717 2363 918 2427 autres
973 2357 1221 2425 anciens
1270 2364 1675 2427 monuments,
1709 2360 1891 2431 qu’on

212 2447 381 2503 avait
425 2446 857 2504 effectivement
883 2462 966 2502 vu
1020 2443 1306 2501 autrefois
1342 2445 1448 2501 des
1480 2447 1892 2521 phenomenes

212 2535 597 2611 approchant
622 2537 693 2592 de
716 2534 868 2592 celui
898 2536 1049 2599 dent
1074 2534 1113 2589 il
1144 2535 1285 2597 etait
1313 2536 1608 2611 question,
1634 2540 1691 2590 et
1718 2535 1892 2607 qu’ils

211 2625 383 2681 avait
414 2628 503 2680 été
552 2624 733 2680 suivis
779 2625 855 2680 de
895 2623 1206 2679 calamités
1253 2623 1593 2703 publiques,
1628 2624 1777 2680 dont
1822 2623 1893 2681 ils

212 2717 357 2770 sont
400 2729 656 2789 presque
704 2714 977 2795 toujours
1026 2713 1133 2777 des
1180 2715 1485 2791 présages.
1534 2714 1727 2774 Quant
1769 2712 1893 2769 ala

211 2800 531 2858 diiiérente
578 2802 786 2871 nature
835 2802 943 2859 des
1000 2802 1204 2857 taches
1262 2800 1891 2879 qu’imprimaiteette

1140 3111 1839 3246 GAUSLINI

2005 414 2202 503 ments
2251 414 2581 485 mystiques
2634 420 2690 470 et
2727 432 3001 474 moraux.
3052 417 3309 479 Fulbert
3360 425 3599 503 eaeque
3628 436 3707 495 de

2008 498 2302 569 Chartres,
2333 502 2437 573 qui
2462 503 2622 559 avait
2646 507 2734 559 ete
2766 506 2928 561 aussi
2957 505 3253 564 consulte
3286 527 3394 571 sur
3424 516 3481 576 le
3498 498 3711 585 meme

2005 586 2931 692 ph‘énome‘n‘e‘(ep._97),lyufait
2980 611 3102 692 une
3176 600 3456 692 féponse
3506 617 3543 671 ὰ
3593 633 3714 692 pen

2005 680 2141 747 pres
2173 677 2519 735 semblable.
2554 680 2649 735 Tel
2679 681 2818 737 etait
2844 680 2898 737 le
2937 683 3119 753 génie
3167 681 3273 744 du
3304 695 3497 759 siecle.

2079 767 2166 865 ρο
2198 783 2237 865 8..
2256 767 2918 865 ins-eredanslesactes
2940 771 3023 832 du
3045 777 3325 865 cqncile
3345 787 3417 849 de
3440 792 3704 865 Limgges

2010 854 2193 951 (conc.
2225 860 2261 911 t.
2297 860 2380 926 IX,
2409 863 2532 951 872,
2556 860 2700 951 87?),
2734 863 2875 951 tenu
2903 877 2977 915 en
3012 864 3213 951 £0735
3251 854 3327 927 un
3376 893 3537 934 assez
3561 854 3704 951 long

2005 942 2276 1014 discours
2307 962 2425 1017 que
2448 947 2685 1003 Gauzlin
2714 949 2870 1003 avait
2890 949 3210 1007 autrefois
3238 962 3369 1017 tenu
3392 968 3426 1018 ἀ
3444 965 3503 1019 ιε
3528 942 3689 1033 com;

2006 1047 2078 1086 en
2108 1035 2395 1105 presence
2440 1035 2523 1090 du
2552 1036 2639 1090 roi
2684 1037 2917 1103 Robert,
2953 1043 3180 1095 contre
3222 1063 3369 1103 ceux
3399 1052 3501 1121 qui
3528 1052 3685 1106 refu-
3770 1086 3783 1099 .

2006 1127 2141 1177 sant
2166 1122 2239 1177 de
2286 1126 2653 1179 reconnaitre
2684 1126 2838 1181 saint
2875 1127 3107 1183 Martial
3144 1144 3305 1200 pour
3343 1138 3678 1207 apetre,1ui

2004 1209 2332 1273 donnaient
2377 1228 2529 1281 rang
2574 1219 2736 1268 entre
2778 1214 2863 1269 les
2911 1217 3315 1275 confesseurs.
3368 1226 3540 1278 Entre
3582 1225 3669 1279 les

2002 1300 2479 1357 raisonnements
2506 1303 2648 1373 qu'y
2679 1302 2933 1374 emploie
2964 1309 3138 1360 notre
3168 1308 3558 1381 archevéque,
3587 1327 3668 1366 on

2003 1404 2076 1443 en
2105 1391 2368 1461 apereoit
2416 1391 2854 1463 quelques-uns
2889 1394 3026 1449 tirés
3057 1394 3165 1450 des
3208 1396 3351 1452 faux
3393 1404 3552 1453 actes
3580 1399 3665 1453 du

2004 1478 2163 1543 saint
2209 1482 2365 1539 Ceux
2400 1480 2503 1553 qui
2534 1486 2672 1537 sont
2699 1482 2773 1536 de
2807 1497 2913 1551 sop
2947 1483 3051 1538 cru
3094 1484 3257 1540 n’ont
3297 1489 3477 1555 gnere
3528 1487 3661 1558 plus

2001 1568 2075 1623 de
2106 1566 2263 1623 force
2320 1584 2437 1640 que
2492 1570 2574 1624 les
2632 1577 2850 1628 autres.
2884 1573 2922 1626 ll
2980 1573 3206 1629 semble
3259 1575 3657 1646 qu’Odoloric,

1933 1672 1971 1724 Β
2002 1657 2155 1712 abbe
2211 1657 2285 1711 de
2344 1658 2507 1713 Saint
2558 1660 2799 1729 Martial,
2844 1662 3035 1730 grand
3090 1663 3359 1734 partisan
3418 1664 3491 1720 de
3550 1680 3660 1719 son

2003 1746 2320 1818 apostolat,
2346 1747 2449 1818 qui
2479 1748 2771 1820 produisit
2798 1766 2863 1804 ce
2893 1750 3163 1806 discours
3204 1752 3356 1807 dans
3394 1753 3658 1808 l’assem-

2001 1835 2133 1891 blee
2172 1835 2255 1890 du
2307 1836 2552 1904 concile,
2591 1853 2663 1891 en
2714 1837 2936 1895 faisant
2983 1856 3063 1894 un
3119 1842 3309 1911 grand
3367 1842 3533 1911 eloge
3585 1841 3660 1897 de

1999 1924 2271 1989 l’auteur,
2306 1924 2502 1983 l’avait
2533 1942 2605 1981 en
2633 1928 2792 1982 ecrit.

2076 2030 2315 2087 Gauzlin
2345 2030 2409 2086 ﬁt
2437 2037 2678 2105 present
2706 2038 2741 2089 ὰ
2769 2051 2878 2089 son
2914 2035 3150 2107 abbaye
3180 2036 3255 2092 de
3300 2036 3485 2092 Fleuri
3517 2037 3661 2092 d’un

2000 2135 2286 2174 morceau
2337 2118 2419 2174 du
2470 2122 2664 2178 suaire
2720 2122 2794 2177 de
2846 2123 3357 2194 Notre-Seigneur,
3398 2122 3661 2178 enferme

2000 2209 2155 2263 dans
2208 2224 2291 2263 un
2338 2209 2654 2282 reliquaire
2708 2211 2836 2267 d’or
2887 2229 2962 2267 en
3010 2212 3199 2269 forme
3250 2214 3324 2269 de
3365 2215 3529 2279 bras,
3561 2228 3663 2266 sur

1999 2296 2196 2368 lequel
2246 2296 2285 2351 il
2336 2298 2401 2353 ﬁt
2430 2314 2642 2367 graver
2672 2317 2768 2355 ces
2809 2306 3017 2372 quatre
3059 2302 3233 2375 petits
3278 2319 3431 2367 vers,
3474 2316 3661 2374 appa-

2002 2390 2298 2445 remment
2327 2386 2400 2441 de
2432 2404 2497 2447 sa
2522 2388 2698 2459 faeon
2728 2390 2818 2460 (nu
2850 2391 3015 2459 Cass,
3052 2396 3089 2453 t.
3124 2391 3212 2461 ιγ,
3244 2408 3305 2465 p.
3338 2392 3426 2463 96)

2360 2511 2587 2566 Gaudia
2615 2512 2750 2566 laeta

2360 2610 2487 2662 Fert
2514 2624 2732 2663 manus
2764 2608 2894 2675 ista,

2362 2705 2621 2761 Sindone
2655 2705 2866 2761 Christi

2356 2801 2535 2859 Plena
2562 2803 2882 2873 refulgens.

1952 3110 2724 3245 EPlSTOL/E.

682 3562 1081 3618 EPISTOLA
1138 3561 1417 3617 PRIMA.

755 3666 828 3705 AD
851 3665 1141 3715 ιιοβῖητυιι
1172 3664 1353 3705 REGE)!

527 3740 616 3796 De
683 3740 877 3796 causis
940 3740 1170 3808 pluviae
1236 3741 1583 3809 sanguinis.»

598 3827 761 3899 (Vide
780 3827 936 3883 infra
958 3827 1018 3882 in
1042 3826 1300 3882 Roberto
1320 3830 1504 3899 rege.)

857 3918 1189 3972 EPISTOLA
1216 3918 1259 3970 ll

546 4022 617 4061 sn
638 4007 852 4063 Ousu
876 4021 1234 4062 Αυεοιιιςιςεειι
1256 4020 1558 4061 ειηερορυη

212 4099 303 4152 De
332 4100 527 4152 morte
554 4096 881 4161 Bernardi,
912 4096 1143 4151 comitis
1185 4094 1665 4165 Bisuldunensis,
1703 4096 1888 4153 Olibm

942 4186 1162 4255 fratris

438 4275 690 4344 [FLOBEL
721 4274 969 4343 Espana
997 4273 1265 4343 sagrada
1290 4288 1489 4341 xxvm,
1521 4274 1674 4345 274.]

290 4362 701 4436 Omnipotenti
727 4362 829 4418 Dei
859 4362 1172 4418 clementia
1203 4365 1291 4432 G.,
1316 4362 1801 4436 archiepiscopus
1831 4368 1888 4419 et

214 4452 419 4510 abbas
466 4450 737 4522 ejusdem
780 4451 1027 4507 honoris
1060 4452 1250 4520 gratia
1295 4452 1618 4515 sublimato
1656 4453 1885 4510 domno

213 4540 286 4595 0.
321 4538 654 4610 plurimum
688 4538 893 4594 salutis
925 4555 1170 4595 munus.

292 4628 513 4682 Vestra:
560 4627 927 4698 praeconiam
959 4628 1284 4684 sanctitatis
1318 4629 1671 4700 spiritalium
1700 4630 1884 4685 odore

214 4715 508 4772 refertum
548 4719 890 4781 aromatum
922 4715 1188 4787 quotidie
1230 4718 1290 4771 in
1320 4718 1518 4788 majus
1564 4719 1885 4791 majusque

217 4819 561 4863 excussare
583 4805 910 4871 audientes,
932 4807 1116 4859 Deum
1138 4804 1498 4862 laetabundis
1516 4807 1766 4873 laudum
1786 4824 1885 4863 vo.-

1926 3567 1966 3621 C
1992 3580 2139 3636 pera
2183 3568 2240 3621 et
2266 3565 2406 3620 lecta
2449 3564 2646 3620 cordis
2678 3581 2822 3621 aure
2869 3565 3295 3636 audirs,versa
3337 3564 3467 3621 vice
3512 3564 3656 3622 talia

1995 3652 2283 3710 discimus
2312 3669 2450 3725 quae
2504 3653 2689 3709 animi
2732 3657 2996 3709 mentem
3024 3653 3293 3709 inﬁciant
3319 3657 3378 3708 et
3415 3652 3655 3710 sinistro

1997 3741 2260 3798 afﬁciant
2287 3742 2517 3797 nuntio.
2555 3742 2835 3798 Dolemus
2863 3742 3022 3797 enim
3052 3742 3332 3812 multum,
3369 3742 3517 3797 dum
3541 3743 3656 3799 fra-

1992 3834 2142 3887 trem
2188 3835 2384 3886 vestra
2433 3830 2717 3886 bonitatis
2762 3834 2846 3899 B.,
2872 3830 3077 3885 lumen
3124 3830 3349 3901 patrias,
3380 3830 3653 3887 levamen

1993 3918 2351 3974 miserorum
2393 3916 2553 3977 diem
2597 3917 2817 3973 obiisse
2856 3917 3250 3985 cognovimus
3283 3934 3296 3983 ;
3337 3916 3652 3989 magisque

1992 4005 2291 4074 dolemus,
2329 4005 2474 4060 dum
2499 4022 2607 4059 vos
2634 4021 2778 4060 casu
2829 4006 2960 4075 ejus
2990 4004 3178 4061 nimio
3207 4019 3464 4060 mmrore
3495 4005 3649 4077 peri-

1993 4093 2177 4151 clitari
2223 4093 2535 4150 sentimus.
2587 4094 2936 4151 Mandamus
2965 4108 3108 4162 ergo
3136 4109 3195 4148 in
3239 4107 3562 4150 commune
3585 4098 3653 4151 ut

1990 4186 2195 4237 nostra
2223 4181 2432 4252 legatis
2480 4182 2699 4254 scripta
2741 4182 2815 4238 et'
2844 4182 3036 4238 solatii
3066 4186 3306 4255 portum
3346 4183 3647 4254 quaeratis,

1992 4274 2057 4325 ut
2086 4269 2420 4327 inveniatis.
2456 4273 2568 4326 Nec
2600 4287 2710 4327 vos
2740 4270 2938 4327 fratris
2968 4269 3302 4326 mmstiﬁcet
3345 4270 3646 4339 resolutio,

1991 4375 2131 4414 cum
2178 4358 2376 4416 sciatis
2419 4359 2772 4416 mortalibus
2815 4361 2972 4416 hanc
3030 4375 3159 4415 esse
3204 4359 3465 4431 positam
3506 4360 3649 4418 irre-

1991 4449 2324 4505 vocabilem
2367 4449 2601 4505 horam.
2641 4454 2855 4507 Notum
2898 4454 3098 4506 autem
3144 4449 3397 4507 facimus
3439 4456 3650 4507 vestrm

1990 4539 2326 4611 paternitati
2378 4554 2488 4611 pro
2540 4540 2669 4610 ejus
2718 4540 2921 4595 anima
2957 4540 3086 4610 jam
3131 4554 3243 4593 nos
3293 4554 3498 4610 preces
3528 4543 3648 4595 Deo

1991 4628 2297 4695 obtulisse,
2352 4628 2533 4684 veluti
2588 4628 2753 4684 fratri
2808 4633 3013 4685 nostro
3065 4632 3123 4683 et
3176 4627 3372 4683 amico
3427 4632 3644 4685 vestro.

1992 4718 2470 4777 Consolationem
2516 4734 2587 4773 ex
2629 4717 3044 4774 benedictione
3090 4718 3145 4771 S.
3180 4716 3472 4772 Benedicti
3514 4732 3646 4773 ves-

1992 4810 2095 4863 trm
2136 4807 2427 4877 mittimus
2466 4806 2857 4871 beatitudini;
2890 4820 3076 4877 quam
3105 4818 3176 4859 ea
3216 4804 3502 4860 charitate
3526 4821 3651 4878 qua

217 4894 397 4951 cibus
420 4893 721 4951 eﬁhrimus
748 4898 987 4949 orantes
1035 4896 1098 4948 at
1126 4909 1234 4949 vos
1260 4894 1483 4950 diutius
1520 4896 1582 4952 in
1622 4897 1736 4952 hac
1764 4896 1887 4953 vita
1919 4918 1959 4970 ι)
1990 4894 2239 4951 mittitur
2269 4896 2565 4968 suscipite.
2602 4898 2861 4951 Fratrem
2905 4909 3149 4966 quoque
3177 4893 3308 4964 ejus
3336 4893 3646 4949 Wifridum

217 4999 349 5039 suae
393 4985 562 5052 regat
604 4981 898 5054 propitius
943 4980 1172 5037 virtutis
1216 4982 1478 5039 dextera.
1511 4985 1624 5041 Sed
1667 4985 1815 5042 dum
1845 5002 1882 5041 a

215 5076 437 5129 vestras
500 5070 795 5127 societatis
845 5085 1051 5127 amore
1097 5086 1334 5143 semper
1384 5073 1661 5146 cupimus
1717 5091 1882 5148 pros-

1992 5001 2241 5041 uxorem
2270 4986 2400 5055 ejus
2431 5001 2568 5040 cum
2595 4984 2718 5039 ﬁlio
2748 4988 2805 5040 et
2829 4983 3060 5050 amicis,
3082 4986 3291 5040 nostra
3328 4982 3647 5039 blandiens

1989 5074 2327 5130 consoletur
2356 5073 2493 5129 fusa
2520 5073 2730 5128 oratio.

1634 5364 2189 5405 wmmame
