3994 6166
343 226 447 279 767

1304 211 1673 268 ADELBERO
1714 207 2201 266 LAUDUNENSIS
2238 210 2614 267 EPISCOPUS

3665 215 3792 268 768

815 462 1512 584 GAUSLINI
1596 458 2079 580 SERIviO
2141 461 2336 578 DE
2395 460 2503 580 S.
2576 460 3295 579 MARTlALI

550 696 727 768 (Vide
762 698 900 751 acta
930 694 1174 751 concilii
1200 692 1625 749 Lemovicensis
1658 692 1726 746 II
1744 705 1906 746 anno
1939 693 2067 746 1031
2101 689 2407 759 celebrati,
2438 690 2809 759 Patrologiae
2835 694 2975 745 tom.
3009 691 3202 757 CXLII,
3230 691 3340 746 σοι.
3381 690 3564 761 1356.)

357 846 3806 882 ω

1684 1033 1883 1084 ANNO
1939 1032 2205 1084 DOMINI
2272 1032 2436 1082 XXX

1543 1219 1942 1362 ADA
1969 1217 2592 1361 LBERO

1116 1420 2136 1630 LAUDUNENSIS
2220 1505 2995 1631 EPISCOPUS

1498 1968 1933 2055 NOTITIA
2012 1968 2640 2055 HISTORICA.

1253 2200 1480 2277 (Gallia
1533 2201 1867 2263 chris/iana
1925 2217 2104 2272 nova,
2162 2207 2315 2262 tom.
2363 2200 2465 2274 IX,
2529 2216 2674 2279 pag.
2711 2200 2875 2273 52L)

424 2440 742 2508 Adalbero,
773 2439 966 2495 dictus
988 2438 1164 2493 etiam
1197 2439 1496 2495 Azelinus.
1530 2439 1775 2494 clericus
1805 2454 1877 2493 ex
1925 2451 2009 2491 re-
2040 2419 2088 2472 Α
2130 2433 2351 2488 Eodem
2405 2448 2566 2487 anno
2620 2435 2745 2499 991,
2788 2448 2866 2487 xv
2920 2431 3051 2488 Kal.
3085 2431 3217 2487 Julii
3261 2430 3562 2487 Adalbero
3592 2431 3816 2488 adfuit

356 2546 477 2601 gno
504 2528 761 2584 Lotharii
791 2529 962 2598 cujus
1002 2532 1128 2583 erat
1168 2529 1437 2584 notarius
1469 2545 1567 2584 an.
1619 2532 1744 2593 974,
1776 2527 2011 2582 favente

353 2620 486 2692 ipso
518 2617 791 2673 Lothario
830 2622 1064 2672 creatur
1105 2618 1428 2690 episcopus
1474 2617 1806 2673 admodum
1847 2616 2012 2685 juve-

351 2707 470 2773 nis,
503 2710 560 2762 et
591 2706 897 2761 Dominica
925 2705 1289 2769 Palmarum,
1324 2706 1443 2761 Cal.
1484 2712 1623 2778 Apr.
1657 2705 1734 2761 ab
1760 2703 2015 2760 Adalbe-

354 2811 503 2851 rone
533 2793 984 2865 archiepiscopo
1035 2798 1307 2848 sacratur
1339 2794 1714 2849 Durocortori
1757 2808 1855 2848 an.
1888 2797 2013 2857 977,

357 2888 503 2940 teste
522 2881 838 2937 Flodoardi
861 2882 1289 2937 continuatore.
1314 2886 1539 2938 Nomen
1571 2883 1699 2953 ejus
1729 2881 2017 2953 reperitur

358 2972 780 3040 subsignatum
809 2970 1272 3026 instrumentum
1310 2971 1551 3027 duobus
1584 2988 1879 3027 annorum
1912 2974 2015 3026 972

360 3065 417 3115 et
463 3062 604 3125 974;
653 3057 758 3113 sed
807 3064 1125 3130 utramque
1164 3061 1319 3115 hane
1373 3060 1828 3133 suscriptionem
1884 3062 2018 3130 post

359 3152 598 3219 tempus
628 3147 899 3203 additam
930 3164 1057 3202 esse
1085 3149 1213 3219 jam
1241 3150 1579 3205 observavit
1616 3149 1847 3207 Mabilio
1878 3166 2016 3203 nos-

361 3241 467 3292 ter.
528 3236 886 3308 Subscripsit
936 3252 1033 3291 an.
1067 3242 1171 3292 980
1204 3238 1430 3294 Chartae
1476 3238 1740 3293 Herberti
1783 3237 2015 3292 comitis

359 3324 663 3381 Trecensis
710 3341 819 3397 pro
869 3326 1184 3380 monachis
1235 3327 1671 3393 Dervensibus;
1719 3331 1776 3381 et
1804 3325 2018 3381 eodem

360 3414 589 3470 circiter
620 3430 782 3470 anno
812 3414 1126 3470 ecclesiam
1167 3416 1569 3471 Petrae-Fontis
1600 3416 1765 3471 dedit
1810 3431 2018 3469 mona-

362 3503 489 3557 chis
533 3502 593 3557 in
636 3504 881 3558 abbatia
925 3504 1313 3559 Vincentiana
1362 3504 1660 3560 restitutis.
1703 3509 1873 3559 Anno
1916 3509 2018 3560 986

363 3589 715 3661 subscripsit
759 3591 1069 3646 donationi
1117 3593 1524 3663 quarumdam
1569 3593 1954 3648 ecclesiarum
1983 3610 2019 3648 a

362 3681 668 3733 Notranno
727 3678 1011 3751 episcopo
1063 3680 1406 3735 Nivernensi
1460 3682 1720 3751 capitulo
1773 3682 2019 3752 majoris

363 3764 625 3820 ecclesiae
680 3765 1053 3821 Nivernensis
1105 3767 1475 3824 collatarum.
1522 3769 1740 3825 Eodem
1791 3770 2019 3827 circiter
2047 3763 2092 3816 Β

364 3869 526 3909 anno
556 3854 938 3910 insimulatus
964 3861 1055 3911 est
1084 3856 1357 3912 adulterii
1379 3874 1518 3912 cum
1553 3861 1761 3914 Emma
1792 3860 2015 3929 regina;

362 3958 484 4015 qua
513 3943 589 3998 de
613 3960 675 3999 re
704 3944 995 4014 legendus
1028 3945 1237 4015 Pagius
1268 3951 1411 4002 tom.
1454 3949 1540 4009 lV,
1566 3964 1706 4019 pag.
1731 3952 1816 4004 53.
1848 3955 2019 4003 Anno

363 4036 464 4088 987
497 4032 835 4104 impetravit
851 4034 929 4089 ab
950 4034 1197 4103 Hugone
1226 4036 1446 4107 Capeto
1467 4036 1735 4109 diploma
1756 4053 1865 4109 pro
1887 4053 2025 4093 con—

362 4120 700 4177 ﬁrmatione
721 4122 1022 4178 bonorum
1047 4126 1102 4180 S.
1121 4125 1404 4180 Vincentii
1431 4127 1860 4194 Laudunensis;
1880 4126 2021 4181 sub-

366 4207 718 4281 scripsitque
746 4217 1045 4283 praecepto
1074 4213 1346 4282 ejusdem
1379 4216 1536 4285 regis
1578 4231 1685 4287 pro
1708 4214 2024 4271 monachis

367 4295 844 4353 Corbeiensibus.
877 4305 1048 4355 Anno
1075 4305 1178 4356 989
1206 4302 1556 4375 subscripsit
1582 4303 1892 4376 privilegio
1916 4309 2021 4358 Ar-

365 4383 515 4438 nulﬁ
567 4386 876 4441 Remensis
937 4389 1370 4462 archiepiscopi
1417 4393 1492 4447 de
1550 4392 1926 4448 immunitate
1968 4403 2029 4454 et

365 4470 689 4530 donatione
718 4475 893 4545 burgi
927 4478 981 4532 S.
1012 4478 1279 4547 Remigii.
1309 4484 1479 4535 Anno
1506 4485 1631 4549 991,
1664 4497 1801 4535 cum
1843 4484 2021 4538 Caro-

365 4559 459 4615 lus
487 4563 866 4632 Lotharingia
895 4564 1016 4620 dux
1052 4566 1410 4622 Laudunum
1441 4570 1769 4634 invasisset,
1820 4570 2023 4641 ibique

368 4666 508 4706 cum
537 4652 783 4708 Arnulfo
807 4655 1079 4710 Remensi
1107 4660 1457 4719 moraretur,
1485 4657 1781 4713 Adalbero
1810 4659 2021 4714 urbem

370 4740 614 4796 tradidit
667 4743 901 4811 Hugoni
934 4744 1094 4815 regi:
1150 4745 1309 4799 unde
1343 4745 1617 4802 Silvester
1663 4763 1827 4820 papa
1851 4748 2027 4821 perﬁ-

368 4829 482 4884 diae
508 4846 645 4886 eum
672 4832 867 4902 arguit
891 4850 903 4898 ;
955 4838 1013 4889 et
1041 4833 1355 4890 Guibertus
1384 4834 1458 4890 de
1510 4852 1581 4891 eo
1612 4836 1698 4891 sic
1739 4836 2023 4910 loquitur,

368 4917 472 4974 lib.
498 4935 586 4974 iu:
620 4942 647 4968 ‹‹
677 4920 1005 4986 Ascelinus,
1042 4921 1147 4993 qui
1192 4922 1371 4977 etiam
1401 4924 1704 4980 Adalbero
1751 4930 2021 4982 vocatur.

370 5022 444 5062 ex
470 5009 862 5078 Lotharingiae
892 5010 1202 5076 oriundus,
1248 5010 1413 5066 dives
1436 5028 1643 5084 opum,
1686 5015 2022 5086 possessio-

370 5110 520 5150 num
549 5095 835 5168 locuples,
863 5113 1022 5162 cum,
1046 5096 1344 5154 distractis
1372 5100 1675 5156 omnibus.
1700 5102 1890 5173 pretia
1938 5102 2027 5157 in-
2054 5107 2096 5162 C

374 5183 573 5252 gentia
617 5185 695 5239 ad
743 5186 947 5242 sedem
979 5186 1071 5242 cui
1103 5192 1356 5258 praeerat
1396 5189 1813 5256 transtulisset,
1845 5190 2025 5246 eccle-

375 5270 528 5325 siam
578 5287 753 5326 suam
804 5274 1121 5346 praecipuis
1150 5274 1398 5347 quidem
1445 5278 1756 5333 ornatibus
1784 5279 2028 5347 insigni-

375 5358 487 5425 vit;
522 5358 678 5413 clero
700 5375 770 5415 ac
795 5362 1100 5433 pontiﬁcio
1130 5364 1305 5435 plura
1333 5365 1533 5433 auxit;
1567 5367 1670 5422 sed
1695 5373 1909 5423 cuncta
1930 5368 2031 5423 illa

373 5445 666 5502 beneficia
695 5448 962 5519 quadam
994 5452 1483 5522 praestantissima
1509 5454 1815 5527 iniquitate
1846 5455 2031 5510 foeda-

378 5533 479 5600 vit,
517 5533 830 5591 dominum
864 5554 1045 5592 suum
1086 5555 1310 5609 regem,
1340 5540 1716 5597 innocentem
1753 5558 2030 5614 puerum,

381 5624 475 5680 cui
500 5629 944 5681 sacramentum
974 5625 1275 5685 ﬁdelitatis
1306 5628 1668 5700 praebuerat,
1696 5630 1980 5703 prodidit.
2007 5655 2036 5682 ››

2126 2538 2235 2577 con
2247 2522 2444 2576 ventui
2469 2521 2893 2593 episcoporum
2924 2520 3090 2592 apud
3122 2521 3177 2576 S.
3210 2519 3485 2575 Bazolum
3545 2534 3813 2589 tangre-

2128 2616 2266 2677 gato
2299 2615 2505 2665 contra
2534 2608 2817 2664 eumdem
2848 2608 3184 2664 Arnulfum.
3217 2619 3388 2664 Anno
3414 2608 3644 2664 circiter
3687 2612 3814 2665 994

2128 2699 2317 2755 adfuit
2365 2698 2531 2753 alteri
2559 2698 2794 2770 synodo
2850 2698 3171 2771 provincia:
3227 2697 3549 2753 Remensis.
3607 2701 3813 2754 Anno

2126 2790 2231 2844 998
2256 2787 2615 2859 subscripsit
2645 2788 2867 2843 chartaa
2890 2786 3127 2843 Roberti
3155 2787 3311 2857 regis
3325 2802 3433 2858 pro
3480 2786 3816 2858 Dionysia-

2126 2876 2221 2932 nis
2270 2875 2624 2943 monachis;
2676 2876 2770 2932 cui
2813 2876 3069 2949 principi
3096 2875 3314 2931 dicavit
3354 2890 3618 2939 carmen,
3684 2892 3810 2932 seu

2129 2967 2342 3031 mavis,
2377 2970 2663 3036 satyram,
2693 2981 2880 3037 quam
2913 2980 3075 3021 anno
3108 2968 3240 3020 1663
3271 2964 3424 3020 notis
3474 2964 3807 3020 illustravit

2127 3054 2425 3109 Adrianus
2448 3054 2736 3109 Valesius.
2760 3057 2933 3109 Anno
2967 3057 3103 3109 1008
3121 3052 3287 3109 alteri
3311 3054 3527 3109 chartae
3550 3052 3802 3109 Boberti

2126 3145 2283 3213 regis
2300 3161 2409 3216 pro
2436 3144 2813 3216 Dionysianis
2829 3144 3178 3216 subscripsit
3192 3144 3253 3199 in
3274 3143 3501 3201 Calensi
3516 3142 3793 3199 consilio.

2128 3239 2301 3289 Anno
2335 3238 2467 3288 1015
2495 3233 2687 3288 adfuit
2726 3232 2976 3288 concilio
3026 3233 3320 3303 Remensi,
3351 3238 3409 3288 et
3440 3232 3799 3303 subscripsit

2130 3323 2245 3378 sub
2273 3321 2519 3377 nomine
2561 3320 2781 3377 Azelini
2813 3320 2977 3377 alteri
3025 3320 3336 3393 diplomati
3377 3320 3652 3392 ejusdem
3681 3322 3803 3377 Ro-

2130 3410 2282 3466 berti
2310 3426 2421 3483 pro
2451 3409 2818 3466 monasterio
2851 3412 2905 3466 S.
2938 3409 3186 3479 Benigni
3218 3409 3612 3465 Divionensis.
3645 3412 3800 3466 Cum

2132 3516 2370 3571 magna:
2399 3504 2552 3555 esset
2581 3500 2945 3555 auctoritatis
2959 3499 3022 3554 in
3041 3515 3248 3570 regno,
3263 3515 3333 3555 eo
3349 3506 3567 3569 agente
3580 3500 3802 3556 Ebalus

2132 3589 2192 3644 in
2213 3588 2441 3644 Arnulfi
2482 3588 2915 3661 archiepiscopi
2953 3588 3155 3644 locum
3187 3587 3471 3644 suffectus
3502 3595 3597 3645 est
3639 3604 3801 3645 anno

2138 3682 2264 3734 1021
2280 3680 2458 3743 .Quas
2474 3677 2687 3732 eodem
2710 3677 2940 3734 circiter
2952 3681 3220 3749 tempore
3231 3676 3581 3733 excitaverit
3594 3678 3797 3733 turbas

2134 3767 2193 3822 in
2249 3766 2506 3822 Ecclesia
2551 3766 3032 3837 Suessionnensi,
3078 3766 3330 3822 dicimus
3386 3766 3467 3821 in’
3492 3767 3798 3822 Harduino

2134 3855 2511 3912 Noviomensi
2541 3856 2849 3928 episcopo.
2874 3855 3079 3911 Adfuit
3105 3871 3265 3912 anno
3297 3859 3430 3911 1027
3465 3857 3800 3912 coronatio-

2131 3945 2194 4000 ni
2222 3944 2468 4001 Heinri-zi
2502 3948 2521 3999 Ι
2551 3944 2729 4014 regis,
2762 3944 3073 4000 celebratae
3103 3944 3267 4017 apud
3296 3947 3516 4000 Remos
3543 3947 3683 4007 ipso
3708 3945 3800 4000 die

2132 4036 2503 4089 Pentecostes
2532 4076 2545 4100 ,
2579 4039 2636 4089 et
2664 4033 3016 4106 subscripsit
3043 4033 3347 4107 privilegio
3378 4034 3625 4089 Roberti
3650 4034 3802 4103 regis

2130 4139 2240 4195 pro
2257 4122 2570 4178 monachis
2588 4122 3003 4178 Dervensibus.
3028 4123 3250 4179 Eodem
3266 4138 3427 4178 anno
3446 4123 3805 4195 subscripsit

2130 4211 2297 4267 alteri
2351 4211 2621 4283 ejusdem
2678 4210 2913 4266 Roberti
2974 4211 3195 4267 chartae
3260 4227 3372 4284 pro
3424 4210 3806 4267 monasterio

2132 4300 2538 4365 Gemeticensi,
2570 4304 2868 4373 superstes
2899 4301 2977 4356 ad
3004 4316 3149 4357 ann.
3184 4304 3338 4357 1030.

2202 4394 2348 4444 Ante
2377 4388 2609 4444 obitum
2639 4404 2819 4443 suum
2848 4388 2923 4443 de
2965 4403 3307 4444 successore
3348 4388 3461 4443 sibi
3490 4386 3809 4444 sufﬁcien-

2132 4479 2211 4535 do
2282 4478 2548 4547 Widone,
2614 4483 2830 4549 nepote
2905 4477 3134 4533 Beroldi
3202 4476 3472 4549 episcopi
3537 4478 3812 4533 Suessio-

2133 4568 2353 4633 nensis,
2380 4567 2780 4635 cogitaverat;
2812 4566 2975 4639 quod
3018 4565 3313 4622 Gerardus
3350 4567 3811 4622 Cameracensis

2134 4657 2451 4730 episcopus
2514 4654 2685 4710 valde
2741 4654 3124 4728 improbant,
3180 4654 3384 4710 litteris
3460 4654 3543 4710 ad
3602 4655 3810 4727 ipsum

2134 4745 2571 4801 Adalberonem
2597 4749 2655 4800 et
2684 4744 2763 4800 ad
2792 4743 3040 4799 Ebalum
3084 4743 3614 4817 archiepiscopum
3670 4745 3813 4799 scri-

2135 4834 2497 4908 psit,quibus
2512 4832 2943 4889 exsecrandam
2965 4833 3127 4889 illam
3151 4833 3481 4888 novitatem
3495 4832 3808 4903 suggillet,

2135 4924 2407 4980 videlicet
2456 4927 2521 4978 ut
2550 4938 2669 4978 una
2722 4922 2980 4978 Ecclesia
3009 4922 3163 4978 duos
3203 4922 3426 4978 habeat
3454 4923 3809 4994 episcopos.

2138 5012 2309 5081 fregit
2352 5010 2745 5066 Adalberonis
2794 5010 3109 5066 consilium
3157 5010 3400 5067 Gerardi
3447 5010 3635 5077 zelus,
3666 5010 3812 5067 effe-

2139 5102 2334 5173 citque
2381 5104 2446 5155 ut
2479 5115 2601 5154 non
2638 5099 2825 5169 Wido,
2866 5099 2974 5154 sed
3013 5099 3315 5155 Gebuinus
3346 5099 3396 5155 ei
3429 5100 3807 5155 succederet.

2140 5194 2339 5247 Exstat
2362 5189 2614 5246 Fulberti
2638 5189 2716 5245 ad
2734 5189 3173 5245 Adalberonem
3194 5189 3445 5263 epistola
3472 5207 3487 5257 ;
3516 5190 3638 5261 ipsi
3666 5205 3813 5245 vero

2142 5280 2310 5336 Dudo
2353 5278 2623 5335 decanus
2669 5281 2723 5335 S.
2761 5279 3022 5344 Quintini
3065 5278 3605 5335 Viromanduensis
3652 5294 3813 5334 nun-

2139 5367 2383 5440 cupavit
2424 5367 2607 5423 libros
2632 5372 2750 5422 tres
2782 5367 2856 5421 de
2887 5367 3066 5423 rebus
3109 5370 3623 5436 Normannorum,
3654 5382 3816 5439 quos

2140 5456 2324 5511 edidit
2384 5457 2790 5521 Quercetanus
2838 5471 2977 5511 cum
3034 5454 3163 5510 aliis
3217 5454 3613 5527 scriptoribus
3672 5460 3817 5512 Nor-

2142 5544 2436 5599 mannicis
2523 5547 2853 5600 Exstinctus
2909 5561 2964 5599 v1
3018 5543 3142 5599 Kal.
3203 5542 3349 5599 febr.
3407 5558 3483 5598 ex
3536 5543 3816 5599 necrolo-

2144 5632 2243 5703 gio
2288 5633 2697 5705 Vincentiano,
2723 5633 2993 5706 sepultus
3018 5637 3107 5690 est
3132 5649 3273 5691 cum
3316 5631 3444 5693 aliis
3472 5649 3606 5689 sum
3650 5632 3817 5690 sedis
