3976 6180
848 620 937 675 35.

852 1086 942 1139 40.

856 1547 945 1600 45.

855 2008 941 2060 50.

853 2473 940 2524 55.

856 2942 944 2995 60.

856 3413 942 3465 65.

856 3883 944 3935 70.

856 4354 945 4403 75.

864 4823 950 4876 80.

865 5295 951 5349 85.

1270 92 1275 95 ’
1317 120 1606 181 CARMEN
1635 124 1726 183 AD
1762 123 2138 187 scenarum
2167 127 2425 189 suasu.

983 244 1353 317 Corporishic
1386 245 1609 315 vultus,
1631 248 1963 305 moderatio
1992 250 2176 311 nulla.

978 333 1255 388 Versibus
1284 334 1513 404 exiguis
1546 340 1775 395 tantum
1808 338 2049 395 tentabo
2078 339 2368 397 dolorem.

982 422 1210 495 Scripta
1237 429 1440 496 patent
1471 424 1732 483 celebres
1762 442 1899 501 qute
1929 427 2169 487 mittunt
2199 432 2549 491 Crotoniatae
2582 435 2711 509 (10).

981 515 1244 585 Desuper
1271 518 1357 570 est
1384 513 1604 580 titulus,
1638 514 1734 571 lex
1764 516 2207 591 antiquissima,
2236 520 2491 595 scriptus
2524 542 2539 591 ;

978 621 1329 693 Praecipiunt
1357 622 1417 679 vi
1445 628 1696 690 cogatur
1724 624 1893 694 quod
1924 630 2136 697 sponte
2166 632 2418 698 negatur
2446 646 2459 689 :

980 711 1049 764 Ut
1074 709 1271 781 placet
1292 710 1566 783 imperio,
1594 711 1675 767 sic
1708 727 1771 769 se
1797 712 2180 771 transformet
2207 721 2264 771 et
2292 716 2461 779 ordo.

980 798 1252 853 Rusticus
1276 799 1371 854 ille
1396 800 1582 872 piger,
1612 799 1899 857 deformis
1928 806 1985 859 et
2012 802 2275 875 undique
2308 805 2494 878 turpis
2522 807 2636 879 (11)

980 887 1231 945 Pulchra
1263 904 1402 947 cum
1433 888 1687 959 gemmis
1719 888 1936 947 ditetur
1967 890 2126 947 mille
2158 907 2399 951 corona.

980 977 1133 1032 Juris
1163 976 1441 1033 custodes
1471 982 1694 1048 cogunt
1722 982 1959 1051 portare
1992 979 2259 1035 cucullas
2292 984 2428 1052 (12),

984 1085 1177 1139 Orent.
1214 1082 1517 1150 inclinent,
1549 1087 1803 1151 taceant,
1832 1084 2149 1157 vultusque
2187 1092 2503 1159 reponant.

984 1172 1133 1227 Nudi
1162 1171 1477 1244 pontifices
1501 1177 1767 1229 aratrum
1798 1172 1925 1229 sine
1950 1172 2070 1230 ﬁne
2097 1180 2426 1246 sequantur
2454 1177 2569 1247 (t3)

982 1260 1262 1315 Carmina
1291 1277 1431 1315 cum
1462 1260 1700 1317 stimulo
1728 1260 1905 1332 primi
1936 1263 2238 1321 cantando
2266 1264 2549 1336 parentis.

982 1348 1262 1404 Prsesulis
1292 1353 1347 1403 et
1376 1348 1427 1407 si
1455 1348 1601 1405 forte
1630 1353 1800 1407 vacet
1827 1349 1996 1408 locus
2025 1351 2449 1413 intronizentur
2476 1355 2589 1427 (14)

984 1440 1255 1493 Pastores
1285 1436 1506 1507 ovium,
1536 1441 1753 1507 nautae,
1784 1437 2129 1512 quicunque
2159 1440 2231 1497 sit
2256 1439 2372 1498 ille.

985 1543 1066 1599 Sit
1093 1548 1295 1600 tamen
1324 1543 1437 1598 hoc
1466 1543 1790 1615 prmsubtili
1819 1544 2048 1605 ratione
2083 1545 2447 1609 canendum.

986 1632 1189 1688 Nullus
1220 1630 1591 1705 episcopium
1622 1631 1828 1695 divina
1855 1632 1985 1702 lege
2014 1634 2240 1705 peritus

988 1719 1233 1786 Tendet,
1263 1719 1370 1776 sed
1399 1720 1584 1777 sacris
1612 1720 1927 1792 Scripturis
1953 1727 2300 1792 evacuatus,

985 1812 1052 1864 Et
1080 1809 1286 1866 studiis
1310 1824 1494 1883 puem
1523 1824 1632 1865 nec
1664 1811 2078 1869 constrinxerit
2107 1827 2229 1873 una
2254 1811 2488 1871 dierum
2518 1814 2628 1887 (15)
2656 1832 2669 1885 ;

982 1897 1381 1973 Alphabetum
1410 1897 1624 1973 sapiat,
1656 1898 1842 1969 digito
1873 1903 2105 1957 tantum
2136 1916 2453 1959 numerare
2485 1901 2618 1974 (16).

983 2004 1050 2058 Hi
1074 2020 1350 2076 proceres
1379 2022 1393 2071 ;
1421 2009 1821 2077 praeceptores
1847 2005 1959 2069 hos
1990 2006 2255 2065 mundus
2285 2008 2494 2069 adoret
2522 2008 2654 2081 (17).

981 2096 1048 2149 Et
1068 2094 1236 2165 juvet
1260 2099 1324 2153 ut
1353 2093 1615 2155 celebres
1645 2110 1754 2153 nec
1780 2109 1950 2164 reges
1979 2094 2369 2168 excipiantur.

979 2182 1331 2255 Praecipiunt
1360 2199 1586 2249 coram,
1619 2182 1725 2238 sed
1754 2182 1909 2241 clam
1935 2199 2072 2241 cum
2103 2183 2314 2241 fraude
2339 2188 2670 2245 susurrant.

988 2270 1211 2335 Regula
1240 2271 1287 2326 si
1320 2271 1549 2326 stabilis
1577 2270 1785 2327 divum
1815 2272 2210 2344 permanserit
2240 2272 2352 2329 ista
2384 2274 2511 2346 (18),

984 2360 1325 2431 Disciplina,
1358 2360 1548 2430 vigor,
1580 2360 1787 2431 virtus,
1820 2376 1962 2421 mox
1992 2364 2049 2416 et
2075 2360 2255 2417 decor
2284 2361 2481 2418 omnis

984 2466 1257 2522 Ecclesize
1288 2466 1463 2535 fugor
1492 2482 1687 2537 pauco
1716 2466 1831 2525 sub
1860 2470 2132 2538 tempore
2161 2471 2378 2536 verget.

983 2554 1230 2612 Publica
1259 2571 1355 2611 res
1381 2570 1517 2626 quae
1548 2554 1651 2618 sic,
1683 2554 1860 2626 plane
1890 2556 1994 2624 sic,
2025 2555 2281 2623 ducitur,
2311 2571 2483 2631 asque

984 2644 1237 2713 Legibus
1266 2643 1570 2703 exstinctis
1600 2643 1660 2701 in
1690 2660 1839 2716 pace
1870 2644 2104 2717 sepulta
2130 2644 2400 2716 quiescet
2423 2646 2558 2718 (19).

986 2737 1182 2788 Luxus
1214 2737 1272 2790 et
1298 2732 1580 2799 incestus,
1616 2732 1839 2791 furtum
1867 2738 2008 2791 tunc
2040 2732 2292 2793 crimina
2322 2733 2584 2797 stabunt.

986 2822 1246 2885 Libertas
1271 2822 1678 2895 delinquendi,
1713 2827 1853 2879 tunc
1878 2822 2131 2881 crimina
2156 2822 2400 2881 stabunt

986 2938 1396 2993 Excluduntur
1417 2941 1474 2992 et
1499 2937 1558 2993 hi
1585 2953 1741 3009 quos
1770 2936 1897 2994 sola
1926 2938 2171 2995 scientia
2201 2938 2383 2995 comit
2409 2938 2540 3010 (20),

985 3027 1192 3081 Christi
1222 3042 1566 3092 conservos,
1599 3030 1657 3081 et
1681 3042 1838 3097 quos
1866 3026 2158 3097 sapientia
2180 3027 2385 3094 nutrit,

986 3120 1050 3171 Et
1072 3116 1294 3188 quibus
1323 3120 1618 3187 apparent
1646 3115 2076 3172 introductoria
2107 3131 2270 3171 sana:

983 3203 1293 3273 Docti-inae,
1320 3220 1456 3279 quae
1486 3203 1784 3278 depromit
1814 3208 1955 3277 post
1982 3207 2147 3272 terga
2172 3202 2413 3261 cicatrix
2437 3222 2449 3260 :

985 3295 1178 3348 Sacra:
1207 3292 1256 3349 si
1285 3308 1545 3362 magnus
1574 3292 1714 3351 ﬁdei
1741 3291 1994 3349 surrexit
2023 3308 2209 3362 error,

986 3407 1162 3462 Omni
1187 3422 1441 3462 censura
1469 3412 1796 3462 conventus
1830 3407 1951 3462 sint
1977 3405 2174 3463 alieni.

983 3496 1267 3551 Consultu
1300 3495 1455 3565 regis
1483 3496 1546 3551 hi
1570 3496 1973 3567 praecidantur
1998 3495 2076 3550 ab
2106 3495 2272 3552 omni
2303 3496 2433 3567 (sic)

984 3585 1274 3641 Omnibus
1299 3584 1553 3653 egressis
1579 3584 1913 3641 thalamum
1942 3589 2080 3656 post
2102 3585 2254 3642 ostia
2284 3591 2524 3644 servent
2556 3588 2670 3659 (21)

985 3677 1103 3729 Hoc
1134 3674 1329 3729 solum
1352 3673 1528 3731 rutilo
1558 3678 1925 3747 praeceptum
1955 3673 2231 3730 scribitur
2256 3691 2425 3744 auro,

982 3766 1052 3819 Ut
1075 3767 1427 3835 procurator
1449 3762 1629 3832 regis,
1664 3762 1977 3819 mundana
2002 3762 2349 3819 ministrans
2379 3765 2517 3837 (22),

986 3878 1067 3933 Sit
1081 3877 1282 3949 .piger,
1314 3876 1588 3947 ignavus,
1621 3876 1861 3933 modica
1887 3876 2097 3933 virtute
2126 3876 2409 3948 repletus.

984 3966 1089 4021 Hic
1115 3965 1310 4021 aliena
1338 3970 1520 4036 petat,
1546 3969 1775 4037 repetat
1802 3980 1915 4021 sua
1943 3965 2027 4021 nil
2053 3965 2394 4032 tribuendo,

986 4057 1055 4109 Et
1071 4053 1291 4125 jugiter
1319 4056 1563 4109 maneat
1589 4052 1816 4130 divisus
1848 4057 2003 4109 sorte
2029 4052 2218 4123 jugali
2249 4053 2400 4124 (:3):

988 4142 1054 4198 Ni
1081 4141 1237 4212 regis
1265 4141 1646 4215 hceredipetae
1676 4158 1799 4197 non
1830 4158 1966 4219 spes
1996 4140 2109 4197 sibi
2135 4144 2364 4199 constet
2394 4140 2528 4212 (24).

988 4234 1089 4287 Est
1116 4230 1363 4303 antiqua
1384 4234 1646 4305 patrum,
1680 4231 1922 4289 tradunt
1951 4247 2091 4286 cum
2117 4233 2304 4299 sueta,
2335 4228 2634 4299 voluntas,

992 4350 1060 4404 Ut
1088 4346 1255 4415 casti,
1288 4345 1472 4403 sobrii
1501 4346 1618 4403 sint
1646 4346 1923 4403 custodes
1951 4345 2378 4405 thalamorum.

990 4437 1099 4503 Qui
1128 4436 1314 4494 nescit
1343 4436 1587 4506 molere,
1618 4436 1745 4505 regi
1776 4436 1851 4493 sit
1881 4436 2116 4491 charior
2141 4435 2237 4492 ille
2262 4454 2275 4491 :

990 4525 1235 4583 Caesaris
1259 4524 1353 4579 his
1381 4525 1615 4595 majora
1637 4524 1809 4595 jubet
1836 4524 2156 4598 descriptio
2186 4524 2379 4593 Magni
2406 4525 2523 4595 (25)

986 4614 1183 4669 Deviet
1208 4612 1304 4667 ille
1330 4628 1496 4668 sacer
1521 4612 1595 4668 de
1626 4612 1764 4668 sede
1788 4612 2158 4669 monasticus
2185 4612 2336 4668 ordo
2361 4630 2374 4668 :

990 4705 1211 4759 Uxores
1240 4702 1466 4758 ducant
1492 4701 1796 4773 pulchras,
1826 4706 1881 4759 et
1905 4700 2110 4777 praelia
2136 4705 2374 4758 tentent.

992 4818 1245 4875 Territus
1274 4818 1504 4887 edictis,
1532 4818 1834 4877 meditans
1860 4834 1985 4891 quo
2010 4817 2251 4874 tendere
2280 4833 2523 4889 possem

989 4908 1285 4978 (Rectores
1313 4923 1515 4963 rerum
1543 4907 1739 4979 placet
1766 4906 2054 4965 accersire
2082 4922 2360 4965 mearum
2390 4906 2557 4976 (26).)

991 4997 1223 5065 Omnia,
1259 4996 1522 5066 singultu
1549 5000 1754 5066 guttur
1780 4996 2103 5069 quatiente,
2132 4994 2378 5061 revolvi,

992 5086 1245 5156 Legibus
1270 5102 1301 5142 e
1330 5086 1535 5160 patriis
1561 5085 1812 5143 credens
1839 5084 2088 5142 omnino
2113 5086 2363 5148 remota,

990 5176 1197 5232 Priscis
1222 5175 1592 5250 temporibus
1617 5175 1762 5249 quia
1788 5190 1913 5233 non
1941 5173 2147 5232 audita
2174 5172 2432 5239 fuerunt,

996 5292 1208 5349 Usibus
1239 5292 1502 5365 exceptis
1528 5289 2017 5363 procuratoribus
2052 5287 2206 5360 aptis

992 5381 1208 5438 Mittere
1236 5384 1585 5452 proponunt
1611 5395 1755 5435 mox
1782 5377 2093 5451 explorare
2122 5374 2480 5445 magistrum
2508 5391 2522 5429 :

993 5470 1181 5527 Gallia
1208 5468 1319 5524 fert
1344 5470 1678 5525 monachos
1705 5485 1862 5541 quos
1887 5471 2131 5526 Patrum
2157 5463 2367 5536 regula
2393 5461 2596 5521 nutrit.

3469 143 3576 198 7'74-
