3976 6180
464 105 567 160 ’775
1536 111 2022 168 ADALBERONIS
2055 107 2368 166 EPISCOPI
2411 109 2794 165 LAUDENSIS
3743 109 3832 162 T16

1274 235 1361 289 Ad
1393 237 1726 292 monachos
1760 237 2097 292 monachus
2130 233 2674 290 transmittatur.....

1275 325 1374 380 Hic
1406 326 1665 397 sapiens,
1698 327 1792 381 hic
1823 331 1910 380 est
1935 324 2138 390 solers,
2169 322 2476 394 verboque
2505 321 2698 377 ﬁdelis
2723 339 2736 388 ;

1146 436 1233 487 90.
1278 431 1388 497 Qui
1415 432 1621 487 solitus
1654 448 1888 504 semper
1917 432 2078 501 leges
2110 445 2344 485 servare
2371 434 2653 501 paternas

1276 521 1526 576 Flectere
1558 521 1664 575 scit
1693 521 1958 593 prudens
1990 519 2296 574 animosos
2326 519 2400 573 ad
2433 517 2734 590 pietatem.

1273 610 1598 664 Consilium
1631 616 1872 665 cautum
1905 609 2170 680 sequitur
2199 609 2341 678 (non
2374 611 2462 662 est
2488 609 2682 677 mora)
2713 607 2959 663 factum.

1272 701 1521 769 Vespere
1553 698 1948 770 progreditur,
1982 702 2108 752 tum
2136 712 2316 751 mane
2343 696 2653 751 revertitur
2681 695 2759 751 ad
2789 712 2922 763 nos,

1275 791 1338 843 Et
1365 788 1614 843 festinus
1645 788 1781 860 equi
1813 787 2159 860 spumantia
2189 786 2342 841 colla
2373 785 2626 858 reliquit.
2875 780 2880 784 ’

1143 900 1230 951 95.
1275 896 1422 960 Quo,
1453 911 1596 966 quo,
1625 911 1768 966 quo,
1796 894 2035 965 praesul,
2066 893 2231 948 bona
2256 892 2473 958 nutrix,
2504 894 2656 947 heus
2683 893 2694 947 !
2730 908 2900 964 puer,
2933 893 3130 948 uxor?

1270 985 1369 1037 Est
1396 983 1851 1054 incompositus,
1885 984 2076 1054 posita
2096 986 2227 1052 jam
2259 987 2421 1036 veste
2453 981 2668 1052 priore.

1270 1071 1464 1126 Pileus
1489 1071 1757 1126 excelsus
1787 1071 1860 1125 de
1891 1070 2043 1142 pelle
2078 1069 2395 1140 Libystidis
2428 1086 2584 1123 ursae
2616 1070 2724 1139 (27)
2753 1087 2766 1135 ;

1271 1163 1336 1216 Et
1359 1159 1537 1214 vestis
1563 1176 1805 1214 crurum
1838 1164 2008 1214 tenus
2039 1164 2126 1213 est
2155 1163 2384 1213 curtata
2411 1158 2611 1214 talaris
2643 1158 2777 1229 (28),

1269 1248 1532 1303 Finditur
1561 1247 1842 1313 anterius,
1876 1264 1984 1302 nec
2010 1246 2200 1318 parcit
2229 1246 2561 1316 posteriori.

1108 1359 1226 1410 100.
1271 1354 1371 1410 Ilia
1396 1354 1715 1418 baldringo
1747 1354 1928 1424 cingit
1958 1352 2326 1408 strictissima
2351 1352 2510 1424 picto
2538 1352 2671 1422 (29).

1268 1442 1610 1514 Multiplices
1637 1447 1692 1497 et
1721 1459 1814 1496 res
1844 1441 2041 1496 multae
2069 1457 2176 1512 per
2202 1440 2442 1509 cingula
2471 1440 2735 1513 pendent
2760 1459 2772 1508 ;

1265 1537 1450 1586 Arcus
1480 1548 1617 1586 cum
1650 1532 1950 1602 pharetra,
1982 1530 2238 1601 forceps,
2273 1534 2330 1585 et
2358 1528 2629 1596 malleus,
2663 1529 2825 1584 ensis

1265 1620 1611 1692 lgnitusque
1642 1619 1806 1689 silex,
1839 1619 2062 1674 ferrum
2091 1619 2387 1690 quatiens,
2423 1616 2600 1672 simul
2625 1617 2761 1687 ilex,

1266 1710 1412 1763 Ossa
1435 1707 1812 1778 superﬁciem
1842 1707 2070 1776 stringit
2099 1707 2321 1762 diffusa
2341 1707 2625 1762 deorsum
2655 1707 2788 1777 (30).

1104 1819 1221 1869 105.
1268 1814 1523 1869 Saltibus
1554 1813 1836 1868 incedens
1869 1815 2107 1882 (terram
2140 1812 2355 1868 calcari
2385 1816 2664 1884 pungunt
2692 1812 2800 1883 (31)
2826 1829 2839 1866 :

1266 1902 1452 1974 Coepit
1483 1918 1722 1957 summa
1747 1902 1969 1974 pedum
2003 1918 2141 1956 cum
2171 1903 2338 1956 tortis
2368 1901 2608 1956 tendere
2638 1901 2841 1956 rostris
2873 1901 3008 1972 (32).

1264 1991 1616 2059 Ingreditur,
1650 1990 1771 2044 noti
1803 1990 2010 2044 fratres
2041 2006 2223 2061 quem
2253 2005 2430 2044 nosse
2459 1988 2739 2044 laborant
2765 1989 2899 2058 (33).

1263 2082 1633 2135 Concurrunt
1664 2079 1841 2144 cives,
1871 2083 1928 2134 et
1955 2079 2123 2147 larga
2149 2078 2371 2150 palatia
2401 2078 2722 2149 complent.

1263 2169 1605 2223 Pontilicem
1638 2168 1719 2222 sic
1747 2168 2030 2222 deformis
2058 2172 2199 2223 tunc
2232 2168 2453 2222 sistitur
2474 2172 2628 2223 ante.

1106 2281 1224 2332 110.
1268 2279 1416 2330 Esne
1446 2291 1616 2329 meus
1646 2275 2001 2337 monachus,
2030 2279 2112 2342 tu,
2141 2290 2323 2345 quem
2355 2273 2488 2328 misi
2511 2274 2628 2328 ?....

1257 2368 1493 2433 Pugnos
1525 2363 1799 2429 declinat,
1830 2363 2063 2417 cubitos
2095 2363 2358 2417 extendit
2395 2363 2454 2416 in
2480 2362 2672 2417 altum
2704 2381 2715 2416 :

1258 2453 1450 2506 Erexit
1479 2451 1700 2520 cilium,
1736 2455 2018 2521 torquens
2050 2466 2189 2504 cum
2217 2449 2443 2504 lumine
2475 2449 2716 2505 collum.

1257 2541 1412 2596 Miles
1438 2555 1620 2608 nunc,
1650 2539 1984 2593 monachus
2016 2538 2255 2593 diverso
2290 2554 2456 2593 more
2488 2538 2748 2592 manebo
2779 2538 2910 2609 (34).

1255 2634 1381 2684 Non
1415 2645 1526 2698 ego
1555 2645 1690 2682 sum
1718 2629 2069 2692 monachus,
2101 2627 2272 2696 jussu
2305 2627 2406 2681 sed
2438 2627 2625 2682 milito
2652 2627 2828 2696 regis.

1095 2741 1212 2791 H5.
1255 2739 1402 2790 Nam
1429 2734 1710 2789 dominus
1741 2750 1911 2788 meus
1942 2738 2029 2787 est
2055 2749 2160 2787 rex
2192 2733 2417 2804 Oydelo
2449 2733 2869 2789 Cluniacensis.

1150 2827 1211 2878 R.
1253 2827 1412 2878 Tunc
1446 2830 1579 2878 cata
1611 2830 1667 2877 to
1703 2825 2078 2891 siopomenon
2121 2838 2368 2876 causam
2400 2823 2706 2878 meditaris
2733 2825 2847 2893 (35)
2871 2827 2899 2878 ?

1254 2916 1314 2966 In
1347 2911 1554 2966 studiis
1583 2911 1827 2966 memini
1857 2911 2189 2966 formarum
2218 2927 2399 2966 nosse
2428 2913 2674 2981 ﬁguras.

1158 3003 1213 3055 P.
1255 3003 1382 3054 Non
1409 3004 1510 3054 tua
1539 2999 1864 3070 prmpediat
1895 3015 1995 3052 eos
2024 2998 2357 3068 indignatio
2387 2998 2618 3053 fervens
2649 3001 2782 3071 (36).

1252 3092 1616 3160 Praeceptum
1644 3087 1875 3142 Domini
1905 3087 2077 3142 liceat
2105 3104 2244 3142 cum
2270 3103 2418 3159 pace
2449 3087 2685 3154 referre,

1091 3209 1207 3261 120.
1254 3207 1426 3262 Sarra
1451 3204 1630 3259 nimis
1664 3220 1832 3272 gens,
1865 3219 2151 3258 cenorum
2177 3203 2251 3258 de
2285 3219 2472 3270 more,
2501 3204 2738 3276 petulca
2770 3205 2904 3276 (37),

1249 3297 1518 3364 Regnum
1547 3297 1907 3349 Francorum
1938 3293 2220 3348 manibus
2249 3293 2524 3365 ferroque
2557 3293 2873 3349 subactum

1248 3385 1513 3452 Occupat
1542 3387 1598 3436 et
1624 3381 1781 3436 rodit
1804 3381 2102 3452 quidquid
2133 3380 2244 3435 sibi
2277 3381 2460 3436 Gallia
2486 3382 2685 3436 nutrit.

1248 3471 1517 3542 Undique
1549 3475 1700 3524 terra
1729 3469 1922 3535 rubet,
1954 3485 2127 3525 roseo
2157 3470 2493 3525 madefacta
2522 3470 2772 3542 liquore.

1247 3558 1547 3626 Sanguine
1573 3562 1861 3612 torrentes
1890 3557 2075 3612 nimia
2104 3557 2178 3612 de
2209 3558 2371 3612 cmde
2397 3559 2756 3625 redundant,

1084 3680 1201 3731 125.
1244 3672 1513 3728 Ecclesiae
1540 3673 1730 3737 labor,
1765 3672 2008 3727 interius
2040 3673 2223 3728 decus
2250 3690 2429 3729 omne
2457 3674 2742 3742 dicatum,

1242 3765 1503 3834 Corpora
1531 3765 1874 3816 sanctorum
1905 3761 2152 3817 volitant
2182 3779 2507 3834 conspersa
2533 3779 2637 3835 per
2669 3781 2867 3821 auras.

1243 3853 1388 3907 Sunt
1415 3849 1639 3918 avium,
1670 3854 1810 3904 sunt
1829 3851 1959 3919 jam
1989 3850 2287 3905 consortia
2317 3851 2472 3906 facta
2496 3851 2779 3923 luporum
2811 3855 2946 3924 (38).

1237 3943 1437 3995 Vastat
1465 3939 1841 4011 episcopium
1871 3955 2009 3994 cum
2039 3945 2234 4007 strage
2264 3940 2696 3997 Turoniacense
2729 3942 2859 4014 (39).

1237 4029 1514 4086 Martinus
1539 4029 1754 4101 plorat,
1785 4032 2038 4084 tutorem
2067 4028 2333 4084 clamitat
2360 4028 2521 4084 idem
2554 4033 2683 4103 (40).

1077 4151 1194 4203 130.
1238 4147 1462 4216 Oydelo
1495 4146 1872 4219 compatitur,
1902 4145 2075 4201 simili
2099 4145 2204 4218 qui
2227 4146 2360 4216 jure
2386 4151 2635 4202 tenetur.

1234 4235 1338 4290 Hic
1369 4239 1620 4291 Romam
1650 4235 1813 4307 petiit
1838 4233 2150 4289 monachis
2179 4250 2350 4290 orare
2382 4235 2636 4290 salutem
2667 4237 2799 4307 (41).

1236 4325 1655 4379 Conscendunt
1678 4339 1880 4394 voces,
1912 4323 2214 4378 fremitum
2238 4324 2385 4380 dant
2414 4323 2830 4381 Cluniacenses
2859 4327 2971 4398 (42)
2999 4345 3012 4383 ε

1235 4410 1506 4467 Clamant
1535 4418 1712 4484 atque
1740 4417 1987 4468 monent
2014 4430 2025 4466 :
2063 4412 2268 4469 Subito
2299 4413 2573 4485 dispone,
2604 4415 2914 4488 magister,

1227 4502 1410 4554 Arma
1438 4501 1635 4555 subire
1662 4501 1795 4569 tuis,
1829 4507 1885 4557 et
1913 4517 2046 4574 quae
2075 4518 2355 4575 praepone
2379 4501 2600 4558 debent
2626 4520 2638 4558 :

1070 4621 1188 4673 135.
1231 4617 1371 4680 Quae
1405 4614 1516 4670 sint
1549 4616 1824 4687 exterius,
1855 4622 1913 4672 et
1940 4634 2075 4690 quae
2103 4618 2220 4674 sint
2247 4618 2545 4674 interiora.

1229 4703 1474 4760 Lunaris
1505 4701 1765 4775 pendere
1794 4705 1960 4776 prius
1989 4706 2168 4762 debet
2195 4710 2297 4762 tua
2326 4707 2486 4779 pelta
2516 4707 2622 4779 (43)
2657 4725 2669 4776 ;

1228 4795 1476 4864 Insuper
1506 4806 1782 4862 apponas
1811 4791 1916 4848 tibi
1945 4792 2316 4866 loricamque
2345 4793 2616 4850 trilicem.

1229 4879 1478 4937 Lubrica
1509 4880 1839 4938 sustineant
1868 4882 2102 4952 galeam
2126 4882 2409 4940 cinctoria
2432 4883 2624 4939 lumbi
2656 4885 2763 4956 (44)
2796 4904 2809 4941 :

1223 4970 1499 5039 Corrigiis
1525 4975 1706 5043 caput
1735 4971 2040 5027 astrictum
2073 4988 2360 5028 mucrone
2392 4989 2642 5030 corones
2672 4991 2684 5028 :

1061 5089 1180 5141 140.
1225 5085 1462 5156 Spicula
1488 5089 1624 5156 post
1654 5090 1886 5155 tergum
1914 5090 2138 5152 teneas,
2173 5090 2313 5141 tunc
2343 5085 2624 5144 dentibus
2655 5105 2881 5157 ensem,

1220 5176 1286 5228 Et
1315 5174 1472 5243 cogit
1496 5174 1746 5244 juvenes
1777 5174 1966 5230 lentos
1997 5174 2316 5230 ascendere
2349 5191 2557 5232 currus
2585 5177 2716 5250 (45),

1219 5266 1407 5333 Atque
1435 5278 1647 5317 senum
1677 5263 1956 5335 praecepit
1981 5277 2168 5333 equos
2198 5264 2600 5320 conscendere
2631 5266 2892 5334 turbam,

1220 5350 1558 5406 Ascendant
1587 5351 1824 5406 asinum
1854 5351 1996 5417 bini,
2029 5351 2287 5422 denique
2319 5353 2615 5408 camelum
2646 5354 2755 5425 (46)
2780 5374 2792 5410 :

1221 5438 1278 5496 Si
1304 5455 1425 5494 non
1457 5439 1777 5509 sufﬁciunt,
1809 5439 2103 5496 bubalum
2129 5442 2508 5498 conscendite
2539 5443 2707 5499 terni.
