3976 6180
187 152 275 209 777

1335 155 1616 217 CARMEN
1658 160 1755 214 AD
1786 159 2162 218 ROBERTUM
2194 162 2451 220 REGEM.

855 302 972 353 145.
1000 299 1168 356 Millia
1201 301 1360 358 mille
1390 304 1498 360 viri
1522 305 1866 378 procedunt
1894 309 2032 361 ante
2062 305 2306 378 quirites
2338 309 2469 377 (47).

990 391 1100 445 Res
1127 391 1323 460 agitur
1354 394 1508 452 ferro
1541 397 1720 453 ternis
1746 395 1980 469 prolata
2009 395 2220 452 diebus
2249 398 2380 470 (48).

991 478 1242 549 Signifer
1270 482 1330 538 in
1359 485 1562 542 medio
1588 502 1886 559 properus
1917 501 2042 541 non
2073 490 2312 543 stertere
2346 488 2501 563 ccepi
2531 490 2642 560 (49)
2675 508 2688 544 :

990 567 1235 624 Dissutis
1261 573 1457 642 malis,
1478 575 1692 632 ﬂatum
1717 573 2054 648 pugnando
2078 575 2274 646 rejeci.

986 657 1212 727 Nescio,
1235 677 1343 733 per
1371 679 1642 736 superos,
1674 664 1960 720 manibus
1990 667 2138 736 quot
2165 664 2351 722 millia
2385 667 2589 736 stravi,

825 783 948 836 150.
986 783 1211 855 Jupiter
1240 786 1334 842 ille
1364 787 1518 845 duos
1549 793 1829 845 numerat
1857 788 2101 845 meliore
2133 789 2356 862 lapillo.

991 873 1215 929 Tertius
1242 875 1338 932 ille
1365 876 1479 934 deo
1509 879 1673 935 Marti
1702 894 1826 935 non
1855 879 1960 934 rite
1990 877 2242 934 dicatur.

988 963 1247 1035 Cuspide
1282 970 1480 1022 trusus
1511 983 1691 1040 equo,
1721 967 2006 1024 vexillum
2037 971 2207 1039 turpe
2243 967 2477 1041 reliqui.

989 1053 1136 1107 Cum
1163 1053 1406 1127 reliquis
1432 1056 1687 1126 fugiens,
1719 1055 1998 1127 genitalia
2027 1071 2215 1126 regna
2241 1057 2438 1129 petivi,

989 1142 1121 1197 Haec
1150 1147 1386 1215 patrata
1418 1145 1574 1202 scias
1603 1145 1663 1201 in
1686 1145 1881 1218 prima
1908 1143 2040 1201 luce
2070 1145 2414 1202 Decembris
2442 1148 2573 1219 (50).

826 1257 946 1308 155.
990 1255 1112 1312 Hoc
1141 1257 1348 1314 itidem
1377 1261 1570 1316 Martis
1603 1259 1924 1316 tentabitur
1953 1263 2089 1316 ante
2119 1259 2447 1318 Kalendas.

989 1344 1198 1402 Militiae
1229 1347 1508 1421 princeps
1539 1347 1619 1404 ad
1650 1353 1702 1404 te
1731 1364 1843 1404 nos
1874 1347 2102 1420 Oydelo
2130 1348 2305 1404 mittit
2334 1350 2472 1421 (51).

979 1436 1053 1489 Te
1078 1435 1398 1492 dominum
1426 1436 1866 1492 monachorum
1892 1436 2144 1492 bellicus
2173 1437 2322 1492 ordo
2354 1437 2575 1496 salutat
2601 1459 2615 1507 ;

988 1526 1287 1583 Admonet
1314 1525 1571 1581 invitans
1603 1525 1762 1582 acies
1792 1530 1856 1582 ut
1882 1525 2040 1582 bella
2063 1541 2350 1598 perornes

989 1615 1240 1686 Agmine
1269 1619 1632 1686 conceptus;
1665 1613 2024 1670 mandatum
2055 1615 2324 1670 concitus
2356 1615 2537 1690 imple
2573 1619 2704 1690 (52).

831 1738 949 1790 160.
991 1732 1186 1788 Armis
1215 1734 1268 1786 te
1293 1730 1464 1786 decet
1492 1735 1629 1786 ante
1656 1731 1809 1786 mori
1839 1746 2026 1803 quam
2053 1748 2195 1787 rura
2225 1731 2498 1789 colendo.

990 1822 1204 1880 Mittere
1233 1819 1562 1892 perplures,
1592 1834 1780 1892 quam
1811 1819 2052 1875 frondes
2081 1820 2220 1876 Asia
2252 1821 2510 1894 spondet
2535 1823 2666 1895 (53),

989 1911 1182 1966 Africa
1205 1908 1397 1978 nigra,
1430 1907 1615 1964 maris
1642 1907 1882 1964 bibulas
1910 1925 2096 1981 quam
2123 1909 2283 1966 littus
2313 1926 2546 1979 arenas,

989 2001 1128 2054 Pars
1159 1999 1395 2066 Europa
1418 1995 1620 2050 minus
1646 2011 1770 2050 non
1794 1995 1981 2066 jactat
2004 1996 2174 2052 tertia
2201 1997 2433 2053 mundi.

989 2086 1142 2154 Quid
1171 2085 1275 2142 tibi
1301 2085 1408 2156 vis,
1434 2085 1653 2156 rabies,
1687 2084 1848 2141 tetris
1872 2085 2230 2155 dignissima
2257 2086 2532 2144 claustris
2564 2089 2673 2162 (54)
2697 2093 2724 2148 ‘?

826 2207 944 2258 165.
989 2201 1166 2271 Figite
1195 2216 1304 2274 per
1332 2215 1576 2272 corpus,
1607 2199 1797 2269 fugiat
1824 2215 1899 2256 ne
1926 2200 2167 2268 lividus,
2199 2217 2453 2273 ungues.

869 2294 934 2347 Β.
979 2290 1160 2348 Crede
1189 2289 1356 2359 mihi,
1387 2305 1511 2344 non
1538 2304 1636 2344 me
1666 2294 1768 2344 tua
1796 2289 1983 2345 verba
2012 2290 2302 2346 minantia
2331 2297 2552 2349 terrent
2577 2295 2711 2365 (55).

986 2379 1247 2436 Plurima
1274 2394 1370 2434 me
1401 2378 1606 2434 docuit
1634 2378 2018 2450 Neptanabus
2049 2379 2144 2435 ille
2175 2380 2461 2451 magister
2487 2384 2602 2453 (56)

985 2467 1252 2540 (Labitur
1283 2465 1421 2522 aula
1453 2466 1628 2521 tholis
1661 2465 1862 2522 rutilat
1908 2483 2040 2538 quae
2072 2467 2387 2539 splendida
2417 2468 2634 2540 fulvis).

879 2559 944 2612 P.
986 2558 1098 2612 Per
1125 2560 1329 2628 partes
1362 2553 1644 2609 scindunt
1671 2559 1894 2609 vestem
1923 2571 2111 2627 quam
2140 2556 2400 2629 quisque
2428 2558 2668 2644 tenebat
2693 2561 2828 2631 (57).

829 2679 947 2730 170.
993 2673 1241 2731 Credere
1270 2688 1414 2728 vera
1439 2671 1655 2727 dehinc
1689 2686 1872 2742 super
1899 2670 1993 2726 his
2020 2687 2131 2727 nec
2161 2671 2313 2728 falsa
2342 2674 2564 2730 notavi.

988 2761 1223 2818 Ordinis
1249 2764 1336 2816 est
1365 2759 1543 2830 igitur
1570 2759 1697 2814 haec
1729 2758 2173 2815 transformatio
2204 2761 2373 2830 regni
2397 2763 2529 2834 (58).

990 2848 1410 2921 Unusquisque
1440 2852 1634 2920 potest
1663 2846 1792 2902 aliis
1821 2847 2187 2918 conjungere
2212 2848 2392 2904 rebus
2423 2868 2436 2919 ;

992 2940 1132 2996 Sese
1161 2937 1328 3010 quod
1353 2941 1570 2993 natura
1595 2940 1774 3007 negat
1799 2936 2091 3010 sapientia
2123 2943 2434 2996 monstrat.

992 3028 1137 3099 Spes
1157 3027 1473 3097 juvenum,
1501 3030 1751 3082 ventura
1775 3024 1923 3094 dies,
1951 3026 2055 3099 qui
2086 3025 2317 3084 discere
2345 3027 2559 3086 nolunt
2587 3030 2716 3102 (59).

829 3157 949 3207 175.
993 3153 1186 3208 Causa
1213 3166 1450 3217 senum,
1483 3149 1609 3205 sine
1636 3167 1742 3224 spe
1769 3151 2028 3224 pueriles
2053 3150 2339 3224 plangere
2368 3170 2598 3210 cursus.

868 3261 874 3266 '
992 3240 1284 3299 Omnibus
1313 3241 1375 3296 in
1403 3240 1609 3308 rebus,
1643 3240 1690 3295 si
1718 3240 1904 3296 solers
1933 3241 2138 3298 omnia
2171 3243 2407 3314 scirem,

992 3333 1113 3388 Heu
1139 3330 1150 3384 !
1184 3329 1365 3384 miser
1392 3328 1680 3402 insipiens
1709 3328 1877 3402 quod
1904 3345 2002 3384 me
2033 3345 2195 3386 nunc
2221 3332 2469 3404 poenitet
2502 3337 2689 3404 urget.

987 3430 1116 3483 Non
1142 3429 1365 3481 rastros
1394 3425 1556 3494 novi,
1585 3441 1694 3480 nec
1722 3424 1907 3480 tristia
1936 3425 2144 3497 praelia
2170 3427 2312 3496 vidi,

988 3519 1099 3572 Res
1127 3515 1288 3572 mala
1315 3531 1327 3570 :
1356 3514 1523 3588 quod
1553 3514 1676 3570 scio
1705 3513 2036 3570 defendunt
2068 3534 2082 3583 ;
2114 3516 2282 3588 quod
2311 3518 2514 3575 nescio
2535 3519 2758 3578 cedunt
2783 3520 2918 3594 (60).

832 3636 948 3688 180.
995 3631 1052 3687 Si
1083 3631 1165 3687 sic
1195 3629 1523 3699 contigerit,
1555 3645 1786 3686 vacuus
1817 3629 2078 3687 suﬂlabo
2109 3630 2341 3688 favillas
2371 3651 2384 3688 :

989 3721 1106 3774 Aut
1135 3718 1292 3788 regis
1322 3718 1569 3788 cineres,
1600 3723 1704 3774 aut
1734 3722 1969 3774 nostras
1997 3718 2160 3775 ﬂabo
2192 3723 2508 3780 Camaanas
2539 3724 2669 3797 (61).

874 3810 943 3864 R.
989 3809 1046 3866 Si
1071 3811 1265 3864 Musas
1294 3807 1581 3874 celebres,
1615 3806 1876 3862 clament
1903 3809 2186 3865 musarde
2208 3813 2484 3868 sacerdos
2516 3816 2649 3882 (62).

882 3901 943 3954 P.
985 3897 1216 3953 Persius
1247 3895 1570 3966 indignans
1601 3901 1839 3968 promet
1868 3899 1997 3951 tum
2029 3898 2198 3953 lusca
2227 3901 2502 3957 sacerdos
2535 3903 2670 3973 (63),

990 3986 1101 4052 Qui
1127 3985 1288 4055 legit,
1317 3984 1473 4056 sapit
1496 3983 1763 4039 ofﬁcium
1793 4001 1984 4039 musae
2017 3985 2144 4040 sine
2171 3987 2369 4044 Musis.

829 4115 950 4168 185.
991 4108 1148 4165 Velle
1174 4108 1428 4174 bonum,
1464 4107 1650 4164 sacris
1681 4107 1789 4163 sed
1817 4106 2112 4164 delectare
2139 4107 2394 4181 loquelis

992 4199 1289 4253 Instanter
1317 4195 1586 4268 cupiens,
1620 4195 1837 4250 horum
1866 4210 1988 4252 non
2020 4196 2341 4253 immemor
2367 4213 2643 4271 unquam

990 4285 1170 4343 Iustis
1194 4284 1462 4340 inveniar
1493 4283 1721 4353 similis,
1753 4285 1868 4340 hoc
1893 4285 2100 4356 judico
2132 4301 2392 4359 semper,

992 4375 1157 4445 Eligo
1187 4388 1370 4430 nosse
1397 4375 1585 4428 Deum
1609 4390 1623 4440 ;
1656 4372 1885 4428 cunctis
1939 4372 2215 4445 praeferre
2247 4375 2412 4447 quod
2441 4380 2604 4449 opto.

991 4469 1285 4536 Prospera
1315 4461 1365 4517 si
1396 4461 1504 4518 tibi
1535 4466 1692 4529 sunt,
1721 4477 1845 4518 non
1874 4461 2090 4519 taedeat
2116 4463 2232 4519 hoc
2263 4465 2586 4524 reminiscit
2611 4467 2745 4541 (64),

834 4587 957 4640 190.
999 4585 1120 4638 Rex
1149 4595 1362 4650 regum
1393 4583 1574 4636 temet
1596 4583 1824 4643 quanto
1853 4577 2064 4635 ditavit
2091 4579 2338 4637 honore.

993 4674 1233 4728 Munera
1255 4667 1548 4724 concessit
1576 4668 1742 4741 prius
1769 4667 2052 4723 omnibus
2084 4669 2177 4724 his
2207 4670 2476 4743 meliora,

994 4763 1225 4816 Partem
1251 4774 1516 4831 namque
1547 4757 1659 4827 sui,
1687 4773 1822 4830 qua
1846 4773 1990 4830 pars
2018 4758 2310 4830 sapientia
2332 4776 2477 4817 vera
2505 4762 2616 4834 (65)
2646 4781 2659 4819 :

993 4850 1101 4904 Per
1123 4862 1310 4919 quam
1343 4845 1494 4902 scire
1524 4849 1694 4918 potes
1719 4861 1854 4918 quae
1885 4849 2026 4901 sunt
2053 4845 2316 4904 ccclestia
2346 4864 2606 4922 semper.

995 4936 1152 5002 Quid
1176 4936 1268 5004 sit,
1297 4935 1687 5003 Hierusalem,
1715 4933 1900 4990 debes
1928 4937 1993 4990 tu
2016 4935 2186 5004 scire,
2220 4953 2503 5009 superna,

834 5067 955 5120 195.
1000 5061 1152 5122 Quid
1181 5059 1435 5133 lapides,
1457 5059 1634 5128 muri,
1663 5062 1869 5131 portae,
1899 5062 2198 5115 structura
2226 5059 2374 5130 quid
2404 5058 2526 5130 illa,

998 5153 1065 5206 Et
1092 5149 1318 5223 quibus
1350 5147 1452 5204 illa
1476 5163 1730 5204 manens
1761 5148 1834 5203 sit
1863 5146 2093 5202 civibus
2118 5145 2431 5214 aadiﬁcata,

996 5239 1214 5297 Ordine
1239 5237 1519 5295 distincto
1547 5236 1793 5307 regitur,
1825 5250 1951 5291 non
1978 5234 2162 5290 milite
2193 5249 2412 5305 pauco,

996 5332 1100 5383 Ast
1129 5327 1259 5382 aliis
1285 5326 1433 5384 alios
1463 5326 1698 5398 praefert
1724 5324 1982 5380 discreta
2012 5325 2296 5394 potestas.

1000 5414 1247 5484 Singula
1271 5414 1543 5480 dissolvi,
1574 5416 1818 5485 propter
1844 5411 2088 5468 fastidia
2111 5411 2381 5480 longum.

713 5539 839 5590 200.
898 5537 962 5589 Β.
1007 5531 1163 5589 Scire
1189 5523 1394 5586 meum
1422 5529 1569 5585 nihil
1595 5533 1702 5595 est,
1738 5545 1978 5601 semper
2003 5528 2109 5585 sed
2138 5529 2408 5586 Numinis
2434 5529 2577 5587 almi

471 5625 712 5682 Pauor.
755 5625 928 5680 CXLI.

3255 5630 3323 5683 25

3485 170 3589 223 7⁸18
