3976 6180
166 198 260 254 781

1335 193 1615 248 ΟΛΒΜΕΝ
1648 192 1744 245 AD
1775 190 2151 247 ROBERTUM
2179 193 2413 250 REGEM

981 316 1213 371 Iudicat
1238 320 1512 387 expertes
1543 314 1770 369 servilis
1800 314 2175 371 conditionis.

982 405 1104 460 Hos
1130 408 1286 461 Deus
1318 405 1569 460 adscivit
1594 421 1795 459 servos
1826 403 1958 471 sibi,
1981 404 2212 475 judicat
2236 406 2401 480 ipse:

983 496 1189 549 Castos
1215 498 1276 548 et
1304 493 1535 548 sobrios
1565 492 1640 547 de
1671 492 1835 547 caelis
1865 490 2130 546 clamitat
2156 510 2303 550 esse.

816 585 941 637 260.
986 584 1173 638 Omne
1206 597 1395 651 genus
1424 582 1741 637 hominum
1770 585 2069 652 praecepto
2100 581 2365 639 subdidit
2388 584 2500 640 illis
2527 584 2635 658 (84)

984 669 1263 742 Princeps
1295 669 1585 741 excipitur
1612 668 1836 732 nullus,
1871 684 2011 722 cum
2043 668 2256 724 dicitur
2283 686 2470 728 omne.

985 760 1147 824 Quos
1173 758 1344 828 jubet
1374 762 1437 812 ut
1467 756 1725 812 doceant
1755 758 1977 811 sectam
2010 772 2244 812 servare
2271 754 2511 816 ﬁdelem

986 850 1051 902 Et
1079 844 1267 916 mergi
1296 844 1504 902 doctos
1536 844 1687 900 sacri
1723 844 1807 900 sic
1838 843 1997 901 fonte
2028 842 2251 901 lavacri
2284 849 2412 919 (85).

981 935 1295 991 Constituit
1326 933 1613 1004 medicos,
1648 933 1695 988 si
1726 932 1973 989 vulnera
2005 936 2498 1006 computruerunt
2528 936 2657 1010 (86),

820 1037 944 1089 265.
986 1037 1094 1088 Per
1123 1050 1277 1105 quos
1312 1049 1659 1088 sermonum
1692 1031 1953 1087 cauteria
1988 1038 2126 1088 sunt
2154 1028 2522 1091 adhibenda.

985 1123 1261 1195 Corporis
1288 1122 1381 1177 ille
1414 1122 1504 1177 sui
1538 1126 1983 1176 sacramentum
2019 1118 2331 1190 sanguinis
2363 1129 2541 1196 atque
2575 1124 2686 1195 (87)

980 1211 1159 1267 Jussit
1187 1229 1309 1283 quo
1342 1211 1505 1266 solus
1540 1209 1817 1267 tractaret
1844 1210 1949 1266 rite
1981 1211 2283 1267 sacerdos.

986 1300 1239 1356 Maxima
1268 1299 1566 1355 commisit
1599 1315 1751 1370 quos
1785 1313 1845 1353 se
1870 1302 2122 1355 tractare
2154 1297 2389 1367 rogavit
2417 1303 2549 1373 (88),

988 1392 1136 1444 Voce
1167 1389 1268 1444 Dei
1299 1384 1464 1461 quod
1494 1387 1860 1461 promissum
1893 1404 2011 1442 non
2041 1404 2173 1444 esse
2204 1390 2491 1455 negatum
2525 1388 2634 1461 (89)

822 1490 947 1542 270.
991 1486 1299 1543 Credimus
1326 1490 1381 1541 et
1408 1486 1649 1551 scimus,
1674 1484 1733 1538 ni
1762 1501 1915 1556 quos
1947 1502 2055 1540 sua
2084 1485 2334 1542 crimina
2363 1486 2591 1560 pellunt
2618 1507 2631 1556 ;

990 1576 1053 1629 In
1084 1575 1246 1630 caelis
1275 1572 1498 1646 primas
1528 1570 1745 1628 debent
1778 1573 2176 1628 conscendere
2223 1570 2396 1630 sedes
2426 1577 2439 1643 ζ
2448 1578 2559 1647 90).

988 1667 1103 1719 Hos
1134 1664 1301 1719 deret
1332 1659 1626 1731 evigilare.
1660 1658 1805 1716 cibis
1835 1664 1891 1717 et
1920 1674 2164 1734 parcere
2196 1660 2397 1719 multis
2431 1664 2559 1735 (91),

988 1756 1095 1808 Pro
1119 1748 1326 1824 populi
1359 1762 1716 1822 semperque
1746 1746 1870 1805 suis
1899 1762 2071 1806 orare
2099 1752 2305 1807 ruinis.

991 1843 1185 1895 Pauca
1217 1855 1395 1911 super
1425 1838 1652 1893 clericis
1683 1837 1825 1905 dixi,
1860 1836 1963 1893 sed
1990 1839 2169 1910 plura
2190 1836 2401 1912 reliqui
2428 1838 2557 1911 (92).

826 1942 950 1993 275.
991 1936 1265 2009 Equales
1296 1935 1473 2001 igitur
1506 1940 1645 1989 sunt
1676 1946 1885 1990 omnes
1916 1934 2254 1993 conditione
2287 1938 2420 2010 (93),

993 2029 1117 2081 Una
1146 2025 1364 2080 domus
1392 2023 1627 2079 Domini
1654 2025 1783 2094 lege
1815 2022 1862 2079 si
1890 2024 2187 2080 clauditur
2212 2036 2356 2081 una.

990 2116 1098 2168 Res
1129 2113 1267 2168 ﬁdei
1297 2112 1571 2184 simplex,
1608 2116 1799 2167 status
1825 2116 1915 2167 est
1942 2113 2002 2167 in
2029 2112 2240 2168 ordine
2266 2114 2497 2187 triplex.

992 2204 1105 2256 Lex
1128 2202 1399 2257 humana
1430 2198 1585 2256 duas
1610 2200 1817 2255 indicit
1845 2201 2221 2256 conditiones
2246 2203 2399 2273 (94):

992 2289 1210 2345 Nobilis
1238 2294 1295 2344 et
1324 2304 1535 2345 servus
1561 2288 1739 2343 simili
1764 2302 1890 2343 non
1920 2289 2051 2359 lege
2075 2293 2371 2346 tenentur.

823 2392 947 2443 280.
990 2391 1139 2442 Nam
1168 2386 1346 2458 primi
1375 2386 1499 2440 duo
1530 2390 1689 2454 sunt,
1724 2386 1872 2441 alter
1896 2387 2062 2453 regit,
2096 2387 2353 2459 imperat
2383 2388 2530 2444 alter
2554 2386 2666 2460 (ea)
2693 2407 2706 2456 ;

992 2476 1263 2540 Quorum
1293 2479 1597 2546 praecepto
1624 2470 1963 2544 respublica
1992 2474 2168 2530 ﬁrma
2193 2476 2449 2531 videtur.

993 2566 1142 2620 Sunt
1172 2563 1295 2629 alii,
1323 2562 1537 2634 quales
1562 2562 1917 2630 constringit
1942 2562 2107 2619 nulla
2131 2568 2399 2634 potestas
2424 2564 2579 2634 (96);

993 2652 1255 2708 Crimina
1286 2653 1334 2706 si
1363 2651 1620 2720 fugiunt,
1647 2668 1785 2724 quae
1813 2666 2027 2721 regum
2055 2658 2292 2725 sceptra
2318 2658 2614 2710 coercent.

994 2741 1059 2795 Hi
1088 2740 1424 2809 bellatores,
1457 2744 1680 2795 tutores
1712 2739 2133 2803 Eeclesiarum,

832 2861 959 2912 285.
1003 2854 1337 2910 Defendunt
1369 2854 1530 2922 vulgi
1559 2856 1819 2920 maiores
1850 2859 2029 2927 atque
2061 2855 2345 2924 minores,

998 2946 1255 2999 Cunctos
1282 2948 1337 2999 et
1362 2959 1496 2999 esse
1525 2944 1697 3014 parili
1732 2944 1813 2998 sic
1840 2958 2006 2999 more
2033 2948 2291 3000 tuentur.

996 3032 1191 3087 Altera
1223 3048 1536 3086 servorum
1567 3031 1779 3087 divisio
1805 3032 2219 3088 conditionum
2244 3037 2380 3104 (97).

890 3125 954 3177 R.
997 3124 1114 3175 Hoc
1142 3136 1330 3188 genus
1362 3119 1672 3183 afﬂictum.
1706 3120 1787 3175 nil
1817 3120 2084 3193 possidet
2113 3121 2343 3193 absque
2370 3122 2595 3179 labore.

998 3208 1139 3274 Quis
1174 3208 1363 3277 signis
1391 3208 1564 3263 abaci
1599 3208 1973 3264 numerando
1998 3213 2260 3265 retexere
2291 3210 2481 3281 possit

832 3309 955 3362 290.
1002 3308 1322 3362 Servorum
1355 3305 1639 3372 studium,
1672 3318 1907 3375 cursus,
1940 3309 2260 3378 tantosque
2285 3306 2525 3362 labores
2545 3308 2574 3363 ἵ

893 3397 949 3449 Ρ.
993 3394 1358 3459 Thesaurus,
1394 3393 1591 3462 vestis,
1623 3394 1851 3448 cunctis
1883 3398 2024 3450 sunt
2053 3409 2283 3467 pascua
2307 3396 2483 3452 servi.

999 3486 1147 3537 Nam
1175 3482 1334 3537 valet
1355 3483 1657 3551 ingenuus
1690 3482 1813 3537 sine
1846 3483 2032 3538 servis
2061 3484 2259 3539 vivere
2287 3483 2508 3540 nullus.

1002 3576 1148 3627 Cum
1179 3570 1351 3626 labor
1373 3570 1649 3636 occurrit,
1681 3576 1959 3643 sumptus
1984 3575 2041 3627 et
2071 3572 2292 3628 habere
2323 3577 2667 3645 pet-optant,

998 3663 1119 3715 Rex
1144 3664 1203 3716 et
1230 3659 1544 3732 pontiﬁces
1576 3660 1760 3716 servis
1787 3660 2007 3716 servire
2035 3661 2334 3718 videntur.

837 3773 962 3824 295.
1003 3768 1269 3822 Pascitur
1291 3778 1327 3821 a
1356 3781 1526 3821 servo
1550 3765 1855 3832 dominus,
1887 3778 2070 3837 quem
2098 3777 2349 3838 pascere
2378 3770 2599 3839 sperat,

894 3858 958 3911 Β.
1001 3857 1318 3911 Servorum
1347 3853 1652 3924 lacrymae,
1680 3853 1936 3923 gemitus
1964 3866 2087 3908 non
2118 3855 2410 3909 terminus
2436 3854 2595 3909 ullus
2620 3852 2755 3926 (98).

910 3948 969 4000 P.
1011 3943 1243 4016 Triplex
1272 3943 1372 3998 Dei
1402 3957 1544 4010 ergo
1573 3941 1795 3997 domus
1824 3945 1932 4008 est,
1962 3958 2098 4013 qum
2127 3942 2387 3997 creditur
2417 3956 2540 3999 una
2569 3943 2705 4011 (99).

1008 4035 1177 4087 Nunc
1204 4035 1379 4086 orant
1407 4029 1527 4093 alii,
1552 4033 1851 4101 pugnant,
1877 4027 2097 4100 aliique
2118 4028 2437 4085 laborant:

1008 4123 1148 4184 Quae
1176 4118 1287 4174 tria
1317 4122 1457 4173 sunt
1484 4115 1665 4171 simul
1717 4120 1773 4171 et
1802 4116 2125 4172 scissuram
2154 4131 2279 4173 non
2304 4102 2635 4190 patiuntur:

846 4223 969 4275 300.
1016 4216 1197 4272 Unius
1226 4215 1425 4271 ofﬁcio
1455 4214 1538 4270 sic
1570 4218 1770 4282 stant;
1798 4220 2044 4287 operata
2072 4214 2337 4270 duorum

1008 4304 1263 4361 Alternis
1287 4303 1521 4359 vicibus
1550 4303 1778 4359 cunctis
1807 4288 2109 4359 solamina
2132 4303 2418 4375 praebent.

1010 4392 1312 4463 Est‘igitur
1341 4392 1594 4466 simplex
1619 4393 1753 4448 talis
1783 4392 2077 4450 connexio
2108 4392 2319 4464 triplex
2347 4410 2361 4447 :

1011 4484 1102 4538 Sic
1134 4482 1229 4538 lex
1259 4481 1593 4555 praevaluit,
1626 4482 1710 4537 sic
1730 4481 1999 4537 mundus
2027 4495 2177 4555 pace
2206 4481 2449 4553 quievit.

1012 4571 1350 4627 Tabescunt
1372 4570 1555 4641 leges,
1584 4574 1643 4625 et
1667 4581 1787 4642 pax
1810 4572 1937 4641 jam
1967 4570 2177 4627 deﬂuit
2202 4570 2419 4627 omnis.

849 4675 971 4727 305.
1016 4672 1312 4725 Mutantur
1337 4682 1535 4725 mores
1566 4670 1903 4738 hominum,
1935 4673 2244 4725 mutantur
2270 4673 2331 4725 et
2355 4669 2526 4736 ordo,

1014 4762 1153 4825 Rex,
1190 4763 1330 4814 tunc
1352 4760 1486 4830 jure
1515 4764 1679 4815 tenes
1708 4759 1967 4827 lancem,
1997 4764 2139 4815 tunc
2166 4759 2430 4832 protegis
2458 4758 2693 4827 orbem,

1014 4847 1311 4903 Proclivos
1336 4848 1508 4903 noxis
1534 4864 1675 4904 cum
1702 4847 1909 4917 legum
1933 4847 2175 4919 stringis
2202 4846 2478 4905 habenis.

907 4940 969 4991 R.
1012 4938 1143 4991 Jam
1171 4941 1355 5010 caput
1379 4953 1517 4994 ecce
1551 4943 1722 4994 tuum
1749 4937 2017 4993 candens
2044 4937 2308 4993 imitatur
2336 4936 2567 4992 olorem
2595 4934 2746 5007 (100)

1015 5028 1151 5082 Haec
1180 5032 1397 5082 natura
1428 5027 1751 5084 senectutis
1779 5026 2000 5082 dixisse
2030 5026 2339 5098 probatur.

854 5118 976 5171 310.
1020 5115 1268 5172 Credere
1297 5132 1425 5172 non
1458 5133 1674 5173 sanum
1703 5116 1841 5171 talis
1872 5118 2089 5172 natura
2109 5113 2305 5183 coegit
2330 5112 2501 5181 (101).

921 5216 978 5268 P.
1019 5213 1217 5268 Altera
1244 5226 1342 5267 me
1376 5213 1669 5285 stimulat,"
1696 5213 1863 5269 senio
1890 5227 2015 5268 non
2046 5209 2251 5265 deﬁcit
2270 5208 2371 5264 illa
2393 5208 2562 5277 (102).

914 5304 978 5356 R.
1022 5302 1177 5366 Quot
1201 5301 1430 5355 homini
1459 5302 1679 5359 dantur
1708 5305 1936 5357 natura)
1958 5299 1987 5353 ‘I
2015 5298 2117 5373 Dic
2151 5298 2162 5351 Ξ
2196 5300 2256 5352 Ρ.
2294 5313 2306 5350 :
2342 5299 2488 5367 puto
2516 5293 2676 5351 binae
2708 5292 2879 5365 (l03).

916 5392 980 5445 R.
1025 5389 1137 5444 Sed
1166 5393 1366 5444 tamen
1394 5389 1507 5458 bis,
1533 5405 1687 5462 quas
1714 5388 2074 5461 multiplices
2109 5384 2224 5441 scis
2249 5398 2404 5453 esse,
2431 5382 2671 5438 duabus

1028 5479 1109 5532 Ex
1138 5476 1250 5542 his,
1282 5493 1418 5548 quae
1442 5476 1723 5548 loquitur,
1756 5477 1929 5548 cujus
1958 5475 2079 5531 sint
2104 5473 2289 5531 verba
2315 5487 2541 5546 repone
2568 5472 2735 5541 (104).

863 5579 988 5631 315.
1030 5572 1466 5630 Grammaticus
1497 5572 1773 5644 simplex,
1798 5573 2025 5630 nedum
2052 5571 2401 5630 dialecticus
2420 5569 2558 5626 illex
2587 5568 2759 5640 (l05).

3477 204 3585 259 782
