3976 6180
480 214 582 266 783

1507 203 1996 262 ADALBERONIS
2038 202 2352 259 EPISCOPI
2384 202 2864 287 LAUDUNENSIS

1288 330 1466 386 Valde
1495 330 1828 387 recordaris
1858 329 2194 385 studiorum
2222 342 2417 399 pauca
2446 327 2718 400 priorum

1191 421 1250 475 P.
1293 420 1404 485 Qui
1430 437 1685 493 parvum
1711 419 2003 487 meminit,
2032 433 2155 473 non
2185 416 2556 472 obliviscitur
2581 417 2778 473 omnis
2810 417 2952 488 (106)

1179 510 1243 563 R.
1286 508 1425 579 Ejus
1454 508 1559 581 qui
1590 508 1873 575 stimulat,
1908 505 2073 562 senio
2103 504 2305 560 nescio
2337 505 2636 560 reminisci
2666 505 2833 578 (107),

1188 599 1249 652 Ρ.
1292 596 1491 652 Dicere
1520 614 1655 669 quas
1684 596 1907 652 nollem
1936 611 2059 662 rex,
2088 593 2426 649 infestando
2458 610 2767 666 perurges.

1120 705 1243 758 320.
1288 702 1536 775 Spiritus
1564 702 1660 758 hic
1691 706 1967 769 resonat;
2000 716 2123 755 non
2153 716 2250 755 me
2282 699 2583 756 dementia
2611 704 2844 772 torquet
2877 700 3044 772 (188).

1286 791 1344 847 Si
1372 795 1586 847 natura
1616 807 1829 847 senum
1855 790 2032 859 cogit,
2063 805 2187 844 non
2218 788 2429 860 culpor
2454 792 2625 845 acute
2655 790 2823 860 (109),

1282 883 1511 935 Naturae
1537 880 1720 935 ﬁnem
1746 895 1869 935 non
1898 883 2132 951 ponunt
2161 882 2284 934 arte
2315 877 2487 950 periti
2511 878 2676 949 (110).

1281 970 1581 1027 Artiﬁcem
1610 971 1862 1043 quidam
1892 970 2099 1026 dicunt
2128 969 2331 1038 ignem
2363 969 2678 1040 sapienter.

1284 1063 1383 1115 Est
1408 1060 1537 1116 aliis
1568 1065 1803 1127 natura,
1837 1060 1938 1115 Dei
1968 1059 2257 1132 praeclara
2280 1059 2578 1114 voluntas.

1116 1171 1238 1223 325.
1280 1171 1429 1223 Nam
1460 1173 1677 1224 natura
1709 1168 1807 1223 Dei
1837 1171 1990 1223 Deus
2020 1171 2111 1222 est
2140 1184 2151 1221 :
2183 1166 2500 1221 hominum
2534 1182 2775 1239 quoque
2807 1182 2930 1221 non
2963 1165 3066 1221 sic.

1282 1256 1340 1313 Si
1365 1272 1499 1313 vere
1533 1260 1684 1312 Deus
1715 1262 1819 1323 est,
1851 1260 1938 1312 est
1966 1255 2357 1311 immutabilis
2389 1255 2568 1311 idem.

1278 1348 1596 1401 Immutare
1629 1362 1804 1400 suum
1836 1344 2000 1416 quod
2028 1349 2081 1399 et
2112 1348 2221 1411 est,
2256 1359 2379 1399 non
2406 1343 2623 1400 desinit
2647 1360 2797 1399 esse.

1275 1438 1497 1491 Natura
1524 1436 1744 1490 summi
1774 1435 1978 1490 Patris.
2011 1437 2205 1490 Unum
2235 1433 2521 1505 quodque
2551 1439 2818 1489 creatum

1279 1524 1468 1581 Sumit
1492 1528 1792 1593 naturam,
1826 1540 1964 1579 cum
1993 1525 2258 1596 primum
2289 1522 2534 1595 suscipit
2562 1527 2779 1579 ortum.

1110 1634 1233 1686 330.
1276 1629 1636 1702 Corporibus
1665 1646 1798 1701 quae
1820 1631 2178 1700 junguntur,
2214 1645 2457 1684 sensum
2486 1628 2811 1700 patiuntur.

1271 1717 1555 1783 Quaedam
1583 1734 1594 1771 :
1628 1722 1765 1772 sunt
1795 1716 1924 1772 alia;
1952 1716 2259 1789 quaedam,
2287 1733 2423 1790 quae
2454 1733 2577 1772 non
2607 1717 2932 1789 patiuntur.

1271 1809 1339 1860 Et
1366 1805 1409 1860 si
1441 1810 1705 1860 mutatur
1730 1821 1971 1877 corpus,
2005 1809 2272 1861 mutatur
2301 1811 2358 1860 et
2387 1805 2488 1860 illa
2512 1822 2524 1859 :

1272 1898 1417 1952 Cum
1446 1900 1730 1967 pereunte
1759 1895 1931 1967 perit,
1955 1912 2077 1967 quo
2106 1900 2420 1967 permanet
2449 1894 2548 1950 illa
2579 1898 2882 1965 manente,

1272 1986 1613 2052 Iunguntur
1644 1985 1771 2038 haec
1800 1983 2192 2055 incorporeis,
2228 1984 2332 2039 sed
2362 1988 2419 2039 et
2444 1983 2629 2040 altera
2658 1983 2858 2038 rebus.

1104 2102 1229 2154 335.
1270 2102 1397 2155 Non
1428 2104 1680 2172 pereunt
1710 2098 1821 2154 illm
1850 2115 1986 2170 quae
2017 2115 2264 2171 corpore
2296 2115 2417 2154 non
2446 2099 2769 2155 sociantur.

1266 2189 1377 2241 Res
1410 2186 1670 2242 hominis
1700 2191 1914 2241 natura
1944 2186 2167 2258 duplex
2187 2186 2385 2242 reddit
2412 2186 2769 2259 duplicatas.

1269 2278 1528 2348 Corpore
1551 2276 1887 2345 junguntur
1912 2275 2194 2344 hominis,
2223 2276 2327 2330 sed
2362 2291 2571 2348 separe
2600 2275 2787 2332 ductu

1266 2363 1466 2419 Altera
1488 2364 1762 2434 jungitur
1791 2365 1925 2433 hac,
1958 2364 2063 2419 sed
2093 2368 2150 2419 et
2179 2363 2363 2420 altera
2387 2363 2660 2435 jungitur
2686 2364 2839 2421 illac.

1264 2452 1567 2524 Quidquid
1596 2452 1705 2508 erit
1734 2456 1961 2517 contra,
1991 2468 2115 2507 non
2141 2452 2288 2521 haec,
2321 2468 2445 2508 non
2473 2451 2573 2508 illa
2599 2452 2906 2524 probatur.

1099 2569 1224 2623 340.
1263 2566 1500 2635 Territa,
1530 2570 1812 2624 naturam
1841 2568 2061 2635 vitans,
2091 2566 2306 2623 effatur
2333 2566 2521 2623 asella
2553 2568 2719 2639 (111).

1260 2656 1467 2712 Passio
1493 2672 1623 2726 nec,
1655 2662 1870 2712 natura
1902 2656 2057 2729 sapit
2082 2672 2191 2712 nec
2222 2656 2492 2728 corporis
2522 2654 2665 2712 ulla.

1262 2746 1452 2800 Unam
1482 2761 1622 2817 quae
1653 2746 1811 2801 circa
1834 2749 2107 2801 versatur
2132 2744 2536 2814 cognitionem

1261 2833 1562 2905 Corporis,
1592 2850 1629 2888 a
1657 2838 1874 2889 natura
1904 2828 2084 2889 aliam
2106 2849 2229 2889 non
2259 2834 2510 2906 percipit
2540 2850 2810 2907 unquam
2835 2852 2848 2890 :

1262 2922 1377 2979 Sed
1406 2939 1593 2995 quam
1622 2939 1745 2978 non
1772 2924 1933 2993 novi,
1967 2923 2251 2993 cognosci
2280 2923 2463 2979 fertur
2486 2924 2565 2980 ab
2596 2924 2715 2980 illa.

1093 3030 1217 3083 345.
1261 3028 1645 3084 Intellectibili
1673 3045 1850 3084 sensu
1882 3034 2022 3085 sunt
2051 3030 2180 3084 haec
2211 3029 2507 3101 capienda
2536 3047 2549 3084 :

1257 3120 1404 3175 Sunt
1432 3117 1781 3188 intellectus,
1813 3134 1920 3190 per
1948 3134 2130 3191 quem
2158 3123 2490 3173 noscuntur
2520 3123 2791 3191 utraque,

1253 3207 1392 3263 Dico
1422 3208 1849 3277 necessarium,
1881 3207 2047 3280 quod
2075 3206 2355 3279 quislibet
2383 3207 2563 3277 exigit
2588 3208 2828 3276 harum,

1249 3298 1616 3365 Argumenta
1644 3296 1983 3352 necessario
2016 3295 2296 3351 dicuntur
2325 3300 2382 3351 et
2409 3295 2545 3351 ista.

1145 3386 1207 3438 Β.
1249 3384 1473 3439 Cuncta
1499 3384 1852 3438 necessariis
1880 3387 2381 3453 argumentantur
2407 3383 2485 3440 ab
2510 3383 2638 3439 istis
2663 3384 2689 3438 ?

964 3485 1089 3534 350.
1143 3482 1202 3536 P.
1243 3458 1482 3537 Malleus
1512 3480 1657 3536 alter
1683 3480 1873 3549 adest,
1904 3480 2009 3553 qui
2038 3482 2583 3554 causa‘probabilis
2613 3481 2708 3538 hic
2734 3487 2840 3539 est.

1246 3567 1446 3623 Inveni
1465 3567 1633 3639 quod
1661 3568 1954 3639 disposui,
1987 3584 2112 3624 non
2138 3570 2459 3626 immemor
2481 3570 2720 3626 horum.

1247 3655 1506 3727 Eloquor
1532 3656 1593 3711 in
1620 3671 1910 3728 praesens,
1943 3662 2000 3712 et
2022 3658 2189 3730 quod
2218 3658 2563 3731 pronuntio,
2594 3676 2826 3715 verum.

1139 3747 1202 3800 R.
1244 3743 1416 3810 Quod
1449 3760 1571 3801 non
1601 3749 1690 3801 est
1716 3761 1947 3813 verum,
1980 3761 2103 3804 non
2132 3750 2220 3803 est
2247 3747 2340 3802 fas
2368 3747 2564 3803 dicere
2595 3764 2824 3820 verum,

1245 3833 1473 3890 Fabula
1500 3849 1623 3890 non
1656 3834 1873 3891 similat
1898 3852 2127 3903 verum,
2160 3851 2270 3890 nec
2295 3834 2511 3890 dicitur
2539 3852 2667 3892 esse
2697 3837 2865 3909 (112).

958 3945 1082 3997 355.
1142 3943 1201 3997 P.
1242 3942 1328 3995 En
1357 3940 1478 3996 dixi
1506 3957 1735 3997 verum.
1773 3942 1893 3998 Scis
1923 3957 2044 3997 non
2070 3941 2354 3997 excedere
2383 3958 2611 3998 verum.

1239 4030 1442 4087 Naenia
1471 4030 1636 4086 nulla
1662 4047 1867 4087 meum
1895 4047 2003 4087 nec
2033 4030 2238 4087 fabula
2267 4032 2488 4088 mulcet
2517 4042 2789 4089 amarem
2818 4036 2986 4107 (113).

1240 4122 1368 4176 Non
1400 4119 1481 4175 sic
1514 4124 1679 4191 gesta
1709 4120 1888 4190 scias,
1925 4120 2028 4175 sed
2060 4125 2277 4177 cuncta
2306 4122 2430 4191 geri
2457 4121 2727 4195 potuisse
2762 4139 2775 4177 :

1243 4208 1456 4265 Sistere
1478 4213 1692 4265 cuncta
1717 4209 1896 4265 velim
1923 4229 1938 4277 ;
1969 4210 2246 4282 quamvis
2275 4211 2388 4267 sub
2414 4212 2676 4267 themate
2702 4227 2867 4282 vero,

1238 4296 1343 4352 Hic
1373 4301 1575 4353 tamen
1604 4302 1695 4352 est
1722 4301 1887 4353 extra
1911 4296 2196 4368 quaedam
2224 4298 2542 4354 discressio
2575 4314 2843 4355 causam.

1073 4397 1197 4449 360.
1239 4393 1494 4467 Respicit
1524 4394 1601 4449 ad
1632 4409 1900 4460 causam,
1932 4408 2183 4449 causam
2209 4394 2313 4449 sed
2344 4394 2560 4450 dicitur
2586 4399 2770 4463 extra,

1235 4485 1284 4537 Α
1311 4481 1556 4555 proprio
1589 4498 1769 4537 sensu
1796 4496 1921 4537 non
1947 4482 2075 4537 haec
2104 4480 2301 4537 aliena
2321 4482 2575 4539 videtur.

1238 4569 1393 4626 Finis
1420 4574 1479 4627 et
1507 4569 1772 4626 ofﬁcium
1803 4568 1960 4641 sapit
1984 4586 1995 4623 :
2030 4572 2118 4625 est
2145 4584 2268 4624 non
2298 4569 2524 4638 fabula,
2554 4570 2661 4626 sed
2688 4587 2804 4627 res.

1236 4701 1249 4714 .
1296 4703 1309 4715 .
1355 4703 1367 4715 .
1413 4701 1425 4714 .
1472 4702 1485 4715 .
1525 4657 1847 4732 praecessit,
1878 4657 2079 4714 veniat
2104 4659 2414 4731 persuasio
2438 4660 2669 4731 juncta.

1232 4751 1398 4804 Nunc
1427 4763 1537 4819 pro
1566 4747 1696 4816 lege
1730 4746 1831 4802 Dei
1861 4746 2148 4803 certando
2178 4762 2286 4819 per
2314 4748 2521 4804 omnia
2550 4749 2704 4805 Patri

1066 4858 1189 4910 365.
1228 4857 1364 4910 Jure
1396 4852 1701 4909 salutifero
1730 4853 2027 4926 sapientes
2052 4860 2109 4911 et
2138 4856 2431 4911 moderati
2456 4858 2625 4928 (114).

1229 4943 1477 4998 Praemia
1501 4942 1596 4998 vel
1624 4957 1835 5015 poenas
1867 4948 2136 5014 quaerant
2170 4963 2182 5011 ;
2210 4944 2438 4999 ratione
2466 4949 2705 5017 potente

1227 5032 1553 5103 Accipiant,
1586 5031 1745 5104 aequi
1772 5031 1862 5087 vel
1891 5031 2037 5104 quid
2064 5032 2369 5105 patiantur
2397 5032 2615 5105 iniqui:

1228 5125 1307 5177 De
1333 5121 1532 5177 dubiis
1560 5125 1799 5189 certent,
1832 5121 1907 5177 de
1932 5122 2104 5177 certis
2137 5137 2258 5177 non
2285 5122 2626 5178 dubitantes
2655 5141 2666 5177 :

1228 5213 1294 5265 Et
1320 5210 1483 5265 mala
1512 5209 1875 5266 defendant:
1907 5210 2152 5266 veniunt
2177 5212 2543 5267 extrinsecus
2567 5211 2668 5268 illa
2696 5215 2867 5285 (115).
2957 5224 2969 5237 ·

1060 5321 1182 5372 370.
1228 5316 1486 5373 Oratoris
1514 5303 1670 5372 inest
1700 5317 1821 5387 tibi,
1854 5333 1974 5383 rex,
2000 5332 2284 5372 concessa
2316 5316 2562 5374 facultas
2592 5320 2760 5390 (116).

1224 5409 1388 5460 Nunc
1418 5403 1818 5472 demonstras,
1850 5410 1978 5460 tum
2006 5404 2293 5461 deliberat
2319 5406 2468 5461 ordo
2498 5410 2827 5478 potentum,

1226 5494 1552 5549 Discutiens
1584 5492 1876 5548 afﬁrmate
1902 5510 2041 5548 cum
2074 5493 2366 5565 religiosis

1220 5581 1480 5650 Judiciis,
1514 5598 1550 5637 a
1579 5597 1702 5654 quo
1731 5582 1964 5654 possint
1994 5598 2088 5637 res
2106 5582 2375 5639 inﬁciari.

3790 209 3890 263 784
