3994 6166
213 118 320 171 785

1361 116 1649 174 CARMEN
1688 121 1784 173 AD
1823 118 2215 175 ROBERTUM
2255 121 2514 179 REGEM.

906 234 977 293 R.
1018 237 1321 294 Iudicium
1352 238 1579 313 duplex
1609 241 1877 315 sequitur
1907 242 2200 315 correptio
2225 244 2459 316 triplex.

830 329 958 381 375.

898 505 959 559 P.

824 773 951 827 380.

824 1217 948 1271 385.

823 1660 947 1713 390.

823 2099 946 2152 395.

749 2990 874 3044 405.
894 2991 960 3044 R.

892 3080 952 3133 P.

824 3439 950 3492 410.

824 3892 948 3944 415.

831 4343 958 4396 420.

833 4790 961 4843 425.

1016 326 1209 383 Antea
1236 343 1332 383 res
1362 329 1574 401 quales
1602 330 1796 397 nobis,
1831 330 2161 402 translatio,
2190 332 2330 388 ﬁnis
2362 334 2534 405 (117),

1013 417 1082 469 Et
1112 416 1473 486 conjecturae
1500 434 1622 490 quo
1652 418 2072 475 discernantur
2102 425 2356 493 oportet.

1014 506 1211 561 Causa
1240 520 1351 561 nec
1382 510 1471 561 est
1490 505 1834 574 individuis,
1868 512 2068 563 tamen
2094 513 2185 563 est
2215 508 2509 581 specialis.

1009 593 1284 657 Quatuor
1308 594 1419 650 has
1448 610 1571 649 non
1601 595 1884 663 invenies,
1919 612 2073 668 quas
2102 597 2269 653 hicce
2296 597 2550 669 requiris
2576 602 2727 671 (118)

1010 680 1131 737 Sed
1162 685 1383 738 stratus
1411 687 1504 739 est
1528 699 1685 739 unus
1709 683 1933 753 legum,
1960 686 2258 742 contraria
2284 702 2548 742 sumens.

1005 773 1071 825 Et
1103 787 1356 827 causam
1386 777 1741 845 partemque
1770 790 1946 830 suam
1976 780 2121 846 puto
2153 775 2413 847 desuper
2438 792 2591 846 esse,

1004 859 1131 915 Rite
1158 860 1345 933 pedes
1368 862 1574 934 posui;
1609 862 1813 932 surgit,
1847 863 1996 918 dum
2026 863 2227 934 ﬁgitur
2248 865 2393 919 alter
2424 866 2589 936 (119).

1003 948 1256 1005 Estimo
1285 949 1453 1021 quod
1482 950 1663 1020 tetigi,
1691 966 1817 1006 non
1845 967 1881 1007 a
1910 952 2136 1007 ratione
2164 953 2404 1008 recessi.

1002 1037 1278 1094 Pandere
1307 1054 1430 1094 non
1460 1039 1722 1095 moriens
1749 1055 1861 1095 nos
1888 1041 2015 1096 haec
2044 1047 2258 1098 natura
2284 1041 2479 1112 coegit
2504 1043 2647 1113 (120)

1007 1126 1315 1182 Immerito
1341 1127 1571 1200 culpor.
1603 1128 1731 1183 haec
1762 1128 1820 1183 vi
1845 1130 1989 1200 quia
2014 1129 2208 1185 dicere
2241 1146 2425 1199 cogor

1002 1214 1162 1280 Quid
1194 1215 1300 1270 tibi
1330 1217 1621 1287 peccavi?
1646 1220 1880 1273 Natura:
1905 1218 2045 1288 jura
2073 1218 2318 1290 replevi,

1005 1302 1199 1372 Digne
1228 1302 1494 1367 tristaris,
1527 1304 1633 1376 qui
1662 1320 1764 1361 rex
1797 1304 2017 1360 servire
2041 1305 2269 1376 juberis
2301 1305 2473 1377 (121),

1006 1390 1383 1447 Francorum
1412 1392 1666 1464 primus,
1700 1397 1763 1448 tu
1794 1409 2000 1449 servus
2030 1394 2091 1449 in
2117 1394 2347 1460 ordine,
2380 1408 2612 1462 regum.

1005 1479 1114 1535 Hic
1144 1479 1304 1537 male
1335 1481 1627 1550 turbatur,
1658 1482 1764 1553 qui
1794 1497 1917 1538 non
1951 1499 2061 1538 sua
2082 1483 2266 1539 verba
2297 1486 2550 1538 veretur.
2655 1482 2666 1495 '

1004 1568 1287 1637 Regnum
1320 1572 1683 1625 Francorum
1714 1586 1886 1640 reges
1918 1571 2030 1625 sub
2060 1575 2325 1643 tempore
2356 1573 2598 1642 patrum
2629 1571 2777 1642 (122)

1003 1656 1322 1727 Subjugat,
1355 1663 1411 1712 et
1437 1674 1672 1730 semper
1703 1658 1945 1714 sublimi
1972 1659 2153 1731 pollet
2183 1660 2433 1727 honore,

1002 1746 1238 1813 Regum
1268 1750 1502 1817 sceptra
1529 1750 1771 1817 patrum
1802 1746 2022 1801 nullius
2048 1751 2283 1819 sceptra
2310 1750 2584 1803 coercent
2610 1747 2757 1819 (123)

1006 1831 1276 1904 Quisque
1305 1833 1474 1902 regit,
1507 1835 1780 1904 gaudens
1813 1834 2149 1904 virtutibus,
2180 1835 2438 1906 imperat
2469 1850 2640 1907 aeque
2669 1836 2839 1905 (124).

1006 1920 1298 1976 Novimus
1324 1922 1643 1995 imperium
1663 1924 1794 1994 jam
1821 1923 2063 1992 regibus
2089 1939 2221 1979 esse
2244 1922 2515 1991 fugatum
2547 1928 2696 1991 (125)

947 2051 960 2063 .
1002 2007 1206 2064 Gratia
1234 2025 1396 2065 nunc
1430 2011 1697 2079 Summo,
1731 2026 1840 2082 per
1869 2026 2052 2082 quem
2081 2026 2333 2080 regnare
2364 2014 2615 2083 peropto
2645 2010 2793 2082 (126)

1002 2100 1134 2153 Non
1167 2097 1390 2153 meritis
1420 2099 1687 2155 concedo
1716 2099 1868 2155 meis
1894 2118 1907 2168 ;
1956 2099 2062 2156 sed
2088 2099 2268 2155 laude
2298 2099 2545 2170 perenni

1005 2185 1224 2255 Gloria,
1252 2186 1408 2254 laus,
1440 2191 1498 2243 et
1525 2188 1740 2260 honos,
1781 2188 1970 2244 virtus
1996 2189 2069 2243 sit
2097 2192 2312 2244 cuncta
2340 2187 2566 2259 regenti
2590 2205 2604 2253 ;

1005 2275 1335 2348 Poplitibus
1367 2276 1533 2333 ﬂexis
1557 2278 1814 2352 supplex
1844 2294 2029 2351 quem
2061 2293 2297 2348 semper
2318 2278 2525 2345 adoro,

1009 2367 1081 2420 Ut
1107 2364 1286 2420 nobis
1309 2364 1482 2421 liceat
1505 2366 1666 2437 leges
1693 2382 1932 2423 servare
1954 2372 2238 2440 paternas
2268 2367 2437 2437 (127).

1011 2456 1129 2509 Lex
1159 2453 1362 2509 divina
1392 2458 1548 2510 vetat
1571 2472 1707 2527 quae
1739 2455 1982 2526 corrigit
2012 2457 2163 2511 inter
2201 2458 2487 2526 utrasque
2516 2456 2690 2526 (128),

1002 2542 1205 2599 Altera
1235 2542 1540 2614 permittit,
1568 2544 1741 2614 jubet
1769 2543 1957 2600 altera
1988 2562 2001 2599 :
2045 2548 2304 2614 suntque
2333 2542 2617 2598 minores.

1001 2630 1216 2687 Judico
1242 2631 1537 2701 majorem
1564 2648 1749 2703 quam
1777 2632 2020 2688 tradunt
2049 2629 2441 2704 posteriorem
2474 2648 2486 2685 :

1005 2719 1151 2776 Utile
1177 2735 1435 2792 quaeque
1464 2720 1873 2776 necessarium
1900 2720 2171 2777 conferre
2198 2718 2434 2774 videtur
2462 2718 2633 2791 (129).

1001 2808 1093 2864 Ad
1119 2822 1216 2863 res
1242 2807 1537 2880 pertineat
1564 2808 1765 2881 plures
1795 2826 1954 2882 quae,
1988 2823 2229 2881 semper
2257 2806 2507 2862 honeste
2534 2807 2705 2880 (130),

1004 2896 1231 2953 Fortior
1260 2900 1317 2951 et
1343 2912 1719 2971 quaecunque
1750 2898 2107 2968 gravissima
2138 2896 2229 2966 sit,
2262 2899 2596 2951 teneamus.

1000 2986 1233 3043 Judicet
1258 2986 1680 3059 Omnipotens;
1710 3003 1950 3043 mecum
1982 2987 2185 3043 divina
2214 2985 2289 3040 sit
2315 2984 2434 3051 illa,

997 3075 1273 3148 Undique
1299 3091 1419 3147 pax
1448 3076 1613 3133 bona
1639 3082 1775 3150 post
1806 3077 2157 3147 certamina,
2184 3079 2445 3148 postque
2470 3075 2712 3133 labores
2740 3075 2885 3148 (131)
2920 3093 2933 3130 :

1007 3168 1074 3221 Et
1104 3168 1293 3220 status
1324 3164 1594 3221 Ecclesiae
1625 3181 1731 3237 per
1761 3182 1823 3221 se
1856 3183 1966 3222 sua
1989 3167 2131 3238 jura
2163 3164 2402 3220 tenebit.

1006 3253 1363 3325 Descriptas,
1393 3258 1450 3309 et
1474 3270 1598 3310 non
1626 3254 1774 3310 alias
1806 3254 2147 3329 respublica
2178 3254 2340 3325 leges
2366 3254 2510 3326 (132)

1006 3343 1344 3400 Possideat:
1374 3360 1484 3400 sua
1511 3360 1698 3414 regna
1728 3344 1974 3401 Basilius
2002 3348 2060 3400 et
2090 3343 2439 3399 Benedictus
2464 3343 2615 3415 (133)

1007 3432 1339 3490 Observent
1370 3450 1381 3487 :
1412 3437 1672 3504 teneant,
1696 3433 1996 3506 quidquid
2029 3449 2140 3488 sua
2158 3448 2347 3502 regna
2371 3432 2693 3503 jubebunt.

1004 3520 1317 3576 Pontiﬁces
1345 3537 1619 3595 unquam
1649 3522 1947 3578 celebrent
1974 3538 2097 3577 non
2121 3538 2264 3577 rura
2293 3521 2578 3594 deinceps
2602 3522 2771 3593 (134).

1008 3611 1100 3667 Sic
1130 3625 1241 3665 sua
1265 3609 1404 3681 jura
1432 3614 1654 3683 tenent,
1684 3611 1730 3667 si
1762 3627 1885 3667 non
1916 3611 2140 3667 ruralia
2167 3616 2394 3667 curent.

1002 3698 1248 3754 Justitiae
1279 3699 1548 3769 regimen
1578 3705 1782 3757 noster
1809 3717 1933 3757 non
1963 3700 2185 3757 audeat
2213 3700 2362 3756 ordo
2396 3700 2544 3770 (135)

1006 3788 1317 3861 Linquere,
1350 3790 1454 3844 sed
1483 3791 1616 3846 totis
1648 3806 1885 3862 semper
1914 3808 1977 3847 se
2008 3790 2239 3846 nisibus
2268 3793 2431 3861 aptet
2462 3807 2474 3843 :

1000 3886 1334 3943 Constituat
1356 3886 1574 3958 justos,
1606 3892 1664 3943 et
1685 3903 1807 3942 non
1838 3904 1948 3960 pro
1972 3887 2102 3957 lege
2124 3902 2376 3959 capaces
2410 3886 2555 3957 (136)

1009 3977 1282 4030 Rectores
1310 3974 1585 4046 inopum,
1620 3975 1906 4030 miserum
1938 3990 2174 4030 necnon
2197 3974 2542 4041 viduarum,

1008 4062 1214 4119 Nullus
1246 4062 1324 4118 ad
1354 4063 1665 4120 ecclesiam
1695 4063 1886 4119 noctis
1910 4063 2029 4118 nisi
2055 4066 2320 4134 tempore
2350 4063 2560 4132 pergat
2600 4057 2771 4129 (137).

1010 4157 1096 4208 lre
1120 4152 1338 4220 semel;
1364 4151 1539 4209 liceat
1563 4152 1791 4208 cunctis
1820 4168 1993 4209 orare
2019 4151 2234 4207 diebus
2264 4150 2434 4220 (138).

1008 4240 1254 4307 Judicet,
1288 4244 1345 4296 et
1370 4245 1594 4313 spectet
1618 4245 1939 4314 praesentes
1970 4244 2150 4312 atque
2182 4238 2412 4294 futuros
2442 4238 2612 4308 (139).

1012 4342 1121 4394 Pro
1146 4337 1375 4394 meritis
1397 4353 1609 4395 omnes
1639 4341 1953 4394 assumant
1982 4336 2457 4391 emolumentum
2489 4334 2631 4404 (140)

1014 4427 1307 4500 (Excipiar
1335 4428 1499 4483 solus
1526 4432 1725 4484 vestra
1755 4443 1891 4482 cum
1918 4427 2112 4498 pace),
2138 4424 2366 4481 fideles.

1014 4519 1300 4589 Septenas
1326 4516 1500 4572 liceat
1522 4515 1734 4572 laudes
1763 4515 2027 4588 proferre
2066 4529 2173 4587 per
2201 4514 2381 4570 horas
2412 4512 2578 4584 (141).

1014 4606 1214 4662 Hostia
1243 4621 1383 4661 cum
1416 4605 1566 4661 votis
1594 4606 1763 4676 (142).
1794 4608 1856 4660 R.
1891 4605 2026 4659 Haec
2056 4603 2133 4659 sit
2150 4602 2466 4675 permissio
2487 4603 2591 4657 Pat

1293 4621 1383 4661 1m
1416 4605 1566 4661 votis
1594 4606 1763 4676 (142).
1794 4608 1856 4660 R.
1891 4605 2026 4659 Haec
2056 4603 2133 4659 sit
2150 4602 2466 4675 permissio
2487 4600 2678 4658 Patris
2701 4602 2870 4673 (143),

1014 4698 1164 4753 Cum
1196 4695 1414 4765 Ligeris
1445 4694 1730 4752 Calabros
1764 4693 2013 4749 tentabit
2039 4692 2264 4762 lingere
2295 4707 2548 4764 campos

1018 4788 1083 4842 Et
1110 4789 1340 4843 torrens
1372 4785 1564 4852 Tigris
1598 4783 1917 4855 Hispanica
1948 4782 2167 4856 ceperit
2195 4798 2357 4839 arva.

1013 4877 1181 4930 Etua
1211 4890 1381 4930 rosas
1402 4891 1540 4930 cum
1569 4872 1860 4946 producet
1890 4872 1978 4927 vel
2006 4872 2127 4928 lilia
2152 4877 2455 4941 stagnum.

1017 4962 1183 5019 Talia
1213 4963 1261 5018 si
1286 4962 1534 5019 veniunt
1567 4981 1579 5018 :
1612 4965 1773 5018 Tunc
1804 4962 1931 5016 haec
1961 4964 2213 5016 ventura
2240 4960 2445 5015 timeto

1016 5051 1215 5107 Gratia
1243 5051 1556 5108 conﬁrmet
1575 5056 1629 5107 te
1656 5049 1879 5124 praesul
1908 5047 2205 5104 Adalbero
2227 5046 2437 5104 Christi
2463 5065 2477 5113 ;

1018 5142 1231 5195 Nostra
1259 5138 1436 5194 simul
1470 5157 1482 5195 :
1517 5139 1726 5195 merito
1758 5136 1943 5206 regali
1971 5150 2219 5191 munere
2247 5134 2495 5206 dignus,

844 5232 970 5287 430.
1028 5231 1156 5285 Non
1184 5227 1329 5302 quia
1356 5227 1596 5298 deliras,
1631 5227 1738 5283 sed
1768 5226 1946 5282 nobis
1975 5224 2323 5295 allegorizas
2354 5223 2501 5295 (144)

3547 137 3655 190 786
