3994 6166
385 115 491 172 787

1360 107 1428 162 1N
1472 103 1958 161 ADALBEBONIS
1999 101 2306 159 EPISCOPI
2347 105 2836 162 LAUDUNENSIS

3691 111 3799 167 ’788

1287 427 2065 548 ιῗωῐῧιὶωὲῐ
2173 427 2902 546 VALESII

838 687 992 804 IN
1085 682 1676 806 CABliiEN
1772 677 2806 804 ADALBEBONIS
2887 679 3348 802 NOT/E.

2021 989 2050 1011 Δ

460 1107 607 1162 Ante
627 1101 854 1174 aliquot
872 1115 1066 1156 annos
1093 1101 1304 1154 nactus
1330 1115 1464 1154 sum
1492 1102 1754 1154 veterem
1775 1097 2045 1154 codicem
2083 1101 2130 1152 Α
2225 1096 2543 1170 Adalbero,
2575 1096 2671 1158 hic
2697 1112 2878 1168 quem
2909 1103 2968 1152 et
2997 1097 3357 1167 Ascelinum,
3387 1097 3483 1152 vel
3509 1096 3816 1152 Azolinum

389 1193 693 1263 exiguum,
751 1189 912 1245 Pauli
957 1188 1177 1244 Patavii
1211 1190 1276 1244 V.
1327 1187 1389 1243 C.
1444 1187 1687 1242 nomine
1743 1202 2048 1258 manuque

387 1285 682 1350 notatum,
742 1295 867 1351 quo
920 1277 1317 1333 Ar’alberonis
1374 1277 1638 1348 episcopi
1693 1276 2048 1334 Laudunen-

388 1370 468 1427 sis
533 1371 785 1425 Carmen
853 1366 934 1423 ad
997 1366 1321 1422 Robertum
1385 1381 1590 1436 regem
1663 1369 2046 1430 Francorum,

391 1457 768 1515 Chartarium
799 1455 1052 1512 Lirensis
1100 1454 1468 1524 monasterii,
1498 1457 1621 1509 Vita
1673 1454 1900 1520 Sugerii
1947 1453 2052 1508 ab-

385 1545 560 1613 batis,
593 1544 858 1620 Epistola
891 1543 1177 1618 Stephani
1207 1543 1440 1600 comitis
1485 1543 1561 1598 ad
1611 1543 1856 1598 Adelam
1904 1559 2048 1596 con-

377 1636 614 1707 jugem,
658 1634 958 1690 Judicium
987 1636 1388 1702 Varennense,
1438 1631 1552 1699 vel,
1603 1637 1668 1687 ut
1714 1631 1896 1700 vulgo
1941 1647 2048 1687 vo-

386 1727 543 1795 cant,
583 1724 874 1798 placitum
918 1721 1308 1791 Emengardis
1352 1721 1572 1789 reginae
1611 1726 1667 1776 et
1709 1720 2050 1792 principum

385 1812 669 1870 Ludovici
706 1811 814 1868 ﬁlii
867 1811 1134 1875 Bosonis,
1188 1826 1350 1866 anno
1391 1813 1518 1877 898,
1563 1809 1884 1866 indictione
1930 1826 2047 1872 VIII,

382 1903 526 1959 item
555 1899 965 1975 percunctatio
991 1899 1112 1955 sive
1145 1899 1350 1955 electio
1388 1899 1808 1971 episcoporum
1841 1915 1910 1954 ac
1941 1899 2052 1954 cle-

383 1990 642 2046 ricorum
672 2004 912 2046 necnon
942 1987 1308 2062 populorum
1337 1988 1416 2043 ad
1446 2003 1646 2053 regem
1694 2004 2048 2043 consecran-

384 2079 554 2148 dum,
585 2093 712 2134 una
749 2093 888 2134 cum
933 2076 1306 2134 ordinatione
1329 2077 1550 2146 reginae
1595 2082 1810 2150 printer
1841 2081 2056 2132 cratera

385 2167 864 2225 continebantur.
898 2167 983 2222 Ex
1007 2165 1100 2222 his
1126 2166 1252 2222 Vita
1285 2166 1510 2232 Sugerii
1529 2167 1870 2222 monasterii
1908 2169 2050 2222 San-

384 2257 464 2314 cti
492 2256 756 2329 Dionysii
795 2255 1055 2322 abbatis,
1104 2271 1141 2311 a
1171 2255 1481 2311 Francisco
1513 2256 1768 2312 Chesnio
1791 2256 2046 2322 dudum,

368 2347 448 2404 'ni
471 2345 663 2408 fallor,
697 2349 786 2402 est
814 2344 1003 2412 edita;
1034 2344 1332 2400 Judicium
1363 2345 1584 2412 reginte
1626 2343 2048 2412 Ermengardis

2159 1186 2385 1242 dictum
2431 1203 2559 1241 esse
2608 1186 2922 1244 Guibertus
2963 1186 3251 1256 Naviginti
3303 1185 3524 1253 abbas,
3585 1187 3649 1242 in
3680 1185 3818 1240 libro

2162 1277 2228 1327 Ill
2259 1275 2334 1330 de
2367 1275 2490 1330 Vita
2519 1292 2648 1342 sua,
2699 1274 2977 1334 afﬁrmat.
3033 1281 3206 1331 natus
3256 1276 3317 1332 in
3371 1291 3570 1344 regno
3615 1275 3816 1330 Letha-

2159 1364 2248 1432 rii,
2307 1380 2412 1419 seu
2465 1365 2730 1420 Francus
2783 1364 3182 1420 Lothariensis
3231 1365 3360 1426 fuit,
3417 1369 3478 1420 et
3535 1364 3818 1419 beneﬁcio

2157 1452 2314 1516 regis
2346 1454 2710 1508 Francorum
2746 1452 3020 1519 Lotharii,
3075 1452 3168 1507 die
3217 1451 3484 1520 Paschze,
3531 1467 3698 1506 anno
3727 1454 3815 1504 977

2161 1539 2434 1594 Boriconi
2466 1541 2524 1594 in
2557 1543 2910 1612 episcopatu
2963 1539 3370 1599 Laudunensis
3420 1539 3705 1595 Ecclesiae
3737 1539 3820 1609 ju-

2159 1629 2326 1682 venis
2381 1628 2684 1694 successit,
2733 1634 2909 1701 atque
2946 1633 3012 1684 ut
3055 1635 3178 1684 erat
3215 1628 3403 1684 homo
3459 1627 3816 1700 pecuniosus

2158 1731 2228 1770 ac
2257 1715 2410 1770 bene
2451 1722 2820 1782 nummatus,
2849 1716 3117 1772 Ecclesiae
3148 1733 3270 1771 suae
3301 1721 3359 1772 et
3388 1716 3556 1771 clero
3591 1715 3811 1770 Laudu—

2159 1809 2329 1860 nensi
2362 1805 2550 1862 multa
2578 1810 2634 1861 et
2657 1821 2883 1870 magna
2911 1805 3189 1862 contulit:
3243 1805 3346 1861 sed
3378 1803 3812 1869 liberalitatem,

2157 1895 2494 1952 doctrinam
2534 1901 2900 1967 caeterasque
2931 1895 3099 1950 dotes
3137 1911 3278 1950 suas
3317 1893 3548 1964 insigni
3579 1893 3815 1966 perﬁdia

2160 1983 2422 2047 (quievit.
2455 1983 2686 2056 Quippe
2731 1984 3008 2040 Carolum
3057 1984 3272 2039 ducem
3323 1983 3812 2050 Lothariensium,

2160 2073 2524 2128 tricesimum
2559 2073 2880 2144 septimum
2930 2078 3033 2127 aut
3078 2077 3356 2128 octavum
3406 2077 3695 2141 agentem
3717 2086 3810 2126 an-

2159 2178 2309 2217 num
2365 2169 2586 2232 (regem
2639 2178 2712 2218 ac
2765 2165 3136 2218 innocentem
3195 2177 3448 2232 puerum
3515 2161 3812 2218 Guibertus

2160 2257 2374 2320 vocat),
2405 2253 2579 2322 cujus
2609 2251 2983 2308 consiliarius
3012 2255 3136 2306 erat
3162 2251 3334 2320 cujus
3362 2250 3420 2304 in
3452 2249 3646 2306 verba
3668 2250 3810 2320 jura-

2159 2346 2346 2405 verat,
2373 2340 2468 2394 die
2501 2355 2685 2394 coenae
2715 2339 3056 2408 Dominicaa,
3079 2353 3240 2394 anno
3265 2342 3393 2407 990,
3435 2337 3678 2407 Hugoni
3700 2337 3810 2406 regi

385 2435 670 2492 Ludovici
693 2434 951 2491 Junioris
977 2433 1228 2504 Augusti
1257 2432 1414 2503 ﬁlias,
1447 2434 1604 2498 regis
1634 2434 1876 2488 ltosonis
1905 2449 2050 2487 uxo-
2090 2448 2128 2500 Β
2160 2433 2543 2494 Francorum,
2593 2429 2781 2502 portis
2825 2429 3090 2485 Laudani
3117 2433 3290 2484 nocte
3320 2427 3659 2501 patefactis,
3705 2433 3807 2482 tra-

381 2525 463 2580 ris
510 2539 706 2597 nuper
741 2523 989 2596 quidem
1027 2522 1327 2592 vulgavit;
1388 2522 1711 2595 Epistolam
1763 2521 2047 2593 Stephani

382 2612 616 2670 comitis
673 2614 1000 2670 Carnutum
1057 2615 1117 2666 et
1170 2610 1540 2666 Blesensium
1594 2612 1666 2665 ad
1724 2611 2046 2681 eonjugem

379 2700 631 2758 Adelam
659 2703 718 2757 et
745 2715 1100 2756 communes
1148 2697 1300 2754 ﬁlios
1348 2699 1440 2753 de-
1473 2698 1787 2754 obsidione
1843 2699 2047 2755 Antio-

379 2791 552 2860 chiae,
581 2805 690 2863 per
716 2789 917 2847 lucam
945 2787 1285 2855 Acherium,
1329 2787 1392 2843 in
1421 2791 1586 2844 tome
1619 2788 1909 2860 Spicilegii
1957 2789 2042 2855 IV,

379 2894 542 2936 anno
578 2883 734 2947 1661,
762 2877 1198 2951 publicandam
1219 2877 1442 2932 curavi.
1468 2881 1620 2932 inter
1652 2877 1882 2948 reliqua
1911 2894 2047 2949 quas

378 2963 655 3020 nondum
679 2965 741 3020 in
767 2964 965 3020 lucem
1003 2963 1292 3030 exierunt,
1323 2963 1587 3020 maxime
1638 2964 1860 3019 eminet
1909 2971 2046 3020 tiar-

379 3068 522 3109 men
578 3052 994 3124 Adalberonis,
1050 3053 1114 3109 in
1167 3067 1292 3126 quo
1343 3052 1664 3126 episcopus
1717 3068 1856 3108 cum
1907 3067 2046 3122 rege

379 3141 661 3200 Rotberto
717 3142 1100 3216 colloquitur,
1159 3146 1218 3198 et
1265 3159 1400 3216 quae
1452 3141 1514 3198 in
1562 3157 1749 3211 regno
1795 3146 2046 3198 Franco-

379 3247 517 3287 rum
547 3247 686 3287 cum
715 3247 752 3288 a
775 3232 1002 3288 caeteris
1047 3231 1312 3304 cujusvis
1359 3231 1748 3304 professionis
1793 3230 2049 3289 homini-

378 3318 520 3392 bus,
589 3321 923 3394 prtesertim
985 3337 1023 3377 a
1073 3320 1410 3390 monachis,
1468 3324 1595 3376 tum
1651 3337 1686 3376 a
1729 3336 1866 3389 rege
1917 3320 2047 3392 ipso

379 3409 538 3466 male
582 3409 966 3480 gerebantur,
1015 3425 1177 3466 nunc
1226 3409 1562 3480 allegorice,
1613 3425 1774 3464 nunc
1825 3409 2047 3465 ironice

381 3497 645 3570 exponit.
697 3498 822 3554 Hoc
872 3513 1119 3554 carmen
1165 3501 1224 3554 et
1269 3497 1720 3554 interlocutione
1769 3498 1924 3567 regis
1979 3514 2049 3554 ac

383 3585 671 3658 episcopi,
715 3590 772 3642 et
809 3585 1048 3642 incultis
1085 3602 1156 3642 ac
1204 3585 1538 3642 trivialibus
1589 3587 1882 3654 versibus,
1937 3588 2050 3642 hoc

384 3677 477 3730 est
545 3673 871 3746 scriptoris,
931 3668 1028 3729 vel
1072 3673 1273 3746 potius
1329 3677 1690 3747 temporum,
1763 3675 1925 3740 vitio,
1993 3678 2052 3730 et

382 3767 677 3836 perpetua
725 3761 846 3819 fere
903 3761 1189 3834 allegoria
1241 3767 1346 3819 aut
1388 3763 1578 3819 ironia
1629 3763 1790 3820 haud
1832 3781 2050 3836 parum

383 3852 630 3927 quidem
677 3852 914 3910 videtur
949 3851 1290 3920 obscurari;
1346 3853 1628 3926 quaedam
1675 3859 1876 3914 tamen
1922 3871 2046 3910 me-

383 3941 578 3999 moria
614 3941 974 4013 dignissima
1004 3958 1143 3998 cum
1192 3942 1266 3998 de
1305 3942 1462 4010 regis
1504 3942 1764 3999 Rotberti
1811 3959 2046 4012 genere,

383 4031 581 4088 forma
617 4035 676 4088 et
708 4031 1049 4103 virtutibus,
1099 4037 1229 4088 tum
1281 4032 1356 4088 de
1409 4033 1824 4100 magnitudine
1871 4037 1929 4088 et
1971 4033 2052 4087 vi,

384 4119 552 4176 ribus
581 4124 760 4192 atque
791 4120 1209 4192 autocephalia
1247 4121 1412 4190 regni
1461 4121 1742 4188 Francici,
1791 4121 2049 4177 nonnul-

385 4208 478 4264 los
505 4208 685 4264 etiam
711 4209 859 4266 ritus
903 4225 1222 4283 moresque
1277 4214 1640 4268 Francorum
1687 4213 1879 4268 (etatis
1925 4229 2052 4270 siue

385 4297 554 4353 haud
601 4297 788 4352 cuivis
829 4301 1008 4354 notos
1033 4298 1314 4371 continet,
1345 4304 1412 4354 ut
1459 4299 1508 4354 si
1538 4315 1662 4355 non
1705 4301 2050 4369 verborum,

387 4388 544 4441 certe
571 4401 774 4442 rerum
821 4385 1109 4459 pondere,
1140 4391 1198 4444 et
1245 4389 1505 4445 auctoris
1539 4388 1630 4443 sui
1680 4389 1944 4454 nomine,
1998 4393 2054 4444 et

387 4473 748 4531 saeculorum
779 4474 1042 4548 amplius
1071 4493 1175 4534 sex
1202 4481 1493 4533 vetustate
1524 4477 1772 4544 censeri,
1824 4493 1894 4532 ac
1943 4494 2052 4550 pro

387 4563 673 4620 thesauro
699 4563 912 4622 haberi
935 4564 1401 4631 debeat..Quare
1435 4565 1697 4621 hortanti
1746 4581 1843 4620 me
1889 4566 2055 4622 fratri

389 4650 473 4709 ad
499 4651 820 4709 editionem
849 4653 1034 4725 hujus
1063 4653 1285 4724 dialogi
1314 4653 1486 4708 facile
1511 4655 1761 4719 assensi,
1786 4670 1898 4712 nec
1926 4655 2057 4712 diu-

386 4740 507 4798 tius
533 4741 596 4797 in
624 4742 860 4798 schedis
887 4743 1039 4799 meis
1069 4741 1464 4799 Adalberonis
1499 4759 1652 4814 opus
1683 4743 1866 4799 latere
1915 4760 2053 4816 pas-

390 4846 494 4886 sus
540 4846 698 4886 sum.
747 4831 1006 4896 Carmen
1043 4831 1225 4903 igitur
1281 4836 1386 4888 650
1445 4847 1740 4888 annorum
1797 4832 2056 4890 Car-mini

394 4923 533 4977 ante
581 4923 686 4976 740
731 4935 922 4976 annos
973 4921 1328 4994 composito,
1383 4920 1666 4976 laudibus
1717 4923 2057 4991 Berengarii

387 5008 666 5080 Augusti,
696 5008 940 5066 natione
987 5007 1213 5076 Franci,
1258 5007 1470 5065 laudes
1515 5007 1755 5064 Roberti
1802 5010 2055 5066 Franco-

385 5111 526 5153 rum
554 5096 712 5167 regis
748 5097 999 5170 adjunxi
1023 5101 1206 5166 atque
1249 5095 1566 5167 subtexui;
1613 5113 1768 5169 quas
1815 5101 1872 5152 et
1922 5096 2054 5154 bra.

386 5184 568 5241 vibus
594 5184 754 5241 notis
781 5185 1072 5244 illustrare
1099 5187 1382 5242 conabor.
1415 5188 1783 5257 Loquentem
1797 5185 2054 5247 Adalbe—

386 5287 602 5330 ronem
643 5273 961 5346 praesulem
1001 5279 1040 5330 P
1089 5275 1296 5342 littera,
1348 5276 1690 5332 Rotbertum
1750 5291 1953 5345 regem
2006 5279 2052 5332 Β

387 5361 582 5418 littera
599 5361 926 5434 designavi.
1569 5385 1590 5394 ο

386 5450 468 5526 (1)
495 5451 645 5524 Regi
669 5454 942 5512 Rotberto
967 5457 1051 5510 sic
1069 5457 1299 5524 prwszcl
1337 5456 1628 5512 .idatbero
1652 5457 1844 5510 scribo

389 5541 679 5600 Praesulis
699 5543 762 5600 in
791 5545 973 5600 senio.

2154 2519 2322 2585 didit,
2355 2525 2535 2591 atque
2565 2535 2636 2574 ea
2667 2519 2897 2574 ratione
2929 2521 3238 2586 Hugonem
3258 2523 3547 2573 votorum
3580 2532 3806 2573 suorum

2155 2623 2226 2662 ac
2253 2609 2418 2674 regni
2447 2613 2790 2680 compotem
2822 2607 2975 2662 fecit.
3008 2609 3202 2673 Quare
3253 2607 3494 2662 vetulus
3545 2606 3802 2672 traditur,

2155 2701 2212 2752 et
2256 2699 2456 2765 falsus
2499 2699 2810 2766 episcopus
2851 2696 3138 2752 Laudum’
3164 2712 3201 2750 a
3229 2695 3609 2766 quibusdam
3645 2695 3806 2750 histo-

2153 2783 2290 2840 ricis
2321 2790 2722 2856 nuncupatur.
2757 2789 2931 2839 Anno
2963 2783 3170 2840 Christi
3217 2787 3313 2838 991
3371 2783 3550 2853 regni
3595 2787 3657 2838 D.
3707 2781 3806 2836 Hu-

2156 2873 2329 2942 gonis
2361 2875 2630 2943 Augusti,
2658 2879 2716 2932 et
2749 2872 3226 2928 excellentissimi
3259 2872 3414 2942 regis
3469 2871 3722 2928 Botberti
3747 2872 3801 2938 ν,

2155 2963 2476 3018 indictione
2507 2979 2581 3028 IV,
2632 2961 3104 3034 pseudosynodo
3151 2962 3212 3017 in
3243 2976 3392 3030 agro
3419 2960 3694 3018 Remensi
3719 2959 3804 3014 ha-

2156 3051 2294 3106 bitas
2323 3051 2481 3108 idem
2507 3051 2768 3106 interfuit
2796 3057 2977 3122 atque
3008 3050 3367 3122 subscripsit
3391 3069 3405 3118 ;
3457 3050 3524 3106 in
3552 3065 3672 3123 qua
3711 3055 3799 3102 Ar-

2156 3139 2412 3206 nulfum,
2461 3141 2616 3210 regis
2665 3140 2916 3194 Letharii
2964 3139 3154 3195 tilium
3209 3139 3574 3206 naturalem,
3621 3141 3801 3194 Remo-

2156 3247 2291 3284 rum
2341 3230 2682 3298 antistitem,
2735 3246 2920 3300 quem
2967 3230 3094 3302 ipse
3145 3235 3322 3284 antea
3375 3229 3546 3285 solus
3573 3225 3800 3284 reconci-

2156 3319 2421 3385 liaverat,
2474 3335 2612 3374 cum
2661 3317 3192 3374 consacerdotibus
3225 3319 3348 3374 suis
3393 3317 3716 3376 damnavit.
3739 3330 3797 3369 ac

2159 3407 2650 3481 archiepiscopali
2700 3409 2928 3463 honore
2981 3407 3252 3478 privavit.
3313 3407 3522 3463 Eidem
3573 3403 3795 3462 Adalbe-

2159 3497 2290 3552 roni
2331 3496 2521 3559 Dudo,
2583 3496 2780 3552 Sancti
2831 3495 3094 3560 Quintini
3141 3495 3500 3551 clericorum
3537 3494 3794 3556 decanus,

2159 3593 2275 3641 tres
2300 3587 2485 3641 libro»-
2515 3586 2590 3640 de
2622 3587 2808 3642 Gestis
2865 3589 3394 3642 Normannnorum
3425 3585 3512 3641 ad
3555 3579 3794 3641 Richardi

2160 3674 2418 3744 Majoris,
2475 3679 2955 3730 Normannorum
3005 3675 3200 3744 ducis,
3271 3675 3533 3744 obitum,
3595 3689 3692 3728 seu
3731 3668 3795 3724 ad

2161 3781 2388 3820 annum
2420 3764 2631 3818 Christi
2675 3767 2778 3818 996
2810 3763 2898 3816 vel
2949 3763 3024 3831 (si
3069 3763 3301 3819 Dudoni
3349 3763 3637 3830 creditur)
3685 3761 3793 3815 1002

2158 3853 2450 3908 deductos
2473 3851 2693 3908 dicavit
2723 3851 3008 3924 epistola;
3041 3867 3165 3923 qua
3193 3852 3321 3922 ejus
3351 3867 3570 3921 genus,
3597 3849 3794 3922 sapien-

2159 3942 2300 3998 tiam
2329 3947 2507 4012 atque
2536 3941 2800 4011 virtutes,
2833 3941 3130 4013 praecipue
3161 3941 3494 3997 bonitatem
3547 3937 3793 3995 sanctita-

2161 4037 2421 4101 temque,
2473 4030 2698 4086 laudat.
2752 4033 2832 4085 Ex
2883 4046 3009 4102 quo
3055 4035 3305 4103 apparet
3353 4029 3790 4086 Adalberonem.

2158 4119 2252 4175 vel
2280 4119 2624 4175 Ascelinum
2675 4123 2813 4192 post
2841 4135 3071 4177 annum
3109 4123 3240 4176 1002
3275 4119 3310 4189 (‘
3339 4119 3546 4175 adhuc
3588 4115 3796 4172 vivebat

2160 4225 2322 4264 anno
2357 4213 2488 4264 1027
2514 4226 2528 4275 ;
2561 4208 2884 4266 subscribit
2911 4208 3072 4265 enim
3103 4208 3320 4281 placito
3374 4206 3630 4265 Rotberti
3659 4203 3795 4271 regis

2161 4299 2275 4354 hoc
2325 4313 2490 4358 anno
2535 4297 2742 4356 habito
2793 4300 2988 4370 Bora.)
3040 4297 3238 4362 adhuc
3303 4297 3541 4364 vixisse,
3591 4293 3797 4368 episco-

2160 4381 2307 4460 pum
2341 4387 2804 4447 Lauduneusem
2831 4387 3142 4444 exstitisse.
3174 4385 3484 4442 Azeliuum
3515 4401 3612 4441 seu
3637 4379 3794 4438 Adal-

2165 4475 2470 4544 beronem,
2503 4475 2912 4535 Laudunensis
2951 4474 3223 4532 Ecclesiae
3252 4473 3577 4530 antistitem
3625 4469 3794 4542 Sylve-

2164 4568 2281 4618 sier
2300 4566 2322 4618 J
2332 4578 2526 4630 umor,
2547 4564 2867 4634 episcopus
2896 4565 3200 4629 Romanus
3222 4561 3344 4634 (qui
3374 4577 3540 4617 anno
3555 4564 3653 4617 998
3671 4554 3793 4630 [999]

2163 4654 2368 4712 sedere
2397 4652 2614 4722 coepit),
2657 4667 2763 4722 per
2793 4651 3107 4723 epistolam
3158 4651 3312 4720 regis
3345 4650 3602 4706 Botberti
3633 4643 3794 4719 (quod

2159 4739 2368 4807 miror)
2408 4745 2466 4794 et
2503 4740 2948 4812 episcoporum,
2981 4740 3235 4813 publicis
3285 4739 3636 4795 criminibus
3679 4732 3797 4791 insi-

2167 4827 2458 4886 mulatum
2487 4843 2617 4882 esse
2637 4827 2816 4896 ait,et
2838 4832 3088 4888 Romam
3120 4829 3196 4884 ad
3226 4827 3550 4883 dicendam
3577 4836 3792 4881 causam

2160 4916 2451 4976 evocavit.
2490 4920 2620 4988 Ipse
2650 4917 2815 4986 regia
2839 4917 2893 4974 vi
2917 4933 3027 4989 per
3055 4917 3461 4989 quorumdam
3507 4914 3794 4971 factionem

2166 5006 2304 5064 sede
2345 5022 2405 5062 se
2447 5021 2558 5060 sua
2595 5004 2906 5070 exclusum
2947 5022 3076 5065 esse
3111 5005 3396 5078 queritur,
3445 5019 3570 5060 non
3621 5007 3794 5056 tamen

2165 5093 2488 5166 episcopali
2515 5093 2716 5153 ofﬁcio
2738 5095 3062 5166 privatum.
3097 5097 3210 5150 Sed
3237 5095 3348 5148 has
3383 5109 3617 5162 omnes,
3641 5085 3796 5144 veluti

2167 5186 2566 5254 tempestates,
2617 5181 2858 5243 feliciter
2895 5182 3089 5252 elusit,
3135 5198 3206 5242 ac
3232 5181 3486 5250 gratiam
3536 5173 3794 5254 principis

2158 5277 2391 5328 mature
2411 5272 2788 5342 recuperavit
2813 5290 2825 5338 ;
2859 5272 2956 5326 cui
2981 5271 3210 5327 amicus
3237 5275 3418 5342 atque
3447 5269 3622 5325 etiam
3652 5261 3794 5321 fami-

2155 5361 2316 5417 liaris
2363 5359 2490 5422 fuit,
2545 5360 2625 5414 uti
2665 5361 2778 5415 hoc
2825 5377 3070 5416 carmen
3119 5361 3313 5426 docet,
3368 5358 3533 5432 quod
3584 5357 3790 5412 doctus.

2154 5466 2265 5525 pro
2295 5451 2475 5520 captu
2505 5451 2870 5520 temporum,
2903 5451 3246 5524 episcopus,
3279 5449 3358 5506 ad
3402 5449 3554 5516 regis
3601 5445 3794 5500 littera-

2153 5555 2290 5597 rum
2321 5535 2534 5596 studiis
2559 5540 2881 5613 eruditum,
2937 5557 3006 5600 ac
3051 5544 3356 5599 amantem
3385 5537 3784 5597 studiosorum,
