3976 6180
226 149 367 202 789‘

1195 160 1200 164 ‘
1243 143 1522 199 CARMEN
1564 141 1658 197 AD
1696 140 2066 197 ROBERTUM
2105 142 2341 199 REGEM
2391 145 2621 201 ΝΟΤᾹΞ.

3534 158 3641 210 790

224 267 396 325 sicuti
423 267 636 324 Glaber
655 266 942 323 Rodulfus
961 264 1339 321 etAimoinus
1357 264 1594 331 docent,
1618 264 1873 333 atljux'e-
1908 269 1949 318 Α
1988 280 2126 333 rege
2158 268 2514 324 Francorum
2551 270 2877 342 posteriore
2908 270 3031 327 viro
3089 289 3200 331 suo
3252 273 3408 345 regis
3465 278 3641 335 Fran-

222 370 363 413 nem
390 373 573 412 senex
598 354 941 429 composuit
973 373 985 410 :
1017 344 1097 409 sic
1128 353 1289 408 enim
1309 354 1382 407 de
1415 370 1475 409 se
1498 353 1629 427 ipso
1657 349 1829 407 refert
1862 371 1874 405 ι

222 447 369 517 Regi
384 446 640 501 Roberto
661 446 746 501 sic
767 436 993 514 pra’sul
1022 438 1325 499 Adalbero
1355 458 1472 498 seri
1482 443 1570 510 bo,

220 535 513 591 Praesulis
546 534 605 589 in
636 534 817 590 senio.

294 623 386 679 Sic
408 623 481 678 de
512 619 769 678 Roberto
798 636 935 689 rege
968 624 1354 685 Francorum,

217 712 400 768 Flore
417 712 753 782 juventutis
785 718 887 766 tua
897 712 1031 781 jam
1064 710 1397 778 resplendet
1430 710 1646 778 imago.

294 803 438 854 Item
470 800 542 855 de
568 800 704 873 ipso
734 799 1046 856 Botbertus
1081 815 1092 852 :

216 887 355 944 Jam
387 895 566 958 caput
596 887 770 946 hocce
800 896 968 944 tuum
994 887 1256 944 candens
1311 887 1581 942 imitatur
1635 886 1878 940 olorem.

294 978 444 1033 Cum
475 981 675 1033 autem
702 978 824 1047 regi
853 976 1131 1032 Rotberto
1163 974 1420 1031 scribere
1439 991 1502 1028 se
1533 974 1693 1028 dicat
1713 972 1885 1027 Adal-

213 1064 387 1133 bero,
416 1080 618 1135 regem
644 1065 994 1121 Rotbertum
1024 1063 1250 1135 ubique
1275 1062 1637 1134 alloquatur,
1687 1062 1882 1130 Hugo—

214 1140 313 1209 nis
331 1170 470 1211 vero
494 1142 724 1210 nullam
747 1170 1009 1227 usquam
1040 1151 1408 1209 mentionem
1439 1148 1635 1215 faciat,
1691 1165 1879 1223 appa-

216 1248 310 1299 ret
329 1247 466 1315 post
489 1259 720 1299 annum
751 1242 961 1300 Christi
986 1245 1090 1297 998
1122 1257 1232 1296 seu
1254 1246 1391 1314 post
1421 1240 1686 1309 Hugonis
1724 1239 1879 1307 regis

217 1334 582 1389 Francorum
615 1332 873 1388 Rotberti
904 1330 1091 1404 patris
1147 1328 1379 1385 obitum
1428 1343 1669 1384 carmen
1722 1327 1883 1382 istud

216 1420 299 1475 ab
331 1437 401 1477 eo
423 1437 551 1477 esse
602 1420 1030 1497 compositum,
1088 1417 1337 1475 0dilone
1387 1417 1735 1474 Cluuiacum
1788 1432 1879 1471 re-

217 1514 416 1577 gente,
480 1510 653 1581 cujus
720 1508 958 1565 abbatis
1026 1506 1316 1563 meminit.
1404 1521 1585 1577 quem
1650 1510 1884 1560 constat

1988 370 2194 411 corum
2226 358 2475 415 Lotharii
2509 365 2717 415 mater.
2746 360 3025 421 Ludovici
3079 362 3232 433 avia,
3283 368 3455 435 pater
3505 365 3639 439 qui-

1989 440 2128 497 dem
2177 444 2437 500 Rotberti
2490 447 2677 503 nostri
2730 440 2926 519 Hugo,
2984 454 3111 507 tam
3188 452 3443 509 Lotharii
3484 454 3640 524 regis

1990 533 2349 589 Francorum
2378 552 2559 606 quam
2595 538 2822 594 Ottonis
2848 538 2894 592 ll
2936 539 3189 609 Augusti
3241 540 3641 600 consobrinus

1989 621 2207 677 exstitit
2238 642 2250 690 ;
2279 624 2402 697 ipse
2426 632 2627 683 autem
2656 624 2996 698 Rotbertus,
3050 632 3108 687 et
3152 629 3485 687 Ludovicus
3533 634 3641 689 Lo—

1990 711 2162 766 tharii
2218 713 2391 779 illius,
2446 717 2551 789 qui
2620 717 2861 773 ultimus
2937 717 3432 788 Carlovingorum
3478 720 3641 793 apud

1991 802 2250 857 Francos
2300 806 2589 872 regnavit,
2647 805 3022 863 consobrinis
3078 807 3259 877 geniti
3316 807 3410 864 vel
3435 824 3647 865 conso-

1990 887 2301 944 liI‘lIlOl'Ulll
2354 891 2457 947 tilii
2512 894 2692 949 luere.
2724 884 2916 959 Quare
2942 895 3154 953 merito
3184 894 3425 967 subjicit
3463 896 3644 954 Adul-

1992 975 2136 1031 llt'l'O
2170 994 2182 1031 ε

1987 1065 2317 1123 Stemmata
2368 1069 2656 1126 nobilium
2687 1071 3049 1129 descendunt
3078 1074 3368 1143 sanguine
3407 1090 3637 1145 regum.

2064 1156 2135 1226 (ei)
2170 1159 2286 1212 Lac
2319 1158 2427 1213 (ibi
2454 1164 2692 1229 sugeuli
2718 1160 2824 1215 dat
2850 1164 3063 1219 nutrix
3086 1164 3529 1233 induperatrirc.

2060 1244 2359 1301 Adelaiilis
2391 1247 2656 1315 Hugouis
2681 1248 2836 1317 regis
2863 1251 3225 1308 Francorum
3271 1267 3444 1317 uxor,
3501 1242 3667 1309 Rat?

1988 1331 2139 1389 berti
2170 1335 2357 1391 nostri
2388 1341 2596 1402 mater,
2630 1336 2880 1393 forsitan
2906 1353 3016 1410 pro
3045 1339 3251 1408 regina
3286 1341 3645 1408 imperatm'a:

1991 1428 2257 1490 vocatur,
2291 1422 2367 1479 ab
2394 1425 2771 1481 Adalberone
2814 1427 3162 1499 improprie,
3218 1432 3287 1487 ut
3334 1428 3507 1498 Hugo
3560 1428 3648 1485 vir

1990 1512 2120 1579 ejus
2152 1513 2403 1567 domnus
2442 1516 2621 1589 Hugo
2650 1516 2961 1585 Augustus
3000 1515 3196 1575 dictus
3223 1520 3316 1574 est
3369 1531 3481 1589 pro
3507 1532 3649 1587 rege

217 1598 452 1664 Maiolo,
484 1615 648 1656 anno
703 1598 938 1655 Domini
960 1601 1085 1669 994,
1120 1595 1451 1659 Ottonislll,
1485 1594 1718 1668 imperii
1746 1608 1879 1661 1n,v
1922 1614 1962 1668 Β
1989 1597 2049 1652 in
2081 1599 2334 1669 synodo,
2370 1616 2530 1655 anno
2561 1602 2657 1656 991
2695 1601 2902 1659 habita
2929 1603 2991 1659 in
3016 1603 3270 1663 basilica
3295 1603 3497 1662 Sancti
3539 1606 3649 1663 Ba-

217 1687 363 1753 l_dus
413 1689 612 1754 Maias,
649 1694 891 1745 mortuo
938 1686 1314 1743 successisse.
1374 1686 1662 1741 Caeterum
1709 1684 1883 1741 Ascli-

215 1792 337 1833 nus
392 1778 658 1835 amicum
715 1782 931 1852 praeter
986 1782 1230 1833 caeteros
1289 1774 1500 1829 habuit
1544 1774 1881 1830 Fulbertum

218 1868 553 1923 Carnutum
575 1866 947 1943 episcopum,
971 1866 1077 1938 qui
1104 1865 1325 1937 ipsum,
1377 1862 1437 1917 in
1495 1864 1746 1935 epistola
1790 1867 1879 1929 45,

214 1956 459 2011 clarum
488 1956 976 2015 Laudunsnsium
995 1955 1310 2024 prarsulem
1363 1952 1646 2026 appellat,
1675 1958 1732 2009 et
1762 1967 1885 2009 ma-

219 2060 410 2113 gnum
434 2046 677 2102 Patrem
707 2049 1036 2116 :rogatque
1063 2045 1367 2115 eumdem,
1410 2045 1510 2099 cui
1549 2044 1705 2099 Deus
1742 2042 1885 2098 bene

215 2134 524 2204 suadendi
547 2135 778 2202 copiam
819 2134 1349 2202 incomparabilem
1372 2135 1557 2201 dedit,
1588 2138 1653 2189 ut
1684 2148 1878 2200 regem

212 2221 434 2294 excitet
489 2221 573 2275 ad
628 2221 1054 2279 vindicandam
1111 2222 1438 2279 subdecani
1492 2222 1587 2279 sui
1637 2219 1875 2276 caedem.

209 2313 466 2367 Amatus
491 2314 581 2365 est
603 2314 721 2366 eta
747 2309 1078 2377 Guillelmo,
1127 2312 1564 2383 Aquitanorum
1618 2310 1772 2366 duce
1825 2312 1883 2364 et

209 2396 434 2472 comite
464 2395 859 2466 Pictavorum,
889 2413 927 2454 a
953 2414 1078 2470 quo
1101 2413 1227 2454 non
1288 2415 1427 2456 raro
1492 2398 1713 2455 litteras
1779 2412 1879 2454 ac-

209 2486 393 2560 cepit.

287 2573 363 2647 (2)
396 2573 685 2631 Fratrum
729 2574 1118 2631 Laudunicus
1148 2575 1315 2643 crdo,

204 2662 666 2732 Flosjuvenum
693 2650 1050 2735 fructusque
1090 2677 1295 2720 senum
1318 2668 1373 2719 te
1409 2672 1602 2719 mente
1629 2662 1878 2721 salutat.

289 2751 415 2809 Hoc
443 2756 549 2823 est,
585 2750 998 2811 Laudunensis
1028 2749 1303 2806 Ecclesiae
1334 2750 1547 2817 clerici,
1579 2766 1717 2806 cum
1749 2767 1879 2809 ma-

196 2841 379 2911 jores
435 2845 560 2901 tum
611 2840 895 2909 minores,
947 2838 1051 2911 qui
1105 2838 1318 2897 fratres
1367 2840 1428 2895 in
1483 2840 1711 2897 Christo
1760 2841 1880 2895 mei

205 2934 380 2999 sunt,
412 2934 467 2986 te
496 2945 621 2986 non
647 2930 855 3000 lingua
884 2929 991 2989 sed
1022 2928 1178 2987 vctis
1209 2945 1284 2985 ex
1329 2930 1533 2987 animo
1597 2929 1874 2987 salutant.

203 3020 518 3086 Senicres,
574 3032 677 3079 seu
761 3019 1174 3079 honoratiores
1231 3020 1456 3085 clerici,
1508 3019 1880 3074 vocabantur

203 3108 551 3182 presbyteri
581 3113 639 3167 et
665 3108 905 3171 diaconi
937 3109 1241 3177 ;junicres
1271 3109 1497 3173 clerici,
1522 3107 1876 3163 subdiaconi

203 3203 271 3252 et
306 3199 502 3255 ceteri
528 3196 879 3258 inferiorum
910 3197 1232 3269 graduum.
1262 3198 1394 3255 Illos
1432 3198 1765 3267 Gregorius,
1819 3198 1877 3252 in

203 3287 413 3359 capite
443 3290 512 3344 44
537 3287 671 3347 libri
692 3304 731 3344 v
753 3287 1018 3346 Historiae
1046 3290 1305 3357 maiores
1330 3289 1597 3357 clericos,
1630 3289 1734 3344 nos
1776 3288 1880 3343 mis

202 3390 393 3433 nores
448 3376 729 3449 appellat.
770 3378 1123 3435 Fortunatus
1181 3375 1243 3433 in
1288 3377 1561 3433 Carmine
1597 3380 1635 3432 Χ
1656 3376 1790 3431 libri
1815 3390 1874 3441 ιι,

204 3464 299 3521 ad
324 3464 552 3523 clerum
576 3465 943 3525 Parisiacum
975 3469 1261 3538 utrosque
1282 3465 1366 3521 uti
1413 3464 1731 3531 Adalbero,
1794 3479 1877 3519 se-

200 3570 363 3610 num
392 3559 450 3611 et
468 3557 763 3624 juvenum
792 3553 1190 3627 appellatione
1220 3554 1514 3624 designat.

290 3645 365 3699 In
397 3644 589 3703 medio
617 3646 951 3703 Germanus
978 3643 1146 3701 adest
1176 3645 1423 3699 antistes
1454 3644 1697 3710 honore,

363 3735 480 3805 Qui
499 3735 651 3804 regit
679 3734 821 3803 hinc
835 3736 1109 3803 juvenes,
1141 3733 1399 3802 subrigit
1426 3733 1565 3788 inde
1592 3746 1773 3787 senes.

291 3826 405 3878 Nec
434 3822 695 3879 absurde
735 3821 1035 3877 Adalbero
1059 3822 1311 3892 juvenes
1370 3820 1640 3890 ﬂoribus,
1703 3833 1878 3876 senes

206 3911 512 3968 fructibus
538 3915 851 3984 comparat
880 3928 897 3977 ς
926 3926 1031 3968 ver
1059 3925 1222 3966 enim
1264 3910 1560 3979 juvenum
1615 3915 1721 3975 est,
1776 3918 1880 3971 an;

206 4005 471 4061 tumnus
495 4001 801 4060 seniorum
834 4017 848 4055 :

292 4092 370 4167 (3)
398 4092 613 4149 Patres
645 4104 903 4161 namque
930 4089 1024 4144 tui
1050 4088 1242 4157 longe,
1286 4101 1417 4155 rex,
1461 4087 1876 4155 induperator.

295 4179 464 4235 Haud
511 4179 662 4237 falso
714 4179 940 4234 dictum
1000 4177 1115 4232 hoc
1171 4175 1250 4231 ab
1308 4174 1702 4231 Adalberone.
1733 4179 1880 4232 Nam

212 4269 538 4363 Bctbertus
565 4271 1159 4363 l‘lugonempatrem,
1194 4264 1538 4363 Bothe-rium
1562 4268 1878 4363 proavum,
1915 4309 1961 4363 Β

211 4363 277 4413 et
302 4357 514 4430 proavi
570 4357 810 4417 fratrem
871 4356 1146 4413 Odonem
1201 4370 1307 4409 rex
1366 4356 1729 4409 Francorum
1782 4351 1885 4409 ha-

210 4446 353 4508 buit
387 4448 722 4519 ;majorem
752 4446 1020 4510 amitam,
1051 4443 1294 4500 nomine
1351 4445 1648 4509 Emmam,
1712 4446 1884 4500 Fran-

214 4553 433 4597 corum
456 4537 633 4596 etiam
662 4536 957 4606 reginam,
1014 4538 1076 4590 Β.
1119 4532 1355 4589 Rodulti
1404 4542 1673 4588 uxorem.
1718 4532 1882 4588 Idem

213 4642 329 4699 per
358 4626 557 4685 aviam
586 4624 975 4683 Hadewidem
1002 4623 1099 4679 vel
1126 4622 1439 4678 Hawidcm
1472 4626 1703 4694 patrem
1751 4622 1882 4692 ejus

220 4715 541 4788 Henricum
575 4718 895 4780 Saxonem,
950 4713 1311 4783 cognomine
1390 4713 1722 4783 Aucupem,
1790 4727 1881 4766 re-

220 4820 362 4874 gem
386 4806 1003 4871 Transrhenanorum,
1030 4815 1137 4858 seu
1191 4802 1555 4857 Francorum
1615 4802 1882 4857 orienta-

166 4914 181 4921 ί
217 4894 371 4950 lium
401 4912 416 4961 ;
476 4893 719 4956 fratrem
767 4894 916 4965 ejus,
977 4897 1034 4947 et
1064 4890 1258 4947 fratris
1286 4890 1478 4945 ﬁlium
1501 4907 1572 4947 ac
1602 4895 1883 4962 nepotem

218 4984 613 5056 imperatores
657 4985 900 5040 Ottones
940 4980 1282 5053 propinqua
1334 4974 1691 5049 cognatione
1746 4988 1883 5035 con-

222 5072 511 5141 ﬁngebat.
570 5072 710 5126 cum
765 5070 933 5139 Hugo
984 5067 1245 5125 Rotberti
1284 5072 1472 5140 pater,
1519 5062 1883 5124 Francorum

222 5176 352 5229 rex,
383 5159 760 5233 imperatOris
788 5158 1014 5215 Ottoni's
1060 5150 1102 5213 Π
1156 5157 1334 5212 frater
1383 5156 1665 5239 amitinu's
1690 5146 1882 5223 luerit,

224 5250 553 5321 imperator
580 5250 872 5304 Caesarem
903 5249 1179 5304 Ottonem
1207 5246 1228 5298 l
1259 5242 1648 5312 avunculum,
1703 5262 1885 5301 avum

228 5328 568 5388 maternum
603 5326 1168 5403 Henmiim,regem
1211 5328 1732 5385 Transrhenanu’m
1788 5328 1890 5386 ha-

227 5416 422 5473 buerit
446 5436 458 5487 ;
486 5410 811 5490 imperator
842 5420 973 5474 Otto
996 5416 1067 5472 lI‘l
1094 5419 1147 5470 et
1203 5408 1494 5490 Robertus
1519 5418 1719 5469 noster
1745 5414 1886 5471 ami-

227 5484 490 5558 tinorum
518 5484 769 5559 fratrum
807 5502 910 5558 ﬁlii
963 5500 1309 5557 exstiterint.
1366 5484 1675 5565 Praeterea,
1738 5516 1889 5572 quo-

231 5587 396 5648 niam
425 5588 723 5647 Hadwidis
751 5603 919 5646 soror
945 5589 1074 5646 erat
1116 5585 1433 5677 Gerberga,
1466 5600 1540 5641 ex
1583 5584 1883 5645 Ludovico

1992 1686 2118 1742 soli.
2150 1688 2329 1759 Cujus
2361 1689 2573 1763 synodi
2600 1695 2883 1747 Actorum
2913 1692 3028 1751 hoc
3053 1698 3142 1748 est
3164 1693 3402 1751 initium
3430 1710 3445 1749 :
3473 1712 3502 1747 ι
3532 1697 3651 1751 Αιι⁴

1992 1791 2071 1831 no
2102 1794 2134 1831 v
2165 1778 2332 1847 regni
2381 1779 2458 1834 ab
2514 1778 2926 1839 incarnatione
2975 1782 3210 1839 Domini
3264 1782 3457 1839 nostri
3510 1785 3649 1847 Jesu

1993 1864 2201 1920 Christi
2258 1866 2522 1933 ilugonis
2568 1868 2840 1940 Augusti,
2871 1873 2929 1925 et
2983 1870 3465 1929 excellentissimi
3488 1871 3647 1940 regis

1990 1952 2268 2019 Rotberti,
2337 1960 2700 2025 congregata
2753 1961 2844 2015 est
2914 1958 3184 2030 synodus
3241 1957 3306 2015 in
3366 1958 3649 2021 Remensi

1988 2041 2295 2098 territorio.
2355 2066 2379 2092 ››
2433 2044 2525 2100 Sic
2561 2045 2641 2103 ab
2682 2045 2987 2116 Helgaldc,
3050 2046 3112 2107 in
3159 2047 3353 2119 capite
3413 2052 3476 2109 t3
3505 2051 3646 2107 Rot-

1988 2128 2189 2184 bertus
2222 2137 2440 2201 noster,
2473 2132 2793 2189 amborum
2821 2125 3000 2205 filius,
3030 2136 3411 2193 Francorum
3466 2138 3648 2206 impe~

1988 2224 2157 2275 rator
2178 2220 2530 2297 appellatur,
2560 2222 2690 2293 ejus
2722 2224 2900 2283 minae
2928 2225 3288 2295 imperiales,
3311 2226 3508 2296 jussio
3540 2227 3648 2287 inl-

1984 2310 2312 2375 peralcria.
2364 2309 2454 2365 Sic
2511 2326 2549 2367 a
2606 2310 2884 2369 Gerberto
2946 2313 3283 2382 Lotharius,
3364 2312 3649 2375 Ludovici

1988 2412 2061 2450 ex
2087 2398 2384 2469 Gcrbcrga
2410 2398 2592 2468 illius,
2613 2415 2718 2459 rex
2750 2402 3135 2473 Francorum,
3178 2402 3385 2463 Caesar
3418 2417 3650 2460 nuncu-

1986 2491 2162 2556 patur
2189 2487 2249 2541 in
2280 2487 2551 2553 versibus
2601 2489 2833 2545 tumulo
2857 2489 2989 2560 ejus
3011 2490 3328 2565 inscriptis,
3370 2494 3515 2559 Qum
3544 2505 3648 2555 ltu-

1988 2578 2107 2631 tem
2137 2574 2309 2630 fuerit
2359 2575 2601 2639 Adelais
2656 2577 2921 2633 Rotberti
2970 2582 3181 2646 mater.
3212 2579 3362 2636 scire
3407 2579 3648 2643 difﬁcile

1988 2669 2094 2733 est,
2123 2680 2259 2719 cum
2292 2663 2613 2734 Helgaldus
2642 2669 2874 2725 tantum
2902 2666 3064 2727 dicat
3090 2667 3430 2738 genusajus
3457 2666 3646 2737 incly-

1989 2758 2113 2810 tum
2141 2771 2217 2810 ex
2264 2754 2427 2813 Italia
2475 2760 2673 2813 ortum
2718 2773 2868 2827 esse,
2921 2772 3035 2815 nec
3085 2762 3319 2831 patrem
3367 2760 3649 2819 matrem-

1988 2860 2106 2916 que
2146 2844 2276 2918 ejus
2314 2844 2600 2903 nominet.
2645 2845 2904 2912 Quidam
2950 2845 3341 2913 recentissimi
3395 2844 3645 2918 Scripto-

1988 2948 2082 2988 res
2133 2933 2285 2988 falso
2346 2934 2689 2991 existimant
2752 2935 3120 3007 Adelaidem,
3180 2951 3319 3009 quia
3378 2934 3647 2998 Rutberti

1988 3038 2059 3077 ex
2125 3022 2373 3093 Hugone
2430 3028 2622 3080 mater
2686 3025 2839 3095 fuit;
2909 3025 3165 3085 Lotharii
3236 3026 3395 3097 regis
3458 3025 3641 3086 Italia

1986 3110 2192 3179 ﬁliam,
2262 3116 2483 3168 Emmee
2548 3115 2799 3170 Lotharii
2868 3118 3231 3172 Francorum
3293 3117 3450 3186 regis
3496 3132 3643 3175 uxo~

1987 3200 2066 3254 ris
2132 3216 2401 3269 sororem
2460 3201 2660 3258 fuisse.
2744 3202 2982 3260 Adelais
3064 3203 3227 3265 enim
3290 3219 3365 3261 ex
3445 3204 3643 3275 priore

1988 3290 2111 3344 viro
2184 3306 2292 3345 suo
2356 3292 2564 3346 Ottone
2657 3291 2957 3357 Lothario,
3020 3306 3161 3360 rege
3217 3290 3417 3360 Italia,
3452 3291 3643 3349 ﬁliam

1986 3378 2165 3433 enixa
2222 3382 2329 3445 est,
2394 3378 2682 3436 nimirum
2726 3382 3023 3447 Emmam.
3074 3378 3330 3443 Lotharii
3388 3381 3644 3441 Franco-

1984 3483 2119 3523 rum
2167 3469 2326 3537 regis
2359 3469 2700 3539 conjugem,
2731 3468 3017 3527 Ludovici
3036 3473 3313 3537 matrem.
3360 3472 3427 3530 ut
3469 3467 3643 3528 Odﬂo

1984 3555 2045 3613 in
2079 3556 2210 3611 Vita
2269 3556 2567 3612 Adelaidis
2617 3560 2904 3629 Augusta
2932 3556 3138 3623 scribit
3167 3574 3182 3614 ε
3214 3573 3292 3619 ex
3316 3556 3642 3631 posterior.

1983 3645 2111 3701 viro
2171 3649 2379 3702 Ottone
2437 3648 2589 3713 Aug.
2655 3646 2844 3703 tiliam
2896 3647 2989 3703 sui
3052 3646 3315 3711 nominis
3368 3646 3645 3709 videlicet

1985 3734 2352 3805 Adelaidem,
2380 3751 2449 3791 ac
2481 3741 2597 3791 tres
2623 3751 2820 3793 mares
2847 3736 3073 3805 genuit,
3117 3736 3640 3808 quemadmodum

1984 3824 2375 3880 Witichindus
2407 3824 2599 3882 docet.
2630 3827 2778 3883 Cum
2806 3840 2950 3894 ergo
2978 3825 3288 3887 Lotharius
3333 3841 3441 3885 rex
3487 3828 3641 3882 Lon~

1987 3912 2394 3980 gobardorum
2427 3929 2501 3969 ex
2522 3911 2828 3981 Adelaide,
2861 3911 3118 3980 conjuge
3139 3926 3272 3976 sua.
3301 3926 3490 3971 mam
3512 3915 3641 3967 tan-

1987 4005 2115 4067 tum
2144 4000 2350 4066 ﬁliam,
2384 4002 2662 4055 Emmam
2718 3998 2985 4065 nomine,
3038 3996 3428 4067 generaverit.
3475 3996 3644 4055 haud

1988 4088 2169 4143 dubie
2202 4087 2442 4143 Adelais
2472 4086 2738 4143 Rotberti
2786 4086 2976 4144 nostri
3021 4101 3097 4149 ex
3148 4085 3401 4156 ῌιιεοιο
3449 4089 3644 4146 ωεστ

1987 4177 2109 4233 ﬁlia
2138 4176 2392 4233 Lotharii
2423 4180 2486 4235 Β.
2524 4179 2605 4237 L..
2630 4175 2839 4235 haberi
2864 4190 2987 4241 non
3028 4178 3241 4248 potasti
3295 4175 3642 4237 Notandum

1988 4272 2190 4323 autem
2217 4273 2303 4323 est
2333 4282 2563 4323 morem
2591 4270 2717 4325 tum
2741 4263 3074 4333 illustribus
3105 4264 3341 4331 feminis
3372 4266 3553 4328 eum
3575 4265 3645 4326 li-

1990 4357 2166 4413 beros
2194 4372 2335 4411 suos
2362 4373 2471 4415 suo
2500 4354 2651 4411 lacte
2680 4356 2925 4424 nutrire,
2969 4359 3028 4412 et
3072 4354 3447 4424 Adalaidem,
3505 4371 3643 4429 qua

1990 4445 2258 4517 Hugonis
2281 4445 2553 4500 nondum
2581 4443 2831 4518 quidem
2857 4434 3036 4514 regis,
3084 4445 3193 4503 sed
3230 4448 3388 4507 certe
3441 4448 3644 4502 nmen

1989 4533 2159 4601 ducis
2188 4537 2550 4591 Francorum
2597 4550 2666 4589 ac
2717 4533 2954 4601 comitis
3009 4533 3370 4597 Parisiorum
3418 4531 3646 4600 coniux

1991 4629 2163 4692 esset,
2201 4624 2476 4681 Rotberto
2505 4623 2629 4683 ﬁlio
2656 4621 3325 4695 mammaspreehuisse,
3344 4635 3459 4679 nec
3486 4617 3643 4675 ullas

1988 4713 2243 4786 parvulo
2274 4713 2533 4771 nutrices
2563 4714 2850 4775 adhibere
2878 4712 3162 4781 voluisse,
3188 4708 3374 4771 utﬁlii
3400 4706 3495 4766 sui
3521 4710 3647 4763 tota

1991 4808 2047 4859 et
2066 4803 2296 4872 integra
2322 4806 2514 4859 mater
2543 4807 2699 4858 esset
2728 4819 2743 4858 t

1988 4895 2110 4949 Lac
2138 4893 2508 4966 tibisugenti
2533 4892 2637 4947 dat
2663 4891 2880 4949 nutris:
2908 4887 3358 4958 induratum

1994 4984 2066 5053 (‘5)
2083 4982 2346 5038 Mundus
2357 4981 2558 5037 adhuc
2564 4995 2756 5050 puero
2772 4976 3645 5044 dmﬁummdm

1994 5068 2364 5141 Congaudet,
2396 5072 2508 5122 etc.
2974 5118 2983 5125 ,

2064 5155 2315 5212 Mundus
2341 5154 2538 5210 omnis
2558 5154 2878 5219 dominum
2899 5157 2962 5215 ιο
3010 5154 3294 5221 meum
3334 5155 3402 5208 It
3443 5151 3649 5209 adhuc

1994 5260 2181 5318 puero
2212 5243 2570 5312 congaudet.
3252 5290 3259 5295 .

1998 5331 2066 5399 (6)
2096 5327 2306 5384 Pludit
2325 5328 2621 5397 manibus,
2648 5328 2917 5394 ιωιαιωω,
2940 5332 3002 5387 ,ει
3023 5331 3217 5399 αμα.

2000 5416 2070 5470 In
2097 5428 2293 5482 regem
2320 5412 2451 5483 sibi,
2494 5428 2634 5470 mox
2653 5411 2934 5469 concordi

2073 5497 2182 5565 Qui
2203 5513 2405 5567 regem
2436 5497 2754 5566 eligebant,
2778 5497 3044 5572 episcopi
3069 5501 3129 5564 et
3416 5496 3651 5567 Fauna,

2007 5586 2293 5657 Saxones,
2324 5582 2724 5655 Langobardi,
2752 5599 2921 5645 more
2932 5583 3383 5662 mm“
3404 5595 3655 5655 δωρον.
