3994 6166
421 149 520 203 ’791

1355 147 1425 203 ΙΝ
1484 148 1973 206 ADALBERONIS
2026 153 2342 210 EPISCOPI
2390 159 2898 220 LAUDUNENSIS.
3695 192 3780 244 792

422 268 954 341 manico,futurum
975 268 1305 342 principem
1334 271 1554 343 plausu
1576 288 1870 328 manuum
1896 275 2079 330 hono—
2110 279 2158 331 Α
2192 280 2354 335 Certe
2380 285 2436 337 et
2472 283 2794 340 Willelmus
2849 290 3270 358 Nangiacensis
3324 301 3640 361 monachus
3675 310 3786 367 Rot-

421 357 638 414 rabant
669 399 683 424 ,
774 355 1432 432 acclamationibusque
1495 362 2018 434 prosequebantur
2063 381 2076 430 ;

421 445 638 501 deinde
669 443 1152 516 comprobabant
1178 447 1271 503 vel
1300 447 1389 518 (ut
1415 448 1649 520 vulgari
1692 455 1818 506 erat
1875 451 2079 522 verbo)

420 533 850 590 collaudabant
879 552 893 601 ;
927 538 1058 590 tum
1088 536 1208 592 ﬁde
1238 553 1274 592 a
1303 537 1553 609 singulis
1584 555 1658 594 ex
1686 540 1895 596 ordine
1923 541 2082 611 jure-

411 623 677 693 jurando
728 622 1049 696 promissa,
1093 641 1297 696 regem
1345 627 1780 685 benedicebant
1836 647 2082 687 corona-

414 709 686 783 bantque
713 730 726 780 ;
759 717 1116 770 coronatum
1140 714 1201 769 in
1228 716 1392 786 regio
1415 717 1562 772 solio
1585 717 1991 786 collocabant;
2018 721 2078 776 in

414 799 682 869 regalem
712 801 918 857 sedem
935 801 1178 872 elatum,
1207 803 1409 861 debita
1440 807 1831 876 gratulatione
1888 809 2076 865 cultu-

415 902 535 958 que
559 889 1024 946 venerabantur.
1049 893 1286 948 Lwtitia
1316 893 1480 964 apud
1508 894 1970 965 Adalberonem,
2000 899 2075 954 ad

415 976 878 1034 acclamationes
908 980 1160 1052 pertinet
1207 984 1405 1050 ;optio
1447 984 1509 1038 in
1563 1000 1778 1055 regem,
1826 987 1904 1042 ad
1956 988 2076 1043 col-

415 1063 826 1122 laudationem
875 1068 994 1124 sive
1060 1069 1604 1128 conﬁrmationem.
1661 1074 1907 1131 Plausus
1951 1093 2077 1132 ma-

417 1169 610 1210 nuum
643 1155 956 1224 Gregorius
985 1158 1276 1225 meminit,
1307 1159 1369 1214 in
1395 1160 1528 1217 libri
1556 1163 1818 1219 Historia!
1860 1170 1924 1233 ll,
1977 1184 2074 1223 ca-

413 1242 533 1313 pite
565 1246 653 1313 42,
686 1243 849 1315 apud
862 1261 1057 1316 quem
1080 1247 1287 1303 Franci
1310 1249 1692 1307 Colonienses
1710 1255 2074 1322 plaudentes

416 1335 538 1385 tam
561 1333 786 1399 palmis
818 1349 995 1403 quam
1018 1336 1274 1404 vocibus,
1306 1338 1665 1397 Clodoveum
1699 1344 1907 1412 clypeo
1922 1361 2077 1401 evec-

415 1424 539 1474 tum
567 1435 747 1489 super
778 1435 839 1477 se
890 1438 1087 1493 regem
1122 1429 1494 1483 constituunt
1523 1443 1544 1499 ,'
1604 1431 1709 1485 etsi
1768 1433 2075 1489 codicibus

410 1506 658 1563 Julianis
691 1509 979 1582 scriptum
1005 1512 1246 1570 invenio
1269 1519 1523 1585 parmis.
1559 1523 1622 1572 In
1677 1520 1802 1575 Vita
1842 1522 2073 1578 Henrici

412 1596 689 1669 Bajoarii,
723 1603 744 1654 Ι
775 1615 846 1655 eo
876 1602 1121 1658 nomine
1148 1602 1543 1675 imperatoris,
1609 1608 1652 1662 Il
1706 1610 1885 1680 regis,
1939 1629 2073 1684 quae
2114 1631 2151 1684 Β

410 1685 724 1742 Adelboldi
748 1689 1139 1758 'l‘rajectensis
1171 1693 1434 1765 episcopi
1470 1697 1772 1768 scriptoris
1820 1702 2068 1772 aequalis

411 1789 545 1830 esse
574 1776 851 1842 creditur,
885 1794 1047 1834 anno
1078 1785 1212 1836 1004
1246 1799 1312 1837 ;‹‹
1348 1785 1629 1840 Henricus
1661 1803 1761 1842 rex
1803 1788 1885 1844 ibi
1945 1794 2071 1857 (Pa-

410 1863 947 1934 piaa)anobilibus
973 1866 1409 1941 Longobardis,
1459 1873 1563 1944 qui
1613 1874 1689 1929 ad
1743 1878 2069 1951 suscipien-

409 1947 560 2002 dum
585 1965 724 2006 eum
752 1955 1097 2022 congregati
1126 1963 1312 2023 erant,
1340 1975 1444 2030 per
1463 1959 1679 2031 dignos
1737 1947 2068 2038 applausus

409 2037 710 2108 recipitur,
737 2043 964 2096 etcum
993 2044 1384 2102 exsultatione
1442 2049 1621 2104 totius
1678 2037 1930 2110 civitatis
1991 2057 2069 2112 ad

411 2126 608 2182 Sancti
630 2127 923 2185 Michaelis
949 2131 1262 2189 ecclesiam
1288 2136 1540 2192 ducitur.
1578 2140 1658 2195 lbi
1713 2142 1926 2213 clerus,
1987 2145 2065 2200 ibi

407 2215 705 2272 nobilium
735 2223 943 2289 coetus,
974 2221 1058 2276 ibi
1084 2222 1256 2294 plebs
1289 2225 1599 2300 utriusque
1631 2246 1826 2298 sexus,
1856 2249 2067 2291 omnes

409 2305 729 2360 unanimes
761 2323 882 2362 uno
913 2325 1015 2364 ore
1069 2311 1388 2369 Henricum
1445 2331 1648 2385 regem
1708 2321 2064 2392 acclamant,

303 2457 319 2469 κ
407 2391 772 2466 collaudant,
803 2401 858 2451 et
887 2412 1308 2468 permanuum
1354 2402 1672 2461 elationem
1722 2391 2060 2480 designant.

409 2479 794 2538 Collaudatus
819 2483 999 2554 igitur
1024 2493 1381 2558 coronatur;
1416 2499 1734 2551 coronatus
1765 2514 1838 2553 ex
1863 2479 2065 2557 debito

405 2568 485 2623 ab
515 2570 798 2626 omnibus
829 2573 1160 2631 honoratur
1191 2595 1204 2644 ;
1229 2579 1307 2634 ad
1334 2580 1627 2651 palatium
1653 2584 1869 2644 deinde
1926 2606 2066 2646 cum

404 2657 571 2712 omni
585 2658 960 2729 jucunditate
985 2664 1239 2720 ducitur.
1268 2691 1295 2716 ››
1318 2669 1630 2726 Rotbertus
1652 2679 1873 2744 autem,
1904 2694 2065 2736 anno

405 2745 615 2802 Christi
637 2751 739 2802 997
772 2766 913 2806 cum
945 2768 1085 2808 eum
1114 2760 1282 2826 pater
1299 2757 1409 2813 sibi
1437 2761 1605 2829 regni
1638 2763 1930 2834 collegam
1963 2770 2065 2824 ad-

398 2833 616 2904 junxit,
649 2838 852 2895 adhuc
866 2855 1027 2908 puer
1055 2848 1200 2910 erat,
1236 2849 1298 2900 ut
1328 2846 1407 2901 ait
1424 2847 1746 2922 Adalbero,
1779 2833 2063 2912 nimirum

403 2936 704 2978 annorum
725 2925 955 2982 circiter
976 2931 1300 3002 sexdecim,
1323 2935 1547 3008 quippe
1570 2955 1732 2995 anno
1759 2946 1886 2998 1031
1913 2960 2063 2999 mor—
2093 2981 2133 3037 Ο

403 3013 518 3037 ιιι-ν.
549 3011 693 3037 Αιιζει
739 3018 789 3037 ,ι
826 3022 1196 3037 --μ-,γμμμκον
1286 3025 1325 3037 π.
1366 3023 1380 3037 ι
1467 3025 1524 3037 ις
1616 3025 1732 3037 ..ι..
1872 3032 1888 3037 -

400 3013 522 3064 tem
547 3011 712 3077 obiit,
735 3018 791 3070 et
819 3022 1252 3088 sexagenarius
1284 3023 1568 3094 Helgaldo
1597 3025 1811 3086 dicitur
1853 3032 2060 3088 deces-

403 3114 569 3154 SlSSB.

399 3187 477 3259 (7)
507 3189 687 3247 Flore
699 3197 1039 3262 juventutis
1066 3203 1171 3254 tua.
1182 3202 1314 3269 jam
1337 3206 1673 3273 resplendet
1702 3211 1917 3282 imago.

469 3279 710 3335 Iuvenis
741 3281 1084 3353 Rotbertus,
1115 3303 1221 3344 seu
1245 3290 1578 3364 incipientis
1599 3279 1884 3368 juventae,
1915 3309 2059 3371 erat,

400 3369 458 3420 et
505 3367 973 3428 adolescentiam
1017 3391 1317 3449 emensus,
1371 3397 1532 3438 anno
1589 3367 1713 3455 998,
1771 3405 1909 3445 cum
1959 3409 2062 3464 pa-

398 3458 550 3511 trem
581 3459 799 3526 amisit,
833 3465 892 3515 et
920 3477 1150 3518 annum
1189 3467 1377 3523 astatis
1434 3471 1662 3530 circiter
1709 3477 2060 3536 vicesimum

401 3544 723 3614 septimum
753 3549 992 3617 agebat.
1018 3553 1211 3616 Quare
1260 3555 1470 3613 Flaber
1521 3563 1805 3620 Rodulfus
1854 3575 2062 3626 auctor

399 3632 671 3702 aqualis,
703 3634 766 3688 in
792 3635 929 3692 libri
958 3655 996 3692 ιι
1019 3641 1210 3712 capite
1243 3643 1289 3711 l,
1318 3644 1401 3701 ita
1429 3647 1502 3703 de
1535 3655 1790 3724 utroque
1823 3657 2054 3716 scribit:

399 3740 428 3766 «
456 3721 575 3775 Rex
605 3723 780 3792 Hugo
812 3767 827 3794 ,
859 3725 922 3780 in
978 3742 1127 3798 pace
1180 3746 1368 3802 regno
1430 3721 1740 3809 disposito,
1819 3744 2062 3803 feliciter

396 3807 562 3864 obiit.
593 3813 730 3867 Erat
779 3829 1046 3887 namque
1099 3819 1414 3878 Rotbertus
1462 3807 1565 3881 rex
1610 3832 1749 3886 tunc
1796 3832 2055 3908 juvenis,

393 3897 664 3967 prudens
692 3905 870 3973 atque
901 3904 1190 3977 eruditus,
1219 3909 1532 3985 dulcisque
1565 3897 1826 3992 eloquio,
1877 3897 2057 3997 atque

391 3985 611 4057 pietate
640 3988 915 4061 insignis.
948 4015 977 4042 ››
1000 3994 1124 4065 ['Ex
1145 4002 1350 4056 notata
1370 4001 1466 4059 hic
1489 3985 1724 4064 Roberti
1744 3985 2057 4081 ju'ventiite

394 4076 737 4146 conjectant
761 4080 1207 4142 Adalberonem
1235 4090 1435 4147 statim
1467 4109 1500 4149 a
1543 4076 1761 4154 morte'
1786 4101 2054 4174 Hugonis

396 4165 599 4234 Capeti
632 4166 884 4224 Carmen
906 4187 1083 4228 suum
1110 4181 1554 4251 composuisse;
1586 4187 1687 4242 sed
1715 4190 1846 4260 ejus
1873 4195 2054 4251 verba

393 4265 520 4305 non
549 4251 826 4311 videntur
851 4262 1260 4331 scrupulosius
1309 4270 1679 4342 accipienda,
1743 4284 1806 4334 ut
1862 4298 1934 4337 ex
1981 4283 2051 4339 iis

393 4342 560 4440 patet
579 4357 714 4412 qua:
745 4343 904 4402 dicta
934 4354 1072 4405 sunt
1117 4351 1176 4407 in
1233 4357 1466 4414 Monito.
1516 4364 1756 4420 Juvenis
1803 4371 2048 4440 quidem

395 4425 685 4517 Robertus
710 4445 872 4488 anno
899 4438 1003 4491 998
1033 4438 1147 4495 dici
1170 4444 1362 4513 potuit
1394 4465 1406 4514 ;
1443 4453 1502 4503 at
1556 4425 1874 4513 verisimile
1892 4425 2050 4517 ﬁnio;

391 4519 480 4570 est
507 4516 970 4596 Adalberonem,
1000 4529 1103 4598 qui
1125 4545 1286 4587 anno
1318 4533 1452 4589 1027
1500 4539 1698 4598 adhuc
1750 4555 2049 4622 superstes

390 4608 536 4672 erat,
569 4621 732 4664 anno
763 4612 866 4666 998
885 4612 948 4668 in
977 4619 1136 4672 senio
1157 4618 1385 4677 dictum
1423 4623 1623 4684 fuisse.
1661 4608 1861 4706 Bono-i]

391 4692 464 4762 (8)
487 4695 711 4753 Forma
737 4714 921 4769 super
945 4715 1188 4764 cunctos
1218 4711 1384 4767 nobis
1409 4719 1671 4783 speciosa
1701 4692 1953 4782 videtur.

462 4782 664 4873 Fuisse
695 4788 1062 4862 Rotbertum,
1110 4797 1192 4852 ait
1245 4782 1583 4873 Helgaldus,
1623 4815 1860 4869 statura
1917 4819 2048 4872 emi-

386 4871 574 4939 nenti,
596 4874 794 4942 plana
826 4883 1087 4948 czsarie,
1121 4899 1228 4939 seu
1267 4889 1440 4945 rectis
1488 4871 1736 4967 capillis,
1798 4905 2046 4960 naribus

375 4962 674 5026 porrectis
704 4968 760 5018 et
773 4969 1024 5034 patulis,
1050 4971 1224 5027 elatis
1263 4974 1546 5051 humeris,
1561 4962 1780 5052 _forma
1810 4991 2044 5050 demum

386 5050 626 5118 egregia
651 5065 722 5106 ac
744 5067 880 5110 vere
907 5059 1094 5128 regia.
1121 5062 1294 5132 Regis
1325 5050 1599 5126 Rotberti
1643 5077 1814 5133 clara
1857 5082 2044 5148 facies

385 5141 440 5187 et
473 5136 643 5191 laetus
674 5149 947 5207 aspectus
973 5162 1009 5201 a
1041 5149 1322 5209 Gerberto
1347 5154 1408 5211 in
1464 5161 1732 5230 quadam
1793 5136 2043 5239 epistola

384 5231 816 5282 memorantur.
852 5233 1079 5291 Obesus
1100 5239 1493 5300 nihilominus
1539 5249 1664 5317 fuit,
1718 5270 1787 5308 ac
1829 5231 2041 5317 .ventre

383 5307 626 5400 forsitan
662 5315 844 5383 paulo
873 5323 1244 5395 projectiore,
1273 5329 1352 5386 ita
1407 5337 1607 5392 tamen
1654 5307 2040 5400 lutilob'evsitas

379 5396 584 5503 robori
607 5405 873 5501 corporis
901 5410 1266 5503 agilitatique
1297 5435 1421 5475 non
1469 5423 1752 5498 ofﬁceret,

377 5487 772 5547 Adalberonis
797 5494 993 5552 verbis
1023 5500 1173 5557 ﬁdes
1202 5521 1216 5558 :

449 5577 730 5644 Quamvis
754 5585 911 5642 mole
935 5591 1160 5660 gravis,
1177 5598 1375 5654 tamen
1397 5615 1455 5656 es
1472 5618 1605 5659 cum
1627 5607 1837 5666 robore
1865 5611 2026 5666 levis.

2189 366 2424 424 bertum
2453 372 2757 429 robustum
2773 378 3057 445 juvenem
3088 387 3143 437 et
3163 387 3377 454 agilem
3398 398 3578 449 vocat.

2190 452 2268 522 (9)
2299 455 2574 512 Plurima
2603 459 2712 514 sub
2743 462 2997 528 pedibus
3029 466 3135 520 tibi
3157 452 3345 537 fbrtia
3368 489 3545 544 regna
3564 481 3785 550 jugavit.

2261 541 2364 597 Hic
2394 560 2604 600 versus
2637 547 2714 602 ad
2758 551 3039 621 quintum
3075 571 3307 614 versum
3340 541 3580 621 refertur
3607 585 3619 621 :

2191 629 2429 718 Qu_an_ta
2455 635 2608 718 Deus
2636 637 2745 692 tibi
2770 645 3072 711 concessit,
3103 647 3196 701 vel
3217 652 3421 718 qualia
3448 655 3612 710 misit.

2259 710 2404 781 Tibi,
2434 715 2725 783 Rotberte,
2755 720 2909 774 Deus
2964 710 3282 783 fortissima
3335 746 3516 800 regna
3561 736 3786 807 subjecit,

2189 798 2517 866 Franciam,
2543 804 2979 878 Burgundiam,
3040 815 3469 886 Aquitaniam;
3526 824 3786 895 nimirum,

2189 891 2270 952 ut,
2294 892 2682 960 regnantibus
2711 893 2773 949 in
2806 899 3052 955 Francia
3078 904 3462 977 Merovingiis,
3492 911 3594 967 tria
3640 929 3790 985 regna

2188 975 2550 1034 Francorum
2579 980 2831 1050 fuerant,
2867 988 3154 1057 Neustria,
3187 975 3440 1066 Austria,
3470 1002 3634 1071 atque
3681 1004 3790 1058 Bur-

2187 1063 2414 1131 gundia
2448 1084 2460 1132 ;
2491 1067 2572 1123 ita
2614 1076 2755 1141 post
2792 1078 3050 1132 mortem
3103 1080 3383 1138 Ludovici
3423 1063 3516 1142 'Pii
3545 1063 3787 1160 .Augusti,

2185 1151 2389 1208 divisis
2419 1154 2570 1211 inter
2601 1157 2801 1230 plures
2853 1165 3145 1221 Francicaa
3202 1168 3442 1226 ditionis
3497 1179 3787 1248 provinciis,

2184 1251 2353 1305 reges
2383 1240 2569 1295 nostri
2598 1259 2766 1311 reges
2798 1247 3159 1306 Francorum
3200 1240 3650 1316 Occidentalium
3699 1263 3787 1318 dici

2187 1326 2385 1397 ccepti,
2445 1334 2501 1384 et
2540 1331 2645 1385 tria
2704 1333 2788 1388 eis
2842 1351 3029 1406 regna
3081 1340 3465 1400 nihilominus
3527 1350 3784 1421 attributa,

2186 1411 2431 1467 Francia
2479 1415 2758 1483 Occidua,
2801 1436 2906 1474 seu
2935 1424 3223 1490 Neustria,
3254 1429 3587 1499 Burgundia
3635 1451 3780 1506 quan»

2182 1514 2368 1569 quam
2395 1500 2566 1557 valde
2597 1503 2935 1576 imminuta,
2969 1515 3024 1566 et
3061 1514 3397 1585 Aquitania.
3453 1521 3585 1576 Hinc
3629 1500 3782 1590 Abba,

2181 1587 2242 1641 in
2268 1588 2418 1645 lLbI'O
2450 1607 2510 1656 ιι,
2544 1594 2750 1650 scribit
2781 1598 3052 1656 Odonem
3097 1619 3299 1674 regem
3351 1608 3655 1666 Franciam
3705 1627 3783 1666 seu

2181 1679 2544 1749 Neustriam,
2580 1685 3001 1756 Burgundiam
3035 1696 3091 1747 et
3118 1695 3451 1766 Aquitanos
3479 1699 3583 1754 sibi
3629 1701 3785 1772 subje-

2182 1766 2351 1834 cisse,
2374 1775 2724 1844 ternumquc
2753 1775 2895 1832 illud
2927 1794 3031 1834 seu
3063 1785 3290 1851 triplex
3317 1801 3559 1856 regnum
3607 1766 3780 1844 vocat:

2181 1856 2282 1910 Sic
2307 1873 2425 1913 uno
2456 1866 2689 1918 ternum
2723 1869 3054 1936 congaudet
3087 1875 3360 1930 ovamine
3387 1891 3638 1947 regnum.

2252 1942 2318 1994 Et
2347 1941 2409 1996 in
2439 1950 2887 2005 consecratione
2915 1953 3072 2022 regis
3103 1956 3382 2014 Ludovici
3405 1941 3776 2030 Transmarini,

2182 2029 2452 2086 Lauduni
2468 2033 2643 2105 facta,
2665 2053 2852 2108 quam
2880 2042 3161 2114 scriptam
3182 2045 3399 2118 habeo,
3417 2049 3538 2105 haec
3555 2052 3775 2108 invenio:

2181 2138 2210 2165 «
2243 2118 2633 2191 Omnipotens
2663 2129 3020 2200 sempiterne
3045 2133 3222 2204 Deus,
3255 2152 3436 2209 super
3462 2139 3610 2194 hunc
3628 2139 3778 2195 iamu-

2179 2204 2304 2261 lum
2337 2212 2507 2265 tuum
2531 2229 2717 2284 quem
2748 2219 3002 2291 supplici
3034 2204 3353 2280 devotione
3376 2227 3433 2282 in
3455 2243 3679 2299 regnum
3699 2245 3777 2301 pa-

2179 2295 2317 2350 riter
2353 2298 2664 2369 elegimus,
2699 2305 3187 2368 benedictionum
3218 2321 3458 2371 tuarum
3487 2318 3632 2374 dona
3653 2319 3775 2373 mul-

2180 2384 2400 2457 tiplica,
2429 2397 2749 2462 quatenus,
2774 2404 2903 2464 etc.,
2942 2405 3003 2455 ut
3026 2403 3226 2470 regale
3268 2405 3501 2476 solium.
3555 2407 3773 2462 videlicet

2178 2474 2566 2543 Francorum,
2599 2483 3100 2556 Burgundiorum,
3122 2492 3568 2563 Aquitanorum,
3588 2499 3772 2566 sceptra

2177 2577 2299 2618 non
2325 2566 2579 2639 deserat,
2614 2572 2718 2625 sed
2745 2573 2820 2628 ad
2851 2575 3112 2645 pristinae
3155 2578 3297 2636 ﬁdei
3350 2582 3614 2656 pacisque
3661 2599 3770 2638 con-

2177 2654 2444 2710 cordiam
2467 2673 2676 2715 eorum
2698 2662 2954 2734 animos,
2995 2670 3051 2722 te
3089 2654 3436 2740 Opitulan'te,
3476 2654 3725 2728 reformet.
3746 2691 3765 2718 ιι

2174 2743 2348 2832 apud
2382 2745 2974 2832 Flodoardumanno
3003 2758 3105 2810 969
3157 2774 3170 2810 :
3227 2780 3255 2806 ‹‹
3313 2761 3600 2816 Lotharius
3636 2775 3766 2832 puer,

2179 2822 2460 2880 Ludovici
2489 2827 2717 2899 (hujus)
2751 2830 2925 2898 ﬁlius,
2980 2851 3082 2890 rex
3132 2847 3528 2910 consecratur,
3586 2822 3765 2895 favente

2180 2910 2427 2981 Hugone
2450 2917 2719 2989 principe
2736 2922 3078 2994 caeterisque
3099 2927 3460 2997 praesulibus
3479 2945 3542 2985 ac
3568 2927 3767 3001 proceri-

2176 2998 2290 3054 bus
2321 3004 2595 3071 Francise,
2625 3007 2984 3076 Burgundite
3012 3017 3192 3085 atque
3261 2998 3595 3088 Aquitaniai.
3619 3040 3642 3065 »
3685 3019 3764 3070 Ro-

2175 3087 2376 3144 dulfus
2407 3091 2638 3163 Glaber,
2669 3095 2732 3150 in
2759 3096 2862 3152 lib.
2894 3112 2950 3165 u,
2980 3103 3173 3174 capite
3211 3103 3230 3155 l
3270 3121 3283 3158 :
3333 3087 3684 3176 Congregatis
3710 3104 3753 3157 in

2173 3178 2222 3232 A
2233 3181 2511 3237 urcliana
2532 3184 2679 3240 urbe
2695 3188 2859 3256 regia
2877 3190 3203 3262 quibusque
3211 3194 3574 3250 Francorum
3589 3200 3630 3250 et
3644 3194 3757 3247 Bur-

2172 3269 2544 3337 gundionum
2578 3276 2751 3343 regni
2762 3278 3150 3348 primoribus,
3183 3282 3522 3338 Rotbertum
3561 3299 3592 3338 δ.
3634 3285 3756 3353 patre

2174 3359 2483 3429 superstite
2513 3377 2718 3431 regem
2749 3366 3132 3424 constitutum
3163 3370 3248 3426 ait
3280 3389 3292 3439 ;
3328 3373 3628 3444 Aquitanos
3650 3367 3757 3424 omi-

2175 3446 2268 3515 sit,
2301 3448 2445 3518 quia
2477 3454 2618 3506 tunc
2638 3452 3024 3512 rebellabant.
3061 3458 3122 3512 In
3151 3461 3328 3515 veteri
3359 3461 3620 3518 Chronico
3643 3461 3760 3514 inve-

2171 3534 2270 3589 nio
2293 3543 2612 3594 ann01059
2641 3541 3003 3615 Philippum,
3022 3545 3197 3615 jussu
3241 3549 3464 3604 Henrici
3508 3548 3662 3621 patris
3698 3560 3758 3599 re—

2171 3637 2307 3691 gem
2339 3633 2752 3684 consecratum
2783 3647 2934 3698 esse,
2968 3637 3309 3692 astantibus
3338 3638 3609 3704 Francia,
3641 3636 3756 3690 Bue

2169 3713 2410 3780 gandiae
2455 3720 2508 3770 et
2551 3718 2895 3787 Aquitaniae
2960 3724 3442 3796 archiepiscopis,
3498 3730 3546 3781 et
3594 3721 3756 3792 viginti

2169 3800 2398 3857 duobus
2422 3805 2728 3875 episcopis.

2168 3885 2280 3958 (10)
2291 3889 2534 3959 Scripta
2546 3897 2756 3960 patent
2772 3897 3025 3955 celebres
3038 3918 3169 3972 quae
3179 3905 3426 3961 mittunt
3436 3901 3748 3962 Crotoniatz.

2239 3975 2281 4045 ['
2302 3975 2402 4031 Hic
2431 3979 2614 4036 haeret
2647 3983 2924 4041 Valesius.
2963 3991 3179 4045 Notum
3202 3998 3294 4048 est
3336 3992 3662 4049 Crotoniatas
3688 4002 3752 4040 ce-

2165 4061 2360 4126 lebres
2392 4067 2725 4127 admodum
2754 4075 3007 4131 athletas
3038 4078 3244 4150 fuisse,
3277 4098 3395 4138 non
3445 4083 3569 4136 item
3618 4075 3751 4146 scrip-

2166 4158 2341 4222 tores,
2370 4157 2445 4213 de
2474 4159 2696 4231 quibus
2728 4163 2822 4218 hic
2854 4165 3056 4223 forsan
3089 4171 3306 4238 agitur.
3341 4172 3523 4242 Bora]

2165 4243 2274 4315 (11)
2305 4247 2581 4304 Rusticus
2603 4252 2725 4320 ille,
2737 4256 2930 4326 piger,
2945 4259 3233 4327 deformis
3258 4271 3312 4316 et
3354 4253 3750 4331 undiqueturpis

2081 4333 2125 4387 Ι)
2163 4334 2431 4392 Pulchre
2456 4353 2587 4394 cum
2624 4346 2868 4410 gemmis
2899 4346 3126 4402 ditetur
3148 4352 3321 4407 mille
3345 4364 3557 4407 corona.

2235 4425 2525 4494 Queritur,
2550 4429 2610 4483 ni
2631 4431 2823 4499 fallor,
2864 4435 3162 4492 Adalbero
3206 4440 3474 4495 homines
3515 4437 3746 4493 obscuros

2159 4515 2216 4567 et
2234 4512 2549 4586 ignobiles,
2568 4517 2825 4590 desides,
2839 4521 3138 4580 deformes
3155 4532 3213 4582 et
3231 4545 3470 4601 corpore
3486 4525 3747 4592 animoque

2158 4600 2423 4674 vitiosos,
2452 4603 2704 4662 abbates
2725 4609 2872 4677 ﬁeri,
2897 4617 2954 4666 et
2973 4614 3148 4669 mitra
3167 4600 3489 4689 episcopali
3536 4623 3747 4683 gemma-

2158 4688 2218 4739 ta
2282 4686 2384 4753 uti,
2458 4704 2644 4759 quam
2711 4708 2820 4764 per
2873 4695 3129 4752 ironiam
3187 4686 3463 4757 coronam
3517 4691 3746 4770 appellat.

2158 4770 2238 4853 _Eo
2295 4770 2606 4844 privilegio
2630 4775 2760 4844 jam
2827 4782 2956 4833 tum
3016 4782 3267 4853 quidam
3346 4783 3574 4839 abbates
3631 4778 3748 4832 frue-

2153 4851 2375 4908 bantur
2402 4859 2613 4940 ;__quod
2638 4858 2740 4940 jus
2766 4862 2960 4940 mitrae
2983 4851 3242 4922 ferendae
3286 4872 3481 4940 postea
3524 4864 3747 4920 Urbanus

2153 4948 2315 5004 papa
2347 4938 2388 4988 ll
2414 4935 2651 5006 Hugoni
2676 4939 2881 4996 abbati
2903 4935 3471 5014 Cluniacensi;anno
3504 4945 3620 4999 1088
3641 4952 3748 4995 con-

2154 5020 2300 5076 tulit.
2328 5022 2590 5080 Valesius
2618 5027 2887 5097 intelligit
2917 5033 3153 5088 mitram
3180 5034 3548 5102 abbatialem,
3599 5040 3746 5102 quam

2153 5103 2232 5197 ab
2259 5105 2648 5197 ignobilibus,
2681 5111 2795 5197 hoc
2826 5119 3006 5197 estex
3025 5116 3234 5174 intima
3260 5119 3427 5190 plebe
3448 5108 3748 5197 electis_,_§b-

2150 5183 2390 5240 batibus
2413 5192 2706 5256 gestatam
2767 5192 2946 5248 fuisse
3006 5183 3358 5268 suspicatur.
3415 5196 3519 5253 Sed
3571 5190 3747 5247 fallitur

2149 5273 2239 5326 vir
2263 5274 2642 5335 doctissimus
2675 5299 2687 5347 ;
2722 5283 2922 5338 nullus
2949 5286 3108 5342 enim
3138 5288 3428 5343 invenitur
3456 5284 3627 5340 abbas
3671 5291 3744 5332 Cll!

2149 5367 2468 5411 concessus
2494 5358 2669 5415 fuerit
2698 5363 2886 5418 mitrae
2921 5382 3086 5434 usus,
3121 5374 3254 5423 ante
3281 5366 3616 5436 Egelsinum,
3644 5372 3742 5413 m0-

2147 5445 2387 5500 nasterii
2415 5449 2609 5502 Sancti
2643 5454 2960 5519 Augustini
2979 5471 3164 5527 prope
3198 5456 3557 5512 Cautuariam
3593 5446 3742 5544 abba-

2149 5533 2386 5596 tem,cui
2401 5535 2734 5593 Alexander
2748 5541 2790 5596 ΙΙ
2807 5540 2868 5596 id
2885 5544 3175 5615 privilegii
3187 5545 3413 5622 imperti
3423 5540 3578 5608 vil,ub
3591 5535 3742 5624 ipsi“:

2149 5616 2376 5675 scilicet
2401 5622 2804 5688 Romanorum
2837 5627 3073 5684 alumni
3094 5636 3150 5685 et
3179 5616 3502 5703 Anglorum
3525 5616 3737 5718 apostoli
