3994 6166
158 129 260 184 793
1200 133 1496 190 ‘CARMEN
1539 134 1634 188 AD
1673 135 2057 195 ROBERTUM
2096 140 2333 197 REGEM
2371 145 2593 202 NOTAE.
3511 156 3615 211 794

154 252 487 323 dignatem.
530 248 637 305 Hic
670 265 849 341 Ausus
908 252 1147 341 tantum
1196 253 1551 327 frequentari
1607 263 1845 330 cceptus
1885 265 1933 316 Α
1961 277 2220 334 pompae.
2252 285 2276 312 ››
2310 265 2431 321 Hac
2460 267 2519 321 in
2542 284 2604 322 re
2635 268 2934 325 Christum
2960 273 3276 330 Dominum
3325 276 3610 341 imitatur,

159 341 479 435 Urbano-ll
509 338 836 435 pontiﬁce,
861 340 974 411 qui
1006 341 1169 435 idem
1210 344 1584 435 privilegium
1643 347 1849 403 Oderi-
1958 353 2066 421 qui
2088 354 2326 419 inﬁrma
2349 357 2562 411 mundi
2585 358 2780 427 elegit,
2806 364 2873 413 ut
2919 363 3251 430 confundat
3302 367 3518 435 fartza,
3565 338 3625 433 (Ῐ

154 430 246 522 sio
295 428 646 522 ‘Casinensiﬂ
675 431 736 522 et
763 429 1039 522 llugoni
1069 430 1470 522 Cluniacensi
1525 435 1850 492 abbatibus
1959 439 2094 494 Cor.
2129 456 2164 506 ι,
2192 443 2304 512 27).
2336 444 2465 507 Qua
2486 444 2561 498 de
2582 461 2644 500 re
2671 462 2856 502 causa
2881 428 3060 504 etiam
3112 428 3398 522 primates
3440 428 3619 522 regni

151 519 409 591 largitus
440 522 545 613 est.
578 516 731 613 Vide
762 516 1192 613 Mabillonium
1223 520 1284 576 in
1316 523 1541 593 praefat.
1573 524 1635 581 in
1660 542 1677 578 ι
1706 542 1849 599 par-
1957 527 2141 583 sensit
2167 529 2495 601 plurimum
2526 538 2931 607 contumaces,
2984 516 3133 609 qui;
3152 540 3452 613 despectis
3512 516 3627 597 liu-

152 615 276 666 tem
309 608 512 665 seaculi
533 625 609 675 v1,
643 607 959 663 Benedict.
990 611 1019 676 §
1056 611 1141 664 IV.
1954 615 2224 682 milibus,
2257 619 2348 674 sui
2379 620 2603 676 similes
2638 622 2938 692 eligebant
2967 607 3283 697 superbos:
3340 633 3484 686 Non
3537 646 3633 686 so-

154 700 267 771 (12)
294 700 465 755 Juris
494 698 737 755 cutodes
758 705 996 768 cogunt
1026 704 1283 768 portare
1313 706 1585 760 cucullas
1611 721 1633 760 :
1951 703 2045 759 lus
2078 722 2220 776 ergo
2268 708 2589 779 Adalbero,
2648 712 2748 766 sed
2805 713 3075 785 plerique
3133 718 3299 784 regni
3344 720 3641 781 Francici

154 785 363 879 Orent,
392 788 701 879 inclinent,
736 791 1000 879 taceant
1031 789 1359 879 uultusque
1385 801 1698 862 reponant.
1952 792 2268 864 optimates
2297 796 2412 851 hoc
2441 796 2503 851 in
2547 797 2822 854 Rotberto
2878 801 3403 872 reprehendebant
3440 811 3644 879 atque

227 877 507 944 Cuculla,
540 877 753 945 oratio,
783 876 1009 949 capitis
1030 876 1094 932 in
1112 894 1185 933 ea
1206 883 1264 933 et
1286 882 1556 954 corporis
1582 885 1843 940 inclina-
1950 881 2343 939 damnabant.
2379 889 2542 941 Certe
2570 902 2740 956 reges
2764 893 3001 945 nostros
3032 897 3097 945 ut
3116 892 3438 962 probitatis
3513 876 3651 958 mo-

151 967 259 1033 tio,
293 970 401 1021 aut
421 966 586 1021 humi
628 967 952 1040 prostratio
1012 966 1094 1022 ad
1137 966 1629 1027 benedictionem
1687 972 1841 1028 acci-
1947 984 2082 1023 rum
2106 986 2175 1025 ac
2204 972 2558 1043 prudentiae,
2592 974 2672 1030 ita
2716 981 2771 1030 et
2820 978 3148 1034 nobilitatis
3202 979 3261 1034 in
3320 979 3647 1049 eligendis

150 1055 461 1128 piendam,
492 1057 808 1126 silentium,
844 1055 1179 1111 oculorum
1210 1057 1527 1132 totiusque
1565 1062 1684 1117 oris
1736 1062 1839 1116 de-
1946 1058 2243 1131 episcopis
2272 1063 2559 1119 habuisse
2589 1065 2883 1121 rationem
2912 1066 3130 1123 docent
3152 1073 3386 1124 veteres
3436 1070 3636 1131 histo-

148 1143 362 1200 missio
386 1144 771 1200 claustrorum
795 1149 940 1200 sunt
962 1145 1419 1219 monachisque
1453 1150 1834 1206 conveniunt.

150 1232 502 1302 Indignatur
525 1248 662 1304 ergo
691 1232 997 1289 Adalbero
1057 1233 1391 1305 optimates
1449 1241 1832 1305 Francorum,

150 1325 338 1394 atque
357 1321 516 1394 ipsos
545 1321 693 1377 adeo
722 1322 998 1377 custodes
1018 1322 1206 1391 juris,
1243 1338 1356 1376 seu
1380 1325 1698 1395 praefectos
1742 1343 1837 1381 ur-

150 1410 346 1476 bium,
380 1426 531 1482 quos
553 1410 812 1466 historici
859 1409 1056 1465 nostri
1112 1407 1473 1482 promiscue
1531 1428 1567 1467 a
1608 1408 1833 1483 duplici

153 1515 406 1555 munere
452 1499 739 1556 militandi
806 1498 1256 1572 judicandique
1326 1514 1495 1556 nunc
1563 1501 1833 1564 comites,

1944 1147 2049 1201 rici
2078 1151 2284 1213 nostri,
2317 1151 2536 1206 docent
2567 1153 2703 1208 Vitae
2737 1159 3081 1210 sanctorum
3110 1156 3480 1227 antistitum,
3518 1162 3625 1217 do-

1944 1241 2077 1291 cent
2106 1237 2324 1308 priscaa
2354 1240 2613 1295 Marculﬁ
2645 1243 2960 1298 Formulae.
2992 1248 3103 1299 Nec
3140 1245 3219 1300 ob
3251 1245 3421 1299 daliu
3458 1245 3616 1304 The-

1943 1339 2137 1394 ganus
2168 1329 2450 1392 Francus,
2482 1329 2570 1383 vir
2595 1330 2830 1401 nobilis,
2862 1332 3022 1388 dolet
3075 1339 3131 1388 et
3186 1334 3462 1405 queritur
3495 1354 3603 1393 sua

1943 1416 2107 1467 aetate
2139 1428 2214 1469 ea:
2234 1417 2536 1470 vilissimis
2564 1420 2767 1483 servis,
2796 1420 3209 1491 caprariorum
3252 1421 3390 1476 ﬁliis
3434 1422 3495 1476 in
3542 1423 3612 1477 li-

1942 1500 2233 1556 bertatem
2254 1504 2511 1571 assertis,
2543 1521 2801 1562 summos
2845 1510 3152 1577 pontiﬁces
3190 1511 3345 1577 ﬁeri.
3394 1510 3604 1565 Omnes

153 1602 317 1643 nunc
340 1588 571 1659 judices
599 1589 925 1664 appellant,
960 1590 1041 1646 ab
1081 1588 1417 1645 abbatibus
1475 1605 1584 1662 per
1641 1589 1835 1646 ambi-
1869 1613 1911 1668 Β
1945 1606 2129 1645 unum
2158 1598 2299 1646 sunt
2326 1594 2388 1648 in
2410 1595 2647 1650 Christo
2671 1598 2832 1652 Jesu.
2863 1600 2995 1653 Non
3046 1604 3131 1655 est
3167 1614 3371 1655 seruus
3419 1616 3605 1669 neque

156 1676 385 1733 tionem
417 1684 472 1734 et
499 1680 806 1735 avaritiam
832 1681 876 1751 ['
908 1679 1011 1735 alii
1045 1679 1269 1747 dicent,
1298 1693 1411 1749 per
1460 1679 1726 1734 studium
1776 1679 1834 1732 in

156 1765 414 1823 salutem
447 1768 801 1837 animarum,
835 1775 891 1824 et
920 1766 1095 1824 laudi
1125 1770 1353 1822 vertent
1381 1768 1557 1839 Bono]
1620 1783 1835 1823 mona-

155 1856 303 1912 chos
332 1856 482 1927 ﬁeri,
511 1863 565 1914 et
600 1860 732 1931 pios
762 1859 1046 1915 homines
1070 1874 1139 1914 ac
1168 1856 1470 1929 simplices
1503 1857 1583 1913 ab
1617 1859 1705 1915 cis
1758 1857 1837 1913 ad

156 1947 550 2003 mutationem
578 1949 712 2005 vitae
752 1949 1061 2021 vestisque
1093 1946 1393 2018 compelli.
1428 1948 1616 2018 Cujus
1642 1953 1834 2004 muta-

158 2035 361 2103 tionis,
383 2043 659 2108 regnante
690 2037 1266 2109 Rotberto,insignia
1296 2036 1599 2093 habemus
1635 2048 1841 2095 exem-’

156 2124 343 2197 plain
389 2126 648 2183 Arnoldo
713 2128 930 2183 comite
980 2125 1435 2195 Engolismensi,
1493 2131 1550 2181 et
1590 2128 1656 2184 in
1687 2131 1832 2184 Bur-

156 2213 385 2269 chardo
407 2215 617 2271 comite
646 2215 903 2272 Corboili
934 2220 1117 2287 atque
1146 2213 1457 2279 Meloduni,
1482 2217 1590 2287 qui
1625 2234 1698 2273 ex
1729 2235 1829 2273 co-

154 2301 403 2358 mitibus
457 2305 737 2360 monachi
796 2304 937 2361 facti
990 2306 1148 2359 sunt.
1182 2302 1296 2359 Sed
1318 2307 1375 2357 et
1403 2308 1582 2360 antea
1616 2306 1826 2361 Willel-

154 2407 315 2459 mus,
349 2392 710 2461 cognomine
740 2395 933 2466 Caput
957 2397 1171 2464 stupes,
1205 2390 1330 2446 dux
1382 2392 1718 2463 Aquitaniae
1772 2399 1829 2450 et

155 2479 537 2535 Pictavorum
617 2497 843 2552 comes,
928 2481 991 2536 in
1046 2478 1399 2536 Pictaviensi
1454 2482 1826 2538 monasterio

156 2568 359 2625 Sancti
387 2569 668 2641 Cypriani
694 2569 1098 2625 monasticam
1124 2568 1310 2624 vitam
1342 2566 1648 2639 professus
1679 2577 1824 2641 erat,

150 2655 376 2712 deinde
402 2656 463 2712 in
491 2659 925 2714 monasterium
958 2656 1155 2714 Sancti
1185 2656 1457 2713 Maxentii
1489 2658 1823 2731 transierat,

149 2745 255 2802 ubi
286 2745 450 2802 circa
470 2763 700 2803 annum
728 2752 830 2803 963
858 2747 1073 2803 dicitur
1099 2745 1338 2802 obiisse.

150 2832 264 2903 (13)
294 2835 471 2889 Nudi
494 2837 804 2905 pontiﬁces
835 2842 1115 2892 aratrum
1141 2835 1270 2889 sine
1296 2833 1418 2901 ﬁne
1471 2843 1819 2905 sequantur.

149 2921 453 2977 Carmina
482 2937 616 2978 cum
645 2923 889 2978 stimulo
913 2922 1106 2991 primi
1128 2920 1431 2976 cantando
1453 2925 1749 2989 parentis.

221 3006 387 3063 Nudi
437 3007 751 3080 pontiﬁces
808 3012 1138 3081 sequantur
1193 3011 1461 3062 aratrum
1504 3012 1560 3063 et
1631 3008 1820 3066 boves

149 3111 293 3151 cum
327 3095 593 3167 stimulo,
633 3101 942 3153 cantantes
992 3095 1266 3152 carmina
1308 3094 1483 3167 primi
1535 3099 1818 3168 parentis,

145 3183 447 3257 paradiso
475 3185 726 3257 expulsi.
758 3185 854 3240 His
875 3185 1073 3241 verbis
1104 3184 1405 3240 invehitur
1433 3184 1729 3241 Adalbero
1759 3187 1821 3242 in

147 3273 433 3341 abbates,
464 3273 567 3346 qui
595 3275 801 3330 omnia
829 3289 982 3347 pene
1007 3272 1268 3343 insignia
1298 3277 1355 3328 et
1397 3273 1536 3343 jura
1590 3274 1820 3346 episco-

146 3362 319 3435 palia
353 3361 467 3417 sibi
491 3362 881 3429 vindicarent,
910 3363 1349 3435 episcoposque
1378 3361 1575 3416 nudos
1642 3369 1821 3436 atque

149 3451 469 3524 spoliatos,
505 3451 707 3523 aliqua
733 3468 806 3508 ex
837 3444 1009 3524 parte
1026 3452 1254 3507 honore
1291 3456 1348 3505 et
1384 3450 1657 3508 felicitate
1713 3469 1823 3509 sua

149 3538 536 3610 dejecissent,
570 3545 626 3595 et
644 3541 991 3596 humiliores
1011 3539 1399 3611 redegissent.
1433 3542 1570 3611 ['An
1602 3542 1823 3599 alicubi

150 3629 375 3699 legitur
395 3629 711 3703 episcopos
738 3630 817 3685 ab
845 3629 1168 3686 abbatibus
1198 3633 1255 3683 et
1283 3628 1459 3684 bonis
1491 3636 1547 3685 et
1593 3631 1822 3687 honore

152 3718 453 3791 spoliatos
481 3718 684 3789 fuisse,
720 3724 783 3775 ut
807 3719 903 3774 hic
956 3717 1245 3791 supponit
1290 3718 1607 3775 adnotator
1634 3722 1662 3775 ‘?
1710 3721 1823 3777 Sed

148 3823 315 3879 quos
342 3822 467 3862 non
488 3816 671 3873 amat,
698 3808 810 3863 hos
840 3807 1101 3880 pessime
1126 3807 1303 3862 videt.
1338 3807 1539 3878 Bono]

150 3897 267 3968 (14)
296 3897 591 3952 Praesulis
612 3903 666 3953 et
687 3899 741 3952 si
760 3899 924 3967 forte
954 3903 1118 3953 vacet
1147 3898 1333 3965 locus,
1386 3898 1824 3953 intronizentur

145 3988 440 4042 Pastores
467 3987 683 4053 ovium,
716 3992 940 4055 nautae,
972 3988 1312 4057 quicunque
1339 3986 1417 4040 sit
1445 3987 1566 4041 ille.

226 4074 399 4130 Ridet
420 4074 666 4147 quidem
696 4074 1014 4141 Adalbero,
1039 4075 1144 4130 sed
1175 4074 1427 4129 ridendo
1485 4074 1681 4130 dicere
1733 4090 1822 4129 ve-

139 4181 291 4221 rum
328 4163 414 4219 nil
444 4168 643 4233 vetat;
677 4168 734 4220 et
760 4164 1109 4235 indignatur
1127 4164 1218 4219 vir
1273 4162 1487 4219 nobilis
1545 4163 1818 4219 homines

142 4254 334 4327 plane
364 4252 680 4323 ignobiles,
710 4253 1009 4326 pudendis
1040 4270 1108 4308 ac
1139 4252 1440 4307 vilissimis
1469 4252 1817 4323 parentibus

144 4348 353 4409 natos,
376 4341 592 4397 divinae
622 4341 770 4411 legis
791 4357 861 4397 ac
897 4358 1207 4397 sacrorum
1237 4341 1527 4396 librorum
1549 4341 1814 4411 ignaros,

144 4448 406 4506 prorsus
427 4433 801 4505 ἀγραμμάτους
832 4436 919 4482 καὶ
960 4430 1351 4501 άναλφαϐήτους
1402 4446 1437 4485 a
1492 4446 1629 4501 rege
1680 4434 1814 4485 Rot-

144 4524 327 4577 berto
358 4519 435 4575 ad
460 4519 801 4593 episcopale
831 4519 1028 4575 extolli
1078 4520 1406 4590 fastigium.
1465 4520 1636 4585 Quod
1686 4521 1815 4575 Gla-

143 4613 259 4667 ber
286 4609 597 4679 Rodulfus,
644 4608 1047 4665 Cluniacensis
1090 4610 1510 4678 monachus,a
1562 4610 1816 4665 Roberto

142 4699 283 4755 ﬁeri
309 4699 692 4753 consuevisse
714 4698 793 4752 ita
825 4696 1026 4751 scribit
1056 4703 1117 4752 ut
1158 4714 1360 4767 regem
1414 4698 1494 4753 ob
1529 4698 1587 4753 id
1639 4699 1817 4755 laude

142 4783 589 4854 dignissimum
614 4781 863 4853 judicet.
898 4779 1133 4835 Rodulﬁ
1157 4782 1217 4836 in
1247 4782 1382 4836 libri
1424 4782 1815 4838 Historiarum

146 4891 237 4944 ιιι,
278 4870 546 4945 capitulo
578 4876 631 4939 2,
664 4871 739 4927 de
770 4869 1046 4925 Rotberto
1073 4886 1210 4939 rege
1241 4872 1607 4927 Francorum
1634 4874 1817 4929 verba

142 4965 285 5019 haec
309 4963 450 5015 sunt
476 4978 490 5015 :
525 4982 553 5008 «
582 4958 683 5015 Hic
709 4958 912 5030 itaque
938 4973 1062 5027 rex,
1092 4962 1159 5013 ut
1186 4959 1658 5030 sapientissimus
1718 4963 1816 5016 Dei

140 5050 369 5118 cultor,
398 5063 636 5120 semper
683 5046 794 5103 fuit
850 5045 1168 5101 humilium
1217 5052 1470 5117 amator,
1526 5047 1816 5120 superbo-

140 5154 434 5211 rumque,
468 5143 532 5193 ut
560 5136 766 5206 valuit,
793 5151 950 5192 osor.
987 5135 1043 5190 Si
1070 5151 1193 5206 qua
1251 5135 1411 5190 enim
1459 5136 1815 5207 pontiﬁcalis

142 5229 327 5285 sedes
359 5227 422 5282 in
451 5242 562 5281 suo
598 5241 785 5295 regno
842 5223 1085 5297 proprio
1132 5223 1479 5279 viduaretur
1534 5225 1812 5297 prtesule,

142 5333 300 5373 cura
327 5315 382 5371 ei
408 5319 534 5370 erat
564 5313 832 5368 maxima
862 5316 926 5366 ut
953 5311 1110 5367 utilis
1140 5316 1367 5384 pastor,
1415 5313 1549 5367 licet
1598 5329 1813 5382 genere

142 5407 402 5463 inﬁmus
434 5405 531 5469 (de
562 5419 672 5458 suo
703 5401 869 5458 addit
897 5401 1181 5465 Valesius,
1214 5403 1429 5457 divina
1448 5404 1591 5472 legis
1620 5418 1815 5458 sacro.

148 5511 411 5567 rumque
442 5493 729 5549 librorum
756 5494 1008 5561 ignarus
1039 5492 1455 5546 restitueretur
1484 5491 1809 5556 Ecclesiae),

146 5584 361 5658 potius
389 5597 579 5656 quam
607 5579 823 5638 nobilis
851 5578 1163 5650 eligeretur
1189 5593 1451 5651 persona
1509 5577 1810 5634 saecularis

1947 1679 2096 1735 liber
2118 1681 2274 1735 (Gal.
2309 1697 2387 1746 ιιι,
2420 1684 2531 1753 28).
2571 1687 2630 1737 In
2651 1683 2829 1738 rebus
2855 1700 2996 1753 ergo
3031 1686 3213 1740 sacris
3238 1685 3342 1758 qui
3392 1686 3601 1740 virtute

1943 1772 2185 1838 praestat
2205 1772 2263 1822 et
2287 1768 2578 1837 doctrina,
2621 1771 2669 1825 is
2717 1777 2805 1826 est
2834 1772 3259 1844 praeferendus.
3319 1773 3602 1828 Nobilitas

1944 1854 2331 1910 anteferenda
2361 1860 2597 1912 tantum
2628 1862 2735 1928 est,
2762 1860 2987 1914 caeteris
3019 1860 3286 1931 paribus.

1943 1961 2049 2033 (15)
2082 1964 2163 2016 Et
2190 1962 2403 2017 studiis
2433 1980 2602 2034 quem
2632 1981 2739 2022 nec
2753 1969 3180 2022 constrinxerit
3202 1982 3325 2023 una
3345 1968 3600 2023 dierum.

2013 2068 2121 2133 Qui
2150 2083 2225 2122 ne
2259 2084 2379 2124 uno
2410 2070 2657 2142 quidem
2684 2071 2778 2128 die
2807 2072 3117 2128 studuerit.

1942 2174 2050 2246 (16)
2076 2173 2477 2243 Alphabetum
2502 2180 2697 2247 sapiat
2726 2180 2910 2248 digito
2968 2185 3201 2235 tantum
3261 2192 3598 2235 numerare.

2014 2280 2171 2336 Sciat
2201 2284 2430 2336 tantum
2466 2284 2696 2341 litteras
2729 2289 3076 2353 computare
3096 2300 3211 2354 per
3231 2287 3449 2356 digitos
3471 2300 3602 2339 san-

1940 2372 2069 2423 ctus
2098 2367 2414 2435 Adalbero,
2445 2376 2507 2425 ut
2531 2376 2740 2427 auctor
2792 2372 3140 2443 Panegyrici
3191 2373 3265 2428 de
3318 2371 3602 2427 laudibus

1942 2456 2276 2525 Berengarii
2304 2458 2573 2525 Augusti,
2608 2476 2677 2515 ac
2708 2458 2882 2514 multi
2912 2459 3011 2514 alii
3042 2459 3221 2515 etiam
3250 2460 3603 2515 vetustiores

1938 2562 2047 2618 pro
2071 2547 2225 2601 scire
2269 2545 2581 2615 dixerunt;
2611 2554 2668 2604 et
2714 2564 2824 2620 pro
2875 2548 3052 2603 docto
3104 2548 3433 2620 sapientem
3468 2563 3481 2600 :
3538 2553 3605 2602 ut

1940 2634 2241 2705 hodieque
2272 2633 2420 2689 scire
2449 2634 2545 2690 vel
2587 2636 2770 2705 vulgo
2817 2651 2997 2691 nosse
3053 2638 3253 2693 savoir
3303 2652 3340 2690 a
3392 2649 3602 2706 sapere

1936 2724 2194 2780 dicimur
2223 2743 2235 2792 ;
2277 2724 2522 2780 doctum
2553 2732 2789 2792 savant,
2823 2725 2937 2781 hoc
2960 2731 3047 2781 est
3077 2726 3410 2798 sapientem
3449 2740 3602 2780 nun-

1936 2829 2256 2885 cupamus,
2289 2818 2345 2868 et
2368 2814 2601 2871 merito.
2633 2818 2784 2871 Nam
2811 2815 2923 2869 nisi
2969 2815 3031 2870 in
3078 2815 3409 2887 sapientem
3462 2814 3604 2869 doc-

1936 2903 2092 2958 trina
2122 2919 2244 2958 non
2275 2902 2450 2958 cadit.
2498 2904 2542 2975 ['
2575 2907 2867 2960 Verumne
2919 2905 2992 2960 sit
3036 2904 3246 2960 Valesii
3302 2908 3602 2959 assertum

1929 2991 2202 3061 judicent
2230 2990 2347 3046 alii.
2385 2993 2580 3063 BOUQ.]

1933 3099 2046 3167 (17)
2076 3097 2161 3150 Hi
2180 3111 2457 3165 proceres
2486 3110 2507 3167 ,°
2527 3103 2923 3167 praeceptores
2951 3099 3055 3154 hos
3083 3098 3344 3153 mundus
3365 3097 3597 3162 adoret,

1931 3186 2009 3240 Et
2036 3187 2201 3254 iuret
2230 3191 2296 3239 ut
2327 3186 2582 3242 celebres
2614 3202 2720 3242 nec
2788 3201 2953 3257 reges
2981 3188 3383 3256 excipiantur.

2005 3290 2173 3347 Tales
2228 3291 2517 3363 episcopi,
2575 3296 2699 3347 tam
2756 3292 3072 3363 ignobiles,
3124 3300 3246 3347 tam
3319 3289 3596 3359 illiterati,

1935 3381 2053 3435 sint
2078 3396 2357 3453 proceres
2414 3380 2604 3450 regni,
2660 3382 2812 3436 inter
2863 3382 3178 3453 optimates
3221 3384 3597 3438 Francorum

1934 3469 2113 3541 primi
2146 3469 2497 3524 consideant
2526 3469 2729 3524 debito
2761 3469 3056 3541 episcopis
3076 3469 3229 3525 loco.
3258 3469 3325 3524 Hi
3351 3468 3429 3523 ab
3472 3482 3603 3522 om-

1932 3558 2115 3613 nibus
2145 3574 2255 3630 pro
2299 3558 2772 3631 praeceptoribus
2828 3558 3187 3625 habeantur,
3245 3557 3598 3623 salutentur,

1932 3663 2008 3702 ne
2035 3646 2372 3702 celebribus
2400 3647 2648 3718 quidem
2678 3647 2921 3717 regibus
2951 3647 3231 3719 exceptis,
3257 3647 3374 3702 hoc
3420 3651 3527 3713 est,
3562 3661 3602 3700 a

1933 3739 1987 3789 te
2020 3735 2198 3789 etiam
2228 3734 2385 3806 ipso,
2420 3736 2713 3805 Botberte,
2759 3736 2853 3807 qui
2883 3752 2984 3790 eos
3014 3735 3302 3790 antistites
3349 3735 3596 3804 elegisti,

1931 3823 2260 3878 adorentur
2290 3828 2347 3878 et
2366 3824 2755 3879 honorentur.

1929 3930 2045 4000 (18)
2076 3930 2309 3999 Regula
2338 3930 2390 3982 si
2409 3930 2643 3984 stabilis
2675 3930 2877 3984 divum
2892 3931 3297 3998 permanserit
3320 3930 3456 3999 ista,

1925 4017 2292 4087 Disciplina,
2324 4018 2515 4086 vigor,
2546 4021 2656 4072 etc.

1999 4124 2231 4194 Regula
2261 4124 2464 4178 divum
2500 4141 2511 4177 :
2541 4123 2748 4192 regula
2787 4140 3018 4193 regum,
3078 4123 3288 4194 regula
3338 4125 3595 4181 Rotberti

1926 4211 2233 4286 principis.
2259 4210 2392 4267 Vult
2420 4211 2615 4267 dicere
2646 4211 2947 4268 Adalbero
2977 4230 2989 4268 :
3026 4214 3072 4268 si
3096 4214 3255 4269 hanc
3305 4214 3595 4286 pernicio-

1848 4311 1892 4364 D
1927 4317 2058 4356 sam
2080 4300 2377 4371 regulam,
2410 4299 2459 4354 si
2483 4300 2645 4356 hunc
2672 4317 2902 4356 morem
2945 4319 3180 4357 servare
3212 4303 3271 4358 in
3304 4303 3594 4374 eligendis

1924 4388 2186 4458 indignis
2216 4388 2516 4461 episcopis
2536 4406 2641 4445 rex
2670 4392 3221 4463 perseveraverit,et
3250 4394 3510 4448 ecclesiae
3538 4395 3597 4445 et

1926 4478 2292 4548 reipublicae,
2325 4493 2430 4533 seu
2459 4495 2664 4549 regno,
2692 4483 3055 4535 Francorum
3078 4479 3408 4553 plurimum
3429 4478 3596 4535 noci-

1924 4572 2149 4622 turum.

1926 4674 2034 4743 (19)
2064 4674 2319 4741 Legibus
2348 4676 2678 4742 exstinctis,
2712 4676 2772 4729 in
2796 4688 2950 4743 pace
2978 4675 3214 4742 sepulta
3243 4674 3517 4743 quiescet.

2000 4781 2092 4836 Sic
2122 4780 2519 4852 perscriptum
2550 4785 2679 4835 erat
2711 4798 2724 4834 :
2755 4781 3022 4835 Ducetur
3076 4781 3156 4835 ad
3208 4780 3424 4834 ultima
3480 4794 3592 4851 pro

1926 4873 1986 4926 in
2009 4886 2161 4940 pace
2188 4870 2425 4938 sepulta
2455 4871 2734 4938 quiescet,
2777 4867 2980 4938 qualia
3002 4868 3211 4935 multa,
3243 4866 3432 4938 ipsius
3458 4884 3589 4921 om—

1925 4959 2068 5014 nino
2120 4957 2511 5012 Adalberonis
2577 4954 2977 5024 chirographo
3045 4953 3470 5026 superscripta,
3528 4956 3590 5010 in

1924 5049 2107 5104 hocce
2159 5045 2463 5117 poematio
2520 5043 2935 5116 reperiuntur:
2997 5060 3133 5115 quae
3183 5042 3423 5112 singula
3477 5060 3587 5099 suo

1924 5138 2209 5208 quodque
2236 5134 2369 5187 loco
2397 5149 2531 5187 sum
2558 5132 2873 5196 relaturus,
2906 5132 2955 5186 si
2985 5137 3185 5188 tamen
3227 5138 3367 5188 sunt
3418 5133 3585 5189 tanti.

1927 5226 2035 5296 ('20)
2058 5222 2496 5278 Excluduntur
2525 5229 2581 5276 et
2614 5220 2679 5275 hi
2716 5235 2861 5289 quo;
2886 5222 3016 5277 sola
3046 5224 3294 5278 scientia
3317 5224 3515 5294 comit,

1926 5314 2152 5371 Christi
2175 5326 2484 5368 conservos
2515 5317 2568 5366 et
2594 5324 2738 5380 quos
2767 5310 3062 5377 sapientia
3102 5313 3316 5378 nutrit,
3341 5318 3450 5368 etc.

1997 5404 2096 5458 His
2127 5406 2262 5456 octo
2292 5400 2566 5456 versibus
2594 5396 2893 5452 Adalbero
2914 5398 3137 5455 indicat
3164 5400 3590 5465 litteratos,bo-

1923 5510 2031 5547 nos
2074 5496 2131 5546 et
2188 5489 2485 5561 sapientes
2540 5488 2724 5552 κτῆνος,
2784 5490 2840 5540 et
2886 5488 3189 5544 catholicae
3245 5494 3588 5561 sanctasque

1923 5577 2229 5645 doctrinae,
2244 5575 2323 5632 ab
2343 5572 2804 5647 episcopatibus,
2825 5588 2863 5631 θ,
2876 5575 3266 5632 conventibus
3294 5574 3392 5632 vel
3406 5591 3590 5648 syno-
