3994 6166
355 198 461 252 ’708

1312 189 1383 244 ΙΝ
1420 185 1906 246 ΑΒΔῙΒΕΒΟΝΙΒ
1944 183 2257 241 EPISCOPI
2297 184 2800 243 LAUDUNENSIS.

3663 191 3788 245 790

358 313 1291 386 disadheresesimpugnandas
1307 312 1736 384 coactis,atque
1760 306 2017 366 aconsi-
2049 315 2096 364 A
2128 311 2319 362 terum
2368 308 2482 363 hoc
2534 307 2979 364 hemistichium
3035 306 3257 376 Virgilii
3307 312 3404 364 est
3448 324 3528 365 ex
3573 308 3737 367 libro
3777 322 3820 368 ν

359 406 439 462 lio
466 406 620 474 regis
646 401 855 477 procul
880 403 1165 459 amoveri.

362 497 466 567 (Ἡ)
500 493 781 551 Omnibus
804 494 1052 563 egressis
1076 493 1411 549 thalamum
1427 496 1561 561 post
1590 490 1739 547 ostia
1761 491 2015 544 servent.

432 585 600 639 Forte
628 581 955 651 legendum
983 585 1073 636 est
1101 582 1402 651 ingressis.

358 674 473 742 (22)
510 672 581 728 Ut
606 676 971 741 procumtor
1007 672 1163 741 regis
1189 670 1501 727 mundana
1530 668 1904 732 mim'strans,

359 761 451 817 Sit
466 762 664 831 piger,
687 760 963 829 ignavus,
994 763 1105 815 etc.

433 850 622 914 Quem
644 851 1061 917 procuratoris
1089 848 1243 917 regis
1266 845 1509 902 nomine
1539 843 1815 912 designet
1840 839 2019 897 Adal-

362 938 510 994 bero
540 937 806 993 divinare
835 953 957 994 non
984 953 1255 1010 possum,
1288 940 1353 991 ut
1378 951 1485 990 nec
1507 949 1643 1005 quae
1668 947 1854 1004 supra
1903 929 2022 984 sint

364 1028 593 1095 scripta
613 1028 1125 1095 Crotoniatarum,
1158 1025 1445 1096 inscripta
1469 1025 1568 1078 lex
1583 1022 2017 1092 antiquissima.

366 1117 767 1172 —)lundana
796 1118 1166 1182 ministram,
1198 1130 1291 1169 res
1322 1112 1769 1168 administrans.

368 1207 477 1275 (23)
503 1205 581 1259 Et
601 1206 838 1273 jugiter
864 1210 1103 1259 maneat
1123 1205 1350 1259 divisus
1379 1207 1537 1257 sorte
1556 1202 1781 1270 jugali.

439 1292 499 1347 td
530 1297 636 1358 est,
669 1296 1019 1363 procurator
1046 1292 1199 1361 regis
1228 1307 1477 1346 uxorem
1510 1305 1630 1344 non
1662 1289 1864 1353 ducat,
1917 1284 2023 1341 sed

368 1396 605 1451 semper
633 1380 693 1434 in
722 1380 999 1435 caelibatu
1022 1385 1391 1452 permaneat.

367 1469 480 1541 (24)
508 1471 601 1525 Ne
618 1471 778 1539 regis
800 1470 1172 1539 liaredipetao
1194 1486 1311 1526 non
1337 1484 1467 1538 spes
1491 1468 1608 1524 sibi
1628 1471 1877 1523 constet.

436 1560 806 1616 Procuratori
837 1560 993 1630 regis
1025 1577 1160 1632 spes
1199 1560 1345 1616 lucri
1390 1576 1511 1615 non
1571 1559 1664 1627 sit,
1721 1555 1833 1612 nisi
1888 1568 2025 1622 rege

2126 396 2423 454 Eneides.

2909 485 3049 536 Pelle
3080 485 3364 549 Libystidis
3388 500 3544 536 ursa.

2141 564 2250 635 (28)
2282 567 2359 620 Et
2381 567 2554 622 vestis
2583 581 2829 623 crurum
2849 573 3022 624 tenus
3052 573 3137 623 est
3167 574 3409 623 curtata
3442 568 3673 624 talari:
3707 586 3726 624 :

2123 652 2411 710 Findztur
2439 657 2732 718 anterius,
2760 672 2867 711 nec
2894 658 3094 726 parcit
3119 658 3460 726 posteriori.

2197 744 2434 799 Mutavit
2463 742 2759 799 Adalbero
2788 744 3183 817 posteriorem
3214 745 3391 816 primi
3423 762 3648 802 versus
3676 762 3824 818 par-

2126 835 2265 896 tem,
2300 836 2363 886 ut
2401 831 2751 888 emendaret
2804 849 3091 902 errorem,
3146 838 3204 889 et
3245 834 3327 889 ita
3373 835 3824 907 superscripsit

2127 935 2236 991 pro
2259 926 2499 976 curtata
2534 922 2773 989 talaris,
2807 923 3022 978 (alaris
3052 922 3353 992 adempta.
3415 924 3647 979 Glaber
3704 927 3821 979 Ro-

2127 1007 2348 1073 dulfus,
2385 1009 2663 1065 Rotberto
2686 1015 2993 1078 regnante,
3036 1010 3200 1077 vixit,
3259 1016 3317 1066 et
3366 1011 3653 1067 Willelmi
3713 1012 3825 1068 ab-

2128 1096 2281 1152 batis
2317 1097 2708 1163 Divionensis,
2743 1115 2849 1152 seu
2889 1099 3236 1155 monasterii
3294 1100 3497 1155 Sancti
3554 1100 3821 1171 Benigni

2131 1187 2320 1241 Vitam
2343 1188 2642 1243 enarravit
2676 1204 2689 1256 ;
2722 1204 2907 1259 quem
2945 1188 3008 1242 in
3066 1189 3259 1262 capite
3312 1193 3380 1243 24
3430 1189 3679 1244 inducit
3735 1190 3824 1246 sic

2132 1275 2594 1330 concionantem
2627 1275 2687 1331 in
2714 1275 3161 1332 consecratione
3183 1276 3446 1333 basilicae
3475 1280 3693 1334 Sancti
3716 1280 3827 1334 Be-

2132 1364 2296 1435 nigni
2330 1382 2380 1418 c.
2414 1370 2513 1420 16:
2551 1388 2577 1413 ‹‹
2606 1369 2730 1421 Non
2762 1366 3022 1437 aspicitis
3074 1382 3211 1439 quae
3256 1367 3534 1424 scissuras
3598 1374 3663 1425 et
3718 1368 3827 1425 de-

2133 1454 2536 1508 truncationes
2565 1454 2818 1509 vestium
2840 1454 3240 1509 rabidissimaa
3262 1456 3289 1509 'l
3309 1471 3449 1526 quas
3476 1460 3824 1512 attonsum:

2132 1558 2240 1613 per
2269 1542 2528 1596 cervices
2560 1543 2848 1605 virorum,
2872 1548 2984 1598 etc.
3028 1544 3144 1599 Ista
3174 1544 3336 1598 enim
3366 1544 3685 1610 universa,
3723 1562 3821 1601 re-

367 1648 775 1706 hmreditatem
818 1629 1086 1720 aliquam
1140 1653 1395 1719 petente,
1454 1664 1560 1703 seu
1606 1647 1767 1700 bona
1823 1643 2026 1715 aliqua
2063 1663 2105 1723 Β
2135 1629 2325 1723 οέηίξδ
2352 1634 2633 1723 “Rupe?
2654 1635 3049 1723 grassataifx
3074 1630 3386 1723 diabolica?
3409 1633 3823 1723 _§_“Per5‘iti0'

366 1737 513 1793 ﬁsco
547 1753 659 1791 suo
691 1742 984 1808 tanquam
1014 1737 1246 1792 caduca
1270 1735 1630 1791 vindicante.
1665 1733 1774 1798 Qui
1807 1733 1853 1787 si
1900 1747 2028 1786 ver-

366 1826 585 1881 borum
613 1824 1007 1881 Adalbcronis
1028 1841 1205 1881 verus
1226 1829 1319 1879 est
1342 1840 1574 1890 sensus,
1603 1827 1665 1878 ut
1684 1838 1813 1875 esse
1871 1819 2028 1875 vide-

367 1918 479 1981 tur,
506 1919 873 1982 procurator
895 1915 1050 1983 regis
1092 1913 1188 1969 hic
1217 1912 1325 1969 erit
1348 1916 1699 1983 procurator
1755 1909 1903 1975 ﬁsci,
1964 1913 2028 1965 ut

368 2002 522 2058 infra
544 2001 820 2057 custodes
846 2002 1248 2059 thalamorum
1283 2000 1650 2057 cubicularii.

368 2094 474 2162 (25)
508 2092 764 2147 ϐίεεανιε
792 2090 880 2145 his
908 2094 1145 2159 majora
1163 2092 1335 2160 jubet
1362 2090 1683 2158 descriptio
1711 2087 1923 2157 Magni

367 2182 574 2236 Deviet
602 2181 707 2235 ille
731 2196 899 2235 sacer
922 2181 994 2235 (te
1009 2181 1143 2236 sede
1171 2181 1535 2235 monasticus
1567 2174 1712 2233 ordo
1742 2192 1765 2232 .·

377 2269 599 2325 Uxores
622 2268 843 2323 ducant
862 2269 1177 2338 pulchras,
1206 2275 1259 2324 et
1282 2269 1497 2337 praelia
1530 2270 1774 2322 tentent.

438 2357 653 2413 Valens
674 2361 830 2423 Aug.
881 2358 1009 2427 lege
1063 2358 1184 2414 lata
1232 2362 1297 2412 ut
1344 2356 1626 2412 monachi
1683 2354 2024 2418 militarent,

365 2446 634 2502 nolentes
654 2447 1041 2519 pertribunos
1065 2448 1123 2503 et
1148 2447 1361 2502 milites
1374 2446 1636 2515 fustibus
1662 2443 2027 2514 Jussitinter-

368 2536 486 2606 ﬁci,
510 2536 680 2591 sicuti
713 2537 1109 2608 Hieronymus
1139 2536 1426 2609 peshyter
1451 2534 1653 2590 scribit
1679 2533 1739 2587 in
1786 2530 2029 2586 throni“

368 2634 439 2679 co
469 2642 481 2679 :
511 2639 651 2696 quae
673 2623 929 2680 Valentis
960 2624 1056 2680 lex
1081 2629 1273 2680 exstat
1296 2625 1355 2679 in
1414 2622 1627 2679 Codice
1674 2618 2022 2675 Theodosia-

368 2720 469 2766 no.
493 2712 677 2767 Paulo
708 2716 842 2767 ante
872 2712 1195 2785 imperator
1218 2712 1488 2767 Julianus
1517 2709 1728 2765 milites
1762 2712 1898 2763 ante
1924 2722 2027 2778 pe-

368 2805 534 2856 racta
560 2801 855 2872 stipendia
884 2802 1218 2857 monachos
1272 2799 1395 2855 ﬁeri
1446 2800 1576 2866 lege
1624 2800 1908 2852 vetuerat.
1967 2797 2032 2850 Et

371 2890 705 2944 monachos
740 2889 989 2961 quidem
1034 2889 1247 2945 Valens
1297 2888 1547 2943 militare
1600 2886 1823 2957 jussit;
1883 2886 2031 2939 Con-

372 2976 668 3032 stantinus
695 2980 1132 3050 Copronymus,
1182 2977 1394 3068 Deonis
1438 2970 1615 3039 ﬁlius,
1672 2972 1915 3068 eosdem
1972 2977 2031 3027 et
2070 3014 2109 3068 Ο

372 3081 592 3120 uxores
622 3066 840 3121 ducere
870 3066 1101 3122 albatos
1132 3064 1414 3138 praecepit
1460 3069 1567 3119 aut
1614 3061 1826 3130 coegit,
1881 3075 2029 3131 que-

372 3153 773 3210 madmodum
803 3154 1202 3227 Theophanus
1224 3153 1302 3209 ab
1330 3152 1642 3208 Anastasio
1688 3148 2027 3214 translatus,

372 3244 688 3316 czeterique
715 3245 1022 3301 memoria:
1041 3242 1602 3300 tradidere.Videtur
1630 3246 1833 3297 autem
1855 3237 2031 3294 Adal-

371 3332 518 3389 bero
540 3333 784 3389 nomine
816 3349 946 3388 esse
976 3334 1261 3405 deceptus
1290 3337 1347 3388 et
1369 3330 1535 3405 quod
1575 3345 1611 3386 a
1644 3328 2029 3385 Constantino

371 3423 755 3493 Copronymo
786 3421 1010 3478 factum
1041 3426 1146 3485 est,
1182 3419 1570 3476 Constantino
1625 3421 1835 3489 Magno
1880 3416 2030 3470 falso

372 3510 674 3579 tribuisse,
704 3527 887 3581 quem
921 3526 1102 3582 supra
1136 3510 1430 3566 Cwsarem
1456 3509 1767 3578 Magnum,
1787 3505 2030 3575 chUjllS

371 3596 587 3668 legem,
617 3598 863 3653 Caesaris
892 3599 1083 3666 Magni
1103 3597 1570 3669 descriptionem
1620 3593 2026 3667 appellaverit.

374 3685 603 3757 Quippe
631 3686 1016 3742 Constantino
1049 3690 1451 3758 Copronymo,
1483 3683 1737 3757 principi
1766 3683 2028 3756 pessimo

373 3788 442 3828 ac
474 3774 832 3846 impiissimo
857 3775 1273 3830 Leonomacho
1306 3774 1558 3830 Caesaris
1588 3773 1800 3844 Magni
1829 3769 2030 3843 appel-

372 3861 515 3917 latio
549 3878 670 3918 non
694 3863 992 3934 convenit,
1025 3868 1090 3918 ut
1109 3879 1218 3919 nec
1249 3863 1593 3935 imperatori
1621 3859 1843 3916 Valenti
1869 3858 2030 3914 Aria-

370 3966 469 4007 no.
495 3952 604 4007 Sed
644 3968 750 4007 cur
807 3952 934 4007 haec
982 3952 1057 4007 de
1103 3952 1417 4008 monachis
1467 3948 1653 4006 aetatis
1706 3964 1830 4002 sure
1889 3946 2029 4002 dicit

369 4041 688 4111 Adalbero,
712 4047 816 4097 aut
840 4040 986 4113 quid
1009 4046 1148 4096 tunc
1189 4040 1356 4113 apud
1410 4037 1742 4095 monachos
1791 4041 2029 4091 nostros

371 4129 562 4184 simile
589 4130 906 4199 gerebatur
924 4132 953 4186 ?

372 4235 488 4305 (26)
520 4237 790 4294 Rectores
812 4252 1013 4297 rerum
1032 4238 1236 4306 placet
1257 4235 1550 4293 accersire
1571 4249 1859 4289 mearum.

445 4341 548 4396 Hic
578 4358 800 4414 versus,
835 4360 975 4399 cum
1010 4359 1255 4399 sensum
1288 4342 1503 4410 turbet,
1536 4345 1641 4398 aut
1688 4345 1878 4409 vacat,
1929 4342 2032 4395 aut
2064 4364 2109 4427 η

368 4446 493 4486 non
521 4447 630 4486 suo
659 4431 790 4489 loco
812 4433 1042 4505 positus
1073 4437 1179 4488 est.

370 4558 486 4629 (2’7)
508 4556 714 4613 Pileus
735 4559 1009 4613 excelsus
1034 4557 1106 4613 de
1131 4558 1291 4625 pelle
1318 4556 1647 4626 Libystidis
1668 4568 1847 4610 ursae.

441 4665 868 4720 Monachorum
891 4662 1165 4717 habitum
1186 4663 1437 4717 damnat
1490 4667 1547 4717 et
1598 4661 1802 4717 irridet
1853 4658 2029 4715 Adal-

369 4753 517 4809 bero
577 4752 701 4824 qui.
731 4746 899 4807 obliti
930 4752 1324 4824 professionis
1370 4760 1516 4816 suae,
1547 4750 1717 4823 pileis
1755 4766 1827 4804 ex
1878 4748 2030 4822 pelle

369 4842 599 4912 ursina,
622 4840 893 4897 vestibus
923 4850 1166 4897 crurum
1197 4846 1370 4897 tenus
1400 4839 1723 4895 decurtatis
1774 4845 1832 4893 et
1874 4844 2033 4895 ante-

366 4930 493 4986 rius
521 4929 816 5002 posterius
846 4930 1091 5003 apertis,
1116 4930 1288 5002 pictis
1317 4927 1547 4993 balteis,
1598 4934 1653 4983 et
1706 4927 1939 4998 gladiis,
1978 4930 2032 4981 et

371 5019 636 5075 arcubus
660 5034 734 5073 ac
758 5018 1094 5075 calcaribus
1132 5021 1468 5090 equitantes
1502 5021 1819 5074 uterentur.
1854 5015 2032 5070 Orde-

371 5108 530 5163 ricus
560 5106 760 5162 Vitatis
789 5108 932 5163 anni
966 5110 1102 5163 1089
1143 5123 1238 5163 res
1283 5104 1544 5161 referens
1578 5122 1592 5161 :
1648 5128 1676 5154 ‹‹
1704 5108 1891 5169 Nunc,
1941 5103 2032 5157 in-

372 5196 522 5267 quit,
546 5206 736 5266 prope
766 5195 1029 5252 universi
1057 5195 1381 5268 populares
1438 5198 1621 5267 caput
1658 5193 1858 5250 velant
1888 5191 2034 5249 vitta

375 5282 499 5339 sive
514 5282 690 5355 pileo.
718 5283 820 5339 Vix
839 5284 1058 5357 aliquis
1087 5284 1430 5341 militarium
1464 5284 1729 5356 procedit
1755 5283 1814 5338 in
1835 5280 2034 5355 publi-

376 5387 515 5426 cum
546 5371 735 5444 capite
767 5373 1145 5446 discooperto
1178 5373 1558 5445 legitimeque
1589 5377 1783 5435 tonso,
1821 5385 2034 5426 secun-

376 5461 525 5517 dum
551 5461 1233 5536 Apostoliprmceptum.
1270 5482 1299 5516 ι
1359 5466 1568 5525 Antea,
1617 5461 1837 5517 scilicet
1889 5458 2034 5515 Galli

378 5555 436 5607 et
466 5552 689 5620 Franci,
723 5568 891 5607 more
924 5556 1194 5610 Romano
1230 5558 1288 5609 et
1324 5550 1699 5617 Germanico,
1740 5549 2036 5621 capitibus

377 5641 599 5716 apertis
676 5647 859 5715 atqu
924 5642 1156 5702 intectis
1209 5657 1340 5701 esse
1409 5643 1861 5707 consueverant.
1921 5641 2039 5696 Cres

2135 1718 2323 1773 sitatis
2356 1718 2521 1773 rabie
2547 1736 2861 1775 emersere.
2894 1743 2920 1769 υ
2954 1718 3117 1795 Idem
3144 1720 3205 1774 in
3244 1718 3363 1775 fine
3409 1721 3550 1777 libri
3583 1739 3646 1776 ιιι
3700 1722 3826 1778 His-

2134 1807 2420 1862 toriarum
2453 1808 2528 1862 de
2560 1808 2773 1863 eadem
2805 1825 2867 1864 re
2923 1808 3206 1881 loquitur,
3262 1814 3320 1865 et
3377 1816 3611 1868 trunca
3659 1819 3824 1868 veste

2136 1899 2292 1952 viros
2318 1897 2581 1952 Francos
2606 1897 2824 1952 irridet.
2862 1901 2989 1953 Haec
3012 1898 3270 1953 recentia
3301 1899 3585 1965 damnat,
3648 1900 3822 1973 apud

2136 1986 2442 2054 Glabrum,
2470 1985 2790 2041 \Villelmus
2818 1986 3256 2042 monachorum
3286 1986 3484 2044 abbas
3509 1989 3571 2045 in
3605 1988 3820 2058 laicis;

2135 2074 2243 2129 sed
2273 2092 2375 2129 eos
2399 2079 2598 2129 tamen
2628 2073 2911 2129 monachi
2940 2074 3274 2146 equitantes
3300 2076 3535 2149 iterque
3589 2076 3824 2132 facian.

2136 2170 2222 2221 tes
2248 2164 2657 2230 imitabantur,
2682 2167 2738 2219 et
2767 2180 2908 2218 suas
2964 2170 3156 2219 vestes
3205 2164 3420 2221 talares
3464 2170 3661 2239 atque
3718 2166 3825 2223 de—

2136 2253 2354 2308 missas
2393 2253 2471 2307 ita
2527 2250 2968 2308 detruncabant
3012 2252 3557 2327 decurtabentque,
3605 2255 3715 2310 vix
3757 2260 3826 2311 ut

2137 2356 2337 2409 genua
2364 2341 2777 2419 contingerent
2811 2360 2823 2396 :
2858 2342 3123 2409 easdem,
3148 2359 3288 2398 cum
3316 2343 3593 2417 undique
3645 2344 3822 2400 clau-

2138 2446 2217 2485 sas
2248 2447 2375 2486 esse
2397 2430 2703 2499 deberent,
2736 2436 2873 2487 ante
2900 2437 2956 2486 et
2983 2436 3142 2488 retro
3172 2433 3550 2504 aperiebant,
3614 2438 3680 2488 ut
3741 2434 3822 2490 ad

2138 2520 2668 2576 conscendendum
2711 2536 2937 2593 equum
2989 2526 3189 2578 essent
3245 2522 3677 2595 expeditiores.
3754 2527 3820 2580 lu

2137 2608 2692 2664 detruncationibus
2768 2608 2882 2664 illis
2945 2609 3557 2675 decurtationibusve,
3632 2618 3822 2685 atque

2138 2698 2317 2753 etiam
2345 2698 2405 2753 in
2445 2698 2715 2753 scissuris
2746 2699 3001 2755 vestium
3032 2700 3329 2773 hodieque
3368 2700 3744 2759 insanimus.

2138 2788 2249 2857 (29)
2285 2788 2399 2842 Ilia
2426 2787 2747 2857 baldringo
2779 2789 2963 2863 cingit
2995 2790 3373 2845 strictissima
3397 2791 3592 2861 picto.

2210 2875 2599 2953 Baldringum
2630 2875 2896 2948 appellat
2923 2875 3221 2933 Adalbero
3248 2877 3519 2934 balteum
3559 2880 3816 2935 nomine

2140 2964 2285 3020 mihi
2312 2963 2453 3020 alibi
2484 2980 2604 3020 non
2627 2964 2778 3021 lecto
2812 2983 2824 3020 :
2858 2982 3039 3038 quem
3072 2982 3184 3022 nos
3222 2967 3403 3038 vulgo
3438 2968 3738 3026 baudrier
3777 2984 3816 3026 ι

2142 3054 2460 3125 baldringo
2510 3054 2788 3110 dicimus.
2844 3055 3069 3112 Pictum
3124 3060 3330 3124 autem
3410 3057 3810 3137 baldringum

2138 3148 2466 3216 nuncupat,
2495 3143 2601 3215 qui
2623 3159 2737 3199 acu
2780 3144 2976 3216 pictus
3030 3150 3205 3201 esset.
3270 3147 3586 3203 Germanis
3644 3150 3808 3219 ring,

2140 3234 2401 3289 balteum
2434 3239 2608 3288 sonat
2633 3238 2698 3288 ut
2725 3233 2787 3288 in
2838 3251 2978 3290 voce
3036 3237 3209 3291 rinca
3266 3236 3443 3292 docet
3495 3237 3804 3306 Cangius;

2141 3322 2301 3378 bald.
2336 3338 2477 3377 vero
2503 3322 2791 3379 audacem
2829 3324 3024 3379 virum
3046 3339 3069 3393 ,'
3118 3324 3218 3393 ita,
3245 3324 3420 3394 juxta
3464 3326 3636 3381 vocis
3690 3332 3813 3398 ety-

2137 3428 2303 3478 mon,
2339 3411 2622 3482 baldring
2654 3410 2827 3467 fuerit
2857 3414 3165 3483 cingulum
3190 3416 3309 3469 viri
3342 3414 3635 3471 militaris
3663 3422 3719 3473 et
3746 3419 3806 3473 in

2138 3502 2322 3556 armis
2348 3502 2599 3557 strenui.

2209 3590 2550 3645 Notandum
2610 3590 2672 3647 in
2729 3591 3120 3663 sequentibus
3166 3591 3439 3647 versibus
3492 3594 3806 3664 forcipem,

2136 3681 2415 3736 malleum
2449 3685 2506 3735 et
2536 3681 2729 3737 ilicem
2758 3682 3060 3737 monacho
3090 3681 3380 3753 equitanti
3409 3682 3597 3739 tribui
3628 3703 3643 3738 :
3682 3686 3806 3753 for-

2139 3771 2347 3837 cipem,
2376 3769 2453 3824 ad
2485 3769 2886 3825 extrahendos
2912 3770 3114 3826 clavos
3135 3787 3207 3825 ex
3232 3770 3410 3826 soleis
3440 3773 3806 3845 angulisque

2139 3857 2275 3930 equi
2301 3876 2313 3921 ;
2338 3857 2646 3937 malleum,
2680 3856 2758 3914 ad
2786 3858 3145 3915 calcaudum
3177 3874 3424 3931 equum,
3451 3877 3565 3925 seu
3583 3862 3665 3919 ad
3684 3868 3807 3919 tun-

2139 3944 2372 4001 dendos
2416 3946 2617 4002 clavos
2676 3946 2918 4015 ungulis
2979 3948 3212 4020 equinis
3258 3947 3479 4004 inﬁxos
3535 3968 3551 4013 ;
3611 3952 3798 4007 ilicem

2140 4052 2246 4090 seu
2299 4035 2485 4105 iligna
2539 4036 2682 4093 folia
2728 4037 2806 4094 ad
2852 4037 3272 4110 excipiendum
3311 4039 3805 4112 servandumquo

2139 4125 2341 4195 ignem
2372 4142 2403 4181 e
2427 4126 2586 4182 silice
2616 4126 2772 4182 ferro
2804 4143 3116 4185 excusum.

2211 4219 2326 4280 (30)
2355 4216 2499 4271 Ossa
2526 4217 2896 4284 superﬁciem
2916 4216 3159 4286 stringit
3181 4217 3404 4286 diﬁ'usa
3427 4217 3740 4278 deorsum.

2213 4304 2357 4359 Ossa
2387 4304 2603 4360 Paulus
2630 4304 3134 4375 Langobardusin
3155 4305 3306 4361 libro
3336 4322 3413 4372 iv,
3447 4308 3656 4363 Mssa:
3669 4324 3810 4364 mo-

2140 4392 2371 4447 nachus
2405 4392 2600 4448 Sancti
2628 4391 2942 4462 Gallensis,
2973 4392 3034 4448 in
3064 4392 3217 4466 libro
3251 4410 3309 4457 ιι,
3357 4398 3676 4466 castenque
3703 4410 3814 4466 ap-

2138 4478 2364 4553 pellant
2395 4480 2609 4536 fascias
2640 4480 2925 4550 crurales,
2959 4465 3183 4551 caligas
3213 4482 3307 4540 vel
3360 4465 3621 4541 ocreas:
3672 4465 3813 4541 llat-

2142 4570 2331 4625 thasus
2355 4569 2696 4625 Parisiensis
2726 4572 3133 4628 calceamema
3159 4573 3451 4629 militaria
3475 4576 3809 4645 quavul90

2138 4659 2393 4713 housses
2417 4658 3053 4715 dicuntur.Germanni
3072 4660 3370 4732 hodieque
3400 4661 3710 4729 ejusmodi
3741 4662 3808 4717 ti-

2138 4746 2319 4803 bialia
2346 4747 2546 4816 hosen,
2578 4763 2689 4801 nos
2720 4748 2955 4804 housses
2999 4764 3308 4804 vocamus.
3337 4749 3449 4805 Sed
3473 4749 3808 4807 videndum

2140 4852 2344 4892 annon
2376 4836 2472 4891 hic
2500 4835 2798 4893 Adalbero
2815 4852 2961 4895 ossae
2986 4838 3261 4896 deorsum
3294 4839 3538 4909 (li/fuste
3596 4856 3671 4896 ac
3710 4856 3809 4897 su-

2137 4927 2438 4995 perﬁciem
2454 4927 2805 4995 stringentis
2826 4927 3072 4983 nomine
3088 4928 3287 5000 potius
3310 4927 3591 4997 designet
3605 4945 3811 5001 paenu-

2140 5014 2284 5083 lam,
2315 5030 2502 5087 quam
2535 5030 2719 5087 supra
2738 5015 2943 5071 omnia
2998 5016 3349 5073 vestimenta
3387 5021 3447 5072 et
3495 5032 3679 5075 arma
3710 5017 3810 5074 ad-

2141 5120 2349 5160 versus
2365 5103 2589 5160 imbres
2608 5105 2943 5163 monachus
2959 5106 3331 5177 equitaturus
3353 5107 3722 5179 sumpsisset
3740 5124 3809 5163 ac

2143 5193 2574 5267 superjecisset.
2611 5194 2652 5264 ['
2684 5195 2916 5251 Fascias
2946 5195 3206 5252 orurales
3262 5211 3503 5253 osarum
3560 5198 3809 5253 nomine

2144 5286 2487 5340 constanter
2516 5282 2851 5351 intelligunt
2871 5283 3053 5341 medii
3081 5284 3187 5340 sevi
3231 5284 3573 5356 scriptores,
3626 5290 3695 5342 ut
3733 5286 3811 5340 vi-

2143 5373 2282 5427 dere
2312 5376 2484 5443 potes
2508 5371 2671 5444 apud
2701 5371 2991 5441 Cangium
3022 5374 3082 5429 in
3114 5372 3413 5428 Glossario
3444 5373 3649 5445 80110.]

2147 5464 2252 5531 (3t)
2283 5462 2547 5518 Saltibus
2573 5462 3123 5525 incedenstterram
3161 5463 3430 5519 calcaria
3474 5466 3808 5533 pungunt).

2218 5550 2279 5604 Id
2305 5554 2393 5605 est
2420 5549 2719 5607 saltuatim
2767 5550 2987 5606 incedit
3033 5551 3387 5610 monachus.
3446 5556 3810 5623 postsquam

2146 5654 2305 5713 equo
2334 5638 2660 5710 descendit,
2693 5643 2751 5700 et
2772 5638 3108 5700 calcaribus
3135 5640 3280 5710 suis,
3299 5654 3428 5698 non
3442 5639 3581 5712 jam
3621 5640 3813 5700 latera
