3976 6180
256 100 361 154 797

1258 80 1568 162 omni
1605 107 1702 163 AD
1738 104 2116 165 scamna
2148 103 2391 163 anew
2427 106 2652 165 sons.

3570 112 3677 171 ’708

254 222 415 293 equi,
448 224 554 279 sed
586 225 841 281 humum
870 226 1098 298 pungit.
1154 228 1394 284 Mutavit
1421 233 1621 285 autem
1651 232 1708 285 et
1749 229 1911 285 hunc
1938 230 1988 285 Α
2023 226 2207 283 modo
2236 228 2570 285 monachus
2604 249 2617 297 ;
2646 246 2786 287 cum
2815 230 2926 288 iter
2955 230 3126 299 facio,
3170 232 3338 289 miles
3372 252 3385 303 ;
3414 251 3556 291 cum
3610 236 3675 292 in

254 326 497 366 versum
523 313 821 369 Adalbero
842 330 1056 386 parum
1088 315 1200 371 sibi
1231 317 1605 374 satisfaciens
1626 322 1684 374 et
1710 317 1792 375 ita
1820 332 1917 373 su-

333 402 617 458 rscrinsit.

333 417 477 457 rscri
527 417 617 458 su.

250 417 527 547 ἒῗιιεὶῡαξ
554 493 899 562 impressam
920 502 1202 564 pungunt
1231 498 1499 555 calcaria
1531 504 1776 555 terram.

251 580 368 651 (32)
763 591 1129 643 ......lerram
1155 589 1424 644 calcaria
1451 596 1753 659 pungunt.

255 669 450 740 Carpit
479 687 711 729 summa
732 676 954 742 pedum
984 692 1119 731 eum
1154 678 1324 732 tortis
1345 679 1586 734 tendere
1612 680 1841 733 rostris.

325 761 637 817 Saltuatim
663 762 882 819 incedit
916 767 1281 836 monachus,
1337 771 1393 821 et
1420 770 1638 822 terram
1670 765 1917 822 calcari—

246 847 371 903 bus
392 850 627 921 pungit,
661 867 798 907 cum
828 869 1102 909 summos
1132 854 1316 925 pedes
1343 856 1697 926 protendere
1723 860 1780 910 et
1796 871 1920 911 ros~

249 940 348 992 tra
379 939 609 997 tordere
639 941 818 1012 coepit
845 958 857 1007 ;
912 942 1200 1013 quoniam
1229 948 1473 1016 propter
1500 959 1777 999 enormes
1804 942 1918 999 cal—

250 1040 393 1081 ceos
414 1027 580 1083 aliter
604 1030 885 1100 progredi
926 1046 1047 1086 non
1091 1036 1304 1104 potest.
1364 1032 1644 1088 0rderius
1692 1032 1910 1093 Vitatis.

249 1116 315 1169 in
351 1117 543 1172 Rebus
567 1119 710 1173 anni
754 1124 910 1186 1089,
965 1120 1200 1175 calceos
1254 1121 1603 1191 hujusmodi
1633 1121 1917 1177 describit

250 1204 352 1258 his
384 1206 578 1261 verbis
605 1224 619 1261 :
650 1208 891 1263 Sutores
923 1210 985 1265 in
1013 1211 1452 1279 calceamentis,
1481 1213 1659 1282 quasi
1691 1211 1913 1267 cauda:

250 1297 657 1365 scorpionum,
698 1313 848 1367 quas
878 1300 1059 1368 vulgo
1086 1300 1356 1368 pigactas
1383 1305 1618 1368 vocant,
1648 1301 1908 1368 faciunt.

249 1383 398 1438 Item
429 1402 441 1439 :
487 1386 613 1441 Viri
637 1388 895 1441 curiales
912 1389 1133 1456 pedum
1163 1391 1439 1445 articulis
1455 1389 1907 1444 colubrinamm

250 1475 703 1531 similitudinem
738 1478 1073 1533 caudarum
1087 1481 1421 1548 imponunt,
1450 1479 1541 1533 hae
1572 1494 1713 1548 ergo
1731 1478 1911 1533 veluti

2023 318 2385 374 monasterio
2400 321 2985 390 moror,monachus.
3016 320 3166 386 Quid
3189 337 3284 377 me
3300 321 3626 395 interrogas
3648 325 3676 381 ?

2021 406 2256 476 Proprie
2281 409 2617 465 monachus
2648 424 2771 467 non
2807 410 3073 479 sum,sed
3090 414 3270 481 jussu
3294 411 3523 469 domini
3542 415 3679 470 0di-

2024 495 2175 553 lom's
2207 495 2614 555 Cluniacensi:
2651 498 2913 565 abbatis,
2945 498 3049 571 qui
3104 515 3217 555 rex
3252 516 3416 557 meus
3445 508 3548 572 est,
3574 505 3680 561 mi-

2023 584 2148 639 lito.
2184 604 2213 633 ››
2241 582 2398 648 Quid
2424 583 2670 640 facetius
2712 586 3036 657 excogitari
3068 592 3261 660 potest
3290 588 3318 643 ‘2
3348 591 3486 645 Erat
3536 605 3678 660 ergo

2022 671 2117 727 hic
2155 672 2489 727 monachus
2518 675 2861 731 monasterii
2900 675 3078 731 unius
3108 692 3139 731 e
3183 676 3388 733 multis
3433 693 3569 751 qum
3601 679 3679 736 ab

2024 761 2268 818 0dilone
2297 778 2404 834 per
2432 764 2644 821 Gallias
2675 769 2801 821 tum
2829 766 3211 837 regebantur,
3246 773 3305 821 ut
3356 767 3532 825 docet
3556 772 3680 825 lot-

2023 849 2227 909 saldus
2253 852 2605 918 monachus,
2633 853 2736 924 qui
2764 854 2837 908 de
2858 854 2978 910 vita
3006 859 3065 910 et
3112 854 3424 911 virtutibus
3482 857 3677 915 sancti

2023 938 2288 996 0dilonis
2337 939 2571 996 abbatis
2604 941 2789 997 libros
2818 945 2931 997 tres
2952 942 3029 998 ad
3058 944 3423 1016 Stephanum
3451 944 3678 1016 episco-

2020 1042 2169 1097 pum
2195 1028 2327 1098 ejus
2348 1033 2628 1100 nepotem
2656 1030 3013 1102 composuit.
3049 1033 3161 1086 Hos
3182 1030 3363 1087 libros
3378 1032 3439 1088 in
3462 1032 3674 1089 Codice

2019 1117 2321 1186 Tbuaneo,
2345 1118 2631 1175 nimirum
2660 1118 2723 1174 in
2750 1119 3117 1175 Lectionario
3149 1120 3417 1176 Ecclesiae
3440 1121 3673 1192 Lugdu-

2018 1203 2223 1261 nensis
2250 1219 2446 1277 nuper
2472 1205 2918 1275 inveni,dignos
2967 1206 3188 1280 ubique
3214 1206 3365 1276 legi;
3397 1223 3551 1279 quos
3576 1210 3675 1263 Pe-

2020 1296 2144 1349 trus
2176 1292 2502 1348 Damianus
2532 1293 2593 1349 in
2622 1294 2932 1366 Epitomen
2964 1295 3227 1363 coegisse
3248 1311 3309 1350 se
3326 1295 3532 1351 scribit
3550 1296 3675 1352 sine

2020 1381 2418 1453 appellatione
2443 1397 2653 1437 eorum
2674 1382 2952 1439 auctoris.
3003 1380 3046 1455 ['
3061 1384 3257 1440 Sancti
3292 1383 3556 1440 0dilonis
3584 1383 3676 1440 Vi-

2018 1473 2141 1524 tam
2163 1472 2483 1526 aJotsaldo
2514 1472 2796 1543 scriptam
2854 1473 3043 1529 habes
3072 1474 3238 1545 apud
3272 1473 3676 1531 Iabillonium

244 1562 460 1617 caudae
494 1565 882 1621 colubrarum
905 1571 961 1621 et
983 1568 1369 1639 scorpionum
1400 1568 1762 1623 terrestrium
1786 1567 1914 1622 vul-
1940 1580 1978 1639 Β
2021 1574 2157 1614 ὕδωρ
2196 1576 2243 1613 VI
2284 1560 2560 1616 Benedic.
2593 1566 2759 1632 parte
2777 1579 2816 1630 ι,
2846 1578 2983 1634 pag.
3010 1567 3112 1618 679
3134 1567 3191 1618 et
3208 1579 3378 1635 seqq.
3408 1563 3603 1634 Βοῦρα]

243 1664 327 1717 go
349 1651 598 1722 pigacite
627 1652 819 1715 dictio,
827 1656 1041 1722 pedum
1058 1657 1462 1723 articulis,seu
1476 1657 1718 1711 summis
1742 1656 1908 1724 pedi-

241 1738 357 1793 bus
383 1739 871 1811 imponebantur,
904 1743 1017 1798 hoc
1048 1750 1137 1799 est
1160 1745 1333 1799 fronti
1360 1744 1450 1799 vel
1482 1744 1758 1800 anteriori
1778 1759 1911 1816 paro

235 1827 282 1881 ti
318 1828 659 1887 calceorum
691 1831 1107 1887 assuebantur.
1143 1836 1334 1897 Quare
1361 1833 1443 1888 ait
1471 1833 1766 1888 Adalbero
1820 1850 1834 1887 :

241 1916 444 1985 Carpit
473 1932 702 1973 summa
726 1920 939 1987 pedum
975 1936 1107 1975 cum
1136 1922 1308 1976 tortis
1338 1922 1579 1977 tendere
1603 1923 1832 1977 rostris.

238 2005 465 2059 Rostra
496 2006 753 2077 appellat
782 2008 889 2061 has
916 2009 1140 2063 caudas
1171 2008 1514 2064 colubrinas
1559 2014 1616 2065 et
1641 2009 1908 2081 pigacias

232 2092 584 2148 calceorum
612 2111 647 2148 a
672 2095 1055 2151 similitudine
1084 2103 1413 2153 rostrorum
1439 2099 1645 2154 avium
1670 2103 1774 2154 aut
1800 2115 1909 2155 na-

230 2176 404 2230 vium
444 2181 705 2244 :Quales
759 2186 1017 2238 Joannes
1070 2186 1401 2241 Dubravius
1444 2187 1629 2242 etiam
1680 2190 1908 2244 calceos

230 2270 531 2322 rostratas
557 2274 749 2324 vocat.
786 2271 887 2325 Hic
914 2272 1075 2327 enim
1104 2274 1164 2328 in
1196 2275 1338 2329 Hist.
1388 2275 1722 2344 Boiemicae,
1752 2276 1908 2333 libro

235 2369 320 2408 xx
379 2353 454 2410 de
490 2359 736 2423 Joanne,
783 2375 921 2429 rege
981 2362 1281 2432 Boiemias,
1320 2367 1682 2419 Francorum
1708 2381 1908 2423 mores

234 2442 530 2512 imitante,
564 2447 643 2502 ita
674 2450 849 2504 refert
873 2450 1033 2505 circa
1067 2467 1169 2505 an.
1208 2456 1343 2507 1328
1374 2468 1389 2507 :
1425 2474 1452 2503 ι(
1490 2457 1681 2507 Inerat
1721 2453 1772 2508 ei
1802 2470 1907 2524 pe-

232 2533 514 2601 regrinus
544 2535 782 2592 habitus
803 2538 865 2593 in
896 2540 1259 2595 nutriendris
1291 2540 1501 2605 comis,
1543 2540 1604 2595 in
1635 2541 1906 2597 calcean-

236 2620 336 2675 dis
366 2623 619 2693 pedibus
644 2627 913 2681 rostratis
945 2627 1181 2692 calceis,
1217 2628 1275 2683 in
1310 2629 1612 2684 vestiendo
1661 2646 1908 2702 corpore

236 2710 497 2780 palliolis
521 2713 621 2769 vix
648 2713 934 2769 dimidias
983 2721 1154 2770 nates
1190 2717 1545 2785 tegentibus.
1574 2740 1602 2768 »
1637 2723 1700 2774 In
1730 2719 1908 2777 Chro‘

236 2798 390 2853 nicis
420 2815 512 2855 res
546 2808 742 2869 gestas
770 2803 964 2858 Caroli
994 2806 1082 2872 Vl,
1119 2808 1481 2861 Francorum
1522 2807 1696 2875 regis,
1728 2809 1909 2865 conti“

2018 1646 2131 1716 (35)
2151 1648 2314 1703 Tune
2334 1654 2473 1705 cata
2497 1656 2553 1705 to
2579 1651 2960 1718 siopomenon
2979 1666 3220 1708 causam
3242 1652 3547 1709 meditaris
3578 1655 3607 1706 ?

2016 1735 2085 1788 In
2109 1736 2321 1791 studiis
2351 1738 2593 1792 memini
2614 1739 2953 1807 formarum
2982 1755 3150 1794 nosse
3170 1740 3423 1809 ﬁguras.

2084 1827 2206 1880 Rex
2234 1826 2568 1893 Rotbertus,
2596 1827 2699 1898 qui
2727 1830 3153 1884 monac/torum
3173 1834 3352 1896 pater
3379 1843 3451 1884 ac
3477 1830 3673 1884 nutri—

2016 1919 2110 1969 tor
2140 1913 2420 1984 Helgaldo
2448 1916 2684 1983 dicitur,
2726 1921 2781 1971 et
2818 1916 2923 1987 qui
2980 1916 3290 1979 Odilonem
3342 1916 3671 1988 plurimum

2015 2003 2277 2069 amabat,
2340 2009 2403 2059 ut
2449 2005 2775 2073 Jotsaldus,
2824 2006 3039 2062 Glaber
3094 2006 3402 2067 Bodulfus.
3450 2006 3670 2079 aliique

2013 2092 2297 2159 tradunt;
2332 2094 2665 2159 Rotbertus,
2706 2094 2977 2166 inquam,
3038 2095 3289 2151 audiens
3340 2096 3672 2155 monachos

2015 2184 2321 2252 tantopere
2345 2181 2457 2239 sibi
2482 2182 2748 2243 dilectos,
2779 2187 2837 2238 et
2866 2182 3177 2239 Odilonem
3220 2200 3466 2255 quoque
3518 2183 3670 2239 ami-

2015 2285 2153 2327 cum
2211 2286 2389 2325 suum
2441 2270 2520 2325 ab
2576 2270 2951 2327 Adalberone
3017 2272 3245 2327 traduci
3272 2288 3343 2327 ac
3393 2270 3671 2335 derideri,

2015 2363 2347 2429 temperare
2381 2358 2493 2414 sibi
2519 2375 2639 2414 non
2672 2363 2866 2431 potest
2885 2358 3029 2430 quin
3057 2358 3352 2415 silentium
3379 2365 3620 2432 rumpat
3649 2378 3666 2416 :

2016 2451 2071 2499 et
2110 2447 2290 2511 Tune,
2323 2447 2535 2519 inquit,
2563 2449 2842 2520 episcopo
2894 2447 3026 2501 κατὰ
3057 2453 3115 2500 τὸ
3148 2468 3477 2520 σιωπωμνον
3531 2465 3672 2505 cau-

2016 2549 2142 2589 sam
2174 2536 2481 2591 meditaris
2510 2540 2537 2590 ?
2590 2539 2674 2593 Tu
2705 2552 2778 2591 ne
2808 2552 2901 2592 me
2930 2538 3019 2591 m'l
3049 2551 3351 2604 reponere,
3392 2536 3538 2591 nihil
3569 2534 3673 2590 tibi

2014 2623 2381 2695 respondere
2412 2624 2668 2694 voluisti,
2702 2630 2766 2681 ut
2786 2624 2889 2681 tibi
2944 2626 3277 2680 monachos
3332 2629 3391 2679 et
3417 2623 3675 2694 singula—

2015 2728 2141 2768 rem
2174 2713 2437 2775 amicum
2470 2730 2671 2773 meum
2730 2714 3043 2770 Odﬂonem
3096 2713 3473 2786 impugnanti
3501 2728 3573 2769 ac
3601 2714 3673 2769 ir-

2016 2800 2228 2863 ridenti
2260 2802 2512 2859 tacendo
2543 2802 2776 2859 viderer
2803 2802 3161 2871 consentire,
3185 2806 3240 2858 et
3280 2801 3509 2857 silentio
3536 2816 3671 2857 meo

236 2887 546 2956 nantibus,
604 2904 761 2962 quae,
795 2905 831 2945 a
862 2896 1040 2946 docto
1098 2895 1398 2949 monacho
1449 2895 1801 2966 composita,
1846 2894 1907 2948 in
1943 2932 1984 2989 α
2017 2890 2108 2945 vel
2136 2891 2311 2962 quasi
2339 2890 2705 2950 ἀποσιωπήσει
2724 2897 2781 2947 et
2808 2892 3129 2958 reticentia,
3153 2892 3348 2961 ﬁgura
3366 2890 3671 2953 mibiolim

237 2974 603 3032 Bibliotheca
639 2978 921 3033 Thuanea
960 2984 1293 3050 servantur,
1351 2982 1476 3036 haec
1534 2981 1608 3037 de
1667 2982 1906 3039 Francis

236 3066 573 3135 praesertim
602 3065 994 3121 nobilioribus
1026 3083 1187 3122 anno
1224 3072 1358 3123 1396
1389 3069 1717 3140 Nicopolim
1745 3070 1907 3129 obsi-

235 3152 523 3209 dentibus
552 3156 782 3227 reperio
810 3175 822 3211 :
854 3180 879 3206 ι(
916 3157 1273 3212 Vestimenta
1301 3158 1603 3221 ﬁmbriam
1625 3166 1683 3215 et
1714 3160 1907 3219 mani—

236 3247 378 3298 cata
432 3244 751 3316 superﬂue,
806 3250 863 3301 et
918 3262 1155 3319 semper
1198 3247 1608 3305 calceamenta
1650 3254 1907 3308 rostrata

234 3331 630 3401 longitudinis
653 3334 913 3390 duorum
926 3336 1151 3407 pedum
1172 3340 1228 3391 et
1250 3338 1622 3409 quandoque
1643 3338 1905 3409 amplius

235 3420 607 3489 deferebant,
629 3439 768 3494 quae
786 3424 1264 3495 reprchensibilis
1291 3425 1603 3481 dissolutio
1628 3427 1779 3483 inter
1800 3443 1906 3483 no-

234 3508 389 3564 biles
418 3515 475 3564 et
505 3510 838 3582 specialiter
879 3512 1135 3567 Francia:
1163 3513 1419 3582 vigebat.
1456 3536 1483 3564 »
1511 3517 1655 3570 Tum
1688 3515 1906 3585 adjecit

236 3602 449 3654 auctor
476 3599 552 3654 de
588 3602 820 3655 Francis
836 3602 1089 3669 eisdem,
1120 3618 1257 3657 cum
1292 3604 1555 3673 Bajazete
1582 3620 1765 3675 quem
1798 3608 1905 3660 Ba~

236 3693 436 3743 satum
455 3695 512 3743 et
538 3690 796 3744 Basitam
822 3696 1014 3755 vocat,
1050 3692 1406 3762 pugnaturis
1441 3711 1453 3747 :
1485 3714 1512 3740 ‹‹
1542 3696 1607 3747 Et
1636 3698 1699 3749 ut
1715 3694 1903 3751 levius

234 3772 542 3844 pedestres
570 3779 815 3845 possent
838 3774 1133 3836 incedere,
1166 3780 1357 3831 rostra
1386 3775 1570 3843 longa
1598 3781 1656 3835 et
1688 3793 1901 3848 super-

231 3860 361 3915 ﬂna
414 3862 752 3917 calceorum
798 3868 1230 3935 amputarunt;
1288 3879 1424 3934 quae
1478 3865 1630 3934 proh
1660 3864 1897 3935 pudori

233 3951 720 4023 reprehensibilis
746 3957 800 4007 et
826 3968 985 4007 vana
1014 3951 1329 4009 curiositas
1360 3952 1511 4009 inter
1536 3952 1767 4015 nobiles
1798 3955 1905 4008 hu-

233 4056 468 4111 cusque
495 4040 775 4110 viguerat,
808 4045 865 4097 et
890 4048 1029 4097 tunc
1060 4042 1378 4101 terminata
1409 4040 1536 4100 fuit.
1575 4064 1603 4090 »

232 4134 347 4201 (33)
378 4132 752 4199 Ingreditur,
786 4134 912 4186 noti
936 4132 1166 4200 fratres
1195 4146 1367 4201 quem
1397 4146 1567 4189 nosse
1596 4131 1899 4189 laborant.

234 4220 627 4275 Concurrunt
659 4223 830 4285 cives,
856 4227 910 4277 et
935 4223 1111 4291 larga
1136 4222 1372 4289 palatia
1402 4222 1716 4289 complent.

227 4311 584 4377 Pontiﬁcem
612 4311 698 4366 sic
727 4310 799 4366 de
824 4312 1035 4379 formis
1059 4317 1203 4365 tunc
1228 4311 1462 4366 sistitur
1490 4315 1650 4367 ante.

308 4403 637 4453 Accurrunt
665 4399 968 4465 monachi,
1015 4401 1144 4454 noli
1192 4400 1420 4468 fratres
1452 4404 1504 4454 et
1531 4400 1687 4461 cives
1714 4398 1895 4457 Adal-

228 4486 446 4542 beroni
469 4487 630 4553 dicti,
684 4493 739 4543 et
778 4489 1169 4553 monachum,
1226 4486 1499 4558 depasita
1544 4489 1897 4556 monastica,

230 4582 398 4632 veste
428 4577 581 4633 laica
611 4579 912 4647 indutum,
941 4582 1241 4634 armatum
1281 4583 1459 4650 atque
1490 4583 1571 4636 ita
1599 4578 1900 4637 deforma—

230 4670 361 4720 tum
386 4670 452 4719 ut
477 4666 556 4720 ab
581 4666 727 4738 ipsis
771 4667 868 4721 vix
917 4667 1125 4738 possit,
1152 4666 1403 4735 agnosci
1452 4671 1588 4725 ante
1614 4666 1897 4731 abbatem

229 4768 418 4809 suum
440 4754 859 4828 sistunt.quem
876 4755 1171 4810 invidioso
1185 4755 1429 4811 nomine
1446 4755 1743 4813 Adalbero
1759 4771 1901 4823 pon-

231 4845 449 4911 tiﬁcem
482 4844 763 4915 appellat,
791 4847 904 4900 hoc
943 4850 1032 4899 est
1052 4845 1430 4917 episcopum,
1466 4850 1526 4902 ut
1550 4844 1897 4905 momsterii

226 4936 405 5002 septa
433 4933 668 4999 palatia
698 4938 799 5001 ;et
826 4933 981 4989 intra
1038 4933 1351 4989 Odilonem
1393 4948 1595 5002 regem
1637 4934 1895 5006 εἰρονικὼς

229 5024 428 5075 vocat.

226 5112 345 5179 (34)
364 5110 538 5164 Miles
558 5125 739 5175 nunc,
764 5109 1090 5165 monachus
1112 5111 1348 5165 diverso
1369 5124 1534 5165 more
1550 5109 1822 5167 manebo.

224 5198 365 5251 Non
390 5212 498 5266 ego
516 5212 644 5251 sum
676 5196 1024 5259 monachus,
1058 5200 1224 5263 iussu
1249 5197 1353 5252 sed
1380 5197 1572 5253 milito
1596 5201 1753 5266 regis
1784 5209 1807 5266 ,'

224 5287 387 5341 Nam
414 5287 691 5341 dominus
717 5301 880 5341 meus
913 5292 996 5341 est
1028 5286 1254 5354 Oydelo
1281 5285 1711 5341 Cluniacensis.

301 5374 525 5429 Abbati
553 5374 920 5429 monachum
950 5374 1261 5429 militarem
1292 5388 1415 5428 non
1432 5372 1805 5439 agnoscanti,
1824 5388 1893 5429 ac

219 5464 619 5533 interroganti
650 5480 728 5520 an
783 5464 1120 5519 monachus
1163 5479 1306 5517 suus
1338 5462 1428 5527 sit,
1484 5477 1665 5533 quem
1705 5460 1895 5533 pridie

215 5552 456 5610 miserit
480 5552 709 5625 aliquo,
738 5553 837 5610 ille
858 5552 1185 5625 respondet
1214 5570 1227 5607 :
1282 5572 1311 5601 α
1342 5550 1515 5609 Modo
1533 5548 1705 5608 miles
1735 5565 1891 5618 sum,

2014 2995 2202 3051 puero
2232 2979 2293 3037 in
2325 2980 2543 3037 scholis
2582 2981 2897 3039 notissima
2953 2982 3112 3036 viros
3140 2982 3334 3036 bonos
3386 2980 3670 3037 destitue-

1991 3058 2160 3133 'rem,
2194 3068 2533 3139 proderem,
2588 3086 2658 3124 ac
2688 3068 3083 3140 relinquerem
3131 3068 3474 3124 lﬂdBfBLSOB
3502 3070 3529 3124 ?
3559 3072 3674 3125 tra-

2014 3162 2139 3218 tum
2171 3156 2284 3213 sibi
2312 3156 2611 3215 Adalbero
2657 3157 3004 3213 Rotbertum
3056 3157 3304 3225 inducit,
3328 3161 3433 3212 aut
3460 3156 3671 3212 saltem

2013 3250 2317 3305 commoto
2340 3245 2615 3312 similem,
2637 3246 2803 3317 quod
2833 3245 2908 3300 de
2956 3245 3271 3311 monachis
3300 3244 3457 3300 male
3499 3243 3674 3299 senti-

2011 3337 2098 3389 ret
2128 3339 2179 3388 et
2214 3334 2515 3389 scriberet.
2550 3333 2714 3389 Unde
2748 3332 3029 3403 subjicit:

2011 3424 2123 3492 (36)
2153 3424 2288 3479 Non
2309 3428 2416 3479 tua
2440 3422 2772 3491 praepedzat
2799 3437 2905 3477 nos
2936 3421 3271 3491 indignatio
3299 3421 3560 3490 fervens.

2008 3512 2383 3579 Praeceptum
2414 3511 2654 3566 Domini
2681 3512 2857 3567 liceat
2883 3526 3020 3569 cum
3041 3524 3195 3580 pace
3222 3510 3469 3580 referre.

2081 3603 2223 3669 Tua,
2250 3616 2479 3672 quaeso,
2496 3600 2827 3669 indignatio
2845 3601 3180 3659 orationem
3207 3616 3409 3656 meam
3439 3616 3563 3656 non
3582 3599 3669 3656 in-

2008 3692 2359 3761 terrumpat.
2388 3690 2483 3761 pie
2512 3706 2615 3746 rex
2648 3707 2662 3743 :
2694 3694 2797 3745 tua
2827 3690 2974 3744 mihi
3000 3690 3089 3745 ira
3117 3706 3238 3745 non
3290 3689 3464 3745 obelt.
3520 3692 3669 3745 Pace

2008 3782 2110 3832 tua
2130 3777 2276 3832 mihi
2294 3778 2486 3844 liceat,
2517 3782 2817 3849 praecepta
2848 3777 3153 3831 Dominica
3181 3776 3416 3831 referre.

2011 3868 2115 3937 (37)
2142 3867 2336 3923 Sarra
2364 3868 2539 3921 nimis
2567 3881 2711 3935 gens
2757 3881 3057 3929 cenarum,
3082 3864 3155 3918 de
3182 3879 3363 3933 more,
3404 3864 3667 3931 petulca,

2008 3958 2278 4025 Regnum
2298 3956 2698 4018 Francorum,
2728 3953 3002 4007 manibus
3032 3952 3315 4020 ferroque
3336 3951 3666 4017 subactum,

2012 4045 2296 4112 Occupat,
2332 4048 2387 4097 et
2419 4042 2573 4096 rodit
2602 4040 2897 4111 quidquid
2920 4040 3034 4094 sibi
3065 4040 3270 4097 Gallia
3307 4041 3521 4107 nutrit,
3555 4042 3664 4097 etc.

2014 4129 2020 4137 ’
2082 4134 2430 4201 Sarraceni,
2455 4130 2648 4202 inquit
2675 4128 2992 4198 Adalbero,
3014 4145 3157 4199 gens
3173 4130 3348 4186 valde
3360 4132 3665 4200 petulans,

2014 4234 2090 4274 ex
2106 4235 2267 4277 more
2290 4236 2541 4290 regnum
2570 4220 2949 4275 Francorum
2976 4220 3037 4274 vi
3061 4224 3116 4275 et
3142 4220 3327 4279 armis
3354 4219 3666 4276 subactum

2011 4315 2307 4377 occupant
2336 4325 2408 4365 ac
2436 4307 2741 4385 diripiunt,
2760 4306 3010 4364 Galliam
3035 4307 3329 4377 sanguine
3350 4307 3664 4372 inundant,

2014 4402 2357 4452 sanctorum
2388 4396 2667 4469 reliquias
2695 4395 3065 4467 dispergunt,
3115 4411 3338 4467 easque
3364 4394 3576 4451 avibus
3595 4408 3667 4447 ac

2015 4483 2277 4537 leonibus
2307 4482 2380 4553 (si
2401 4481 2507 4554 qui
2536 4487 2662 4537 tum
2694 4485 2893 4539 tamen
2918 4481 2978 4536 in
3006 4480 3190 4537 Gallia
3218 4480 3422 4535 leones
3474 4480 3667 4543 erant)

2010 4576 2334 4644 exponunt,
2367 4572 2782 4644 episcopatum
2812 4572 2874 4626 in
2904 4571 3115 4639 primis
3155 4568 3515 4623 Turonicum
3535 4580 3667 4627 vas~

2009 4665 2154 4719 tant.
2189 4663 2317 4726 Qua
2347 4661 2506 4717 beati
2537 4660 2762 4719 Martini
2787 4664 2844 4714 et
2872 4662 2974 4714 tua
3022 4672 3266 4728 quoque
3296 4669 3666 4725 suorumque

2009 4750 2484 4818 0dilomotusinj
2497 4748 2622 4813 uria
2649 4749 2896 4803 Romam
2906 4746 3215 4814 petiitque
3241 4743 3438 4798 salute
3465 4755 3668 4797 mona-

2005 4839 2252 4903 chorum
2266 4836 2795 4907 precaturus.ch
2812 4832 3107 4888 Adalbero
3122 4829 3327 4886 scribit
3342 4844 3509 4885 mera
3520 4828 3664 4887 teni-

2003 4934 2226 4999 gmata.
2256 4930 2363 4993 Qui
2397 4931 2534 4982 sunt
2563 4924 2725 4981 enim
2753 4922 3079 4979 Sarraceni
3128 4920 3210 4976 illi
3255 4919 3361 4990 qui
3410 4923 3538 4974 tum
3580 4935 3668 4976 re-

2002 5031 2191 5084 gnum
2226 5018 2607 5076 Francorum,
2648 5015 2705 5066 et
2761 5009 3060 5082 praecipue
3113 5007 3526 5078 episcopatum
3557 5010 3665 5063 Tu-

2002 5103 2277 5162 ronicum
2306 5101 2386 5156 ita
2415 5105 2723 5155 vastavere
2756 5098 2783 5153 ‘2
2814 5096 3119 5151 Sarraceni
3171 5096 3419 5168 quidem
3474 5097 3665 5154 Fraxi-

2001 5195 2295 5254 netenses,
2364 5191 2540 5244 antea
2597 5185 2959 5245 culminibus
3024 5184 3260 5257 Alpium
3332 5186 3660 5260 occupatis,

2002 5276 2278 5341 Maiolum
2331 5275 2737 5332 Cluniacensis
2800 5274 3141 5329 monasterii
3204 5274 3506 5341 abbatem,
3568 5275 3663 5331 cui

2002 5367 2175 5426 Odilo
2206 5365 2507 5435 successit,
2536 5381 2673 5420 cum
2708 5364 2830 5418 suis
2847 5364 3130 5420 omnibus
3157 5370 3440 5437 ceperant
3462 5381 3533 5418 ex
3555 5368 3663 5419 lta-

2001 5458 2082 5517 lia
2111 5462 2171 5515 et
2191 5456 2336 5513 urbe
2359 5459 2545 5512 Roma
2574 5457 2984 5519 revertentem,
3020 5454 3119 5510 vix
3146 5454 3304 5511 mille
3353 5452 3518 5519 libris
3567 5468 3661 5509 ar-

2004 5548 2166 5620 genti
2181 5545 2603 5610 redimendum
2630 5562 2644 5615 ;
2675 5544 2784 5604 sed
2810 5544 2994 5617 paulo
3019 5548 3158 5618 post
3184 5561 3223 5603 ει
3248 5542 3538 5603 Willelmo
3567 5560 3663 5603 co-
