3976 6180
369 213 476 268 ’799
1331 205 1395 258 ΙΝ
1434 194 1933 257 ADALBERONIS
1969 188 2285 247 EPISCOPI
2322 179 2831 240 LAUDUNENSIS.
3690 166 3785 218 800

370 334 509 390 mite
536 330 858 389 Arelatensi
888 329 964 384 ad
1011 344 1204 383 unum
1230 343 1441 383 omnes
1467 324 1604 381 caesi
1651 323 1888 379 fuerant
1928 317 2024 374 isti
2060 317 2108 370 Α
2138 312 2298 381 cipia
2338 308 2624 377 eripuisse
2675 317 2800 358 non
2845 312 3062 372 pauca.
3114 293 3422 350 Fulbertus
3454 302 3703 361 quoque
3742 286 3797 341 in

370 422 689 495 provinciae
722 425 777 474 et
809 418 980 474 Italiae
1012 375 1439 490 populatores:
1457 375 2027 470 atii—illaberRodul-
2139 375 2388 473 epistola
2408 375 2476 452 09
2506 392 2712 449 scribit
2744 389 3064 446 Fulconem
3108 381 3386 439 comitem
3416 394 3524 434 res
3551 375 3797 432 ecclesiae

2142 492 2151 495 _
2316 490 2325 495 -
2490 490 2498 495 .
2573 485 2586 495 .
2653 488 2663 495 ,
2716 483 2750 495 ι-
2951 483 2962 495 ι
3002 474 3521 495 -,_AL:__:_--._--_.
3578 465 3779 495 σπι-.-ηηέ

372 465 466 567 ilus
494 517 551 566 et
582 509 750 566 Odilo
772 465 1031 581 ipsemetl
1046 465 1450 562 ianibellovd’e
1465 465 2031 560 abba-
2138 465 2428 548 invasisse
2449 490 2505 543 et
2533 483 2879 548 abstulisse,
2911 483 2969 534 et
2994 474 3527 547 archiepiscopum
3578 465 3802 523 Turoni-

372 557 466 567 ,κν
497 557 550 566 ν-
587 557 745 566 η---
777 557 1022 581 τ-----
1046 557 1107 562 __
1132 557 1342 562 ___-__-
1383 557 1445 561 _-
1628 557 1676 559 -.ἢ

370 600 444 655 tis
474 599 735 654 tradunt.
766 601 937 652 Anno
968 599 1071 652 994
1094 595 1187 651 vel
1212 599 1313 650 997
1331 596 1636 650 incensum
1663 596 1745 648 est
1767 594 2031 646 castrum
2141 596 2279 637 cum
2309 576 2697 649 coepiscopos
2714 571 2795 627 ad
2822 584 2961 625 eum
2987 558 3663 622 excommunicandum
3682 557 3798 612 bor-

375 689 533 744 beati
558 688 814 743 Martini
846 691 901 741 et
1408 647 1545 738 cum
1564 680 1779 751 viginti
1804 676 2033 733 duobus
2138 672 2331 724 tatum
2359 647 2509 721 esse.
2535 665 2604 717 Et
2632 660 2772 716 alibi
2803 656 3060 727 legimus
3086 666 3362 726 proceres
3394 647 3671 719 aliquos,
3725 660 3801 698 re-

374 779 651 842 ecclesiis,
684 792 783 831 νηί
811 774 1112 830 Kalendas
1141 776 1323 844 Aug.,
1376 778 1440 828 ut
1470 769 1805 829 Chronicon
1843 767 2033 821 Thua-

374 882 580 936 neum,
606 865 667 919 in
697 879 859 919 anno
913 868 1044 917 H37
1105 861 1408 928 desinens,
1465 864 1519 916 et
1544 858 1775 929 Majoris
1806 858 2035 911 Monas-

375 953 504 1009 terii
534 953 872 1007 monachus
898 951 1131 1006 docent.
1163 950 1276 1005 Sed
1326 948 1631 1005 fortuitum
1663 942 1808 999 illud
1837 941 2035 995 incen-

376 1042 546 1098 dium
576 1041 684 1096 fuit
712 1040 979 1101 omnino,
1013 1057 1150 1095 cum
1168 1040 1296 1108 ejus
1327 1042 1533 1094 auctor
1557 1050 1738 1091 nemo
1763 1027 2035 1086 nomine-

379 1135 511 1196 tur;
539 1145 649 1184 nec
681 1128 781 1183 ulli
815 1128 970 1198 genti
1001 1128 1348 1184 Christianae
1399 1123 1670 1193 religioni
1698 1120 1921 1176 infestae
1942 1114 2038 1170 tri-

378 1218 713 1279 buendum,
746 1217 971 1272 nedum
1009 1216 1346 1273 Sarracenis
1363 1213 1468 1286 qui
1499 1218 1627 1268 tum
1649 1225 1821 1266 oram
1840 1204 2037 1262 Galliae

381 1305 785 1363 Narbonensis
810 1305 1134 1360 latrociniis
1187 1320 1256 1359 ac
1311 1301 1541 1357 furtivis
1569 1294 2041 1372 praedationibus

382 1394 659 1450 infestare
685 1397 1007 1466 potuerunt
1040 1412 1053 1455 ;
1088 1392 1366 1448 interiora
1394 1388 1653 1459 regionis
1680 1385 1905 1443 Celtica:
1937 1381 2042 1436 cir-

385 1499 457 1538 ca
502 1485 766 1537 Turones
821 1486 1135 1554 penetrare
1175 1480 1424 1535 minime
1476 1478 1816 1549 potuerunt.
1877 1470 2043 1528 Circa

386 1587 617 1627 annum
668 1574 824 1639 1000,
859 1569 1189 1636 Nordwegi,
1222 1568 1317 1622 vel
1358 1565 1630 1635 Norvagi,
1689 1568 1746 1617 et
1803 1558 2038 1623 Snedia,

2143 759 2364 827 gnante
2392 750 2694 815 Rotberto,
2725 747 2902 803 bonis
2931 738 3555 817 possessionibusque
3588 731 3801 791 Clunia-

2143 824 2196 902 ci
2225 859 2444 900 manus
2475 839 2768 911 injecisse,
2792 839 2850 891 et
2870 834 2945 890 de
2975 832 3066 889 his
3098 828 3263 903 apud
3286 824 3690 882 Benedictum
3712 836 3801 893 pa-

2143 949 2289 1006 pam
2320 930 2432 987 Vlll
2462 944 2569 1002 per
2590 941 2731 982 suos
2759 926 3041 997 questum
3071 934 3199 975 esse
3239 914 3567 972 Odilonem
3617 926 3800 966 coram

2144 998 2425 1079 Rotberto
2451 998 2589 1087 rege
2614 1016 2984 1070 Francorum
3015 1013 3073 1064 et
3099 1002 3483 1081 principibus
3519 998 3802 1072 optimati-

2142 1111 2384 1181 busque
2414 1108 2564 1178 ejus,
2587 1103 2692 1177 qui
2722 1102 2800 1157 ad
2820 1098 3030 1155 limina
3050 1093 3471 1168 apostolorum
3504 1090 3799 1154 venerant,

2143 1200 2227 1255 ita
2267 1178 2333 1253 ut
2358 1196 2529 1252 facile
2563 1193 2733 1249 Odilo
2764 1188 3025 1258 compati
3074 1183 3319 1242 Martino
3349 1178 3639 1253 potuerit,
3692 1192 3801 1231 cum

2144 1289 2329 1345 simili
2349 1287 2480 1359 ipse
2500 1287 2646 1354 jure
2685 1282 3011 1345 teneretur,
3052 1275 3168 1330 hoc
3197 1276 3287 1328 est
3341 1285 3488 1325 cum
3546 1264 3802 1322 eamdem

2146 1379 2275 1450 ipse
2305 1375 2383 1432 ab
2416 1372 2546 1430 aliis
2578 1367 2909 1441 accepisset
2936 1363 3243 1435 injuriam.

2150 1445 2258 1539 (tl)
2284 1466 2403 1520 Hic
2430 1465 2677 1518 Romam
2705 1456 2874 1528 petiit
2895 1452 3203 1510 monachis
3230 1461 3409 1504 orare
3431 1445 3714 1501 salutem.

2221 1532 2336 1610 Nec
2372 1550 2695 1615 Jotsaldus,
2741 1561 2852 1601 nec
2880 1546 3082 1598 Petrus
3115 1538 3444 1595 Damianus
3473 1533 3587 1606 qui
3614 1548 3684 1587 ex
3702 1532 3796 1585 lot-

388 1659 467 1731 [a]
496 1658 791 1713 Richardo
811 1621 1057 1712 :luniore‘
1083 1621 2043 1720 doceNorthmanunorum,adver¥
2082 1671 2122 1725 Β
2155 1643 2327 1700 saldo
2358 1640 2664 1713 epitomen
2690 1634 2844 1699 fecit,
2903 1648 3016 1687 nos
3071 1628 3165 1684 hic
3204 1626 3554 1699 quidquam
3601 1621 3799 1692 juvant.

389 1765 491 1803 sus
536 1747 826 1816 Odonem,
876 1747 1154 1801 comitem
1209 1742 1665 1802 Carnutensium
1717 1744 1775 1794 et
1816 1737 2048 1793 Blesen-

392 1838 571 1905 sium,
599 1837 701 1909 qui
734 1841 789 1891 et
822 1836 1031 1891 urbem
1089 1839 1354 1890 'l‘urones
1400 1831 1726 1896 obtinebat,
1755 1823 2044 1891 accersiti,

392 1926 682 1984 Britannis
733 1926 997 1998 primum
1044 1924 1248 1998 przelio
1291 1922 1478 1989 victis,
1531 1926 1586 1976 et
1617 1924 1810 1976 castro
1840 1931 2049 1972 eorum

393 2016 534 2072 dolo
579 2019 925 2087 expugnato
982 2030 1051 2069 ac
1080 2015 1326 2068 incenso
1364 2011 1695 2082 incollsque
1745 2004 2047 2076 iugulatis,

395 2109 793 2174 Rotomagum
824 2103 1082 2159 navibus
1108 2103 1344 2175 petiere.
1381 2102 1542 2166 Quos
1573 2097 1831 2171 populos
1861 2093 2051 2149 idolo-

394 2195 575 2249 latras
604 2196 1069 2249 Sarracenorum
1112 2191 1355 2247 nomine
1386 2190 1463 2245 ab
1497 2188 1872 2243 Adalberone
1902 2182 2053 2239 desi-

397 2286 609 2353 gnatos
662 2297 790 2335 esse
840 2297 963 2335 non
1014 2285 1203 2353 puto;
1246 2283 1561 2351 propterea
1608 2276 1794 2348 quod,
1842 2289 1984 2329 mox
2021 2285 2057 2325 a

400 2369 677 2424 Rotberto
702 2384 840 2438 rege
867 2372 1228 2424 Francorum
1258 2369 1408 2423 inter
1434 2365 1792 2422 Richardum
1822 2367 1879 2417 et
1909 2360 2059 2417 Odo-

400 2473 540 2512 nem
566 2472 716 2528 pace
748 2457 923 2525 facta,
960 2458 1212 2512 remissa
1225 2461 1363 2511 sunt
1384 2456 1688 2523 auxilia,et
1707 2454 1768 2508 in
1790 2448 2061 2522 sequenti

400 2556 563 2596 anno
590 2557 660 2596 ex
684 2542 1071 2596 Nortmannia
1103 2542 1376 2607 domum,
1428 2545 1531 2595 aut
1577 2540 1660 2610 (ut
1691 2536 1820 2593 aliis
1845 2532 2061 2607 placet)

399 2631 461 2686 in
478 2630 751 2701 Angliam
789 2632 1045 2685 insulam
1081 2631 1202 2685 sive
1232 2629 1616 2694 Britanniam,
1668 2626 1827 2683 unde
1881 2637 2062 2679 vene—

400 2726 556 2791 rant,
585 2726 972 2785 reverterunt,
1006 2722 1083 2773 ita
1132 2723 1199 2773 ut
1228 2719 1529 2773 vastandaa
1569 2716 1767 2772 Galliae
1794 2720 1851 2770 et
1877 2714 2062 2785 depo-

400 2809 652 2882 pulandi
673 2810 795 2875 agri
818 2810 1087 2863 'l'tn‘onici
1114 2806 1372 2878 spatium
1396 2821 1518 2860 non
1540 2804 2064 2859 habmrint.Fuere

403 2904 461 2952 et
484 2898 634 2952 inter
658 2904 925 2952 UtiOlltllu
959 2899 1117 2949 Etcum
1148 2900 1205 2949 et
1236 2894 1576 2959 Fulconem,
1602 2895 2064 2957 Andcgavorum

406 2985 705 3049 comitem,
735 2986 922 3038 multa
960 2986 1129 3043 bella.
1180 2983 1345 3038 causi
1372 2981 1582 3038 excidii
1612 2980 1902 3036 interioris
1932 2977 2064 3034 Gal-
2102 3020 2142 3076 ε

403 3075 495 3131 liee
526 3076 775 3147 agrique
804 3074 1097 3129 'l‘urcnici.
1132 3072 1310 3128 li‘ulco
1348 3071 1700 3127 Ambaciam
1755 3076 1812 3125 et
1841 3071 2065 3123 Luccas

407 3165 465 3220 in
506 3179 670 3237 pago
700 3162 992 3219 Turonico
1040 3162 1272 3218 tenebat
1300 3180 1312 3228 ;
1346 3160 1538 3218 Odoni
1570 3159 1864 3233 parebant
1886 3160 2065 3213 Turo-

406 3270 558 3322 nes;
601 3253 696 3308 cui
722 3252 855 3307 urbi
908 3251 1082 3307 Fulco
1133 3251 1475 3319 imminens,
1534 3252 1787 3305 Montem
1843 3243 2066 3301 ltudelli

406 3342 718 3398 castellum
747 3341 798 3397 ei
830 3341 1152 3397 adversum
1179 3339 1715 3412 opposuit,etanno
1742 3340 1875 3392 1016
1902 3332 2067 3407 apud

406 3429 796 3484 Pontilevium
831 3429 1101 3484 Odonem
1155 3427 1360 3499 praelio
1393 3426 1715 3496 superavit.
1772 3422 1884 3479 Sed
1940 3423 2067 3476 haec

408 3516 596 3570 multo
616 3521 752 3587 post
778 3517 1031 3571 Carmen
1059 3516 1210 3570 istud
1243 3515 1321 3569 ab
1360 3514 1735 3569 Adalberone
1765 3510 2069 3582 composi-

408 3606 557 3666 tum,
581 3607 635 3657 et
664 3601 933 3670 forsitan,
961 3617 1204 3673 quoque
1256 3605 1393 3672 post
1444 3598 1838 3654 Adalberonis
1875 3596 2068 3668 ipsius

409 3689 664 3758 obitum,
696 3688 1091 3757 contigerunt,
1123 3703 1261 3756 rege
1296 3688 1574 3743 Rotberto
1622 3701 1747 3741 non
1770 3686 1897 3755 jam
1927 3683 2072 3739 ﬂore

404 3778 735 3851 juventutis
763 3776 1112 3849 splendente
1148 3795 1160 3844 ;
1189 3792 1313 3832 non
1337 3777 1467 3847 jam
1515 3773 1849 3846 incipientis
1867 3774 2075 3844 juven-

410 3874 505 3936 tae,
534 3868 639 3924 sed
668 3867 1015 3924 desinentis.

412 3958 524 4029 (38)
546 3961 701 4014 Sunt
722 3958 1089 4021 avium,sunt
1111 3970 1243 4024 3am
1264 3954 1564 4009 consortia
1581 3953 1752 4022 facta
1772 3952 2072 4019 luporum.

484 4048 757 4116 Corpora
786 4040 1133 4102 sanctorum
1166 4045 1462 4100 videlicet.
1488 4043 1656 4096 Hunc
1678 4056 1918 4096 versum
1947 4054 2079 4094 mu-

412 4135 554 4190 tavit
582 4134 903 4203 Adalbero,
936 4134 1040 4188 sed
1069 4132 1360 4188 infelicius
1392 4148 1404 4185 :

417 4222 698 4278 Concives
729 4226 930 4278 avium
948 4224 1082 4291 jam
1114 4227 1253 4276 sunt
1283 4221 1539 4290 sociique
1570 4220 1826 4285 leonum,

414 4310 702 4366 nimirum
726 4311 935 4376 sancti,
967 4326 1073 4365 seu
1103 4326 1311 4365 eorum
1343 4309 1570 4364 cineres
1601 4313 1657 4363 et
1685 4306 1968 4379 reliquiae.

418 4399 535 4471 (39)
577 4400 782 4455 Vastat
805 4400 1166 4468 episcopium
1224 4414 1354 4454 cum
1385 4404 1587 4468 strage
1621 4397 2076 4452 Turoniacense.

489 4490 686 4542 Genus
718 4489 1183 4544 Sarracenorum
1216 4487 1456 4543 scilicet.

419 4576 533 4648 (40)
563 4578 863 4632 Martinus
885 4578 1116 4646 plorat,
1149 4582 1402 4631 tutorem
1434 4576 1707 4631 clamitat
1734 4574 1907 4629 idem.

421 4666 646 4735 Oydelo
671 4671 1057 4736 compatitur,
1089 4666 1276 4720 simili
1303 4665 1409 4735 qui
1425 4667 1570 4733 jure
1592 4668 1843 4719 tenetur.

488 4759 703 4810 Annon
730 4755 920 4824 gentis
956 4756 1422 4811 Sarracenorum
1482 4751 1883 4825 appellatione
1928 4748 2083 4804 desi-

421 4860 605 4914 gnare
628 4844 815 4899 voluit
837 4844 1133 4899 Adalbero
1156 4843 1457 4916 principes
1489 4845 1771 4910 Francius,
1799 4838 2086 4894 nimirum

420 4934 688 5003 comites,
721 4933 1100 4989 marchiones
1127 4949 1195 4988 ac
1222 4933 1407 4987 duces
1446 4936 1587 4987 tunc
1618 4944 1873 4998 regnum
1906 4930 2086 4983 Fran-

421 5039 633 5078 corum
660 5022 1009 5088 lacerantes,
1040 5021 1217 5077 urbes
1233 5026 1290 5075 et
1314 5019 1556 5076 castella
1581 5020 1967 5089 occupantes,
1994 5014 2088 5069 in-

423 5116 511 5168 ter
542 5128 602 5167 se
630 5113 813 5167 armis
844 5111 1220 5177 dimicantes,
1277 5126 1449 5165 sacra
1511 5114 1569 5163 et
1610 5106 1867 5179 profana
1921 5121 2089 5161 more

424 5203 889 5256 Sarracenorum
907 5201 1277 5271 diripient‘es,
1295 5199 1355 5253 in
1384 5197 1594 5269 primis
1620 5195 1937 5251 Fulconem
1968 5196 2088 5249 An-

425 5288 794 5358 degavorum
847 5289 1150 5359 comitem,
1182 5290 1558 5357 episcopatus
1603 5286 1887 5340 Turonici
1917 5289 1975 5339 et
2002 5298 2092 5337 re-

426 5392 562 5432 rum
591 5376 749 5432 beati
797 5377 1053 5431 Martini
1104 5381 1465 5432 vastatorem
1499 5379 1526 5429 ?
1566 5376 1731 5431 Certe
1761 5371 1927 5445 apud
1959 5370 2091 5427 Gla-

428 5465 609 5520 brum
640 5463 961 5519 Rodulfum
991 5464 1052 5518 in
1082 5463 1213 5519 libr.
1234 5463 1381 5517 Hist.
1416 5466 1485 5531 ll,
1513 5465 1695 5534 caput
1714 5464 1767 5527 4,
1796 5460 1968 5529 Hugo
1986 5460 2094 5514 Tu-

435 5568 649 5608 ronum
681 5551 1167 5624 archiepiscopus
1204 5552 1346 5608 dicit
1373 5557 1431 5607 et
1476 5549 1744 5624 queritur
1776 5547 2095 5603 Fulconem

432 5643 623 5697 matri
643 5642 926 5699 Ecclesia:
950 5641 1103 5698 sedis
1123 5641 1236 5697 sibi
1254 5638 1841 5711 commissaemravdia
1854 5641 1911 5694 et
1931 5650 2100 5694 man-

2155 1734 2288 1789 Haec
2338 1708 2478 1786 sunt
2505 1728 2580 1783 de
2608 1723 2856 1782 Odilone
2884 1720 3069 1775 verba
3097 1714 3345 1773 Jotsaldi
3371 1730 3385 1767 :
3418 1736 3448 1762 ‹‹
3482 1708 3792 1767 ιωιεὼειῑιπ

2152 1823 2332 1879 etiam
2351 1818 2496 1874 urbs
2526 1819 2733 1880 Roma,
2762 1808 2978 1867 mundi
3006 1805 3274 1871 domina,
3304 1802 3451 1859 tanti
3488 1800 3603 1855 viri
3625 1800 3795 1852 contu-

2154 1910 2363 1969 bernio
2394 1908 2767 1979 frequentata
2797 1887 3793 1972 saepius,sanctorumapostolorum

2158 2014 2362 2059 amore
2412 2001 2470 2052 et
2519 1991 2857 2067 desiderio;
2893 1994 2971 2058 et,
3006 2009 3034 2036 »
3065 1989 3132 2040 ut
3154 1984 3317 2039 idem
3346 1981 3448 2051 ait,
3486 2002 3515 2028 «
3548 1992 3667 2050 quo
3683 1980 3797 2029 tem-

2157 2106 2301 2165 pore
2331 2104 2436 2143 rex
2470 2084 2754 2141 Henricus
2788 2062 2866 2136 ad
2892 2092 3093 2133 arcem
3119 2070 3375 2129 Romani
3399 2065 3639 2140 imperii
3666 2060 3790 2118 festi-

2157 2152 2365 2241 nabat,
2396 2179 2460 2229 ut
2487 2172 2565 2229 ad
2594 2168 2919 2242 imperium
2956 2165 3427 2237 promoveretur,
3497 2172 3629 2216 eum
3657 2152 3796 2207 comi-

2161 2274 2318 2324 tatus
2350 2271 2432 2321 est
2465 2262 2655 2318 Odilo.
2690 2277 2720 2310 »
2777 2256 2876 2312 Rei
2924 2269 3049 2309 suae
3088 2266 3291 2317 causa,
3325 2252 3428 2306 aut
3477 2244 3557 2302 ad
3584 2258 3671 2298 res
3695 2254 3792 2295 mo-

2162 2353 2561 2412 nasteriorum
2591 2336 2841 2403 suorum
2889 2340 3395 2411 ecclesiarumque
3447 2328 3793 2406 repetendas,

2165 2444 2477 2503 Odilonem
2538 2442 2791 2494 Romam
2835 2446 3110 2503 unquam
3136 2427 3373 2484 venisse
3399 2428 3604 2481 noster
3636 2415 3787 2480 dicit;

2166 2532 2331 2606 quod
2357 2535 2560 2586 tamen
2589 2540 2800 2581 verum
2832 2536 2963 2577 esse
2995 2522 3210 2591 potest.

2167 2594 2280 2695 (:12)
2331 2617 2749 2677 Conscendunt
2794 2625 2979 2677 voces,
3017 2608 3325 2678 fremitum
3383 2604 3535 2659 dant
3585 2594 3788 2653 Clama-

3495 2689 3695 2761 [censes
3718 2697 3737 2736 .·

2172 2803 2455 2858 Clamant
2486 2802 2665 2866 atque
2693 2796 2930 2847 monent
2961 2805 2975 2843 :
3006 2785 3199 2842 subito
3227 2784 3496 2851 dispone,
3526 2774 3785 2845 magister,

2169 2892 2360 2945 Arma
2407 2863 2607 2940 subire
2637 2882 2775 2948 tuis,
2806 2883 2860 2934 et
2891 2891 3023 2948 qua?
3044 2885 3397 2944 praeponere
3449 2867 3666 2929 debent,
3691 2863 3778 2914 etc.

2242 2973 2530 3032 Describit
2552 2973 2796 3042 jocosus
2828 2981 3007 3021 senex
3039 2961 3389 3019 comitatum
3437 2951 3682 3013 Odilonis
3701 2950 3785 3042 llo:

2171 3081 2339 3122 mam
2370 3059 2642 3135 petentis,
2687 3071 2871 3130 quem
2924 3053 3020 3109 hic
3074 3049 3495 3107 Cluniacenses
3548 3031 3781 3098 monachi

2158 3158 2531 3224 magistrum
2557 3145 2881 3220 appellant,
2924 3143 3077 3197 sicut
3104 3153 3289 3211 supra
3322 3155 3334 3191 :

2172 3244 2412 3299 Mittere
2434 3240 2807 3308 proponunt,
2837 3246 2979 3287 mox
3007 3230 3329 3298 explorare
3349 3225 3694 3294 magistrum.

2174 3335 2243 3389 Ut
2261 3334 2398 3386 ante
2416 3328 2477 3383 in
2498 3321 2834 3383 Odiloniani
2849 3317 3133 3376 monachi
3170 3321 3275 3371 iter
3292 3308 3643 3377 facientis,sic
3652 3314 3781 3389 nunc

2172 3423 2235 3477 in
2267 3417 2583 3476 comitatus
2605 3410 2870 3470 Odilonis
2888 3413 3142 3465 Romam
3165 3400 3577 3478 proﬁciscentis
3601 3388 3780 3478 descri-

2175 3510 2377 3583 ptione
2406 3502 2656 3560 lascivit.
2692 3500 2889 3563 Plane,
2919 3496 3071 3552 sicut
3108 3476 3404 3566 episcopis
3437 3494 3487 3544 et
3508 3476 3774 3583 monachis

2179 3564 2498 3653 convenire
2530 3589 2698 3657 solet,
2727 3590 2981 3661 apparet
3030 3564 3456 3639 Adalberonem
3484 3564 3765 3630 monachis.

2179 3682 2513 3759 praesertim
2544 3655 3037 3736 Cluniacensibus
3053 3677 3181 3728 tum
3196 3669 3454 3727 maxime
3462 3655 3773 3749 ﬂorentibusf.

2182 3740 2239 3831 ἓξ
2269 3769 2504 3830 Odiloni
2528 3767 2734 3825 abbati
2760 3764 3093 3821 clarissimo
3123 3758 3632 3834 potentissimoque
3655 3740 3776 3801 ami-

2183 3878 2324 3920 cum
2370 3875 2494 3916 non
2537 3857 2741 3912 fuisse.
2784 3853 3017 3910 Inducit
3071 3848 3368 3906 Adalbero
3426 3842 3779 3902 Cluniacensi?S

2185 3952 2498 4010 Odilonem
2523 3947 2956 4016 interrogantes
2976 3956 3160 4014 quem
3182 3939 3457 3996 habitum
3486 3928 3636 3989 indui
3655 3926 3781 4016 ipsos

2185 4047 2438 4099 Romam
2468 4053 2591 4093 una
2607 4037 2814 4105 ituros,
2839 4048 2963 4106 qua
2990 4030 3219 4087 ratione
3245 4028 3455 4083 instrui
3502 4014 3783 4083 armal'i‘lue

2184 4133 2294 4187 Veli
2309 4139 2339 4203 ις,
2369 4128 2515 4201 quid
2547 4103 2913 4199 supra,quid
2939 4120 3172 4187 subtus,
3195 4118 3342 4192 quid
3364 4116 3505 4173 foris
3524 4128 3590 4170 ac
3610 4103 3782 4182 palam,

2184 4223 2299 4295 qui:
2316 4222 2332 4274 l
2350 4220 2510 4274 intus
2538 4230 2775 4271 sumere
2800 4214 3073 4285 oporteat
3099 4228 3113 4265 :

2399 4308 2477 4362 Et
2507 4320 2643 4378 qua?
2656 4316 3008 4374 praponere
3035 4298 3268 4367 debent,

2261 4399 2401 4466 Quae
2429 4396 2550 4451 sint
2573 4392 2859 4459 exterius,
2892 4395 2946 4446 et
2975 4403 3107 4459 qua
3145 4387 3262 4441 sint
3294 4382 3603 4439 interiora.

2259 4485 2420 4541 Dicet
2449 4481 2666 4555 aliquis
2700 4496 2713 4535 :
2747 4482 2839 4533 An
2870 4491 3034 4534 voces
3060 4479 3119 4530 et
3143 4473 3445 4545 fremitus,
3477 4474 3534 4525 et
3558 4466 3792 4555 ειαγῃονεξ

2190 4538 2571 4633 conveniunt;
2596 4567 2912 4626 monachis
2981 4538 3187 4621 abbati
3234 4577 3344 4617 suo
3407 4538 3792 4633 loquentibus?

2345 4660 2711 4720 conveniunt
2758 4656 2959 4730 plane,
2990 4653 3109 4710 nisi
3165 4649 3402 4707 abbatis
3447 4647 3539 4703 sui
3568 4630 3795 4719 patienti8

2193 4750 2579 4812 abutentibus
2612 4766 2626 4815 ;
2659 4746 2827 4819 quod
2858 4749 2999 4800 tunc
3028 4741 3238 4797 fecisse
3271 4737 3679 4796 Cluniacenses
3699 4733 3795 4817 mft'

2193 4843 2423 4900 nachos
2445 4835 2762 4893 verisimile
2815 4838 2903 4889 est
2949 4830 3179 4887 Valesio
3234 4827 3341 4900 qui
3382 4842 3507 4882 non
3563 4808 3796 4900 memilti‘»

2197 4936 2262 4988 ut
2319 4929 2575 4994 videtur,
2641 4928 2869 4998 quanta
2918 4936 3125 4977 eorum
3186 4897 3362 4973 fuerit
3404 4930 3547 4985 erga
3607 4897 3797 4965 sancﬁs’

2199 5017 2422 5072 simum
2453 4993 2739 5072 abbatem
2767 5009 3116 5067 reverentia.
3161 5006 3393 5079 Quippe
3423 5002 3591 5061 Odilo
3615 4997 3687 5053 vir
3710 4993 3798 5043 tam

2197 5105 2357 5161 mitis
2396 5109 2542 5170 erat,
2599 5107 2655 5158 et
2708 5116 2832 5157 non
2871 5096 3260 5171 sequentibus
3304 5091 3673 5165 disciplinam
3710 5082 3797 5133 tam

2199 5192 2371 5248 facile
2402 5189 2771 5261 ignoscebat,
2803 5192 2869 5243 ut
2922 5185 3173 5242 nimiam
3224 5184 3356 5254 ejus
3410 5182 3471 5236 in
3516 5173 3800 5261 delinquat:

2202 5286 2288 5337 tes
2342 5278 2720 5334 clementiam
2794 5292 2865 5332 ac
2921 5271 3395 5330 misericordiam
3451 5264 3612 5323 haud
3668 5259 3799 5330 Ρδυω

2199 5367 2750 5441 reprehenderent;
2801 5360 3325 5436 quemadmodum
3396 5351 3696 5414 Jotsaldus,
3732 5341 3801 5441 Pf’

2739 5421 2844 5509 ac;
2862 5451 3203 5523 Sigebertus
3259 5446 3544 5503 scribunt.
3584 5441 3694 5503 Qua

2205 5511 2361 5602 batis
2390 5545 2481 5600 sui
2510 5544 2750 5601 lenitate
2789 5558 2860 5599 ac
2907 5511 3203 5612 frequenti
3230 5535 3411 5593 etiam
3459 5523 3724 5589 absentia;
3764 5511 3803 5563 θί

2210 5636 2450 5706 magnis
2480 5632 2830 5691 monasterii
2868 5630 2961 5688 sui
2989 5628 3208 5703 opibus
3245 5624 3418 5684 facile
3447 5612 3804 5681 Cluniacens“
