3976 6180
311 97 417 150 801

1288 88 1292 92 ’
1351 86 1632 153 CARMEN
1670 96 1765 151 AD
1804 94 2182 152 ROBERTUM
2218 98 2455 156 REGE!
2492 102 2716 160 NOTAE.

302 216 505 273 efferri
533 220 876 289 potuerunt,
906 218 988 274 ita
1020 222 1083 273 ut
1124 220 1607 289 vociferarentur
1656 222 1712 275 et
1758 218 1969 313 freme-
2004 221 2051 274 A
2079 214 2207 275 ehis
2237 221 2453 291 solum,
2489 225 2595 280 sed
2622 227 2801 299 etiam
2831 231 3153 291 abbatibus
3184 238 3533 311 imperabat.
3577 247 3735 313 Qua-

298 309 435 361 rent
457 304 677 361 abbate
704 310 1013 377 praesente,
1068 322 1157 375 ac,
1208 307 1547 364 monachici
1601 307 1813 363 silentii
1862 307 1967 362 im-

294 409 622 459 memores,
656 395 975 450 clamorem
1008 394 1280 451 tollerent
1303 396 1484 452 etiam
1527 395 1692 452 laicis
1722 396 1966 451 indeco-

291 497 459 537 rum.

294 567 412 640 (43)
454 569 710 624 Lunaris
737 570 996 638 pendere
1014 573 1189 641 prius
1218 572 1385 629 debet
1419 579 1524 629 tua
1552 574 1738 643 pelta.

292 658 557 727 Insuper
585 672 853 727 apponas
884 659 994 714 tibi
1021 661 1387 733 loricamque
1412 662 1688 717 trilicem.

294 745 635 802 Praescribit
664 747 979 802 monachis
998 748 1142 819 suis,
1156 750 1656 821 peregrinationis
1680 752 1963 805 Romanae

293 835 623 891 comitibus
655 835 888 901 futuris,
917 837 1087 893 Odilo
1109 839 1337 894 cultum
1363 844 1419 895 et
1439 839 1717 895 habitum
1747 838 1963 911 cuique

2078 309 2410 366 tuordecim
2454 316 2820 375 monasteria
2868 321 3099 379 Odiloni
3131 309 3397 398 subjecta
3442 309 3737 393 memorat

2075 398 2378 491 Jotsaldus
2408 416 2515 473 per
2543 405 2971 477 Burgundiam,
3022 415 3426 489 Aquitaniam,
3485 428 3542 478 et
3593 427 3733 491 Pro-

2074 484 2358 585 vinciam,
2388 504 2459 545 ac
2488 494 2907 553 Nantuadense
2938 484 3394 577 monasterium,
3413 484 3599 582 quod
3624 488 3736 585 ipsi

2076 572 2437 650 Gislebertus
2468 594 2668 637 comes
2698 585 3123 655 corrigendum
3155 572 3498 654 tradiderat.
3530 572 3666 656 Sed‘
3682 608 3738 659 et

2073 662 2420 732 Willelmus,
2474 667 2598 725 dux
2653 673 3107 746 Aquitanorum,
3171 683 3484 743 Odilonem
3532 691 3734 747 multis

2072 753 2431 826 magnisque
2464 761 2813 818 muneribus
2864 767 2937 822 ad
2970 784 3032 824 se
3088 772 3282 837 traxit,
3343 780 3399 830 et
3445 781 3735 838 nonnulla

2072 841 2349 898 cmnobia
2376 860 2500 899 suae
2531 846 2770 905 ditionis
2796 853 2924 923 ejus
2953 859 3293 927 magisterio
3340 869 3733 925 commenda-

3634 126 3738 181 m
3836 91 3845 94 Α

294 941 502 994 suum,
530 924 779 981 ridicula
808 926 1013 982 omnia
1041 931 1097 982 et
1117 943 1253 999 quae
1284 926 1409 983 ﬁeri
1441 944 1551 984 nec
1572 928 1832 983 debeant
1852 943 1959 982 nec
2071 928 2174 995 vit,
2202 929 2264 985 in
2294 932 2502 1002 primis
2530 938 2920 1013 lngeriacum,
2952 950 3009 1000 et
3050 924 3482 1010 monasterium
3533 924 3732 1014 Sancti

290 1013 530 1085 possint
554 1012 925 1085 praecipiens.
945 1018 1007 1069 ln
1023 1015 1233 1086 primis
1261 1031 1443 1088 super
1462 1015 1744 1088 clypeum
1760 1032 1962 1071 amen-
2068 1019 2347 1089 Cypriani
2373 1021 2434 1076 in
2462 1023 2812 1084 suburbano
2860 1012 3235 1094 Pictavorum
3262 1012 3730 1112 positum.

289 1103 360 1199 to
407 1100 557 1207 collo
603 1100 852 1207 injecto?
870 1100 1331 1207 dependentem,
1390 1103 1639 1207 loricam
1711 1103 1958 1207 induere
2070 1106 2329 1204 Ilo-therti
2354 1111 2517 1207 regis
2544 1115 2953 1188 Francorum;
2994 1100 3292 1183 Adelaidis
3320 1136 3469 1202 Aug.
3500 1100 3727 1207 matris,

291 1188 565 1259 singulos
592 1189 782 1261 jubet.
816 1191 1115 1247 Lunarem
1140 1193 1371 1261 peltam
1401 1208 1510 1265 pro
1548 1192 1755 1249 lunata
1784 1197 1958 1289 vocat
2067 1195 2218 1250 aviae
2250 1198 2573 1256 amborum
2606 1204 2891 1263 Ottonum
2922 1210 3173 1269 Heinrici
3202 1188 3729 1289 imperatoriswlto:

286 1277 593 1335 Adalbero
616 1294 894 1351 parmam
926 1281 1370 1347 Amazonicam,
1422 1298 1529 1338 seu
1560 1287 1794 1338 scutum
1823 1282 1956 1338 bre-
2068 1298 2412 1351 manorum,
2440 1289 2545 1360 qui
2576 1298 2879 1363 sceptrum
2911 1302 2967 1353 et
2997 1277 3309 1371 sphaeram.
3326 1312 3382 1361 et
3408 1277 3728 1380 imperato-

284 1365 897 1432 vissimum,dimidiaa
911 1367 1411 1437 ﬁguralunaeduo
1424 1370 1952 1426 cornuaemittens.
2063 1372 2218 1429 riam
2250 1391 2536 1433 coronam
2567 1396 2639 1435 ex
2669 1397 2818 1439 auro
2846 1365 3128 1446 Cluniaco
3179 1392 3378 1463 dedit;
3435 1365 3732 1457 Clionradi

285 1454 404 1527 (44)
451 1457 706 1513 Lubrica
733 1459 1068 1514 sustineant
1107 1460 1342 1528 galeam
1372 1462 1662 1517 cinctoria
1708 1461 1897 1516 lumbi
1933 1475 1957 1516 .'
2064 1477 2307 1558 quoque
2325 1468 2381 1519 et
2403 1466 2636 1523 Henrici
2667 1471 2796 1539 ejus
2826 1473 2931 1529 ﬁlii
2959 1479 3263 1538 Caesarum
3286 1454 3732 1558 amicitiis,

287 1544 585 1614 Corrigiis
610 1550 793 1653 caput
820 1547 1134 1653 astrictum
1163 1563 1445 1604 mucrone
1469 1564 1729 1606 corones.
1994 1570 2037 1624 Β
2065 1550 2190 1615 ciis,
2221 1557 2279 1607 et
2304 1557 2658 1613 muneribus
2681 1560 3013 1620 honoratus
3045 1576 3170 1637 est;
3197 1588 3232 1627 a
3256 1544 3730 1653 Stephano'qqg-

287 1632 614 1653 “unum:
652 1650 671 1653 4
742 1638 789 1653 ,ι
829 1648 887 1653 __
1406 1637 1556 1653 ,
1708 1636 1729 1653 ι.
1801 1642 1810 1653 .
2376 1647 2415 1653 --

284 1632 482 1702 Pergit
508 1633 703 1702 Odilo,
734 1638 791 1688 et
822 1633 1026 1703 galeas
1053 1651 1175 1690 non
1203 1636 1331 1706 jam
1362 1637 1656 1708 capitibus
1704 1636 1952 1693 fratrum
2063 1657 2181 1712 que
2203 1658 2342 1713 rege
2376 1647 2792 1715 Hungarorum
2821 1658 2876 1708 et
2905 1671 2941 1711 a
2973 1632 3185 1715 Sancto
3230 1632 3371 1732 rege
3409 1632 3729 1726 Cantabro-

281 1720 542 1794 imponi,
576 1722 683 1778 sed
713 1722 792 1778 ad
820 1725 1067 1792 cingula
1100 1725 1437 1782 lumborum
1470 1726 1736 1800 appendi
1760 1727 1949 1797 jubet,

285 1813 351 1864 et
376 1809 567 1881 (quod
596 1808 803 1865 fasciis
834 1810 1167 1866 cruralibus
1198 1813 1612 1880 conveniebat)
1642 1814 1839 1887 capita
1854 1830 1952 1870 eo-

282 1914 426 1952 rum
453 1897 814 1968 longissimis
846 1899 1110 1969 corrigiis
1159 1902 1405 1969 astringi
1464 1902 1656 1971 tigura
1714 1919 1950 1959 coronae

284 1987 601 2042 novaculis
654 1988 877 2043 circum
930 2004 1085 2056 rasa,
1143 1993 1245 2044 aut
1302 1996 1455 2046 certe
1518 1991 1783 2061 corrigiis
1835 1992 1949 2048 sub

274 2080 491 2131 mento
514 2076 681 2130 nexis
710 2076 865 2147 pilea
889 2077 951 2132 in
980 2078 1170 2150 capite
1201 2079 1489 2135 contineri
1514 2100 1526 2148 ;
1549 2082 1806 2150 spicula,
1841 2099 1947 2138 seu

272 2162 399 2218 tela
454 2168 591 2234 post
647 2168 878 2233 tergum
918 2165 1102 2236 rejici,
1164 2167 1399 2237 gladios
1443 2169 1622 2225 nudis
1664 2170 1947 2227 dentibus

266 2251 584 2307 mordicus
611 2253 792 2308 teneri
816 2253 1085 2326 praecipit
1118 2272 1129 2308 :
1162 2256 1316 2313 sicut
1349 2258 1685 2315 Ranimirus
1717 2264 1782 2329 ΙΙ,
1806 2265 1946 2316 Ara-

269 2340 637 2409 gonensium
666 2356 789 2409 rex,
818 2342 1087 2399 habenas
1114 2345 1250 2418 equi
1283 2346 1377 2402 sui
1422 2348 1686 2403 tenuisse
1729 2349 1945 2404 dicitur

265 2435 563 2486 armatus.

263 2516 523 2586 Spicula
549 2525 684 2589 post
714 2526 947 2591 tergum
980 2529 1197 2588 teneas,
1232 2529 1358 2578 tum
1389 2524 1662 2579 dentibus
1688 2542 1904 2582 ensem.

348 2609 637 2664 Caeterum
664 2625 959 2667 coronare
977 2614 1159 2682 caput
1178 2610 1419 2683 proprie
1440 2598 1588 2668 dixit
1619 2613 1937 2670 Adalbero.

266 2696 545 2753 Monachi
572 2697 732 2754 enim
760 2703 940 2771 atque
961 2699 1146 2755 etiam
1186 2699 1380 2755 clerici
1420 2701 1482 2756 in
1535 2718 1825 2759 coronam
1853 2709 1940 2760 at-

266 2784 696 2841 tendebantur.
730 2789 1063 2843 Tonsuram
1093 2788 1249 2843 hanc
1271 2788 1570 2861 hodieque
1601 2791 1680 2846 ob
1711 2792 1772 2846 id
1803 2792 1941 2847 utri-

263 2890 416 2947 que,
443 2876 619 2930 veteri
646 2876 911 2943 nomine,
937 2892 1217 2933 coronam
1242 2878 1566 2949 appellant.

267 2964 387 3035 (45)
430 2966 506 3020 Et
536 2968 690 3037 cogit
708 2969 962 3036 juvenes
991 2969 1177 3023 lentos
1202 2970 1521 3025 ascendere
1544 2986 1783 3037 currus,

266 3054 474 3125 Atque
499 3070 705 3110 senum
728 3058 1019 3125 prtecepit
1049 3071 1223 3127 equos
1253 3059 1644 3115 conscendere
1674 3060 1932 3116 turbam.

347 3145 431 3197 Ex
460 3143 772 3199 monachis
802 3144 905 3216 qui
934 3144 1136 3217 ipsum
1160 3144 1221 3200 in
1254 3146 1480 3202 Italiam
1494 3147 1754 3203 secuturi
1776 3152 1932 3215 sunt,

259 3230 539 3301 juniores
570 3230 740 3287 Odilo
769 3231 829 3287 in
856 3249 1086 3299 currus,
1117 3248 1288 3289 senes
1320 3234 1380 3289 in
1419 3250 1607 3307 equos
1634 3236 1891 3309 imponit
1919 3255 1932 3304 ;

266 3335 416 3374 cum
442 3324 650 3375 contra
673 3320 925 3390 juvenes
946 3321 1137 3393 equis,
1184 3337 1357 3377 senes
1404 3324 1701 3391 curribus,
1758 3324 1931 3398 plau-

268 3408 413 3462 stris
436 3408 710 3463 rhedisve
740 3408 876 3464 vehi
901 3414 1214 3481 oporteret.
1249 3410 1393 3466 Hinc
1420 3417 1581 3483 patet
1617 3429 1753 3485 quae
1782 3412 1933 3469 fides

262 3496 558 3552 habenda
586 3496 660 3553 sit
674 3497 826 3567 jocis
856 3497 1374 3569 Adalberonianis,
1436 3506 1497 3557 ut
1542 3502 1815 3558 omittam
1848 3518 1933 3558 se-

263 3586 537 3659 quentia.

261 3676 380 3748 (46η
418 3676 764 3733 Ascendant
792 3678 1028 3734 asinum
1052 3678 1193 3745 bini,
1221 3679 1473 3750 denique
1500 3683 1790 3739 camelum
1826 3701 1839 3738 :

260 3764 338 3821 Si
358 3780 476 3820 .‘lO‘n
503 3766 834 3835 sufﬁciunt,
870 3765 1151 3823 bubalum
1178 3769 1552 3825 conscendite
1572 3772 1746 3825 terni.

342 3858 471 3909 I‘ion
501 3853 933 3910 sufﬁcientibus
969 3855 1162 3928 equis,
1223 3856 1392 3912 Odilo
1443 3858 1690 3927 singulis
1742 3860 1930 3916 asinis

260 3942 447 3999 bi1.os
501 3960 532 3999 e
580 3944 898 4000 comitibus
954 3945 1079 3999 suis
1127 3961 1267 4000 cum
1317 3945 1558 4001 famulis
1588 3951 1719 4002 tum
1748 3949 1928 4006 etiam

262 4032 603 4100 mr~nachis,
632 4033 880 4103 singulis
898 4033 1139 4089 bubalis
1162 4038 1380 4104 ternos,
1412 4035 1661 4105 singulis
1683 4037 1928 4093 camelis

260 4121 458 4177 derios
482 4121 653 4191 jubet
674 4122 954 4178 insidere.
989 4125 1121 4177 Hinc
1145 4122 1392 4195 quidem
1430 4124 1680 4179 ridicula
1706 4130 1843 4181 sunt
1872 4132 1929 4183 et

257 4209 442 4279 ﬁcia;
475 4226 548 4265 ex
580 4211 668 4266 his
707 4216 910 4267 tamen
962 4211 1307 4281 intelligitur
1362 4211 1626 4268 Odilonis
1675 4217 1929 4272 Romam

257 4298 695 4372 proﬁciscentis
741 4299 1076 4355 maximum
1122 4300 1305 4356 fuisse
1356 4300 1725 4358 comitatum.
1778 4307 1928 4360 Nam

256 4404 407 4443 cuzn
436 4388 613 4445 turba
643 4404 858 4443 senum
883 4404 1023 4444 eum
1053 4393 1257 4444 secuta
1308 4406 1437 4445 esse
1490 4390 1741 4461 dicatur,
1788 4394 1925 4466 quis

254 4493 341 4533 no
355 4492 391 4531 ιι
407 4476 709 4546 videt,non
723 4477 991 4547 intelligit
1018 4479 1209 4535 multo
1235 4479 1530 4550 majorem
1551 4480 1605 4536 ei
1627 4482 1924 4552 juvenum

257 4566 710 4623 multitudinem
741 4566 1008 4623 adfuisse
1032 4569 1061 4623 ?
1109 4568 1271 4624 Unde
1311 4568 1553 4639 subjicit
1578 4570 1875 4628 Adalbero
1911 4589 1924 4627 :

390 4656 592 4713 Millia
619 4657 787 4713 mille
813 4658 929 4713 viri
954 4657 1287 4726 procedunt
1316 4663 1457 4714 ante
1475 4660 1745 4729 quirites.

335 4747 491 4800 Sane
519 4760 885 4817 quocunque
909 4744 1186 4815 degebat,
1226 4762 1591 4817 quocunque
1638 4748 1925 4820 procede-

254 4834 371 4890 bat
398 4833 635 4907 (Odilo),
670 4838 835 4890 tanta
862 4833 1225 4905 sequebatur
1252 4850 1394 4889 eum
1423 4834 1757 4907 frequentia
1804 4837 1923 4894 fra-

257 4930 422 4980 trum
453 4927 519 4979 ut
538 4925 667 4995 jam
689 4939 816 4979 non
844 4923 1061 4979 ducem
1090 4927 1195 4979 aut
1210 4923 1563 4997 principem,
1584 4924 1689 4980 sed
1714 4941 1923 4983 revera

256 5016 505 5086 putares
534 5029 674 5069 eum
704 5029 839 5069 esse
870 5012 1297 5083 archangelum
1327 5014 1789 5083 monachorum,
1836 5016 1922 5072 uti

253 5101 560 5159 Jotsaldus
583 5103 648 5159 in
676 5103 795 5159 vita
824 5103 953 5174 ejus
978 5102 1281 5158 memoriae
1299 5103 1476 5159 tradit
1500 5101 1541 5176 [*
1562 5104 1625 5159 in
1644 5108 1921 5161 sanctum

254 5192 460 5246 virum
486 5196 554 5247 ut
581 5191 975 5248 reverentiam
1000 5192 1231 5264 probet,
1262 5207 1384 5247 non
1415 5197 1774 5265 apparatum
1814 5194 1919 5250 de-

255 5280 501 5337 scribat.
524 5282 898 5352 Archangeli
923 5281 1190 5349 nomine,
1220 5280 1301 5335 ob
1330 5280 1614 5336 eximiam
1644 5284 1921 5340 sanctita-

253 5374 380 5425 tem
408 5384 547 5425 eum
575 5370 725 5427 inter
749 5370 898 5426 alios
922 5369 1138 5426 salutat
1168 5368 1475 5423 Fulbertus
1514 5369 1914 5426 Carnutensis.

256 5458 457 5527 Boco.]
487 5459 630 5514 Due:
660 5462 862 5515 autem
890 5458 987 5513 ille
1024 5462 1082 5513 et
1121 5457 1405 5526 princeps
1451 5457 1918 5528 monachorum,

253 5544 354 5604 vel
381 5545 581 5619 potius
609 5563 739 5620 rex,
772 5551 836 5605 ut
863 5563 1047 5620 supra
1070 5548 1472 5618 nuncupatur,
1521 5561 1646 5604 non
1700 5561 1911 5607 mona-

2060 1745 2197 1784 rum
2227 1736 2283 1786 et
2314 1736 2711 1794 Navarrorum
2740 1740 2902 1797 idem
2916 1744 3142 1803 litteras
3173 1767 3311 1807 cum
3338 1754 3646 1814 beneﬁciis
3672 1766 3727 1816 et

2061 1821 2412 1877 muneribus
2441 1826 2709 1898 accipere
2742 1842 3153 1893 consueverat.
3183 1842 3531 1902 Monasteria
3571 1864 3726 1904 non-

2057 1909 2232 2004 nulla
2267 1913 2972 2004 partimafundamentis
3002 1931 3308 2000 exstruxit,
3364 1936 3583 2004 partim
3631 1955 3723 1994 se-

2058 1998 2298 2066 miruta,
2329 2001 2424 2056 vel
2454 2003 2692 2061 ruinam
2722 2009 3013 2069 minantia
3044 2016 3264 2086 refecit,
3285 1998 3528 2092 praediis
3558 2028 3724 2084 auxit

2056 2090 2113 2140 et
2141 2087 2476 2156 insignibus
2503 2097 2894 2164 ornamentis,
2926 2104 3241 2159 monachis
3282 2087 3565 2181 implevit.
3618 2119 3722 2171 Ne-

2055 2189 2172 2272 que
2204 2175 2282 2273 ab
2313 2176 2637 2273 abbatibus
2667 2185 2871 2249 modo,
2901 2203 3110 2245 verum
3140 2193 3319 2251 etiam
3368 2175 3446 2254 ab
3488 2202 3719 2273 episco-

2054 2262 2147 2334 pis
2173 2264 2454 2321 ofﬁciosis
2484 2268 2788 2343 obsequiis
2811 2291 3251 2351 nonnunquam
3275 2262 3720 2348 honoris-causa

2055 2353 2481 2455 excipiebatur.
2527 2358 2978 2455 Inter-abbates
3026 2368 3207 2437 igitur
3245 2375 3576 2435 Gallicanos
3614 2384 3719 2455 qui

2053 2445 2182 2542 tum
2213 2450 2383 2499 erant
2412 2462 2603 2518 usque
2635 2450 2713 2504 ad
2739 2452 3162 2525 episcoporum
3190 2460 3479 2521 invidiam
3497 2445 3714 2542 felices,

2053 2528 2265 2585 divites
2291 2536 2348 2587 et
2374 2533 2575 2603 validi,
2610 2538 2874 2594 maxime
2914 2543 3218 2603 eminebat
3275 2566 3343 2606 ac
3398 2555 3579 2611 veluti
3626 2528 3715 2614 re:

2053 2618 2280 2686 gnabat
2308 2620 2496 2688 Odilo,
2550 2624 2812 2682 Cluniaci
2862 2630 3298 2701 opulentissimi
3346 2647 3715 2718 monasterii,

2051 2712 2108 2761 et
2134 2712 2219 2763 tot
2248 2724 2318 2764 ac
2354 2713 2651 2768 tantorum
2678 2717 3091 2777 coenobiorum
3124 2740 3230 2795 per
3250 2731 3436 2785 totam
3464 2712 3715 2792 Galliam

2052 2800 2108 2894 et
2164 2798 2649 2895 Longobardiam
2732 2821 2976 2879 quoque
3035 2811 3391 2874 diifusorum
3450 2829 3710 2895 potens;

2050 2884 2480 2956 imperatorum
2507 2896 2565 2946 et
2592 2908 2803 2962 regum
2829 2912 3016 2970 prope
3048 2917 3120 2958 ex
3150 2921 3325 2978 aequo
3352 2884 3601 2969 amicus.

2046 2973 2155 3043 (47;
2186 2976 2389 3064 unua
2420 2980 2590 3036 mille
2618 2984 2739 3038 viri
2753 2989 3089 3052 procedunt
3114 2973 3255 3051 ante
3289 2998 3563 3064 Quirites.

2118 3062 2289 3119 Odilo
2314 3065 2588 3135 plurimis
2613 3071 2931 3129 comitatus
2960 3082 3276 3137 monachis
3306 3062 3560 3145 Romam
3611 3109 3709 3149 ve-

2044 3149 2150 3219 nit,
2174 3156 2230 3207 et
2258 3156 2653 3224 spectandam
2710 3162 3015 3220 Romanus
3060 3167 3365 3237 ingressus
3417 3178 3506 3231 sui
3533 3194 3707 3250 pom-

2044 3253 2189 3310 pam
2220 3241 2506 3299 exhibuit.

2042 3350 2098 3414 (4
2140 3348 2157 3417 )
2195 3350 2306 3406 Res
2324 3352 2532 3421 agitur
2553 3354 2723 3423 ferro
2756 3362 2941 3415 ternis
2961 3366 3209 3430 prolata
3230 3369 3453 3427 diebus.

2114 3455 2349 3551 Legitur
2373 3457 2559 3551 alias:
2576 3464 2702 3551 iIies
2731 3467 2935 3535 agitur
2956 3469 3243 3544 ferroque
3287 3479 3477 3536 tribus
3504 3488 3709 3551 prola-

2041 3549 2104 3642 t‘a
2133 3545 2356 3642 diebus.
2391 3548 2545 3613 Quid
2574 3550 2688 3607 hoc
2717 3571 2895 3611 versu
2936 3562 2993 3614 et
3045 3576 3261 3620 novem
3312 3545 3703 3642 sequentibus

2037 3633 2360 3727 describat,
2379 3642 2482 3694 aut
2510 3640 2657 3712 quid
2686 3642 2797 3699 sibi
2826 3646 2965 3703 velit
2993 3650 3320 3727 Adalbero,
3337 3633 3504 3716 haud
3531 3664 3703 3722 facile

2037 3721 2201 3778 dictu
2231 3728 2336 3779 est.
2366 3727 2510 3782 Rem
2542 3730 2703 3785 enim
2725 3734 2895 3801 ferro
2925 3752 3032 3807 per
3057 3721 3328 3799 triduum
3374 3756 3594 3815 actam,
3649 3721 3707 3809 et

2030 3826 2302 3882 pugnam
2328 3824 2762 3909 commemorat
2792 3823 3069 3879 Kalendis
3120 3830 3547 3889 Decembribus
3594 3855 3703 3909 pu-

2038 3903 2306 3998 gnatam,
2328 3905 2385 3955 et
2414 3901 2785 3998 signiferum,
2815 3909 3193 3998 qui,cuspide
3224 3931 3381 3987 equo
3412 3901 3701 3998 dejectus,

2037 3987 2323 4084 vexillum
2353 3988 2655 4084 reliquerit
2682 3994 2947 4065 turpiter,
3005 4002 3061 4052 et
3100 4016 3237 4055 cum
3285 3987 3528 4080 reliquis
3558 3987 3702 4084 fuga

2039 4074 2291 4174 domum
2322 4078 2675 4148 repetiverit.
2694 4083 2950 4140 Omnino
2976 4086 3249 4158 designat
3276 4074 3700 4174 rem-aliquam

2039 4162 2165 4261 risu
2193 4163 2472 4266 dignam,
2520 4182 2656 4266 quae
2711 4172 2911 4266 liomae
2970 4175 3203 4266 Odiloni
3258 4162 3699 4266 comitibusque

1960 4268 2005 4322 ι)
2039 4251 2169 4322 ejus
2200 4252 2497 4325 acciderit,
2522 4258 2579 4310 et
2608 4257 2837 4315 malum
2863 4264 3355 4335 peregrinationis
3394 4251 3693 4338 eventtim.

2039 4377 2153 4472 (ξφ)
2190 4378 2464 4472 δὶρηὶΐρτ
2480 4381 2542 4436 in
2568 4384 2759 4440 medio
2775 4400 3066 4457 properas
3087 4409 3206 4451 non
3234 4403 3484 4458 stertere
3503 4405 3657 4472 carpi
3672 4420 3698 4459 .'

2037 4465 2293 4522 Dissutis
2315 4470 2508 4536 malis,
2528 4472 2744 4540 ﬂatum
2763 4481 3100 4548 pugnando
3128 4487 3326 4553 rejeci.

2107 4590 2382 4683 §ignifer
2406 4593 2512 4649 iste
2552 4597 2613 4651 in
2665 4601 2856 4656 medio
2911 4604 3150 4671 agmine
3204 4608 3455 4680 positus,
3510 4628 3693 4683 quem

2036 4677 2337 4769 Adalbero
2368 4682 2442 4738 de
2475 4700 2536 4739 se
2565 4683 2908 4758 loquentem
2939 4690 3183 4759 inducit,
3208 4677 3384 4751 Odilo
3423 4677 3551 4769 ipse
3605 4707 3694 4758 est

2033 4766 2138 4839 qui
2167 4768 2381 4824 fatetur
2413 4787 2476 4826 se
2505 4771 2714 4829 ﬂatum
2746 4778 2966 4832 ventris
3017 4782 3350 4851 pugnando
3401 4766 3689 4859 emisisse,

2035 4873 2144 4912 seu
2175 4855 2408 4931 βδέσμα,
2442 4876 2511 4915 ac
2537 4877 2676 4917 cum
2708 4864 2829 4919 suis
2858 4865 3003 4935 fuga
3030 4868 3245 4925 Gallias
3265 4873 3502 4943 petiisse
3532 4895 3545 4932 :

2034 4963 2183 5020 Cum
2214 4966 2458 5035 reliquis
2486 4967 2749 5038 fugiens,
2775 4972 3067 5039 genitalia
3091 4989 3278 5045 regna
3304 4983 3506 5048 petivi.

2103 5075 2260 5142 Haec,
2289 5088 2411 5144 quo
2441 5075 2635 5144 magis
2660 5076 2893 5146 mirere,
2922 5080 3141 5153 scripta
3190 5090 3329 5142 sunt
3374 5090 3507 5147 vivo
3556 5095 3687 5152 Odi-

2028 5158 2188 5229 lone,
2351 5175 2512 5215 anno
2545 5162 2699 5233 1048,
2730 5165 2917 5222 aetatis
2938 5171 3027 5237 87,
3058 5170 3250 5229 multo
3274 5183 3413 5247 post
3433 5181 3685 5242 Adalbe-

2028 5261 2239 5301 ronem
2268 5246 2473 5319 ipsum
2500 5249 2772 5307 decessit.

2029 5352 2139 5449 (Ei-0)
2177 5354 2322 5449 tiliae
2340 5360 2602 5449 patrata
2621 5360 2775 5415 scias
2815 5362 2878 5416 in
2902 5366 3105 5432 prima
3141 5371 3271 5428 luce
3298 5375 3634 5434 Decembris
3660 5396 3684 5449 ,·

2027 5442 2156 5496 Hoc
2182 5442 2382 5498 itidem
2412 5444 2627 5501 Martis
2653 5449 2985 5507 tentabitur
3004 5462 3143 5513 ante
3168 5460 3501 5519 Kalendas.

2098 5549 2221 5606 Hoc
2242 5550 2447 5608 nescio
2473 5552 2623 5624 quid
2647 5557 2851 5617 Romae
2876 5561 3194 5633 contigisse
3239 5565 3466 5628 indicat
3505 5573 3678 5632 Adel-
