3976 6180
433 172 537 237 sos

1402 169 1473 224 IN
1512 160 2009 224 ADALBERONIS
2046 158 2357 223 EHSCOPI
2397 163 2901 223 LAUDUNENSIS.

3756 175 3861 230 804

430 302 576 357 hero
605 294 895 355 Kalendis
916 290 1339 349 Decembribus
1369 286 1622 357 Odiloni,
1655 294 1712 344 et
1738 289 1901 343 idem
1943 300 2083 343 eum
2122 300 2171 353 Α
2200 294 2328 346 tum
2356 290 2643 358 Odilonis,
2668 291 2900 347 militiae
2922 293 3258 361 principis;
3286 293 3761 365 quamprimum
3776 308 3867 349 ex-

430 388 719 463 proximis
744 383 1027 440 Kalendis
1056 381 1269 439 Martiis
1296 381 1509 436 iterum
1557 379 1782 434 ibidem
1830 382 2085 433 tentatu-

430 490 584 536 rum.
619 474 850 541 Quibus
874 472 1069 528 verbis
1096 471 1286 543 carpit
1323 471 1664 542 frequentes
1705 468 1851 523 istas
1893 466 2083 522 abba-

428 571 579 635 tum,
600 565 661 620 in
686 561 896 636 primis
928 559 1214 629 Odilonis,
1232 558 1739 631 peregrinationes
1760 559 2082 622 Romanas,

427 650 804 707 monasteriis
835 660 1143 709 onerosus,
1185 646 1515 719 disciplinas
1563 645 1742 701 etiam
1791 638 2081 698 inimicas.

427 740 576 797 Nam
601 744 659 796 et
680 736 961 795 monachi
985 737 1089 810 qui
1135 736 1419 792 abbatem
1466 734 1947 807 peregrinantem
1994 744 2088 787 co-

427 829 732 895 mitantur,
763 826 928 895 leges
958 840 1098 880 suas
1126 825 1355 894 majore
1385 838 1456 878 ex
1487 828 1653 895 parte
1694 834 1936 876 servare
1963 834 2085 874 non

426 922 719 991 possunt;
752 920 809 972 et
835 915 940 987 qui
966 913 1026 970 in
1056 914 1424 970 monasterio
1448 926 1809 979 remansere,
1839 910 2084 966 absente

425 1007 644 1063 abbate
670 1018 773 1062 eas
804 1016 1042 1060 servare
1070 1017 1194 1058 non
1219 1006 1451 1059 curant.

427 1112 539 1185 (51)
577 1112 813 1169 Militiae
831 1111 1110 1182 princeps
1132 1108 1217 1165 ad
1243 1112 1297 1165 te
1320 1122 1424 1164 nos
1453 1108 1675 1178 Ogdelo
1700 1108 1900 1163 mittit.

429 1203 507 1260 Te
528 1203 830 1258 dominum
861 1201 1288 1256 monachorum
1322 1196 1566 1254 bellicus
1594 1198 1739 1253 ordo
1768 1195 2017 1253 salutat.

424 1291 722 1349 Admonet
750 1291 1014 1346 incitans
1035 1288 1189 1344 acies
1221 1296 1278 1342 ut
1314 1288 1471 1344 bella
1495 1300 1797 1357 perornes,

425 1380 682 1452 Agmine
708 1383 1044 1446 conceptus,
1074 1376 1429 1432 mandatum
1451 1377 1716 1431 concitus
1747 1375 1947 1443 imple,
1971 1378 2080 1429 etc.

498 1506 599 1563 Hic
628 1505 707 1561 ab
749 1502 1128 1559 Adalberone
1186 1501 1488 1556 inducitur
1539 1500 1901 1569 monachus,
1961 1504 2085 1555 tan-

426 1613 615 1670 quam
636 1595 870 1666 legatus
899 1591 978 1647 ad
1008 1590 1375 1653 Rotbertum,
1433 1605 1636 1658 regem
1695 1590 2081 1654 Francorum,

428 1685 652 1741 missus
684 1682 762 1737 ab
794 1680 1065 1746 Odilone,
1096 1678 1200 1751 qui
1225 1677 1459 1733 abbatis
1488 1678 1579 1733 sui
1607 1677 1851 1733 nomine
1882 1692 2086 1746 regem

427 1775 663 1843 salutat,
687 1786 946 1843 eumque
978 1770 1245 1824 hortatus
1274 1766 1354 1824 ad
1382 1765 1609 1822 bellum
1630 1766 1931 1836 sacrilegis
1956 1781 2091 1837 pro-

427 1862 663 1919 ceribus
694 1875 895 1915 rerum
919 1873 1167 1913 suarum
1209 1856 1673 1928 occupatoribus
1722 1854 1887 1910 ocius
1938 1853 2088 1908 infe-

426 1950 705 2007 rendum.
731 1948 841 2004 Ubi
866 1945 1133 2003 notanda
1156 1950 1293 2000 sunt
1324 1944 1506 2001 verba
1529 1944 1814 2000 monachi
1856 1943 2089 2001 Clunia-

428 2039 620 2096 censis
648 2036 845 2106 legati,
878 2035 1191 2092 Odilonem
1223 2034 1506 2091 abbatem
1545 2051 1724 2089 suum
1746 2035 2088 2103 principem

426 2129 661 2186 militice
689 2124 1065 2200 appellantis,
1097 2127 1154 2179 et
1182 2124 1587 2178 monasticum
1614 2123 1888 2179 ordinem
1931 2122 2091 2177 belli-

428 2234 563 2275 cum
590 2216 858 2273 ordinem
883 2211 1313 2284 nuncupantis,
1344 2215 1402 2265 et
1422 2227 1792 2284 magnopere
1814 2211 2087 2266 instantis

427 2304 815 2377 urgentisque
840 2306 906 2357 ut
926 2318 1028 2356 rex
1053 2300 1318 2356 celeriter
1362 2305 1647 2355 convocet
1694 2299 1929 2365 milites,
1987 2314 2087 2353 co-

428 2401 531 2468 gat
566 2392 790 2467 copias,
842 2394 1092 2464 apparet
1146 2389 1392 2455 bellum,
1471 2393 1650 2460 atque
1702 2388 1940 2444 abbatis
1995 2386 2089 2441 sui

427 2497 616 2554 quam
654 2481 921 2554 primum
964 2483 1328 2551 exsequatur
1380 2485 1692 2534 mandata.
1754 2477 2086 2546 Fulbertus,

428 2571 762 2627 Carnutinaa
794 2569 1059 2625 ecclesia;
1089 2569 1430 2641 episcopus,
1456 2568 1517 2623 in
1542 2567 1796 2640 epistola
1840 2571 1906 2623 66
1957 2583 2087 2622 mo-

426 2663 763 2718 nachorum
789 2660 1224 2728 archangelum
1256 2659 1584 2725 Odilonem,
1618 2662 1674 2714 et
1704 2662 2000 2726 nostrum,
2027 2656 2089 2711 id

427 2755 517 2808 est
558 2766 737 2807 suum
780 2748 1213 2818 archangelum
1263 2747 1543 2819 appellat.
1605 2746 1906 2802 Jotsaldus
1943 2760 2091 2818 quo-

427 2856 725 2915 que,eum
755 2837 1455 2905 secutus,archangelum
1488 2835 2090 2891 monachorumJlinc

428 2930 610 3000 vulgo
640 2928 1043 2997 archangelus
1073 2923 1309 2979 videtur
1337 2939 1470 2978 esse
1492 2928 1896 2997 nuncupatus.
1935 2926 2087 2980 Con-

429 2997 777 3074 statvautem
803 3012 1144 3071 Michaelem
1172 3010 1602 3080 archangelum
1629 3028 1666 3068 a
1692 3011 1906 3067 Graecis
1930 3026 2087 3085 saepe
2124 2997 2167 3052 (Σ

428 3107 658 3163 dictum
709 3119 837 3160 esse
890 3102 1003 3154 κατ’
1034 3101 1449 3173 ἁντωνομασίαν,
1499 3101 1938 3174 Ἀρχισράτηγον,
1974 3101 2087 3156 hoc

428 3201 521 3253 est
532 3194 870 3266 principem
898 3191 1129 3245 militiae
1177 3189 1487 3259 angelicae,
1526 3189 1887 3259 magistrum
1934 3189 2089 3244 mili-

429 3291 555 3341 tum
588 3279 935 3344 coelestium,
968 3278 1186 3332 ducem
1217 3277 1468 3346 angelici
1517 3277 1829 3332 exercitus.
1881 3277 1938 3333 Si
1978 3277 2089 3331 ita-

428 3388 545 3444 que
601 3367 794 3440 potuit
849 3365 1039 3431 Odilo,
1090 3381 1257 3419 more
1310 3365 1625 3434 Michaelis,
1684 3365 2087 3434 archangelus

426 3456 651 3522 vocari,
684 3448 958 3526 potuit,et
978 3452 1250 3521 ejusdem
1270 3452 1513 3507 nomine
1529 3453 1808 3521 princeps
1834 3450 2086 3522 militiae,

428 3545 533 3600 sed
587 3554 809 3613 nenipe
854 3540 1222 3609 monasticae,
1280 3540 1589 3612 appellari.
1654 3538 2089 3597 Monac/torum

430 3628 705 3685 bellicam
736 3628 1005 3684 ordinem
1032 3632 1209 3684 vocat
1234 3628 1467 3698 legatus
1500 3624 1785 3695 Odiionis,
1837 3630 1931 3685 vel
1980 3642 2088 3702 po-

426 3718 543 3775 tius
570 3716 887 3786 Adalbero,
920 3716 1065 3790 quia
1098 3722 1238 3773 tunc
1286 3717 1567 3773 monachi
1612 3719 2088 3792 quotiescunque

426 3810 537 3866 iter
562 3809 842 3877 facerent,
870 3804 1073 3879 gladio
1095 3806 1289 3878 cincti,
1307 3804 1652 3881 pharetrati,
1681 3815 1845 3865 veste
1874 3810 2087 3878 trunci,

428 3914 534 3956 seu
561 3894 775 3970 sagati,
803 3902 860 3955 et
890 3914 1029 3954 cum
1054 3896 1391 3954 calcaribus
1420 3910 1587 3954 more
1615 3897 1873 3955 militum
1925 3899 2089 3971 equi-

423 3990 654 4048 tabant.
682 3994 901 4046 Auctor
929 3990 1017 4045 est
1047 3986 1261 4045 Glader
1295 3984 1583 4043 Roduli’us
1623 3989 1683 4044 in
1735 3984 1868 4045 libri
1893 3989 2088 4045 Histo-

423 4082 653 4137 riarum
685 4092 720 4134 ιι
743 4078 935 4152 capite
963 4080 1014 4146 9,
1047 4077 1327 4134 Rotberto
1353 4077 1518 4150 apud
1553 4076 1807 4134 Francos
1838 4092 2092 4149 regnan-

424 4172 502 4237 te,
535 4182 674 4225 cum
698 4182 803 4223 rex
852 4166 1329 4225 Cordubensium
1376 4167 1699 4223 Almanzor
1729 4170 2089 4224 Sarracenus

428 4256 786 4325 Gallteciam,
832 4260 1152 4312 Navarram
1205 4260 1383 4328 atque
1439 4257 1752 4313 Castellam
1793 4258 2090 4313 continuis

424 4346 869 4404 incursionibus
889 4349 1017 4401 vast
1030 4350 1163 4415 iret,
1190 4345 1370 4401 urbes
1398 4342 1759 4403 Christianas
1781 4358 2083 4419 expugna-
2125 4345 2169 4399 Ι)

424 4441 535 4505 ret,
565 4435 772 4509 praelia
795 4435 977 4491 etiam
997 4434 1266 4491 secunda
1303 4434 1541 4505 faceret,
1570 4438 1906 4492 monachos
1956 4437 2086 4507 ejus

426 4525 689 4597 regionis
710 4523 917 4597 inopia
942 4522 1198 4579 militum
1228 4539 1399 4579 arma
1428 4538 1665 4597 capere,
1705 4530 1763 4582 et
1798 4526 1957 4581 bella
1984 4540 2086 4595 ge-

425 4632 555 4672 rere
585 4631 714 4671 esse
744 4612 1108 4686 compulsos.
1138 4615 1299 4668 Tunc
1325 4613 1505 4669 etiam
1526 4614 1605 4670 ob
1635 4615 1925 4671 exercitus
1944 4615 2089 4671 rari—

426 4708 610 4762 tatem
638 4701 934 4777 compulsi
972 4706 1111 4759 sunt
1133 4698 1393 4773 regionis
1439 4702 1595 4759 illius
1648 4700 1939 4761 monachi
1986 4722 2086 4761 su-

427 4811 589 4851 mere
617 4809 792 4851 arma
821 4790 1054 4849 bellica.
1109 4788 1243 4849 Erat
1288 4808 1429 4863 ergo
1477 4797 1619 4850 tunc
1644 4793 2085 4850 monachorum

428 4882 637 4939 saltem
667 4876 1150 4953 Hispaniensium
1185 4880 1333 4937 ordo
1380 4897 1517 4937 vere
1566 4880 1875 4937 millitaris.
1908 4882 2088 4953 Apud

425 4966 710 5029 eumdem
738 4970 801 5026 in
828 4966 933 5025 lib.
967 4985 1045 5036 ιιι,
1074 4984 1206 5042 cap.
1239 4968 1273 5024 4
1301 4966 1541 5025 invenio
1569 4968 1875 5042 quosdam
1917 4986 1949 5024 e
1978 4970 2088 5026 Tu-

426 5058 613 5116 ronici
642 5052 988 5114 monasterii
1030 5052 1189 5113 beati
1220 5052 1447 5113 Martini
1476 5055 1701 5112 clericis
1746 5052 1868 5112 sive
1908 5072 2087 5113 cano-

425 5147 581 5204 nicis
596 5151 738 5202 timo
765 5160 938 5202 arma
962 5142 1227 5201 induisse
1255 5150 1434 5217 atque
1484 5144 1788 5214 militasse,
1830 5147 1889 5199 et
1937 5156 2085 5199 non-

428 5235 627 5291 nullos
655 5248 867 5290 eorum
892 5235 954 5289 in
979 5235 1189 5307 praelia
1214 5234 1516 5291 cecidisse.

428 5341 542 5414 (52)
585 5342 1192 5412 Agminaconseptus,
1220 5343 1571 5399 mandatum
1596 5343 1860 5397 concitus
1882 5340 2084 5412 imple,

426 5432 631 5488 Armis
652 5437 707 5487 te
734 5430 899 5486 deret
922 5436 1065 5486 ante
1088 5433 1247 5487 mori
1269 5444 1449 5502 quam
1478 5442 1627 5487 rura
1655 5433 1920 5488 colendo.

497 5538 690 5596 Verba
716 5548 788 5595 ea
820 5540 959 5593 sunt
976 5536 1156 5608 legati
1186 5530 1449 5596 Odilouis
1480 5534 1560 5594 ad
1590 5538 1958 5607 Rotbertum,
1990 5550 2083 5594 re-

426 5628 1671 5699 ginis-armamentaria,
1721 5631 1787 5685 et
1826 5628 2085 5685 manda-

2197 390 2464 450 sequere,
2490 393 2559 434 ac
2590 385 2824 435 nostros
2852 381 3076 450 hostes,
3106 381 3292 437 nostri
3328 382 3697 439 monasterii
3738 399 3864 455 spo-

2193 467 2431 523 liatores
2451 468 2795 537 aggredere.
2852 471 2929 525 Te
2956 468 3136 537 enim,
3188 471 3425 526 domine
3474 486 3622 537 rex,
3675 472 3862 541 magis

2194 556 2363 611 decet
2388 562 2759 628 pugnantem
2790 557 3044 627 gloriose
3072 558 3449 625 occumbere,
3469 574 3676 631 quam
3694 576 3861 629 agros

2195 645 2507 715 colentem,
2537 660 2643 701 seu
2672 647 3056 703 rusticantem
3082 652 3140 702 et
3190 653 3554 717 cessantem,
3611 648 3781 704 lenta
3815 656 3861 702 et

2194 734 2415 803 ignava
2462 740 2653 790 morte
2689 735 2955 804 defungi.
2988 758 3017 784 »
3076 736 3175 791 His
3204 736 3499 792 Adalbero
3553 742 3623 792 et
3659 753 3861 793 mona-

2194 824 2344 877 chos
2370 824 2749 893 arrogantiee,
2802 825 2905 896 qui
2943 824 3068 893 regi
3124 825 3508 897 imperarent,
3568 830 3632 881 et
3671 841 3861 895 regem

2192 910 2413 982 ipsum,
2447 912 2523 967 ad
2551 926 2732 984 quem
2756 925 3001 968 carmen
3031 914 3389 985 composuit,
3444 913 3689 970 inertiae
3723 915 3858 969 desi

2194 998 2429 1071 diteque
2467 1000 2699 1069 arguit:
2733 1000 2837 1073 qui
2888 1007 3047 1056 certe
3098 1002 3281 1057 fertur
3326 1001 3511 1057 fuisse
3580 1003 3682 1057 vir
3737 1002 3857 1075 plus

2194 1102 2379 1160 quam
2410 1089 2779 1145 monachicae
2811 1089 3224 1162 simplicitatis.

2195 1178 2306 1248 (53)
2344 1179 2579 1235 Mittere
2595 1181 2931 1250 perplures,
2946 1194 3126 1251 quam
3144 1181 3394 1250 fmndes
3421 1179 3574 1236 Asia
3594 1182 3855 1249 spondet,

2194 1267 2410 1335 Africa
2434 1269 2852 1337 nigra,emaris
2878 1268 3112 1324 bibulas
3140 1284 3317 1340 quam
3349 1270 3525 1324 littus
3550 1282 3797 1337 arenas,

2193 1356 2350 1411 Pars
2378 1358 2627 1426 Europa
2654 1362 2851 1412 minus
2876 1372 2995 1413 non
3013 1361 3212 1428 jactat
3246 1360 3425 1414 tertia
3449 1360 3696 1414 mundi.

2268 1462 2461 1532 Pergit
2491 1462 2782 1519 mandata
2831 1462 3096 1521 Odilonis
3153 1478 3453 1537 exponere
3513 1465 3774 1536 legatus,
3809 1472 3853 1521 et

2194 1564 2316 1623 quo
2348 1552 2546 1607 minus
2568 1550 2796 1608 dubitet
2821 1550 3045 1609 bellum
3073 1566 3293 1623 gerere.
3329 1575 3358 1602 «
3395 1557 3544 1626 Rex,
3582 1556 3751 1617 scito.
3775 1556 3848 1609 in-

2127 1649 2164 1703 Β
2194 1642 2340 1713 quit.
2388 1644 2445 1696 et
2481 1654 2839 1714 persuasum
2895 1643 3115 1699 habeto
3167 1644 3489 1716 Europam,
3549 1657 3694 1717 quae
3746 1657 3845 1700 non

2198 1730 2397 1785 minus
2427 1746 2615 1803 quam
2656 1732 2820 1787 tertia
2864 1746 3004 1804 pars
3047 1737 3340 1789 terrarum
3373 1731 3543 1789 orbis
3582 1735 3692 1801 est,
3736 1732 3845 1808 plu-

2197 1830 2290 1874 res
2317 1816 2421 1874 tibi
2444 1821 2776 1875 monachos
2807 1820 3243 1877 cemmilitones
3272 1823 3602 1878 missuram
3627 1820 3845 1894 adjunc-

2199 1913 2517 1981 turamque
2548 1906 2787 1977 auxilio,
2821 1924 3007 1983 quam
3032 1910 3093 1966 in
3123 1911 3260 1967 Asia
3289 1915 3345 1967 et
3374 1912 3577 1967 Africa
3632 1910 3842 1968 frondes

2198 1998 2333 2065 sint,
2367 2004 2471 2054 aut
2494 2000 2554 2053 in
2579 1998 2769 2055 littore
2800 2000 2984 2055 maris
3015 2016 3231 2056 arente.
3276 2000 3407 2070 Hoc,
3445 2001 3641 2073 jactat
3690 2005 3843 2057 Euro-

2197 2100 2295 2161 pa.
2330 2110 2355 2136 ››
2390 2088 2620 2153 Quibus
2648 2088 2847 2144 verbis
2893 2090 3190 2145 Adalbero
3237 2089 3492 2146 nimiam
3539 2088 3839 2146 monacho-

2197 2190 2331 2232 rum
2358 2176 2420 2232 in
2453 2178 2688 2250 Europa
2718 2176 3159 2234 multitudinem
3194 2194 3304 2235 sua
3334 2183 3512 2235 aetate
3557 2180 3735 2235 fuisse
3774 2194 3841 2234 in-

2197 2262 2375 2336 dicat,
2407 2264 2553 2339 quid
2584 2263 2869 2333 dicturus,
2906 2267 2953 2321 si
2983 2282 3144 2323 nunc
3174 2268 3394 2323 viveret
3415 2268 3447 2324 ?

2201 2372 2309 2443 (54)
2351 2370 2506 2438 Quid
2531 2372 2639 2427 tibi
2667 2373 2775 2444 vis,
2811 2372 3027 2441 rabies,
3086 2374 3252 2430 tetris
3296 2374 3655 2445 dignissima
3698 2376 3835 2430 clau-

3582 2466 3733 2536 [stris
3757 2466 3781 2517 Ρ

2196 2551 2393 2621 Figite
2416 2566 2529 2619 per
2556 2566 2793 2621 corpus,
2817 2553 3023 2623 fugiat
3055 2569 3129 2610 ne
3160 2553 3401 2623 lividus,
3434 2569 3685 2625 ungues.

2273 2658 2429 2725 Quid
2455 2659 2564 2714 tibi
2596 2662 2703 2725 vis,
2735 2661 2951 2723 rabies.
2984 2678 3108 2719 non
3131 2662 3260 2731 jam
3281 2663 3729 2725 monasterium,
3747 2659 3831 2715 sed

2201 2764 2510 2803 carcerum
2536 2748 2811 2804 claustris
2843 2751 3101 2806 coerceri
3129 2751 3314 2821 digna
3334 2751 3362 2806 ?
3394 2753 3537 2809 Hinc
3560 2757 3648 2807 est
3672 2749 3832 2807 excla-

2199 2837 2387 2893 matio
2412 2837 2824 2909 Adalberonis,
2858 2840 3123 2914 episcopi
3163 2841 3601 2911 Laudunensis,
3645 2842 3824 2898 adver-

2202 2943 2305 2981 sus
2335 2928 2665 2983 monachos
2690 2944 2894 2998 regem
2919 2930 2997 2984 ad
3036 2929 3466 2986 vindicandam
3494 2933 3670 2988 armis
3693 2931 3827 3002 ipso-

2197 3032 2332 3071 rum
2361 3016 2645 3087 injuriam
2674 3017 3005 3083 hortantes,
3037 3019 3463 3093 compellentes
3493 3028 3551 3077 et
3575 3024 3819 3076 canentes

2198 3106 2470 3178 quodam
2525 3106 2707 3161 modo
2747 3107 3029 3164 bellicum
3062 3127 3073 3164 :
3120 3126 3275 3182 quos
3312 3111 3580 3167 rabioso:
3620 3116 3671 3165 et
3700 3114 3822 3163 tetro

2198 3210 2438 3251 carcere
2490 3196 2866 3266 dignissimos
2921 3198 3296 3254 amarissime
3356 3197 3816 3268 infestissimeque

2201 3283 2503 3355 appellare
2532 3300 2655 3339 non
2704 3290 2939 3341 veretur
2990 3286 3182 3342 fronte
3232 3303 3453 3359 parum
3507 3282 3815 3360 episcopali.

2200 3372 2488 3427 Posterior
2517 3389 2719 3428 versus
2750 3379 2944 3446 potest
2968 3375 3287 3432 convenire
3310 3377 3580 3433 Rotberto
3600 3372 3816 3431 Adalbe-

2198 3461 2361 3516 ronis
2392 3462 2625 3532 corpori
2659 3479 2883 3534 ungues
2911 3465 3086 3535 infigi
3102 3465 3358 3536 jubenti,
3410 3482 3482 3522 ne
3519 3464 3716 3520 lim'dus
3764 3463 3814 3513 et

2199 3549 2639 3605 monachorum
2669 3552 2888 3624 opibus
2917 3552 3236 3626 gloriaeque
3268 3554 3523 3611 invidens
3558 3549 3795 3619 e/fugt'al.

2198 3657 2311 3727 (55)
2352 3658 2540 3713 Crede
2568 3659 2737 3725 mihi,
2770 3675 2890 3715 non
2916 3677 3007 3717 me
3037 3666 3143 3717 tua
3172 3663 3356 3718 verba
3401 3659 3668 3717 minantia
3707 3661 3808 3710 ter-

3595 3748 3756 3819 irent.

2199 3837 2479 3892 Plurima
2506 3850 2598 3893 me
2620 3837 2824 3893 docuit
2841 3838 3231 3908 Neptenabus
3257 3841 3364 3896 ille
3392 3841 3684 3910 magister.

2270 3944 2393 3998 Rex
2425 3943 2762 4013 Rotbertus,
2788 3959 2926 4001 cum
2958 3947 3293 4003 monacboe
3341 3958 3463 4003 non
3511 3942 3717 4003 irrideri
3742 3955 3815 3995 so-

2199 4031 2347 4100 lum,
2381 4032 2485 4087 sed
2515 4032 2693 4088 etiam
2738 4035 2979 4091 rabidos
3031 4039 3088 4091 et
3119 4036 3461 4091 carceribus
3512 4037 3707 4106 dignos
3754 4027 3815 4084 ab

2201 4119 2573 4176 Adalberone
2600 4121 2885 4195 episcopo
2914 4123 3246 4195 apppellari
3263 4122 3495 4181 viderit.
3509 4118 3815 4195 patientiam

2199 4208 2378 4280 rupit,
2413 4224 2484 4264 ac
2512 4210 2752 4279 negavit
2772 4227 2834 4266 se
2858 4212 3057 4267 verbis
3088 4213 3216 4282 ejus
3244 4211 3582 4268 minacibus
3598 4220 3819 4267 commo-

2200 4298 2344 4367 veri,
2377 4303 2481 4354 aut
2510 4312 2572 4355 se
2593 4298 2763 4354 dictis
2793 4302 2923 4371 ejus
2949 4302 3009 4357 in
3040 4302 3377 4358 monachos
3407 4307 3467 4359 et
3488 4301 3637 4374 jocis
3661 4315 3693 4354 a
3718 4307 3818 4353 mo-

2200 4389 2535 4444 nachorum
2561 4402 2764 4445 amore
2795 4391 3073 4447 deterreri
3099 4406 3112 4461 ;
3150 4404 3212 4447 se
3239 4392 3547 4448 monacho
3573 4387 3819 4458 magism

2197 4488 2375 4532 usum
2403 4492 2552 4543 esse,
2589 4492 2662 4533 ex
2691 4492 2813 4551 quo
2854 4481 3146 4549 plurima,
3201 4484 3260 4536 et
3314 4481 3584 4537 maxima
3623 4471 3822 4534 utilissi-

2196 4578 2419 4639 maque
2447 4567 2745 4636 didicerit;
2782 4568 2878 4624 cui
2901 4569 3199 4643 quidquid
3238 4570 3349 4625 scit
3391 4574 3718 4644 acceptum,
3759 4577 3824 4617 98-

2199 4654 2466 4711 cundum
2501 4659 2707 4727 Deum,
2729 4657 2982 4725 referat;
3018 4658 3112 4715 cui
3133 4658 3464 4731 plurimum
3490 4664 3551 4716 et
3575 4650 3769 4714 debeat
3782 4653 3825 4705 et

2197 4743 2445 4814 deferat,
2502 4747 2569 4799 ut
2617 4740 3070 4819 disciplinarum
3121 4747 3370 4804 auctori.
3418 4750 3662 4805 Constat
3694 4743 3823 4801 enim

2199 4832 2547 4888 Gerbertum
2605 4839 3002 4908 praeceptorm
3048 4834 3307 4907 naberti,
3339 4836 3604 4892 obscuro
3646 4841 3824 4905 genere

2197 4926 2407 4976 natum
2436 4921 2495 4976 in
2516 4923 2854 4994 Aquitania,
2904 4924 3266 4981 monachum
3316 4934 3351 4980 a
3392 4938 3592 4993 puero
3635 4921 3690 4977 in
3719 4930 3822 4974 mo-

2197 5009 2796 5067 nasterioAureliaco
2818 5010 3181 5080 adolevisse;
3219 5012 3437 5069 deinde
3462 5012 3722 5069 scholam
3746 5008 3826 5061 Be-

2197 5110 2494 5168 mensem,
2554 5114 2660 5155 seu
2709 5101 2985 5157 Ecclesiae
3043 5103 3373 5173 Bernensis,
3414 5102 3661 5158 rexisse.
3691 5092 3821 5153 Unde

2198 5198 2323 5243 non
2350 5200 2491 5243 raro
2525 5189 2589 5244 in
2632 5190 3017 5263 inscriptione
3070 5191 3462 5264 epistolarum
3509 5186 3821 5249 Geﬂerm

2198 5276 2499 5346 quondam
2528 5279 2986 5347 Scholasticum,
3019 5284 3077 5336 et
3116 5278 3465 5336 Gerbertum
3516 5277 3822 5336 Scholarem

2198 5363 2504 5435 abbatem,
2538 5366 2598 5421 id
2627 5372 2718 5423 est
2742 5373 2924 5440 caput
2976 5368 3225 5435 Scholia,
3284 5369 3412 5442 ipse
3465 5382 3533 5423 se
3576 5360 3820 5439 appella!-

2202 5452 2527 5526 Discipulos
2575 5456 2786 5511 habuit
2832 5454 3179 5512 Rotbertum
3227 5452 3499 5525 Hugonis
3546 5455 3743 5515 ﬁlium,
3778 5446 3823 5499 εί

2198 5544 2475 5600 Ottonem
2530 5547 2619 5607 ιιι,
2679 5544 2908 5602 Ottonis
2963 5550 3009 5601 li
3061 5546 3314 5616 Augusti
3367 5546 3603 5612 ﬁlium;
3650 5556 3685 5599 α
3721 5531 3823 5609 φύε

2197 5631 2320 5689 ιω
2372 5633 2688 5694 aetherius
2732 5648 2839 5692 rex
2894 5637 3259 5693 ﬂaucorum
3311 5635 3467 5703 hut;
3508 5630 3820 5703 ωοσμδ
