3976 6180
432 160 534 212 807

1385 147 1454 203 IN
1492 136 1988 203 ADALBERONIS
2026 125 2334 201 EPlSCOPI
2372 134 2873 203 LAUDUNENSIS.

429 278 574 333 dore
610 275 1039 350 propinquum,
1073 269 1341 342 aliasque
1386 269 1629 325 cellulas
1677 269 1904 325 circiter
1931 283 2081 339 qua-
2120 265 2173 320 Α
2202 284 2464 339 quorum
2486 285 2625 342 pars
2644 270 2772 340 jam
2801 268 2885 323 ibi
2906 273 3136 340 regnat,
3158 285 3301 343 pars
3326 270 3519 327 altera
3547 276 3697 344 post
3716 288 3865 328 mor-

428 367 705 435 draginta
749 361 968 417 rexisse
1003 358 1378 428 Willelmum,
1406 363 1463 414 et
1511 359 1571 414 in
1623 358 1932 414 meliorem
1971 360 2086 412 sta-

430 459 556 510 tum
587 470 656 508 ac
684 451 817 506 vitae
847 448 1121 504 ordinem
1152 448 1502 503 restituisse.

427 543 538 613 (59)
566 543 1033 610 Spesjuvenum,
1059 543 1313 593 ventura
1329 538 1472 604 dies,
1492 539 1601 608 qui
1609 538 1834 592 discere
1847 522 2084 591 nolunt.

429 632 629 688 Causa
656 645 883 698 senum,
911 630 1038 684 sine
1058 643 1160 697 spe
1179 628 1443 696 pueriles
1469 628 1763 697 plangere
1791 641 2021 681 cursus.

500 719 811 777 Descendit
840 735 999 773 nunc
1031 716 1109 772 ad
1141 733 1395 786 gnomas
1423 715 1721 772 Adalbero
1750 730 1961 786 parum
1992 730 2087 770 co-

426 814 741 868 haerentes.
775 808 1035 877 Juvenit,
1063 806 1274 879 inquit,
1307 806 1459 879 pigri
1492 811 1548 862 et
1575 805 1830 871 desides,
1862 820 1974 860 nec
2004 805 2088 860 di-

428 900 632 957 scendi
657 898 878 971 cupidi,
912 897 1057 970 quia
1085 896 1189 952 diu
1222 912 1281 951 se
1309 896 1570 951 victuros
1601 898 1861 968 sperant,
1888 894 2087 950 studia

425 991 752 1046 litterarum
786 987 1068 1042 differunt
1118 985 1177 1040 in
1210 985 1497 1040 futurum.
1535 987 1607 1040 At
1637 999 1829 1053 senes,
1859 983 2082 1056 quibus

421 1080 705 1151 juventus
738 1076 863 1131 sine
894 1074 1103 1130 studiis
1135 1078 1343 1130 exacta
1373 1079 1481 1141 est,
1518 1090 1655 1129 cum
1682 1074 1812 1144 jam
1858 1072 2085 1128 diutur-

423 1183 569 1222 nam
616 1166 799 1221 vitam
858 1179 1096 1236 sperare
1146 1178 1267 1217 non
1312 1162 1568 1235 possint,
1614 1159 2081 1217 adolescentiam

424 1253 581 1310 male
606 1252 1091 1323 negligenterque
1113 1254 1489 1306 transactam
1515 1266 1655 1305 cum
1685 1249 1911 1317 gemitu
1933 1247 2085 1303 desi-

425 1343 655 1411 derant,
680 1346 736 1397 et
762 1340 939 1396 irritis
968 1339 1122 1395 votis
1152 1344 1435 1395 revocant
1460 1339 1707 1394 minime
1730 1338 2077 1394 redituram.

425 1434 534 1504 (60)
566 1434 674 1489 Res
703 1432 914 1487 Mala:
941 1429 1100 1500 quod
1125 1430 1244 1484 scio
1275 1429 1646 1498 defendunt;
1676 1428 1836 1499 quod
1864 1428 2080 1490 nescio.

1744 1516 2005 1586 (cedunt.

496 1610 666 1674 Quod
715 1609 857 1675 scio,
890 1607 1071 1677 vulgo
1120 1606 1469 1679 prohibetur
1510 1609 1568 1662 et
1606 1610 1869 1674 vetatur;
1914 1604 2079 1678 quod

424 1700 647 1770 nescio,
679 1697 1067 1771 permittetur,
1101 1711 1210 1767 pro
1240 1696 1533 1767 permisso
1571 1694 1844 1765 habetur,
1877 1695 1938 1750 in
1970 1711 2084 1749 usu

424 1795 532 1845 est.
563 1788 654 1843 Sic
685 1787 867 1857 vulgo
897 1785 1195 1857 hodieque
1226 1785 1546 1854 defendere
1574 1784 1831 1840 dicimus
1855 1800 1965 1857 pro
1986 1800 2083 1839 ve-

424 1883 550 1935 tare
603 1882 660 1932 et
699 1876 967 1931 inhibere
999 1874 1304 1944 defendre.
1351 1874 1836 1946 Superscriptum
1868 1877 1994 1929 erat
2020 1873 2083 1928 in

426 1966 630 2023 codice
660 1964 873 2019 eodem
903 1979 1087 2018 sensu
1114 1981 1127 2017 ε

424 2054 536 2110 Res
560 2054 759 2108 mala:
780 2052 939 2122 quod
959 2052 1077 2107 scio
1107 2050 1463 2121 despiciunt,
1496 2052 1657 2122 quod
1684 2052 1898 2119 nescio,
1928 2066 2083 2122 quae-

1820 2140 2007 2209 [runt.

428 2231 539 2303 (6t)
568 2232 693 2285 Aut
732 2231 888 2300 regis
915 2230 1139 2285 cineres
1165 2235 1267 2285 aut
1299 2235 1533 2285 nostras
1561 2229 1718 2298 ﬂabo
1766 2229 2079 2284 Camenas.

500 2318 914 2375 Libentissime
966 2318 1358 2374 emandarem
1403 2325 1638 2373 nostras
1680 2318 1841 2387 ﬂabo
1896 2333 2082 2374 came-

424 2424 555 2475 nas,
585 2408 701 2463 nisi
731 2410 1076 2479 sequeretur
1102 2423 1114 2460 :
1159 2406 1210 2461 si
1241 2409 1431 2462 Musas
1457 2405 1739 2461 celebres.

428 2498 536 2568 (62)
566 2497 635 2551 Si
660 2497 865 2551 Musas
894 2496 1168 2562 celebres,
1193 2496 1452 2551 clament
1477 2495 1758 2551 musarde
1781 2495 2077 2551 sacerdos.

497 2589 619 2642 Rex
641 2585 905 2658 loquitur
950 2588 1008 2640 et
1036 2584 1119 2640 ait
1143 2584 1582 2640 Adalberonem
1629 2583 2003 2656 episcopum,
2032 2584 2082 2639 si

424 2679 643 2744 Musas,
663 2691 769 2730 seu
792 2674 1037 2743 litteras,
1060 2673 1233 2739 colat,
1254 2674 1513 2730 clamore
1540 2672 1918 2729 indoctorum
1937 2672 2084 2729 litte-

424 2780 524 2820 ras
553 2762 1062 2820 contemnendum
1103 2763 1444 2818 musardem
1478 2763 1841 2817 sacerdotem
1880 2766 2084 2818 contu-

424 2853 614 2908 meliae
639 2866 828 2905 causa
867 2849 1237 2922 appellatum
1282 2849 1371 2903 iri.
1408 2849 1709 2921 Hodieque
1740 2850 1997 2907 otiosum
2028 2855 2085 2907 et

427 2942 787 2993 cessatorem
833 2938 1185 2992 musardum
1226 2952 1551 3002 vocamus;
1607 2938 1895 2993 musard:
1940 2938 2082 2994 item
2112 2964 2153 3019 ο

426 3040 643 3092 muser,
676 3029 742 3080 ut
771 3025 1049 3081 Germani
1077 3039 1320 3093 musem,
1348 3024 1605 3080 dicimus
1638 3025 1829 3081 otiari.

427 3116 541 3184 (63)
570 3115 813 3169 Persius
840 3113 1163 3184 indignans
1185 3120 1419 3183 promet
1443 3118 1567 3170 tum
1595 3114 1764 3171 lusca
1784 3116 2078 3172 sacerdos.

497 3203 562 3258 In
592 3202 773 3258 Persii
799 3207 999 3275 satyra
1029 3208 1081 3271 5,
1114 3218 1322 3257 versus
1349 3202 1445 3258 hic
1470 3206 1562 3258 est
1586 3220 1598 3257 :

423 3293 585 3348 Hinc
613 3292 871 3363 grandes
901 3292 1083 3361 Galli,
1116 3298 1170 3347 et
1201 3307 1334 3348 cum
1378 3292 1554 3347 sistro
1587 3293 1753 3349 lusca
1781 3294 2079 3363 sacerdos,

1874 3379 2008 3452 [etc.

495 3470 758 3525 Persium
788 3468 1085 3524 Adalbero
1114 3468 1426 3539 diligenter
1445 3470 1696 3539 legerat;
1730 3484 1875 3525 nam
1897 3474 1954 3525 et
1984 3486 2081 3526 su-

424 3557 621 3630 perior
646 3574 887 3613 versus:

422 3646 662 3715 Jupiter
690 3646 795 3701 ille
823 3645 969 3701 duos
1001 3651 1279 3702 numerat
1306 3646 1550 3701 meliore
1582 3646 1794 3715 lapillo
1814 3660 1838 3715 ,'

500 3738 565 3791 Et
590 3735 687 3791 hic
716 3734 863 3791 alter
890 3752 903 3789 :

421 3827 678 3882 Dissutis
708 3826 903 3893 malis,
926 3826 1142 3895 ﬂatum
1164 3824 1498 3895 pugnando
1529 3825 1730 3894 rejeci,

497 3915 750 3972 Dimidia
792 3932 865 3972 ex
905 3918 1073 3986 parte
1103 3916 1243 3969 sunt
1272 3912 1466 3979 Persii,
1493 3912 1657 3985 prior
1704 3929 1778 3968 ex
1816 3917 2018 3985 satyra
2043 3918 2076 3969 2

420 4005 496 4061 de
524 4005 689 4062 bona
717 4009 915 4060 mente
945 4002 1024 4059 ad
1053 4001 1325 4058 Photium
1355 4001 1679 4059 Macrinum
1703 4020 1715 4058 :

418 4095 621 4162 Hunc,
648 4093 939 4156 Macrine,
972 4090 1126 4147 diem
1148 4105 1399 4146 numera
1428 4091 1671 4147 meliore
1698 4091 1931 4160 lapillo.

492 4180 782 4235 Posterior
829 4195 902 4233 ex
944 4183 1148 4250 satyra
1200 4184 1254 4249 3,
1283 4195 1418 4251 quae
1464 4179 1792 4251 increpatio
1834 4179 2078 4236 desidias

421 4272 528 4323 est.

423 4358 646 4414 Oscitat
673 4357 1012 4413 hesternum
1042 4357 1284 4413 dissutis
1311 4358 1576 4429 undique
1592 4357 1790 4412 malis.

394 4500 405 4503 ,
491 4446 655 4514 Item,
681 4444 855 4513 infra,
889 4463 945 4501 v.
979 4449 1083 4501 200
1110 4463 1123 4501 :
1154 4447 1323 4502 Scire
1349 4461 1542 4502 meum
1570 4445 1731 4501 nihil
1753 4448 1859 4511 est,
1890 4442 2079 4498 hemi-

419 4536 696 4593 stichium
724 4535 1074 4592 Persianum
1101 4540 1207 4591 est.

419 4627 529 4700 (64)
548 4627 849 4695 Prospera
864 4627 919 4681 si
935 4625 1045 4681 tibi
1061 4630 1223 4693 sunt,
1243 4639 1364 4678 non
1386 4623 1600 4679 taedeat
1621 4623 1731 4678 hoc
1752 4621 2071 4676 reminisci.

488 4714 969 4787 Superscriptum
1017 4717 1144 4769 erat
1188 4712 1265 4768 ab
1303 4710 1699 4777 Adalberone,
1734 4709 2076 4766 contumaci

2105 4323 2149 4376 D

417 4802 652 4873 syllaba
677 4801 846 4855 brevi
874 4801 1094 4857 frustra
1121 4803 1517 4875 repugnante,
1542 4802 1745 4871 pigeat
1768 4801 1876 4856 hoc
1903 4801 2075 4856 remi-

414 4890 571 4947 nisci
590 4892 618 4944 ?

415 4978 530 5050 (65)
567 4980 814 5037 Partem
839 4990 1094 5048 namque
1112 4978 1225 5044 sui,
1254 4990 1388 5047 quw
1408 4990 1560 5046 pars
1588 4978 1883 5047 sapientia
1906 4992 2068 5034 vera.

487 5068 996 5141 Superscripserat
1021 5065 1323 5122 Adalbero
1347 5083 1359 5120 :

413 5158 581 5212 Dans
610 5158 999 5227 intellectum,
1031 5172 1161 5228 qux
1189 5156 1263 5211 sit
1296 5155 1592 5224 sapientia
1622 5170 1783 5211 vera.

416 5245 526 5314 (66)
569 5245 807 5301 Civibus
846 5248 1154 5317 angelicis,
1206 5245 1514 5302 hominum
1555 5251 1816 5302 struitur
1845 5260 2074 5316 quoque

1742 5334 1995 5404 [turmis.

412 5425 569 5480 Pars
589 5423 859 5494 quadam
878 5430 1127 5493 regnat;
1160 5425 1429 5495 quaedam
1449 5439 1593 5493 pars
1619 5424 1816 5479 altera
1841 5426 2063 5491 sperat.

486 5516 621 5571 Haec
645 5512 1013 5570 Hierusalem
1043 5514 1296 5570 caelestis
1326 5531 1363 5570 a
1389 5518 1508 5570 Deo
1538 5517 1835 5570 exstructa
1864 5516 1970 5580 est,
2006 5516 2068 5566 ut

413 5604 493 5662 ab
519 5605 748 5677 angelis
790 5607 847 5661 et
882 5602 961 5662 ab
998 5603 1346 5663 hominibus
1387 5618 1631 5676 quoque
1667 5600 2060 5659 incoleretur:

2200 361 2339 429 tem,
2358 363 2460 415 aut
2480 364 2620 432 post
2640 357 2908 431 expiatas
2931 358 3070 428 igne
3090 358 3300 432 culpas
3321 366 3531 433 sperat
3560 376 3630 416 se
3650 360 3863 418 ibidem

2196 452 2601 516 regnaturum.
2648 447 2705 503 Si
2741 463 2884 517 pars
2928 463 3190 519 regnans
3218 448 3545 505 referretur
3577 448 3665 505 ad
3694 465 3864 520 ange-

2195 534 2307 606 los,
2334 552 2481 605 pars
2509 551 2760 606 sperans
2792 534 2873 591 ad
2918 550 3130 591 omnes
3177 536 3491 605 mortales;
3540 536 3862 596 dicendum

2197 626 2350 678 esset
2376 624 2817 680 Adalberonem
2848 623 3171 681 credidisse
3209 625 3574 681 hominibus
3609 625 3863 682 christia-

2196 715 2288 769 nis
2335 719 2514 788 atque
2561 716 2866 773 catholicis
2916 715 3031 772 nisi
3083 720 3222 789 post
3265 716 3424 773 diem
3459 718 3697 790 judicii
3746 719 3861 776 ccrli

2194 807 2431 875 portam
2460 820 2585 861 non
2613 808 2852 877 patere:
2902 804 3069 878 quod
3101 809 3158 861 et
3200 804 3370 861 multi
3397 806 3504 862 alii
3539 806 3859 876 credidere,

2195 892 2302 947 sed
2326 892 2496 949 falso.

2194 980 2303 1051 (67)
2331 982 2460 1037 Rex
2485 982 2815 1051 Augustini
2845 983 3045 1049 libros,
3068 984 3298 1050 dilecte,
3331 985 3606 1040 revolve.

2198 1069 2349 1124 Urbs
2374 1072 2609 1126 excelsa
2635 1072 2745 1126 Dei
2773 1087 2906 1143 qua?
2933 1074 3011 1127 sit
3039 1073 3260 1129 dixisse
3280 1073 3625 1142 probatur.

2265 1157 2478 1215 Dilecte
2508 1175 2630 1226 rex,
2659 1159 2846 1216 libros
2876 1160 3193 1232 Augustini
3219 1160 3295 1217 de
3321 1161 3579 1219 Civitate
3612 1162 3718 1219 Dei
3746 1178 3853 1235 per-

2191 1246 2342 1316 lege.

2191 1334 2301 1407 (68)
2349 1338 2511 1405 [ηε-ο,
2559 1353 2796 1408 precor,
2831 1338 2983 1395 mihi
3024 1338 3141 1406 dic,
3178 1340 3429 1411 praesul,
3459 1341 3581 1411 qui
3626 1342 3747 1396 sint
3786 1341 3851 1395 ibi

3591 1429 3792 1499 llam.

2190 1514 2601 1584 Principares,
2653 1523 2709 1573 et
2737 1518 2792 1572 si
2816 1518 2922 1588 qui
2942 1522 3083 1573 sunt
3103 1523 3159 1574 et
3184 1518 3246 1573 in
3275 1517 3497 1574 ordine
3511 1524 3727 1587 putus.

2262 1606 2382 1659 Rex
2424 1604 2869 1662 Adalberonem
2914 1604 3241 1676 interrogat
3283 1606 3393 1678 qui
3440 1608 3769 1676 incolatus,
3801 1614 3845 1662 et

2190 1693 2294 1765 qui
2318 1694 2689 1768 principatus
2718 1711 2896 1769 pares
2925 1694 2987 1751 in
3014 1695 3249 1752 civitate
3280 1696 3381 1751 Dei
3414 1696 3514 1752 sui
3552 1697 3619 1752 in
3649 1697 3839 1753 ccelesti

2191 1782 2560 1840 Hierusalem
2605 1784 2721 1840 sint
2757 1788 2814 1840 et
2854 1789 3161 1841 vocentur.
3204 1785 3435 1842 Gaudet
3474 1789 3690 1842 autem
3727 1786 3837 1842 tmsi

2191 1887 2298 1944 per
2319 1872 2526 1943 jocum
2556 1873 2874 1945 Adalbero,
2909 1878 2975 1929 ut
3003 1882 3223 1947 Supra:

2191 1962 2386 2017 Sarra
2408 1964 2585 2018 nimis
2613 1978 2754 2033 gens
2784 1978 3065 2019 cenorum
3096 1963 3168 2020 de
3195 1978 3359 2019 more
3380 1966 3662 2033 petulca.

2192 2050 2304 2121 (69)
2346 2050 2552 2117 Quaere
2576 2053 2929 2122 Dionysium
2960 2053 3063 2124 qui
3088 2052 3314 2108 dicitur
3339 2052 3759 2126 Areopagita:

2191 2139 2308 2194 Ille
2326 2139 2474 2194 duos
2496 2156 2677 2210 super
2702 2140 2792 2197 his
2820 2140 3075 2197 desudat
3103 2141 3361 2198 scribere
3393 2142 3609 2199 libros.

2263 2228 2579 2299 Dionysius
2610 2229 2714 2301 qui
2744 2229 3105 2302 Areopagita
3142 2246 3177 2285 a
3224 2229 3538 2303 plerisque
3579 2231 3682 2287 sed
3702 2230 3825 2287 falso

2192 2315 2425 2384 dicitur,
2449 2316 2524 2372 de
2545 2317 2767 2373 ccelesti
2792 2318 3135 2374 Hierarchia
3158 2318 3379 2374 librum
3403 2320 3827 2393 capitumquin—

2192 2404 2407 2471 decim,
2440 2410 2498 2461 et
2525 2405 2778 2462 alterum
2809 2407 2884 2462 de
2916 2406 3140 2463 Divinis
3186 2407 3554 2464 Nominibus
3595 2409 3822 2482 capitum

2193 2493 2475 2550 tredecim
2502 2494 2859 2567 composuit.
2886 2494 2952 2550 Hi
2980 2500 3120 2552 sunt
3147 2495 3270 2553 duo
3306 2495 3467 2565 libri,
3498 2514 3656 2571 quos
3683 2496 3823 2553 Adal-

2192 2581 2338 2638 bero
2376 2582 2670 2655 designat,
2698 2589 2757 2639 et
2802 2600 2839 2639 a
2871 2584 3147 2657 Dionysio
3177 2585 3429 2659 scriptos
3461 2602 3595 2643 esse
3636 2586 3818 2643 tradit:

2192 2687 2375 2742 quem
2404 2687 2545 2727 cum
2574 2671 2741 2727 addit
2766 2674 3197 2743 Areopagitam
3226 2675 3366 2745 dici,
3386 2675 3697 2747 vulgarem
3718 2674 3819 2747 cpio

2191 2760 2435 2817 nionem
2460 2761 2589 2832 jam
2618 2765 2754 2818 ante
2786 2777 2979 2818 annos
3001 2766 3242 2819 centum
3265 2768 3324 2820 et
3351 2766 3663 2835 sexaginta
3685 2764 3820 2819 inva-

2190 2848 2515 2906 lescentem
2547 2851 2725 2907 refert
2763 2851 2959 2922 magis
2999 2868 3187 2925 quam
3216 2868 3328 2926 pro
3355 2869 3506 2911 vera
3544 2854 3711 2911 habet
3733 2856 3816 2908 aut

2194 2938 2399 2995 credit.

2194 3029 2308 3100 (70)
2344 3030 2585 3086 Prcesul
2613 3035 2671 3085 et
2696 3031 2802 3086 ille
2843 3045 3014 3086 sacer
3038 3031 3306 3102 loquitur
3334 3033 3653 3104 Gregorius
3679 3031 3806 3093 inde.

2190 3118 2301 3173 Job
2326 3133 2558 3187 magnae
2586 3123 2865 3175 scrutans
2890 3120 3036 3188 ﬁdei
3060 3121 3320 3176 moralia
3347 3122 3528 3193 regis.

2264 3205 2525 3275 Gregorii
2550 3222 2747 3278 papae,
2775 3222 2960 3279 quem
2988 3206 3170 3277 vulgo
3214 3209 3495 3277 Magnum
3535 3204 3803 3278 cognomi-

2190 3299 2357 3362 nant,
2416 3299 2473 3350 et
2522 3294 2626 3367 qui
2680 3295 2912 3368 primus
2967 3312 3039 3353 eo
3093 3296 3339 3353 nomine
3405 3301 3672 3354 Romanis
3721 3297 3804 3351 Ec-

2190 3382 2386 3439 clesiae
2451 3383 2692 3456 profuit,
2774 3389 2913 3441 sunt
2985 3387 3234 3442 moralis
3306 3386 3691 3457 Expositibm's
3748 3384 3799 3438 in

2188 3473 2262 3527 Β.
2314 3473 2428 3529 Job
2476 3474 2620 3529 libri
2663 3491 2823 3529 xxxv
2883 3474 2964 3530 ad
3022 3474 3364 3532 Leandrum
3428 3474 3797 3548 Hispalensem

2188 3560 2562 3633 episcopum.
2614 3563 2879 3620 Moralia
2928 3563 3293 3621 Adalberoni
3343 3570 3393 3621 et
3443 3562 3622 3619 multis
3671 3558 3787 3615 aliis

2188 3649 2307 3705 dici
2358 3650 2536 3707 video
2611 3652 2769 3708 hanc
2828 3652 3122 3709 moralem
3187 3653 3609 3727 expositionem.
3658 3650 3792 3705 Sunt

2188 3737 2460 3809 ejusdem
2510 3739 2574 3795 in
2630 3741 2993 3798 Ezechielem
3042 3743 3401 3816 prophetam
3453 3738 3794 3800 Homiliarum

2186 3828 2394 3896 viginti
2436 3828 2559 3885 duo
2605 3829 2739 3885 libri
2788 3830 2868 3887 ad
2895 3831 3313 3889 Martinianum
3342 3833 3679 3907 episcopum
3707 3830 3797 3883 Ra-

2185 3932 2418 3972 vennae.
2464 3917 2808 3990 ‘Utrobique,
2841 3919 2923 3976 ait
2968 3919 3289 3989 Adalbero,
3342 3920 3674 3993 Gregorium
3713 3929 3796 3989 pa-

2186 4021 2331 4079 pam
2373 4006 2448 4062 de
2479 4007 2717 4063 Civitate
2762 4007 2885 4076 Dei,
2916 4024 3023 4064 seu
3066 4009 3141 4066 de
3185 4009 3410 4067 cmlesti
3456 4006 3794 4068 Hierusalem.

2187 4101 2244 4152 et
2282 4096 2359 4152 de
2386 4095 2743 4153 incolatibus
2768 4097 3323 4174 principatibusque
3358 4101 3490 4173 ejus
3516 4096 3794 4171 scripsisse.

2185 4186 2482 4256 Loquitur
2509 4186 2831 4256 Gregorius
2857 4186 3015 4256 inde,
3042 4187 3158 4244 hoc
3185 4193 3292 4255 est,
3322 4189 3633 4261 Gregorius
3656 4185 3722 4241 de
3743 4196 3798 4237 ea

2184 4288 2248 4328 re
2295 4273 2550 4346 scripsit,
2600 4275 2663 4331 S.
2713 4274 2996 4346 Grégoire
3041 4292 3113 4333 en
3148 4278 3347 4347 parte.
3400 4282 3489 4336 Ita
3544 4274 3796 4345 hodieque

2182 4362 2365 4433 vulgo
2387 4362 2714 4435 loquimur.

2184 4450 2291 4521 (71)
2321 4451 2505 4518 Idem,
2536 4467 2861 4509 sermonem
2888 4456 3208 4526 complens,
3241 4457 3534 4527 explanat
3567 4456 3748 4526 aperte

2180 4540 2298 4596 Hic
2323 4546 2378 4597 et
2405 4541 2734 4598 Ezechielis
2762 4557 2945 4613 super
2969 4544 3061 4601 his
3089 4546 3152 4601 in
3179 4547 3300 4615 ﬁne
3321 4553 3640 4616 patenter:

2179 4628 2310 4685 Hoc
2337 4630 2533 4699 apices
2563 4631 2689 4700 ipso
2717 4647 2862 4703 quos
2890 4633 3092 4689 Gallia
3121 4634 3304 4691 dante
3326 4641 3572 4705 recepit.

2252 4717 2372 4774 Hos
2398 4718 2461 4774 in
2490 4718 2853 4775 Ezechielem
2881 4720 3276 4779 Homiliarum
3299 4722 3485 4781 libros
3516 4725 3664 4780 duos
3689 4713 3800 4774 dicit

2179 4806 2480 4863 Adalbero
2528 4808 2607 4865 ab
2653 4808 2789 4881 ipso
2840 4811 3119 4881 Gregorio
3162 4813 3383 4869 missos
3410 4818 3469 4870 et
3506 4814 3674 4870 datos
3696 4817 3798 4863 esse

2181 4890 2503 4947 Galliarum
2530 4892 2872 4967 episcopis;
2903 4895 3071 4968 quod
3099 4895 3244 4953 alibi
3269 4912 3394 4953 non
3420 4897 3561 4968 legi.

2179 5001 2292 5065 (72)
2337 5040 2350 5053 .
2396 5038 2409 5050 .
2454 5042 2468 5055 .
2514 5043 2526 5055 .
2568 5001 2899 5058 Distinctus
2941 5004 3286 5073 disponitur
3313 5005 3460 5062 ordo
3496 5012 3798 5075 supernus:

2182 5087 2369 5156 Cujus
2394 5087 2476 5142 ad
2500 5090 2812 5158 exemplar
2839 5096 3111 5148 terrenus
3129 5094 3335 5162 fertur
3360 5093 3589 5151 haberi.

2253 5193 2730 5267 Superscriptum
2767 5200 2911 5253 erat.

2180 5299 2472 5354 Terrenus
2498 5301 2704 5370 fertur
2730 5302 3023 5359 discretus
3051 5306 3225 5374 cujus
3262 5306 3344 5362 ad
3370 5308 3585 5379 instar.

2248 5404 2355 5460 Ubi
2381 5404 2831 5464 observandum
2856 5413 2945 5466 est
2972 5410 3297 5483 saepissime
3335 5412 3399 5468 in
3428 5414 3544 5469 hoc
3562 5406 3793 5471 carmine
3904 5426 3905 5483 )

2176 5496 2403 5551 ordinis
2428 5495 2555 5551 ﬁeri
2579 5499 2947 5556 mentionem
2976 5500 3039 5556 in
3068 5501 3334 5557 secundo
3359 5519 3538 5559 versu
3566 5521 3579 5558 :

2355 5644 2370 5662 .
2414 5646 2428 5661 .
2472 5645 2486 5660 .
2532 5646 2545 5662 .
2591 5647 2604 5660 .
2647 5607 2939 5666 Fratrum
2966 5610 3356 5668 Laudunicus
3386 5612 3549 5668 ordo.
