3994 6166
151 134 252 188 809

207 252 377 309 ltem.

145 344 215 398 Ut
239 342 450 411 placet
477 340 747 409 imperio,
773 340 861 396 sic
884 356 947 397 se
979 343 1371 411 transformet
1400 344 1455 395 et
1486 339 1653 395 ordo.

139 432 344 488 Deviet
378 431 483 485 ille
497 444 666 484 sacer
693 428 767 484 de
787 430 929 486 sede
950 431 1314 487 monasticus
1346 428 1513 485 ordo.

142 523 218 578 Te
238 520 549 576 dominum
576 518 1017 575 monachorum
1042 520 1288 577 bellicus
1319 518 1465 574 ordo
1496 510 1744 575 salutat.

142 609 388 666 Ordinis
408 613 492 664 est
523 608 713 678 igitur
743 606 877 663 hac
906 610 1370 678 transformatio
1400 608 1590 679 regni.

213 756 282 810 Et
311 751 387 807 de
414 750 636 807 calesti
664 749 760 805 vel
789 766 1085 823 suprema
1118 750 1494 808 Hierusalem
1519 770 1531 808 :

144 881 373 938 Ordine
394 879 677 935 distincto
698 879 963 948 regitur,
995 895 1115 935 non
1138 879 1327 936 milite
1345 894 1567 949 pauco.

140 971 360 1028 Princi
380 983 583 1039 pares,
617 972 670 1024 et
698 968 874 1038 siqui
903 974 1047 1024 sunt
1079 974 1131 1024 et
1156 969 1217 1023 in
1239 967 1450 1024 ordine
1477 974 1675 1038 palus.

147 1105 161 1118 .
208 1104 221 1116 .
267 1104 280 1117 .
326 1101 337 1115 .
378 1059 712 1116 Distinctus
741 1056 1097 1126 disponitur
1115 1057 1262 1113 ordo
1296 1072 1590 1127 supernus
1623 1073 1646 1114 .°

145 1151 334 1220 Cujus
363 1148 446 1205 ad
467 1148 780 1217 exemplar
811 1152 1097 1203 terrenus
1124 1148 1328 1217 fertur
1357 1145 1569 1203 haberi

138 1239 421 1295 Ecclesia
451 1238 664 1293 veteris
680 1236 906 1306 populi
933 1236 1045 1291 sub
1077 1236 1205 1304 lege
1248 1236 1570 1303 ministros,

140 1329 263 1383 Per
282 1327 545 1396 Mog/sem
574 1328 728 1383 Deus
756 1325 1050 1393 instituit,
1082 1340 1226 1396 quos
1258 1324 1469 1380 ordine
1500 1326 1678 1394 rexit,

141 1417 426 1472 Ecclesia
449 1431 707 1487 regnum
737 1415 1035 1470 calorum
1066 1413 1292 1469 dicitur
1311 1413 1479 1469 ordo.

144 1506 256 1561 Res
280 1504 425 1573 ﬁdei
445 1504 709 1573 simplex
732 1518 755 1560 .·
770 1507 967 1558 status
999 1507 1087 1558 est
1114 1502 1216 1557 sed
1248 1502 1309 1557 in
1341 1500 1553 1557 ordine
1577 1502 1821 1571 triplex.

142 1593 464 1650 Mutantur
492 1608 685 1649 mores
717 1593 1050 1658 hominum,
1085 1597 1359 1648 mutatur
1387 1596 1443 1647 et
1473 1590 1640 1646 ordo.

144 1684 326 1739 Nunc
354 1682 750 1750 demonstras,
784 1687 911 1738 tum
937 1681 1238 1738 deliberat
1268 1680 1415 1737 ordo
1438 1685 1752 1750 potentum

146 1772 505 1827 Discutiens.
530 1774 643 1826 etc.

146 1860 410 1916 Justitia
437 1860 701 1930 regimen
731 1863 932 1916 noster
962 1873 1091 1914 non
1120 1858 1339 1914 audeat
1369 1857 1517 1914 ordo

149 1952 473 2024 Linquere.

149 2041 526 2097 Francorum
548 2038 802 2110 primus,
824 2044 887 2095 tu
910 2054 1133 2096 servus
1159 2039 1221 2094 in
1244 2037 1456 2094 ordine
1484 2052 1712 2107 regum.

226 2132 427 2201 Itaque
455 2129 570 2184 hoc
620 2143 860 2185 carmen
897 2130 995 2185 De
1024 2127 1237 2184 ordine
1281 2125 1527 2183 inscribi
1583 2129 1819 2199 potest:

146 2223 469 2294 propterea
495 2218 662 2292 quod
692 2217 997 2277 Adalbero
1031 2217 1095 2273 in
1121 2233 1191 2273 eo
1224 2216 1417 2284 docet,
1466 2216 1549 2272 uti
1603 2215 1823 2272 calum

146 2326 258 2366 seu
288 2325 574 2383 suprema
595 2308 968 2365 Hierusalem
993 2306 1208 2364 ordine
1236 2307 1481 2377 regitur,
1500 2309 1557 2362 et
1579 2304 1822 2362 ordines

143 2399 332 2457 habet
359 2399 509 2456 alios
534 2397 613 2456 ab
642 2398 773 2456 aliis
790 2398 1135 2465 distinctos,
1166 2396 1249 2453 ita
1276 2394 1593 2452 hominum
1621 2393 1683 2450 in
1714 2398 1824 2452 ter-

142 2491 230 2547 ris
259 2490 530 2547 diversos
554 2506 684 2547 esse
712 2488 978 2561 ordines,
1015 2487 1403 2559 diversasque
1433 2485 1614 2556 leges,
1670 2501 1825 2558 quas

131 2580 377 2638 servari
404 2584 696 2654 oporteat.
1519 2637 1521 2640 .

148 2671 268 2742 (73)
290 2670 570 2726 Ecclesia
596 2668 807 2726 veteris
828 2666 1080 2738 populis
1110 2663 1217 2719 sub
1245 2664 1372 2734 lege
1394 2662 1698 2718 ministros

145 2760 409 2818 Nomine
425 2775 558 2832 qua
576 2757 998 2829 perfunctorio
1025 2756 1353 2824 Synagoga
1374 2756 1642 2809 vocatur.

148 2851 280 2906 Per
306 2848 552 2919 Moysen
583 2850 742 2904 Deus
771 2845 1038 2902 instituit
1069 2858 1213 2914 quos
1237 2841 1448 2897 ordine
1475 2841 1653 2897 rexit.

226 2941 300 2994 In
354 2938 558 2995 codice
615 2936 844 2993 deletus
900 2936 1031 2989 erat
1075 2947 1107 2987 e
1159 2930 1345 2987 tribus
1399 2929 1493 2985 his
1554 2928 1826 3020 versibus
1868 2966 1907 3020 Ο

148 3027 464 3086 secundus
539 3043 663 3101 quo
721 3022 1047 3081 Ecclesiam
1119 3023 1381 3077 veterem
1431 3017 1641 3092 populi
1714 3018 1828 3075 sub

146 3118 293 3189 lege
350 3116 674 3187 constituti,
751 3130 857 3170 seu
929 3110 1301 3180 Judaorum,
1383 3108 1619 3165 nomine
1692 3123 1830 3177 per-

144 3209 468 3280 functorie
518 3207 911 3277 Synagogam
958 3206 1226 3257 vocatam
1294 3214 1415 3255 esse
1470 3196 1612 3253 dicit
1657 3196 1831 3253 Adal-

148 3297 332 3354 hero.

148 3385 275 3456 (74)
308 3384 593 3443 Ecclesia
619 3395 873 3452 regnum
904 3378 1190 3435 calorum
1221 3376 1446 3433 dicitur
1471 3375 1638 3432 ordo.

230 3474 397 3531 Ordo
428 3471 701 3530 Ecclesia
725 3468 944 3527 dicitur
971 3482 1224 3539 regnum
1254 3464 1564 3522 calorum.

147 3565 373 3638 (75)Et
398 3577 555 3619 nova
581 3563 680 3617 lex
700 3558 852 3616 inibi
874 3556 1116 3627 colitur,
1139 3555 1248 3611 sub
1263 3556 1546 3625 principe
1568 3553 1824 3611 Christo.

234 3650 592 3709 Emendavit
619 3654 676 3705 et
714 3648 878 3703 hunc
930 3660 1172 3701 versum
1227 3642 1525 3700 Adalbero
1580 3659 1720 3699 eum
1766 3642 1827 3699 in

148 3742 425 3802 modum
455 3758 469 3796 :

148 3836 244 3893 Et
274 3847 433 3889 nova
463 3831 562 3887 lex
582 3828 665 3885 ibi
686 3826 1057 3899 perfruitur,
1081 3838 1212 3896 qua
1232 3824 1433 3894 gratia
1460 3824 1681 3893 fertur.

151 3924 281 3995 (76)
313 3922 443 3978 Hoc
471 3925 528 3977 et
541 3918 899 3989 pontiﬁcum
926 3913 1064 3983 fixit
1094 3928 1349 3969 censura
1372 3912 1588 3982 ﬁdelis,

154 4011 468 4080 Qualiter,
497 4022 535 4063 a
560 4007 742 4079 queis,
772 4009 827 4061 et
856 4003 1063 4074 quales
1094 4001 1178 4057 ibi
1214 4001 1683 4057 constituantur.

236 4096 483 4156 Ministri
556 4092 829 4151 Ecclesia
899 4089 1108 4163 quales
1181 4104 1333 4157 esse,
1385 4104 1421 4145 a
1472 4087 1694 4161 quibus
1773 4091 1830 4143 et

154 4204 288 4263 qua
339 4185 570 4243 ratione
622 4180 903 4239 constitui
958 4179 1238 4250 debeant,
1302 4178 1724 4252 episcoporum
1766 4177 1829 4233 in

154 4275 421 4352 synodis
478 4276 982 4344 congregatarum
1032 4283 1295 4325 canones
1344 4267 1660 4324 decrevere
1692 4285 1704 4322 :
1734 4282 1829 4323 ca-

154 4383 384 4437 nones,
441 4364 715 4437 inquam,
770 4374 1024 4418 censura
1055 4358 1409 4429 pontiﬁcum
1463 4355 1829 4413 Adalberoni

153 4457 336 4513 dicti.

157 4546 288 4617 (77)
330 4545 524 4614 Ipsum
554 4540 778 4612 legibus
810 4543 893 4595 est
922 4543 1133 4608 aptare
1160 4551 1390 4594 necesse
1417 4535 1650 4593 duabus

156 4634 410 4692 Divina
438 4647 583 4704 quas
615 4630 895 4687 humana
923 4626 1197 4683 discretio
1223 4626 1471 4695 format.

239 4727 481 4783 Statum
511 4718 783 4778 Ecclesia
812 4732 1054 4773 necesse
1076 4720 1164 4772 est
1192 4719 1398 4788 aptare
1427 4713 1667 4771 duabus
1693 4711 1833 4784 legi-

158 4815 311 4883 bus,
340 4811 558 4868 divina
588 4813 645 4865 et
680 4807 987 4875 humana,
1039 4820 1193 4877 quas
1250 4804 1469 4861 format
1514 4801 1828 4870 discretio;

156 4903 563 4980 posteriorem
585 4914 830 4957 versum
855 4894 1107 4953 mutavit
1135 4894 1433 4951 Adalbero
1462 4893 1544 4951 ita
1573 4910 1586 4949 :

174 4998 490 5052 Virtutum
521 5006 669 5064 quas
689 4987 998 5045 distribuit
1027 4985 1303 5042 discretio
1333 4990 1557 5052 mater;

240 5083 312 5139 1d
336 5086 595 5153 est,quas
624 5078 780 5135 duas
804 5075 966 5146 leges
986 5074 1284 5144 discretio,
1302 5078 1497 5129 mater
1516 5072 1829 5140 virtutum,

164 5172 509 5231 distribuit.

165 5267 291 5335 (78)
324 5262 449 5319 Lex
473 5260 681 5317 divina
710 5257 832 5313 suis
853 5258 1061 5326 partes
1091 5268 1211 5309 non
1238 5250 1454 5309 dividit
1483 5252 1667 5307 ullus.

249 5351 388 5411 Suis
411 5349 696 5406 nimirum
726 5343 1026 5413 ministris,
1055 5358 1161 5399 seu
1191 5340 1461 5398 Ecclesia
1506 5357 1630 5397 sua
1662 5337 1835 5396 mini-

170 5441 336 5509 stris,
375 5455 548 5512 quos,
607 5436 743 5494 licet
778 5450 993 5506 genere
1037 5432 1329 5506 dispares,
1383 5429 1601 5509 aquali
1626 5444 1836 5486 omnes

172 5528 524 5587 conditione
551 5541 680 5582 esse
708 5523 897 5579 voluit
924 5525 1102 5579 Deus.

172 5621 299 5692 (79)
328 5619 450 5676 Hos
475 5619 582 5688 pia
606 5617 706 5673 lea:
733 5615 896 5672 omni
918 5612 1231 5670 mundana
1271 5610 1444 5668 sorde
1488 5615 1834 5682 sequestrat.

614 5708 857 5761 ΡΑτιιοι..
900 5705 1076 5761 CXLI.

1154 128 1439 186 CARMEN
1480 128 1574 182 AD
1614 124 1992 185 ROBERTUM
2031 131 2284 189 REGEM.
2326 166 2395 174 —
2436 132 2673 190 NOT/E.

1860 255 1906 307 A
2011 255 2264 312 Clericos
2321 274 2429 314 seu
2484 255 2789 315 ministros
2848 261 3123 319 Ecclesia
3164 263 3331 334 leges
3360 263 3599 337 piorum

1925 342 2270 416 principum
2330 344 2593 402 sordidis
2636 347 2970 407 ministeriis
3010 369 3081 409 ac
3115 352 3336 408 vilibus
3371 353 3600 410 artibus

1925 448 2141 490 vacare
2158 440 2494 504 vetuerunt,
2522 440 2733 493 etcum
2752 440 2917 495 omni
2934 440 3082 498 imm
3092 442 3318 498 unitate
3342 443 3482 500 solis
3495 460 3599 500 eos

3495 141 3601 198 810

1928 520 2223 579 altaribus
2253 525 2638 581 addixerunt.

1928 610 2035 682 (80)
2062 612 2202 668 Non
2223 621 2364 670 sunt
2385 615 2720 684 carniﬁces,
2743 630 3060 688 caupones,
3088 634 3278 676 necne
3292 622 3530 679 subulci

2001 701 2323 758 Carniﬁces
2373 704 2503 774 jam
2586 707 2725 759 tunc
2780 704 3160 762 vocabuntur
3218 724 3373 780 quos
3451 711 3598 770 anti-

1928 787 2127 860 quitas
2188 789 2382 847 lanios
2464 790 2805 864 appellavit.
2879 793 2971 848 Ait
3045 793 3228 864 igitur
3298 797 3595 855 Adalbero

1928 876 2235 935 ministros
2278 879 2480 936 altaris
2526 879 2621 936 vel
2679 880 2924 936 clericos
2973 897 3011 938 a
3066 882 3327 939 sordidis
3394 887 3598 943 minis-

1928 965 2089 1021 teriis
2144 968 2485 1039 abhorrere,
2533 986 2655 1025 non
2710 970 3027 1044 agricolas,
3086 988 3213 1029 non
3279 973 3596 1046 bubulcos,

1928 1071 2055 1111 non
2124 1057 2406 1115 vinitores
2461 1075 2647 1127 esse;
2722 1059 2824 1115 vix
2892 1062 3141 1118 arbores
3213 1079 3426 1134 serere,
3496 1069 3601 1122 aut

1928 1145 2132 1202 hortos
2181 1147 2414 1217 colere;
2470 1148 2717 1204 eosdem
2784 1164 2889 1205 nec
2945 1150 3160 1220 lanios,
3210 1168 3317 1208 seu
3385 1170 3598 1213 carna-

1928 1235 2070 1302 rios,
2126 1253 2235 1293 nec
2290 1254 2620 1312 caupones,
2677 1254 2787 1294 nec
2849 1240 3155 1311 subulcos,
3214 1242 3309 1298 vel
3366 1245 3599 1302 suarios

1931 1340 2063 1381 esse
2110 1327 2318 1382 (necne
2375 1342 2485 1398 pro
2544 1342 2649 1382 nec
2696 1326 2863 1399 dixit)
2917 1345 3039 1385 non
3089 1330 3413 1403 caprarios,
3473 1349 3599 1388 non

1930 1413 2222 1485 opiliones
2244 1430 2353 1470 seu
2383 1418 2653 1487 pastores
2684 1414 2907 1472 ovium.
2944 1420 3070 1473 Non
3099 1418 3293 1475 cribro
3312 1419 3598 1492 pollinem

1931 1501 2105 1558 tritici
2132 1502 2423 1559 ﬂoremvc
2446 1502 2715 1574 siliginis,
2739 1520 2843 1560 seu
2865 1505 3123 1561 farinam
3154 1506 3478 1562 furfuribus
3505 1523 3598 1562 se-

1867 1611 1906 1666 Β
1936 1606 2177 1647 cernere
2205 1604 2220 1619 '
2255 1607 2381 1647 non
2412 1590 2620 1647 lebetis
2646 1592 2723 1647 ad
2753 1592 2955 1663 ignem
2982 1594 3240 1668 appositi
3260 1594 3457 1669 inquo
3475 1612 3602 1652 car-

1934 1694 2043 1734 nes
2074 1683 2439 1753 coquantur,
2466 1694 2674 1735 curam
2703 1680 2888 1737 ullam
2919 1698 3116 1754 agere,
3148 1683 3209 1739 id
3248 1688 3337 1740 est
3369 1701 3599 1758 coquos

1934 1768 2032 1824 vel
2061 1786 2239 1826 cocos
2260 1784 2388 1824 non
2412 1768 2685 1842 existere,
2717 1774 3020 1845 utcunque
3046 1773 3322 1847 exprimit
3350 1774 3604 1830 Adalbe-

1934 1872 2004 1914 ro
2034 1859 2150 1915 hoc
2174 1874 2362 1914 versu
2394 1874 2407 1912 :

1932 1947 2059 2005 Nec
2075 1950 2354 2006 Cererem
2376 1947 2684 2005 cribrant:
2699 1950 2803 2007 hos
2825 1966 2941 2007 non
2965 1953 3163 2024 coquit
3184 1959 3368 2009 uncta
3387 1953 3596 2010 lebeta.

2009 2038 2119 2095 Ubi
2152 2040 2346 2096 lebeta
2377 2053 2487 2109 pro
2514 2037 2676 2095 lebes
2703 2039 2935 2097 dicitur.
2969 2042 3103 2099 Hac
3144 2046 3346 2099 autem
3395 2043 3603 2099 omnia

1934 2125 2082 2184 dicit
2109 2127 2435 2195 Adalbero,
2468 2131 2532 2183 ut
2560 2144 2764 2199 regem
2791 2130 3113 2188 Robertum
3139 2137 3373 2205 arguat,
3395 2139 3599 2203 pasto-

1936 2233 2032 2274 res
2063 2219 2263 2275 ovium
2294 2220 2351 2272 et
2381 2222 2621 2287 nautas,
2645 2218 2729 2273 uti
2761 2235 2945 2291 supra
2974 2220 3072 2289 ait,
3097 2223 3211 2278 hoc
3238 2226 3329 2278 est
3343 2221 3600 2279 rusticos

1935 2322 2010 2363 ac
2039 2306 2415 2363 humillimas
2443 2305 2799 2380 intimasque
2830 2323 3122 2380 personas
3150 2310 3212 2367 in
3242 2311 3600 2385 episcopatu

1933 2397 2309 2453 evehentem.

1937 2485 2050 2558 (81)
2076 2488 2267 2556 Terga
2288 2498 2461 2539 suum
2472 2498 2586 2552 per
2596 2485 2775 2540 dorsa
2791 2485 2961 2542 boum
2974 2504 3093 2543 non
3104 2503 3339 2558 serpere
3354 2496 3595 2561 cogunt.

2015 2578 2132 2631 Hoc
2158 2578 2267 2644 est,
2295 2571 2637 2629 clericisues
2649 2573 2903 2645 pedibus
2928 2576 3235 2647 colligatos
3255 2577 3453 2635 bobus
3473 2595 3598 2635 non

1934 2663 2279 2737 imponunt,
2312 2661 2554 2719 venales
2580 2663 2640 2718 in
2669 2663 2882 2720 urbem
2912 2665 3320 2723 advehendos.

1936 2753 2049 2825 (82)
2084 2755 2217 2809 Non
2248 2757 2387 2809 sunt
2422 2753 2705 2821 lautores,
2738 2760 3122 2812 contemnunt
3139 2758 3373 2826 fervere
3394 2762 3598 2816 vestes.

2013 2842 2214 2899 Lintea
2243 2840 2304 2898 hi
2334 2856 2457 2897 non
2486 2841 2703 2910 lavant,
2738 2844 2862 2899 sive
2892 2844 3259 2915 linteamina,
3292 2850 3349 2903 et
3403 2852 3602 2905 vestes

1935 2932 2128 2989 lineas
2182 2931 2385 2988 lixivio
2436 2931 2793 2989 fervefacere
2862 2934 3283 3006 dedignantur.
3344 2938 3603 2997 Fervere

1938 3022 2101 3078 enim
2130 3022 2225 3079 hic
2255 3022 2520 3096 positum
2541 3038 2651 3095 pro
2696 3025 3095 3093 fervevacere.
3145 3025 3247 3082 Vel
3276 3032 3431 3084 certe
3484 3027 3603 3087 hoc

1938 3128 2117 3168 versu
2132 3111 2526 3182 designantur
2546 3110 2624 3167 ab
2649 3112 3029 3171 Adalberone
3054 3114 3310 3171 fullones
3332 3117 3437 3189 qui
3466 3134 3600 3174 ves-

1938 3204 2027 3256 tes
2056 3200 2264 3258 laneas
2284 3200 2550 3271 abluere,
2573 3199 2976 3273 desquamare
2994 3207 3050 3260 et
3069 3202 3258 3275 polire
3281 3219 3603 3263 consueve-

1936 3295 2096 3347 runt.

1936 3380 2048 3452 (83)
2079 3380 2199 3437 Sed
2210 3384 2432 3436 mentes
2443 3393 2858 3450 purgaresuas
2877 3387 2931 3438 et
2946 3386 3203 3452 corpora
3232 3383 3464 3455 debent,
3487 3388 3596 3441 etc.

2010 3469 2286 3526 Afﬁrmat
2311 3468 2609 3526 Adalbero
2634 3467 2899 3543 clericos,
2932 3472 3263 3545 prasertim
3292 3474 3602 3548 presbyte-

1936 3573 2037 3613 ros
2066 3564 2124 3615 et
2147 3559 2486 3632 episcopos,
2515 3575 2639 3614 non
2657 3558 2853 3616 solum
2880 3561 3118 3631 animis,
3144 3562 3251 3619 sed
3273 3562 3453 3620 etiam
3477 3580 3603 3621 cor-

1936 3648 2187 3721 poribus
2214 3649 2498 3718 mundos,
2532 3652 2729 3705 castos
2758 3654 2814 3707 et
2840 3651 3093 3723 sobrios,
3115 3652 3294 3709 bonis
3330 3654 3603 3711 moribus

1938 3737 2283 3810 adornatos,
2333 3755 2404 3795 ac
2462 3737 2690 3795 servilis
2768 3741 3401 3817 conditionisexpertes
3473 3760 3602 3802 esse

1937 3832 2229 3899 oportere.
2256 3830 2419 3885 Certe
2443 3827 2600 3883 servi
2626 3827 2742 3885 nisi
2765 3831 2932 3902 prius
2959 3831 3231 3888 libertate
3270 3832 3478 3889 donati
3516 3850 3604 3890 es-

1941 3919 2093 3985 sent,
2126 3915 2207 3971 ad
2236 3914 2579 3972 clericatum
2606 3918 2916 3987 pervenire
2946 3934 3069 3975 non
3095 3922 3372 3991 poterant
3397 3938 3409 3975 :
3464 3922 3601 3977 Non

1938 4004 2100 4060 enim
2125 4005 2336 4061 debent
2360 4006 2591 4061 Christi
2616 4009 2672 4060 et
2695 4005 2899 4063 altaris
2927 4008 3193 4064 ministri
3219 4008 3467 4065 obnoxii
3520 4026 3602 4066 es-

1937 4110 1999 4151 se
2027 4095 2306 4151 humana
2334 4094 2629 4163 servituti,
2658 4098 2724 4150 ut
2746 4094 2810 4151 in
2840 4096 2967 4153 Vita
2994 4096 3276 4154 Ludovici
3302 4097 3386 4172 pii
3415 4098 3601 4173 impe-

1937 4182 2151 4240 ratoris
2181 4182 2463 4254 legimus.

1943 4271 2053 4343 (84)
2077 4272 2261 4328 Omne
2282 4285 2468 4341 genus
2499 4270 2803 4329 hominum
2830 4278 3136 4345 praecepto
3155 4275 3421 4333 subdidit
3455 4277 3598 4348 illis,

1938 4361 2229 4431 Princeps
2250 4360 2551 4430 excipitur
2574 4361 2805 4430 nullus,
2835 4379 2968 4421 cum
2998 4364 3225 4421 dicitur
3252 4381 3452 4423 omne.

2009 4452 2228 4506 Omnes
2248 4449 2524 4505 homines
2553 4452 2707 4506 Deus
2734 4452 3053 4523 cujuslibet
3098 4455 3487 4526 professionis
3545 4460 3602 4512 et

1937 4537 2260 4608 dignitatis,
2292 4538 2473 4594 etiam
2497 4538 2823 4611 principes,
2857 4556 3027 4612 reges
3077 4558 3148 4598 ac
3207 4542 3597 4614 imperatores

1936 4626 2301 4700 presbyteris
2330 4631 2387 4683 et
2414 4626 2711 4699 episcopis
2744 4628 2806 4683 in
2838 4628 3247 4702 spiritualibus
3270 4630 3452 4686 voluit
3471 4647 3600 4686 esse

1940 4716 2241 4786 subjectos
2273 4734 2286 4784 ;
2312 4716 2392 4772 ab
2413 4715 2508 4771 his
2525 4716 2709 4772 fidem
2729 4717 3086 4774 catholicam
3107 4718 3343 4775 edoceri
3370 4737 3382 4787 ;
3408 4718 3488 4774 ab
3504 4718 3596 4775 his

1938 4804 2021 4860 ita
2047 4804 2291 4861 edoctos
2313 4821 2485 4861 sacro
2515 4804 2663 4861 fonti
2690 4804 2988 4876 immergi.

1940 4893 2050 4965 (85)
2082 4894 2163 4950 Et
2188 4895 2383 4963 mergi
2399 4893 2599 4949 doctos
2627 4894 2790 4949 sacri
2820 4894 2905 4949 sic
2922 4895 3091 4963 fonte
3129 4895 3382 4951 lavacri.

2013 4985 2096 5039 Ex
2109 4998 2233 5056 quo
2262 4981 2625 5053 intelligitur,
2648 4981 2833 5038 etiam
2852 4986 2981 5038 tum
3007 4997 3111 5037 eos
3131 4982 3237 5055 qui
3253 4982 3437 5040 adulti
3455 4984 3603 5059 bap-

1940 5071 2356 5129 tizabanturin
2391 5086 2633 5126 sacrum
2678 5070 2904 5128 fontem
2958 5071 3151 5144 mergi
3192 5073 3601 5144 consuevisse,

1940 5178 2065 5219 non
2079 5166 2280 5219 autem
2297 5160 2493 5234 capita
2504 5176 2714 5217 eorum
2728 5160 3113 5218 solummodo
3129 5177 3290 5235 aqua
3300 5164 3599 5237 perfundi.

1943 5256 2059 5323 (86)
2090 5252 2412 5309 Constituit
2433 5252 2706 5319 medicos,
2729 5252 2783 5306 si
2803 5253 3053 5309 rulnera
3080 5260 3600 5324 computruerunt.

1942 5344 2063 5400 Per
2082 5357 2224 5414 quos
2252 5356 2591 5398 sermonum
2621 5342 2890 5398 cauteria
2914 5346 3055 5397 sunt
3094 5343 3454 5402 adhibenda.

2017 5428 2399 5502 Presbyteros
2417 5431 2570 5484 Deus
2581 5426 2758 5484 nobis
2776 5428 3045 5486 medicos
3059 5429 3242 5499 dedit,
3256 5431 3361 5504 qui
3378 5432 3606 5488 animo-

1945 5536 2083 5576 rum
2113 5524 2453 5576 nostrorum
2476 5520 2730 5574 vulnera
2768 5533 2837 5573 ac
2859 5520 3075 5588 putria
3106 5521 3332 5589 ulcera,
3364 5520 3479 5576 hoc
3518 5525 3607 5577 est

1948 5614 2196 5682 peccata
2213 5608 2512 5681 graviora,
2525 5621 2862 5663 sermonum
2876 5622 3148 5677 suorum,
3166 5607 3259 5664 vel
3272 5607 3603 5666 salubrium

3143 5701 3211 5754 26
