3976 6180
445 153 543 204 811
1459 143 1958 202 ADALBERONIS

2171 145 2314 200 COPl
2358 142 2860 203 LAUDUNENSIS.
3274 163 3281 169 ‘
3746 150 3838 208 812

439 275 896 346 praeceptorum,
921 269 1446 342 hortationumque
1467 275 1524 326 et
1549 269 1936 326 consiliorum
1959 268 2091 340 qui-
2126 272 2169 324 Λ
2203 271 2366 339 vunt,
2398 273 2452 325 et
2481 269 2626 325 dare
2651 287 2896 342 operam
2924 271 3144 326 debent
3174 276 3236 327 ut
3279 272 3498 326 mortui
3533 273 3753 345 primas
3791 275 3839 331 in

439 349 699 417 busdam
747 359 921 432 quasi
977 357 1251 416 cauteriis
1310 365 1603 415 curarent.
1671 360 1792 414 Hoc
1822 358 1896 414 de
1927 357 2092 412 laicis
2203 359 2348 412 caelo
2373 358 2533 413 sedes
2565 359 2851 432 consequi
2885 365 3243 428 mereantur,
3291 378 3442 432 quas
3501 366 3729 416 certum
3772 367 3840 417 est

438 453 686 522 peccata
724 465 834 504 sua
854 435 1275 504 confitentibus
1291 453 1400 505 eta
1432 447 1780 521 presbytero
1806 447 2094 520 pceniten-
2203 461 2321 500 non
2351 447 2624 516 dignitati
2653 448 2876 520 deberi,
2911 451 3017 504 sed
3047 449 3286 504 meritis.

438 537 584 593 tiam
601 537 1030 611 accipientibus
1049 537 1618 609 intelligendumcst,
1653 537 1712 593 ni
1740 537 1928 592 fallor.
2203 535 2306 606 (91)
2332 535 2454 591 Hos
2485 537 2646 593 decet
2678 539 2986 610 cuigilare,
3021 537 3162 594 cibis
3195 546 3248 596 et
3277 556 3539 610 parcere
3566 541 3779 609 multis,

440 625 549 698 (87)
580 627 864 696 Corporis
892 615 1105 683 illesui
1121 633 1558 684 sacramentum
1587 627 1898 698 sanguinis
1916 631 2092 696 atque
2207 625 2323 678 Pro
2341 627 2558 694 populi
2580 643 2922 700 semperque
2949 630 3070 683 suis
3095 644 3270 685 orare
3297 631 3520 685 ruinis.

437 716 626 772 Jussit
648 732 764 788 quo
793 718 954 772 solus
985 721 1275 773 tractaret
1305 717 1417 772 rite
1446 716 1720 772 sacerdos
2275 713 2649 786 Presbyteros
2675 721 2731 771 et
2761 716 3076 788 episcopos
3099 717 3289 783 decet,
3323 717 3520 791 plebis
3554 717 3668 773 sibi
3698 736 3831 773 com-

511 805 774 863 Christus
794 807 979 876 jussit
1017 821 1132 878 quo
1159 805 1288 878 [pro
1317 807 1402 877 ut]
1430 805 1589 860 solus
1644 805 1939 868 sacerdos,
1988 817 2092 859 seu
2201 800 2398 856 missae
2426 819 2633 858 curam
2667 819 2885 866 gerere,
2919 811 2975 860 et
3014 821 3262 861 suorum
3313 823 3652 879 quemque,
3707 806 3832 860 velut

438 895 750 968 presbyter
769 897 1035 966 corporis
1065 901 1243 968 atque
1292 896 1603 966 sanguinis
1633 897 1728 950 sui
1755 909 2096 951 sacramen-
2201 895 2472 962 pastores
2500 907 2770 959 gregum,
2800 893 3109 962 invigilare
3163 894 3486 963 custodiae;
3551 895 3756 968 paucis
3781 897 3833 950 ci-

441 989 565 1041 tum
593 986 706 1041 rite
734 990 1042 1041 tractaret.
2202 979 2292 1033 bis
2322 995 2448 1034 esse
2482 986 2812 1052 contentos,
2841 989 2894 1038 et
2926 1001 3031 1056 pro
3086 985 3292 1058 populi
3349 983 3588 1040 delictis
3641 1000 3708 1040 ac
3735 987 3830 1038 suis

441 1074 552 1144 (88)
579 1074 851 1130 Maxima
881 1073 1172 1130 commisit
1191 1089 1332 1145 quos
1357 1088 1416 1128 se
1455 1079 1720 1128 tractare
1744 1072 1998 1142 rogavit.
2202 1085 2436 1142 semper
2469 1072 2650 1125 Deum
2685 1089 2856 1128 orare
2896 1089 2965 1128 ac
3009 1073 3338 1145 deprecari.
3401 1075 3621 1130 Castus
3674 1080 3726 1129 et
3770 1090 3832 1129 se

509 1163 778 1218 Maxima
805 1163 1091 1218 commisit
1117 1161 1200 1218 eis
1223 1161 1490 1218 Christus
1521 1178 1664 1232 quos
1712 1167 1977 1216 tractare
2031 1175 2092 1214 se
2203 1157 2358 1212 brius
2389 1174 2492 1212 eos
2525 1173 2652 1214 esse
2684 1166 2976 1232 oportere,
3005 1177 3188 1233 supra
3214 1161 3362 1217 dixit
3411 1157 3734 1217 Adalbero.
3764 1163 3830 1217 Sic

435 1251 632 1323 jussit,
655 1267 760 1306 seu
787 1251 1280 1326 presbyterorum
1305 1251 1446 1306 ﬁdei
1501 1267 1744 1305 summa
1796 1249 2095 1306 commisit
2201 1245 2556 1300 Ammianus
2585 1247 2958 1304 Marcellinus
2988 1249 3048 1304 in
3073 1249 3228 1305 libro
3257 1262 3417 1304 xxvu
3461 1249 3689 1319 scribit,
3734 1251 3828 1304 An-

437 1339 743 1412 mysteria,
769 1357 1032 1413 quorum
1060 1339 1345 1396 manibus
1373 1345 1825 1396 sacrosanctum
1875 1355 2092 1410 corpus
2202 1336 2410 1390 tistites
2433 1337 2839 1405 provinciales
2870 1342 3158 1395 tenuitate
3200 1340 3414 1395 edendi
3471 1339 3826 1410 potandique.

439 1446 618 1486 suum
650 1429 814 1500 tangi
833 1429 1304 1502 contrectarique
1338 1429 1542 1492 voluit,
1607 1428 1800 1498 jussit.
1866 1431 2092 1496 ltogare
2200 1425 2431 1480 vilitate
2455 1427 2632 1481 etiam
2657 1427 3140 1484 indumentorum
3167 1429 3601 1484 commendari.
3633 1427 3771 1484 Idem
3788 1439 3826 1484 ct

439 1523 566 1574 tum
605 1534 716 1592 pro
737 1519 950 1590 jubere
980 1517 1236 1574 molliori
1252 1517 1432 1574 verbo
1450 1517 1748 1573 (licebant.
1781 1520 1964 1572 Jonas
1987 1513 2091 1588 qui
2199 1512 2512 1581 Gregorius
2543 1515 2944 1571 Nazianzenus
2981 1515 3300 1590 episcopus
3357 1517 3419 1572 in
3489 1517 3825 1572 Carminibus

439 1607 759 1663 Chlodovei
789 1605 1044 1662 Junioris
1073 1605 1435 1680 principatu,
1469 1614 1605 1662 ante
1647 1603 2090 1660 Adalbcroncm
2129 1609 2166 1676 Β
2199 1600 2420 1671 pagina
2456 1607 2509 1657 11
2551 1603 2744 1660 tradit.

437 1699 710 1752 nostrum
743 1694 916 1751 annis
946 1699 1050 1752 350
1079 1695 1298 1760 ﬂoruit,
1329 1695 1389 1750 in
1419 1693 1572 1750 libro
1603 1693 1677 1749 de
1702 1694 1828 1750 Vita
1856 1693 2090 1750 Colum-
2199 1693 2313 1758 (92)
2341 1689 2549 1748 Pauca
2573 1707 2752 1762 super
2781 1694 3014 1749 clericis
3031 1692 3182 1763 dixi,
3205 1690 3308 1751 sed
3328 1696 3525 1764 plura
3552 1692 3767 1766 reliqui.

435 1783 583 1841 bani
611 1783 870 1848 abbatis,
901 1773 978 1839 de
1007 1782 1384 1840 Brunichilde
1409 1783 1469 1838 in
1495 1785 1772 1854 nepotem
1804 1799 1982 1837 suum
2001 1796 2088 1836 re-
2273 1782 2462 1836 Pauca
2483 1779 2558 1836 de
2581 1780 2806 1837 clericis
2823 1781 2966 1854 dixi,
2988 1783 3092 1838 sed
3113 1783 3287 1856 plura
3309 1783 3493 1838 omisi
3510 1799 3645 1857 quae
3666 1780 3820 1839 dicere
3903 1821 3905 1857 ,

437 1890 575 1944 gem
600 1871 1074 1930 Theodebertum
1103 1871 1405 1944 captivum
1439 1871 1713 1926 saeviente
1766 1871 1846 1926 ita
1869 1869 2046 1926 refert
2073 1885 2084 1923 :
2198 1866 2546 1939 potuissem.
2580 1867 2878 1925 Adalbero
2909 1871 3068 1926 hunc
3101 1875 3336 1926 versum
3366 1872 3647 1941 mutavit,
3685 1873 3818 1944 eique

445 1963 907 2020 Theodebertum
934 1962 1072 2030 ﬁeri
1097 1959 1379 2016 clericum
1418 1961 1674 2030 rogavit,
1708 1975 1778 2014 ac
1809 1975 1926 2014 non
1955 1964 2089 2028 post
2198 1955 2448 2011 alterum
2472 1957 2940 2014 emendatiorem
2963 1958 3282 2030 substituit,
3306 1960 3410 2032 qui
3441 1960 3578 2016 talis
3597 1965 3708 2016 est:

435 2053 654 2108 multos
683 2039 806 2108 dies
838 2049 1018 2120 impie
1045 2050 1222 2106 nimis
1275 2054 1408 2119 post
1463 2049 1813 2105 clericatum
1870 2049 2092 2117 peruni
2198 2046 2406 2102 Pauca
2433 2061 2616 2116 super
2641 2047 2800 2104 clero
2825 2049 2974 2113 dim,
3007 2053 3189 2120 super
3205 2047 3417 2106 ordine
3443 2066 3665 2120 pauca.

424 2143 630 2213 jussit,
657 2141 717 2197 id
746 2144 835 2197 est
859 2139 1138 2196 clericum
1162 2155 1302 2195 eum
1321 2139 1447 2195 ﬁeri
1466 2139 1641 2210 jussit
1665 2155 1734 2194 ac
1750 2132 1933 2210 paulo
1955 2139 2092 2209 post
2197 2133 2308 2204 (93)
2339 2135 2640 2206 quuales
2671 2139 2857 2207 igitur
2885 2144 3024 2194 sunt
3053 2143 3252 2195 omnes
3281 2139 3628 2196 conditione

433 2228 700 2287 interﬁci.
737 2229 828 2286 Sic
857 2225 1030 2284 multi
1059 2217 1155 2284 alii
1183 2226 1532 2300 loquuntur,
1564 2231 1684 2282 non
1706 2225 1925 2299 inepte,
1948 2225 2092 2298 quia
2205 2223 2334 2280 Una
2364 2225 2571 2280 domus
2601 2227 2844 2282 Domini
2865 2227 2992 2298 lege
3018 2230 3072 2284 si
3098 2217 3407 2286 clauditur
3439 2245 3586 2286 una.

432 2334 640 2392 preces
668 2317 1072 2389 potentiorum
1091 2333 1203 2390 pro
1229 2315 1415 2388 jussis
1443 2313 1755 2382 habendae,
1785 2317 1841 2370 et
1859 2313 1965 2386 qui
1995 2331 2090 2368 co-
2269 2311 2430 2368 Prior
2461 2329 2666 2368 versus
2695 2315 2944 2369 refertur
2969 2315 3048 2370 ad
3070 2309 3130 2371 id
3146 2315 3308 2388 Quod
3335 2328 3527 2390 supra
3571 2317 3813 2390 scriptum

435 2422 572 2477 gere
599 2409 814 2478 potest,
849 2405 897 2460 si
916 2405 1163 2478 quando
1191 2408 1384 2475 rogat,
1411 2404 1642 2475 jubere,
1670 2403 1992 2475 praecipere
2020 2419 2090 2457 ac
2200 2405 2290 2456 est
2310 2399 2389 2457 ab
2408 2401 2786 2459 Adalberone
2815 2403 2887 2459 de
2933 2404 3215 2462 ministris
3243 2405 3544 2478 Ecclesiae,
3578 2407 3662 2464 vel
3685 2405 3809 2463 cleri-

433 2493 723 2552 mandare
753 2491 1088 2551 censendus
1109 2497 1216 2550 est.
1245 2493 1311 2549 Et
1329 2493 1619 2566 quoniam
1649 2491 1806 2548 facta
1825 2495 1913 2547 est
1927 2494 2089 2546 Jonas
2201 2489 2283 2544 eis
2323 2507 2335 2544 :

435 2579 682 2650 mentio,
708 2599 890 2656 quem
920 2581 982 2638 in
1019 2580 1173 2638 libro
1221 2585 1358 2636 'xvm
1407 2583 1623 2636 Rerum
1676 2579 2086 2636 Francicarum
2196 2578 2442 2634 Format
2469 2595 2562 2634 eos
2593 2595 2788 2635 omnes
2819 2583 3042 2652 aequali
3070 2583 3450 2638 conditione)

435 2669 615 2727 docui
639 2687 762 2728 non
787 2673 1048 2738 Scotum,
1067 2674 1133 2726 ut
1149 2665 1331 2739 vulgo
1349 2669 1628 2736 creditur,
1653 2681 1759 2724 nec
1782 2667 2086 2733 abbatem,
2268 2667 2614 2724 Posterioris
2643 2666 2702 2724 in
2735 2682 2942 2724 versus
2971 2667 3172 2726 locum
3194 2669 3426 2727 suffecit
3470 2672 3624 2728 hunc
3670 2670 3806 2727 Adal-

2195 2754 2361 2812 bero.

2198 2846 2325 2901 Una
2347 2846 2554 2902 domus
2577 2849 2811 2903 Domini
2822 2849 2909 2904 sic
2923 2845 3049 2919 lege
3067 2843 3400 2904 revolvitur
3417 2866 3565 2906 una.

2195 2935 2308 3006 (9i)
2330 2935 2458 2992 Lex
2475 2937 2740 2994 humana
2761 2937 2913 2994 duas
2937 2937 3149 2994 indicit
3175 2939 3544 2998 conditiones
3563 2955 3584 2995 .·

434 2757 543 2816 sed
596 2759 836 2817 natione
893 2749 1129 2830 Italum,
1183 2775 1254 2815 ac
1305 2753 1660 2814 Bobiensem
1717 2759 2087 2814 monachum

431 2847 648 2915 fuisse;
679 2864 814 2920 quae
852 2847 1046 2921 patria
1075 2847 1206 2918 ejus
1233 2845 1424 2912 fuerit,
1461 2848 1610 2902 scire
1641 2847 1933 2904 convenit.
1986 2849 2088 2902 Re-

431 2935 560 3009 peri
585 2951 778 3010 nuper
795 2937 855 2993 in
881 2937 1064 2994 veteri
1089 2937 1293 2994 codice
1315 2937 1494 2994 vitam
1521 2928 1680 2994 beati
1702 2937 1877 2994 Attali
1903 2933 2088 2994 abba-

430 3023 504 3080 tis
537 3023 861 3094 Bobiensis,
895 3026 998 3095 (ita
1019 3027 1178 3082 enim
1203 3025 1286 3082 ibi
1309 3043 1566 3100 semper,
1599 3023 1656 3084 et
1684 3025 1932 3082 omnino
1959 3043 2084 3082 me-
2119 3021 2157 3041 ”
2192 3021 2420 3081 Nobilis
2446 3029 2498 3082 et
2527 3031 2732 3084 servus
2762 3029 2948 3084 simili
2975 3035 3094 3083 non
3122 3027 3247 3098 lege
3277 3035 3572 3086 tenentur.

426 3113 544 3170 lius
571 3111 926 3189 appellatur,
959 3133 1097 3172 cum
1119 3115 1302 3186 'vulgo
1330 3113 1553 3172 Attalas
1585 3113 1677 3172 vel
1705 3115 1896 3172 Attala
1927 3115 2085 3172 dica-
2266 3105 2560 3172 Adalbero
2613 3130 2825 3173 omnes
2877 3117 3173 3184 homines,
3233 3118 3445 3174 saltem
3477 3117 3625 3191 apud
3655 3120 3798 3172 Fran-

429 3205 542 3272 tur)
574 3203 635 3260 in
664 3221 786 3278 qua
811 3207 993 3261 Jonas
1023 3204 1150 3278 ipse
1177 3205 1252 3260 de
1300 3221 1362 3261 se
1410 3210 1663 3261 matrem
1715 3218 1890 3260 suam
1949 3206 2084 3277 post
2191 3213 2314 3270 eos,
2346 3204 2407 3258 in
2437 3203 2593 3260 duos
2625 3205 2864 3260 ordines
2891 3203 2972 3261 ait
2999 3221 3128 3262 esse
3160 3203 3384 3262 dirisos
3418 3227 3430 3275 ;
3471 3207 3696 3262 alterum
3721 3219 3796 3271 ge-

427 3309 622 3350 annos
651 3309 872 3349 novem
904 3295 1148 3361 visente,
1181 3293 1330 3350 etde
1361 3293 1603 3349 duobus
1626 3294 1850 3350 itineris
1879 3293 1967 3348 sui
1989 3309 2082 3348 co-
2191 3307 2304 3347 nus
2333 3310 2464 3349 esse
2489 3296 2780 3351 nobilium
2812 3315 2824 3362 ;
2875 3296 3128 3351 alterum
3159 3311 3483 3353 servorum.
3543 3297 3637 3352 L'bi
3663 3290 3794 3348 nobi-

423 3381 672 3437 mitibus
689 3381 772 3437 sic
799 3379 1004 3438 scribit
1036 3400 1048 3437 :
1085 3381 1242 3439 Datis
1267 3381 1588 3438 comitibus
1619 3379 1875 3438 Blid'ulio
1919 3395 2080 3453 pres-
2191 3382 2336 3438 lium
2361 3382 2626 3454 nomine,
2653 3371 3002 3446 honoratos.
3060 3379 3298 3454 milites,
3348 3389 3404 3442 et
3445 3395 3793 3458 quoscunque

421 3467 635 3544 bytero
663 3473 724 3528 et
749 3466 1147 3527 Ermenoaldo
1175 3469 1453 3539 diacono,
1486 3485 1694 3524 mense
1725 3467 2078 3526 Fcrbruario
2187 3471 2364 3526 etiam
2393 3472 2686 3540 ingenuus
2717 3469 2791 3529 de
2819 3473 3160 3546 patrimonii
3191 3475 3283 3530 sui
3336 3474 3511 3530 reditu
3559 3473 3788 3526 viventes

423 3579 454 3608 τι
485 3559 565 3615 ad
589 3556 951 3616 destinatum
967 3559 1348 3632 pervenimus
1369 3558 1589 3614 locum.
1624 3555 1755 3614 Erat
1784 3559 1944 3613 enim
1978 3563 2076 3616 Se-
2188 3559 2458 3628 designat
2490 3579 2503 3629 ;
2562 3569 2867 3618 seruorum
2919 3565 3120 3619 autem
3153 3561 3526 3636 appellatione
3566 3562 3777 3614 caeteros

423 3647 597 3719 gusia
624 3647 769 3704 urbs
792 3639 1030 3716 nobilis,
1063 3646 1374 3720 quondam
1401 3643 1816 3702 Taurinatium
1844 3645 2078 3705 Colonia
2185 3656 2420 3714 omnes,
2452 3648 2737 3704 nimirum
2765 3653 3144 3721 mercatores,
3188 3651 3458 3721 artiﬁces,
3505 3643 3780 3718 agricolas,

419 3752 459 3793 8.
485 3737 850 3794 monasterio
869 3729 1093 3810 [Bobio]
1123 3736 1352 3792 distans
1395 3741 1500 3791 ciu.
1556 3733 1816 3792 milibth.
1875 3737 1956 3794 lbi
2014 3741 2077 3795 ut
2183 3740 2240 3792 et
2264 3735 2412 3792 alios
2435 3743 2674 3809 quaestu
2704 3756 2766 3794 se
2799 3745 3218 3808 sustentautes,
3259 3759 3416 3814 quos
3469 3737 3636 3797 Latini
3677 3736 3786 3805 pte-

415 3827 826 3900 perveninius,
857 3825 1108 3898 gratuite
1145 3823 1230 3896 [id
1277 3821 1366 3880 est
1395 3820 1715 3898 gratanter]
1737 3843 1773 3882 a
1796 3826 2073 3898 genitrlce
2185 3825 2311 3881 bem
2385 3831 2604 3882 vocant
2635 3871 2649 3897 ,
2727 3827 2985 3885 famulos
3056 3825 3305 3886 demu‘m
3376 3834 3548 3903 atque
3603 3825 3792 3883 manci-

415 3921 552 3990 post
607 3918 912 3974 tantorum
956 3911 1267 3972 intervalla
1312 3926 1612 3970 annorum
1663 3917 1922 3989 suscepti
1973 3934 2074 3974 su-
2181 3914 2326 3987 pia;
2385 3910 2616 3972 nobiles
2673 3911 2973 3974 Adalbero
3047 3919 3229 3976 etiam
3280 3919 3570 3990 ingenuoS
3619 3914 3788 3991 appel-

415 4024 572 4063 mus.
609 4031 637 4059 »
670 4007 899 4074 Quibus
925 4023 998 4064 ex
1026 4005 1224 4063 'verbis
1279 3994 1624 4074 intelligittxr
1651 4008 1865 4063 Jonam
1897 4009 2074 4080 Segu-
2179 4003 2282 4072 lat,
2315 4019 2365 4060 v.
2400 4007 2502 4062 293
2540 4017 2552 4062 2

415 4093 754 4150 sio'nensem
791 4093 984 4168 patria
1013 4093 1215 4162 fuisse,
1244 4109 1380 4150 cum
1412 4093 1494 4150 ibi
1521 4092 1577 4150 et
1605 4097 1795 4151 mater
1819 4095 1875 4152 et
1894 4093 2073 4153 frater
2178 4089 2332 4148 Nam
2356 4093 2514 4150 valet
2528 4095 2822 4166 ingenuus
2843 4097 2971 4154 sine
2987 4099 3174 4154 servis
3196 4098 3396 4154 vz‘uere
3423 4095 3626 4154 nullus

415 4181 546 4251 ejus
575 4181 930 4238 habitarent.
953 4184 1203 4252 Segusio
1232 4189 1454 4252 autem,
1477 4184 1572 4240 vel
1601 4183 1936 4255 Segusium,
1967 4201 2071 4260 op-
2251 4185 2463 4240 SErvos
2492 4200 2634 4240 vero
2661 4181 2974 4258 nuncupat
3001 4185 3162 4242 idem
3187 4191 3245 4242 et
3264 4185 3504 4258 vulgus,
3532 4199 3587 4244 ν.
3611 4189 3735 4242 285:

411 4267 623 4340 pidum
654 4285 690 4324 a
719 4263 904 4324 Plinio
923 4267 978 4325 et
1005 4271 1322 4327 Ammiano
1348 4291 1360 4340 ;
1389 4271 1534 4328 urbs
1557 4289 1593 4328 a
1616 4273 1895 4342 Gregorio
1920 4273 2072 4330 aliis-
2105 4323 2140 4348 ,λ
2179 4273 2518 4340 Defendunt
2541 4275 2975 4345 vutgimajores
3001 4272 3182 4348 atque
3198 4275 3475 4333 minores.

411 4323 552 4428 que,
605 4371 640 4410 a
691 4353 1062 4428 quibthdam
1107 4361 1164 4412 et
1192 4323 1399 4414 civitas
1428 4360 1658 4427 dicitur,
1715 4323 2004 4433 abestque
2033 4375 2068 4419 a
2103 4323 2144 4388 ί)
2246 4323 2336 4416 έίο
2367 4323 2699 4431 (ἔνθεοιήηὲ
2733 4362 2793 4418 in
2809 4323 2956 4418 libri
2987 4379 3026 4419 χ
3055 4323 3246 4436 ἕερὶῑθ
3274 4323 3584 4434 4,1evgat05
3607 4359 3792 4422 Chlide-

410 4444 778 4502 monasterio
809 4443 990 4502 Bobio
1021 4440 1208 4502 millia
1243 4455 1495 4520 passum
1534 4455 1660 4517 est,
1717 4453 1821 4504 aut
1867 4451 2066 4522 potius
2171 4445 2342 4516 berli,
2373 4448 2528 4519 regis
2559 4452 2918 4506 Francorum
2949 4452 3091 4508 bene
3114 4453 3402 4523 ingenuos
3426 4452 3788 4523 generatione.

409 4551 536 4592 CLx.
562 4535 827 4592 Positum
851 4537 940 4591 est
975 4529 1090 4590 hoc
1119 4534 1413 4608 oppidum
1445 4536 1523 4591 ad
1546 4533 1783 4609 Alpium
1805 4537 2060 4608 radices,
2171 4540 2227 4591 et
2253 4537 2313 4592 in
2344 4535 2534 4610 capite
2555 4543 2644 4608 29,
2683 4537 2877 4595 Aredii
2909 4545 3184 4612 parentem
3216 4539 3395 4597 valde
3415 4529 3790 4613 ingenuospro

407 4628 464 4682 et
493 4618 689 4682 Galliae
709 4624 865 4688 finis,
897 4641 968 4680 ac
994 4624 1227 4680 initium
1259 4615 1436 4681 Italiaa
1464 4618 1737 4682 habetur.
1773 4619 1934 4684 Certe
1985 4621 2062 4686 ab
2168 4625 2473 4682 nobilibus
2512 4628 2704 4684 vocat.

407 4731 478 4770 eo
506 4713 636 4772 loco
667 4713 872 4787 incipit
900 4702 1082 4783 Italia,
1113 4714 1208 4770 cui
1238 4717 1296 4770 et
1324 4708 1402 4770 ab
1457 4709 1741 4772 omnibus
1798 4717 2062 4776 attribui—
2168 4716 2280 4787 (95)
2301 4716 2458 4772 Nam
2475 4717 2792 4786 primiduo
2813 4724 2972 4786 sunt,
2992 4719 3151 4775 alter
3165 4720 3342 4791 regit,
3369 4721 3628 4791 intth
3645 4717 3788 4777 alter.

405 4807 518 4859 tur.
2238 4807 2320 4861 Ex
2347 4819 2561 4875 genere
2587 4803 2879 4863 nobilium
2903 4812 3064 4878 sunt,
3095 4813 3155 4866 et
3191 4809 3346 4866 inter
3399 4825 3505 4866 eos
3561 4803 3792 4866 eminent

402 4892 512 4964 (89)
556 4893 703 4948 Voce
731 4891 840 4947 Dei
865 4887 1026 4962 quod
1042 4891 1397 4961 promissum
1419 4905 1540 4947 non
1558 4895 1681 4949 esse
1702 4897 1985 4964 negatum
2164 4911 2234 4951 ac
2259 4895 2662 4968 principatum
2691 4897 2894 4953 tenent
2913 4895 3054 4964 duo,
3075 4913 3178 4954 rex
3199 4898 3258 4955 et
3275 4899 3643 4972 imperator;
3669 4908 3792 4970 quo-

403 4981 716 5038 Credimus
745 4977 800 5036 et
827 4981 1044 5036 scimus
1065 4980 1133 5036 ni
1149 4991 1292 5052 quos
1311 4992 1422 5036 sua
1444 4983 1701 5039 crimina
1721 4977 1980 5053 pellunt.
2160 5001 2296 5042 rum
2323 4983 2582 5040 consiliis
2611 4989 2669 5042 et
2705 4983 3203 5060 dispositionibus
3223 4989 3568 5062 respublica
3621 4991 3728 5044 stat
3749 4997 3794 5050 et

473 5069 644 5136 Quod
673 5071 1122 5126 sacramentum
1151 5061 1416 5142 corporis
1448 5069 1540 5126 sui
1565 5085 1601 5128 θ.
1631 5071 1858 5130 Christo
1883 5063 2054 5130 disci-

398 5152 555 5229 pulls
577 5155 701 5212 suis
730 5157 1124 5232 Ecclesiaeque
1153 5158 1519 5232 promissum
1559 5165 1616 5216 et
1669 5161 1900 5231 datum,
1941 5177 2051 5220 nec

397 5241 512 5300 nisi
537 5235 629 5300 bis
657 5243 760 5317 qui
788 5245 1031 5320 propter
1057 5251 1302 5322 peccata
1357 5247 1708 5318 gravissima
1765 5258 1966 5310 essent
2015 5266 2052 5310 'a

396 5331 822 5390 communione
847 5335 1078 5404 remoti,
1110 5341 1396 5408 negatum
1445 5351 1594 5406 esse,
1645 5341 1946 5399 credimus
1995 5347 2052 5399 et

395 5425 554 5480 certo
573 5421 820 5478 scimus.

393 5511 508 5584 (90)
529 5504 601 5568 In
627 5508 790 5569 caelis
809 5513 1042 5582 primas
1071 5509 1284 5570 debent
1307 5515 1696 5573 conscendere
1720 5517 1899 5574 sedes.

462 5601 794 5674 Presbyteri
817 5605 876 5658 et
896 5601 1224 5674 praesertim
1244 5603 1510 5677 episcopi
1537 5605 1698 5677 eniti,
1759 5607 1905 5664 dum
1962 5613 2044 5665 vi-

2159 5073 2380 5131 nitttur.
2409 5077 2493 5130 Ex
2519 5073 2614 5130 his
2645 5075 2799 5133 ﬁunt
2827 5075 2884 5132 et
2911 5078 3181 5146 comites,
3235 5079 3295 5135 et
3350 5079 3724 5137 marchiones
3749 5075 3793 5128 et

2157 5165 2362 5221 duces.

2157 5253 2271 5326 (96)
2299 5253 2452 5310 Sunt
2481 5257 2608 5326 alii,
2639 5257 2846 5326 quales
2873 5256 3231 5328 constringit
3249 5258 3428 5315 nulla
3449 5263 3736 5328 potestas,“

2159 5341 2430 5400 Crimina
2457 5347 2510 5400 si
2525 5339 2794 5417 fugiunt,
2820 5356 2951 5417 qua:
2968 5357 3176 5416 regum
3199 5351 3435 5416 sceptra
3451 5349 3729 5406 coercent.

2155 5431 2241 5488 Hi
2263 5433 2593 5500 bellatores,
2625 5439 2848 5491 tutores
2877 5433 3310 5509 Ecclesiarum,
3344 5442 3455 5493 etc.

2230 5525 2654 5581 Describuntur
2674 5525 2766 5580 Lis
2789 5525 3058 5600 quinque
3081 5526 3354 5583 versibus
3374 5528 3601 5585 nobiles
3617 5523 3790 5582 velin-

2154 5613 2350 5682 genui,
2371 5613 2474 5686 qui
2488 5611 2758 5682 militant,
2781 5615 2840 5670 et
2862 5623 2982 5672 sese
3013 5629 3084 5672 ac
3131 5626 3254 5674 una
3277 5614 3580 5675 Ecclesia:
3609 5617 3664 5674 et
3688 5607 3786 5670 clo-
