3994 6166
157 230 255 289 813

1155 222 1438 287 CARMEN
1479 224 1576 281 AD
1618 218 2006 283 ROBERTUM
2044 220 2279 282 REGEM
2305 252 2375 266 -ι
2410 220 2644 282 ΝΟΤΛΕ

3509 224 3620 286 θη

156 372 312 423 rum,
342 360 526 428 amne
555 359 817 427 majores
845 356 902 413 et
924 358 1174 412 minores
1207 350 1395 423 vulgi,
1441 364 1549 405 seu
1604 347 1821 421 plebis,
1862 346 1912 404 Α
1941 344 2087 405 dens
2108 346 2312 405 vocari
2343 345 2634 422 oportuit,
2664 344 2895 407 imitari
2908 351 3151 423 olorem,
3186 351 3283 410 vel
3302 352 3479 426 cycni
3533 344 3620 408 si-

158 462 316 520 quos
348 460 540 517 supra
570 461 772 503 servos
798 445 946 501 dixit
967 444 1283 513 Adalbero,
1330 439 1518 496 armis
1551 437 1632 493 ab
1685 432 1837 508 inju-

158 535 249 591 ria
279 531 649 590 defundunt.

160 624 272 696 (97)
305 624 525 679 Altera
556 632 865 679 servorum
894 621 1100 677 divisio
1128 612 1559 678 conditionum,

160 714 293 769 Hoc
317 727 511 783 genus
539 712 864 782 afﬂictum,
900 710 988 766 nil
1010 706 1264 779 possidet
1293 705 1517 778 absque
1541 702 1763 761 labore.

234 806 408 859 Nunc
438 799 709 874 loquitur
731 799 1028 855 Adalbero
1057 796 1131 854 de
1160 792 1364 862 servis,
1395 790 1513 850 hoc
1570 796 1659 849 est
1714 802 1840 847 non

159 894 239 949 de
267 888 517 949 famulis
551 888 737 946 modo
766 894 944 962 atque
985 888 1059 945 de
1109 882 1426 959 mancipiis
1473 878 1839 949 domesticis,

163 982 275 1037 sed
306 982 492 1037 etiam
523 980 599 1035 de
628 975 723 1034 his
754 976 855 1050 qui
889 981 1240 1041 mercatura,
1271 977 1376 1031 aut
1406 968 1657 1030 artificio
1695 981 1843 1043 quo-

161 1071 333 1134 libet,
369 1072 477 1125 aut
507 1082 694 1140 opera
724 1083 787 1122 se
813 1078 922 1122 sua
946 1069 1299 1139 quaestuque
1332 1060 1688 1119 sustentant.
1722 1057 1843 1115 Hoc

162 1158 495 1215 hominum
543 1170 735 1226 genus
796 1155 1128 1212 admodum
1184 1159 1271 1210 est
1325 1150 1722 1216 laboriosum,
1774 1165 1844 1203 ac

161 1244 334 1303 velut
366 1246 429 1302 in
462 1260 647 1300 usum
673 1248 729 1300 et
775 1243 1167 1299 ministerium
1219 1244 1573 1297 cancrorum
1631 1238 1843 1293 natum

165 1342 228 1393 et
257 1335 513 1392 factum.
564 1332 729 1389 Unde
805 1331 1101 1388 Adalbero
1149 1334 1329 1399 negat
1381 1327 1467 1385 eis
1508 1326 1843 1401 quidquam

165 1442 309 1482 esse
338 1424 454 1480 nisi
485 1423 694 1479 labore
720 1421 1059 1495 quaesitum,
1083 1424 1139 1475 et
1162 1418 1316 1475 infra
1338 1417 1439 1484 ait,
1466 1433 1517 1473 v.
1548 1414 1652 1472 296
1679 1428 1846 1472 enar-

167 1510 295 1571 rari
326 1513 584 1570 omnino
611 1527 735 1567 non
762 1524 961 1585 posse.

170 1604 509 1661 Servorum
538 1601 823 1667 studium,
856 1610 1064 1655 cursus
1094 1603 1409 1668 tantosque
1438 1595 1688 1651 labores.

1949 437 2091 493 mile
2121 450 2252 494 esse
2282 437 2364 494 ait
2385 453 2512 505 rex,
2542 434 2716 492 sicuti
2738 436 3038 515 hodieque
3083 440 3191 516 qui
3243 443 3370 499 toto
3422 441 3621 516 captu

1950 531 2009 582 et
2030 521 2225 582 barba
2265 542 2482 583 canem
2509 539 2718 582 senem
2753 526 2952 586 instar
2994 528 3173 603 cycni
3208 542 3426 590 canum
3482 538 3622 588 esse

1948 612 2135 686 vulgo
2183 615 2487 673 dicimus:
2546 616 2606 673 Il
2649 622 2732 674 est
2787 616 2966 677 blanc
3012 634 3235 679 eamme
3261 636 3346 680 un
3403 632 3618 695 cygno.

1951 705 2346 762 Posteriorem
2383 723 2635 763 versum
2690 708 2947 765 mutavit
2992 707 3293 768 Adalbero
3348 711 3428 769 ad
3477 721 3624 769 eum

1951 793 2232 863 modum,
2262 796 2371 852 sed
2399 797 2605 852 minus
2634 795 2898 855 feliciter.

1955 884 2133 941 Talia
2165 890 2221 942 te
2244 892 2473 943 natura
2495 887 2653 943 senis
2679 888 2906 946 dixisse
2929 890 3253 959 probatur,

1950 974 2110 1043 (101)
2139 975 2398 1032 Credere
2424 990 2547 1033 non
2571 990 2788 1034 sanum
2818 980 2961 1035 talis
2983 986 3212 1037 natura
3235 981 3424 1052 coegit
3449 993 3475 1053 ,‘

2028 1065 2157 1119 Hoc
2179 1069 2289 1130 est,
2320 1070 2596 1121 senectus
2621 1081 2759 1139 quae
2778 1071 2999 1125 natura
3018 1068 3208 1126 delira
3234 1074 3348 1142 est,
3389 1071 3632 1129 credere

1956 1162 2057 1204 me
2092 1151 2255 1221 cogit
2280 1156 2337 1208 te
2357 1167 2481 1208 non
2511 1166 2676 1210 sanan
2704 1168 2835 1211 esse
2865 1157 3103 1214 mentis.
3147 1159 3635 1234 Superscriptum

1953 1241 2093 1292 erat
2124 1238 2187 1293 in
2216 1240 2423 1296 codice
2455 1256 2469 1295 :

1963 1327 2045 1381 Te
2080 1343 2318 1399 quoque
2345 1346 2464 1387 non
2494 1344 2707 1389 sanum
2738 1334 2882 1390 talis
2918 1338 3148 1392 natura
3173 1338 3383 1409 coegit.

1954 1419 2023 1470 ut
2056 1416 2140 1473 sit
2166 1433 2380 1473 sensus
2414 1437 2428 1474 :
2460 1421 2699 1479 Natura
2724 1423 3045 1480 senectutis
3071 1427 3259 1497 coegit
3284 1432 3342 1485 te
3366 1443 3488 1486 esse
3513 1445 3639 1486 non

1954 1519 2207 1576 sanum,
2239 1508 2433 1577 coegit
2462 1513 2515 1565 te
2545 1509 2811 1567 insanire
2837 1515 2895 1568 et
2923 1512 3035 1568 has
3055 1513 3202 1569 mihi
3228 1530 3423 1586 nugas
3447 1516 3641 1590 loqui.

1956 1595 2119 1666 (102)
2147 1596 2364 1653 Altera
2394 1614 2486 1654 me
2512 1600 2805 1656 simulat:
2840 1602 3004 1657 senio
3029 1617 3149 1659 non
3174 1604 3391 1674 defecit
3426 1607 3561 1663 illa.

250 1688 420 1749 Idem
477 1690 886 1747 laborantium
942 1702 1046 1744 eos
1096 1686 1498 1760 appellatione
1573 1684 1850 1755 designat
1888 1694 1929 1754 Β
2029 1686 2184 1741 Atia
2213 1701 2311 1741 me
2333 1692 2581 1753 natura,
2612 1704 2748 1761 qum
2775 1694 3083 1747 sanectute
3111 1707 3235 1748 non
3260 1692 3478 1763 deﬁcit,
3539 1695 3641 1752 sti—

171 1786 295 1840 hoc
330 1792 529 1839 versu.

172 1875 363 1931 Nunc
393 1876 579 1929 orant
616 1870 743 1936 alii,
783 1873 1081 1939 pugnant,
1114 1867 1342 1938 aliique
1371 1864 1671 1921 laborant.

253 1962 438 2018 Addit
461 1959 759 2016 Adalbcro
801 1974 837 2014 a
890 1956 1073 2014 servis
1126 1955 1360 2012 nobiles
1414 1954 1509 2010 vel
1560 1954 1855 2024 ingenuos

180 2052 397 2109 vestiri
425 2062 447 2120 ;
475 2065 513 2106 a
541 2049 727 2105 servis
748 2046 841 2103 vel
865 2047 1029 2119 ipsos
1059 2044 1345 2101 dominos
1362 2043 1573 2116 pasci;
1607 2047 1855 2099 cunctos

174 2156 337 2214 opes
369 2155 476 2212 per
500 2154 606 2195 eos
637 2150 901 2209 quaerere
936 2153 949 2201 ;
976 2136 1104 2190 sine
1128 2134 1209 2190 eis
1239 2134 1458 2199 vivere,
1505 2136 1608 2187 aut
1656 2130 1737 2186 ad
1766 2130 1853 2187 vi-

168 2232 305 2286 tam
338 2225 683 2283 necessaria
710 2222 932 2279 habere
961 2223 1251 2279 neminem
1281 2234 1451 2291 posse
1480 2236 1501 2275 .°
1524 2234 1730 2291 regem
1757 2220 1857 2275 de-

172 2334 356 2375 mum
390 2317 722 2389 ipsummet
745 2317 803 2369 et
827 2312 1147 2386 episcopos
1176 2326 1247 2366 ac
1305 2308 1647 2382 optimates,
1699 2322 1855 2382 quo~

167 2408 543 2477 tiescunque
575 2414 884 2458 servorum
914 2414 1101 2474 opera
1155 2402 1353 2469 egent,
1413 2397 1498 2453 eis
1549 2397 1853 2470 quodam-

170 2494 372 2552 modo
398 2492 587 2548 videri
619 2490 850 2546 servire.

168 2587 297 2655 (98)
335 2586 661 2640 Servorum
722 2581 1025 2649 lacn/mae,
1082 2578 1337 2649 gemitus
1392 2591 1513 2631 non
1568 2575 1857 2632 terminus

1572 2662 1780 2734 [ullus.

254 2759 596 2831 Singularis
627 2773 911 2814 numerus
949 2771 1061 2830 pro
1091 2752 1345 2829 plurali;
1379 2753 1441 2808 id
1494 2756 1606 2819 est,
1660 2751 1856 2823 lacry-

168 2865 430 2908 marum
463 2846 915 2919 gemituumque
955 2858 1269 2900 servorum
1323 2840 1525 2896 nullus
1577 2844 1667 2895 est
1720 2839 1856 2895 ﬁnis

166 2943 291 2997 aut
320 2937 632 2994 terminus.

169 3047 302 3121 (99)
336 3045 588 3114 Triplex
603 3056 743 3110 emo
765 3042 875 3098 Dei
882 3041 1090 3096 domus
1112 3043 1217 3108 est,
1242 3050 1377 3109 qua
1406 3036 1676 3092 creditur
1695 3046 1819 3091 una
1841 3062 1862 3119 ,-

172 3137 366 3194 Nunc
391 3138 572 3190 orant
600 3132 730 3201 alii,
757 3133 1056 3200 pugnant,
1091 3128 1315 3196 aliique
1345 3124 1626 3180 laborant
1652 3138 1676 3179 .'

176 3229 333 3297 Quae
360 3224 486 3280 tria
507 3227 647 3277 sunt
677 3221 877 3288 simul,
905 3224 962 3275 et
978 3219 1303 3275 scissuram
1335 3230 1453 3271 non
1506 3215 1849 3284 patiuntur.

265 3318 492 3371 Domus
520 3310 622 3367 Dei
649 3326 784 3382 quae
815 3324 939 3364 una
974 3305 1257 3373 creditur,
1311 3308 1368 3359 et
1420 3319 1557 3375 qum
1602 3316 1725 3359 una
1773 3302 1853 3358 ab

176 3402 573 3461 Adalberone
601 3397 943 3471 supradicta
973 3400 1080 3464 est,
1111 3394 1236 3449 sive
1268 3391 1547 3457 Ecclesia,
1605 3391 1855 3464 triperti-

177 3501 250 3551 ta
279 3497 387 3558 est,
430 3507 498 3547 ac
535 3490 597 3546 in
648 3488 758 3543 tria
816 3485 1137 3542 hominum
1192 3497 1412 3549 genera
1462 3481 1674 3537 divisa.
1730 3481 1860 3537 Alii

176 3582 354 3640 enim
385 3596 459 3636 ex
491 3576 835 3636 Christianis
865 3580 1064 3639 orant,
1091 3573 1207 3628 alti
1224 3578 1524 3641 pugnant,
1577 3571 1859 3626 laborant

179 3673 304 3730 alii
333 3687 354 3726 .’
394 3674 570 3725 orant
596 3665 809 3735 clerici,
836 3668 1120 3735 pugnant
1151 3658 1390 3729 milites,
1422 3661 1700 3716 laborant
1730 3658 1859 3714 reli-

180 3761 320 3835 qui,
353 3757 641 3814 nimirum
670 3753 841 3828 plebs
873 3770 980 3809 seu
1005 3750 1241 3821 vulgus.
1276 3749 1380 3805 Hic
1412 3750 1600 3806 status
1648 3746 1861 3821 triplex

180 3852 303 3915 est,
338 3862 522 3920 quem
551 3844 851 3900 Adalbero
877 3840 1027 3897 dixit
1048 3841 1166 3895 hoc
1194 3854 1373 3894 versu
1404 3855 1417 3893 :

266 3940 380 3994 Res
416 3936 560 4005 ﬁdei
587 3934 844 4003 simplex
862 3947 885 4002 ,'
913 3935 1105 3987 status
1135 3934 1220 3985 est
1243 3922 1347 3984 sed
1378 3926 1441 3983 in
1489 3925 1701 3983 ordine
1730 3927 1864 3982 sim-

176 4026 363 4099 plex.
391 4022 497 4079 Hic
528 4020 743 4095 triplex
770 4024 959 4076 status
990 4021 1047 4074 et
1076 4012 1290 4088 triplex
1318 4014 1467 4071 ordo
1496 4018 1553 4070 et
1566 4012 1863 4087 professio

184 4098 539 4178 hominum,
568 4109 722 4167 infra
746 4107 1037 4166 connexio
1064 4104 1312 4174 triplex,
1344 4116 1414 4159 ac
1473 4098 1863 4158 nihilominus

185 4205 458 4275 simplex
484 4203 869 4272 nuncupatur
896 4197 975 4254 ab
1001 4194 1377 4252 Adalberone
1411 4211 1423 4249 :

186 4314 306 4370 Est
337 4313 530 4383 igitur
555 4309 810 4379 simplex
835 4306 976 4363 talis
1006 4304 1296 4362 connexio
1332 4300 1576 4373 triplex.

273 4422 592 4491 Propterea
614 4416 780 4489 quod
808 4415 866 4471 hi
896 4419 1013 4469 tres
1033 4412 1297 4481 ordines,
1330 4410 1453 4466 sive
1481 4411 1611 4465 haec
1627 4408 1738 4465 tria
1756 4408 1867 4464 ho-
1901 4402 1945 4456 D

191 4508 445 4566 mitium
470 4520 691 4575 genera
723 4503 901 4560 unius
931 4500 1222 4574 corporis,
1278 4497 1547 4554 videlicet
1598 4495 1870 4553 Ecclesia:

196 4593 540 4661 catholicae,
568 4590 845 4648 membra
869 4594 1007 4645 sunt
1034 4594 1213 4661 atque
1244 4591 1428 4657 artus,
1469 4583 1637 4641 alteri
1661 4584 1871 4640 altero-

192 4682 715 4754 rumindigentes,
749 4679 1111 4737 cohaerentes
1140 4675 1308 4734 alteri
1346 4674 1563 4742 alteris,
1593 4689 1702 4731 nec
1728 4672 1873 4729 divi-

196 4772 397 4830 sionis
425 4776 530 4828 aut
553 4769 783 4826 dissidii
809 4783 1064 4843 capaces
1095 4771 1276 4839 atque
1303 4763 1615 4838 patientes.

194 4880 361 4949 (100)
402 4878 542 4932 Jam
593 4881 776 4945 caput
813 4889 944 4931 ecce
977 4878 1146 4927 tuum
1163 4870 1426 4928 candens
1457 4869 1734 4924 imitatur
1753 4867 1876 4923 olo-

1630 4957 1801 5029 [rm

206 5060 361 5115 Haec
386 5060 617 5113 natura
653 5054 969 5110 senectutis
999 5053 1225 5107 dixisse
1241 5050 1560 5120 probatur.

285 5163 525 5220 Dixerat
561 5160 858 5217 Adalbero
871 5162 1005 5229 jam
1035 5158 1187 5228 leges
1216 5156 1512 5212 tabescere
1547 5158 1604 5209 et
1656 5165 1873 5225 pacem

204 5255 519 5324 deﬂuere;
544 5250 774 5307 mutari
798 5248 1102 5304 hominum
1126 5260 1339 5313 mores,
1379 5243 1607 5300 mutari
1631 5246 1690 5298 et
1710 5241 1874 5298 ordi-

205 5360 373 5403 nem.
427 5346 631 5414 Itaque
683 5337 1024 5405 Rotbertus,
1080 5338 1444 5392 Francorum
1495 5348 1599 5388 rex
1648 5331 1876 5404 episco-

206 5448 388 5509 pum,
417 5430 524 5506 qui
552 5430 629 5486 de
657 5426 997 5485 conditione
1027 5431 1370 5497 temporum
1395 5437 1644 5478 suorum
1694 5434 1875 5491 ques-

208 5507 313 5580 tus
341 5525 490 5589 erat,
522 5520 605 5576 ita
632 5517 839 5575 irridet
862 5522 926 5573 ut
948 5515 1200 5572 delirare
1226 5529 1365 5568 eum
1413 5511 1593 5580 dicat,
1633 5513 1690 5565 et
1732 5507 1877 5563 vitio

211 5609 538 5668 senectutis
568 5607 711 5664 talia
734 5604 1074 5661 eﬁ'utivisse.
1106 5602 1301 5671 Caput
1332 5596 1724 5656 Adalberonis
1749 5611 1878 5651 om-

215 5702 281 5758 ni
304 5714 382 5757 ex
409 5702 578 5772 parte
599 5710 824 5755 canum
844 5693 1037 5766 (quod
1065 5680 1285 5749 canens
1309 5689 1508 5762 potius
1526 5702 1715 5761 quam
1740 5700 1880 5744 can-

1961 1774 2223 1831 mulavit
2251 1779 2309 1831 et
2338 1776 2630 1849 compulit
2654 1778 2794 1850 [me]
2825 1777 2904 1834 ad
2927 1794 3002 1835 ea
3031 1778 3136 1836 tibi
3185 1781 3442 1839 dicenda
3474 1801 3487 1839 :
3540 1777 3638 1840 ni-

1963 1864 2190 1920 mirum
2216 1863 2423 1920 anima
2450 1864 2698 1922 rationis
2725 1882 2978 1939 compos
3010 1871 3070 1924 et
3096 1871 3336 1940 aeterna,
3368 1868 3637 1943 inquam

1962 1956 2241 2009 senectus
2270 1969 2394 2010 non
2423 1954 2603 2011 cadit.
2640 1955 2733 2013 Sic
2769 1948 3071 2013 Adalbero
3104 1950 3370 2031 loquitur
3386 1954 3532 2028 regi,
3568 1963 3640 2015 ut

1962 2041 2217 2097 delirare
2249 2058 2313 2098 se
2333 2047 2530 2113 neget.

1962 2130 2114 2202 (103)
2140 2132 2210 2194 ῌ.
2246 2132 2396 2199 Quot
2423 2132 2654 2189 homini
2679 2133 2911 2189 dantur
2936 2136 3194 2191 natura.
3222 2135 3353 2192 Dic.
3382 2132 3454 2192 P.
3472 2132 3635 2193 Puto

3385 2225 3555 2281 bina.

2038 2304 2265 2363 Scilicet
2296 2307 2538 2363 animus
2563 2306 2661 2363 vel
2684 2302 2915 2378 anima,
2945 2312 3003 2365 et
3030 2319 3271 2384 corpus.
3361 2224 3381 2295 [

1964 2412 2115 2485 (104)
2138 2410 2232 2469 Ex
2261 2413 2353 2470 his
2372 2428 2506 2485 quae
2523 2413 2811 2486 loquitur,
2838 2417 3013 2485 cujus
3027 2416 3149 2474 sint
3177 2415 3359 2476 verba
3389 2429 3628 2489 repone.

2039 2523 2259 2577 Harum
2289 2519 2552 2575 duarum
2590 2519 2855 2576 hominis
2880 2524 3236 2579 naturarum
3267 2527 3400 2581 utra
3423 2524 3636 2598 loqua—

1968 2614 2079 2675 tur,
2110 2607 2302 2665 utrius
2331 2607 2518 2664 verba
2547 2607 2683 2675 sint,
2714 2608 2829 2665 utri
2868 2624 2989 2666 vox
3048 2613 3106 2668 et
3161 2626 3360 2668 sermo
3418 2628 3634 2670 conve-

1965 2698 2111 2764 niat,
2133 2697 2526 2766 interroganti
2553 2695 2701 2753 mihi
2724 2694 3045 2771 responde:

1968 2806 2114 2878 (105)
2170 2804 2612 2861 Grammaticus
2663 2806 2941 2876 simplex,
2986 2807 3205 2865 nedum
3272 2807 3631 2869 dialecticus

3384 2899 3559 2971 [illex

1980 3004 2166 3060 Valde
2189 3000 2526 3058 recordaris
2551 3001 2886 3059 studiorum
2912 3017 3112 3072 pauca
3124 3005 3422 3075 priorum.

2033 3124 2139 3188 Tu,
2167 3118 2488 3189 Adalbero,
2520 3119 2625 3192 qui
2650 3122 3087 3190 grammaticus
3108 3125 3344 3180 tanaim
3394 3140 3487 3193 os.
3516 3131 3646 3183 nec‘

1961 3208 2287 3266 dialecticae
2312 3206 2472 3277 leges
2501 3207 2679 3277 nosti,
2707 3222 2783 3262 ex
2805 3206 2900 3263 his
2928 3223 3065 3280 qum
3099 3207 3247 3265 olim
3291 3210 3356 3268 in
3409 3212 3633 3269 scholis

1963 3296 2245 3366 didicisti,
2276 3294 2452 3352 valde
2479 3311 2677 3368 pauca
2704 3295 3066 3353 recordaris.
3098 3298 3391 3356 Posterior
3417 3315 3635 3358 versus

1965 3385 2044 3441 ab
2076 3384 2455 3442 Adalberone
2487 3383 2845 3440 emendatus
2870 3388 2962 3441 est
2988 3384 3071 3441 ita
3099 3402 3113 3440 :

1965 3490 2144 3545 Nunc
2172 3489 2293 3544 scio
2314 3487 2473 3559 quod
2487 3487 2718 3544 recolas
2741 3486 3098 3544 studiorum:
3109 3502 3315 3558 pauca
3328 3490 3629 3561 primum.

2039 3588 2481 3645 Grammaticus
2512 3586 2786 3660 simplex,
2820 3603 2906 3644 un
2933 3589 3148 3659 simple
3171 3593 3630 3662 gramm”,

1966 3677 2268 3749 hodieque
2298 3675 2473 3746 vulgo
2493 3674 2706 3732 dicitur
2732 3674 2916 3731 solius
2947 3678 3356 3746 grammaticis
3384 3678 3632 3754 pax-inn,

1969 3765 2116 3821 nihil
2147 3769 2362 3838 praeter
2387 3762 2846 3835 grammaticam
2878 3765 3092 3821 sciens.
3153 3768 3317 3825 [ilex
3369 3769 3637 3827 dialecti-

1969 3869 2094 3923 cus,
2120 3853 2218 3910 hic
2243 3852 2405 3908 idem
2424 3851 2595 3925 quod
2614 3850 2807 3919 exlex,
2837 3851 3048 3925 ὥιομος,
3099 3855 3206 3926 qui
3241 3855 3405 3928 tege.
3450 3868 3633 3929 "tu-

1968 3943 2134 3999 laeve
2157 3941 2483 3999 dialecticae
2518 3955 2644 3997 non
2669 3940 2855 3998 novit.

1968 4058 2118 4130 (106)
2151 4057 2268 4125 Qui
2287 4072 2547 4126 parvum
2574 4055 2862 4127 meminit,
2882 4072 3003 4114 non
3024 4056 3400 4117 obliviscitur
3418 4058 3629 4120 omnis.

2042 4173 2237 4231 Verba
2275 4176 2414 4228 sunt
2436 4168 2855 4244 Adalberonis,
2881 4174 3203 4232 asserentis
3232 4192 3298 4233 se
3341 4193 3466 4235 non
3506 4196 3637 4237 om-

1972 4263 2143 4319 nium
2174 4260 2510 4318 studiorum
2536 4257 2789 4317 oblitum
2819 4277 2971 4333 esse,
3019 4263 3125 4337 qui
3180 4269 3326 4323 teste
3377 4262 3638 4342 ipsomet

1978 4368 2117 4423 rege
2176 4349 2379 4424 aliqua
2422 4350 2642 4419 adhuc,
2705 4350 2939 4409 etiamsi
3000 4355 3267 4427 paucula
3333 4357 3638 4414 meminis-

1981 4445 2089 4498 set.
2118 4440 2312 4497 Parvi
2361 4445 2492 4497 tum
2539 4434 2895 4498 dicebantur
2938 4441 3045 4515 qui
3089 4436 3230 4499 olim
3248 4446 3453 4513 pauci.
3487 4446 3636 4504 Hinc

1978 4531 2041 4586 in
2108 4530 2453 4604 praefatione
2534 4522 2686 4600 legis
2774 4528 2977 4589 Salicaa
3049 4533 3203 4588 Gens
3270 4535 3635 4591 Francorum

1976 4634 2174 4690 parva
2198 4634 2446 4676 numero
2472 4616 2660 4675 fuisse
2685 4616 2902 4675 dicitur
2934 4636 2947 4687 ;
2974 4631 3086 4675 nec
3116 4618 3286 4676 aliter
3332 4632 3369 4676 a
3394 4619 3636 4692 Virgilio

1980 4707 2316 4781 apellantur
2332 4709 2539 4779 exigui
2556 4719 2825 4777 numero,
2844 4706 2950 4778 qui
2974 4716 3228 4763 numero
3248 4707 3424 4779 pauci
3445 4708 3634 4767 erant.

1980 4797 2288 4868 Exiguum
2317 4796 2478 4853 enim
2507 4800 2567 4851 et
2587 4811 2849 4865 parvum
2889 4794 3162 4866 eiusdem
3183 4811 3312 4852 esse
3342 4797 3639 4867 signiﬁca-

1982 4885 2159 4942 tionis
2184 4901 2365 4941 nemo
2390 4883 2596 4941 nescit.
2628 4887 2713 4941 Ita
2736 4888 2795 4940 et
2823 4882 3009 4939 Οτι-ωδε
3045 4883 3404 4942 recentiores
3430 4895 3636 4961 μικροῖς

1980 4989 2091 5047 pro
2119 4972 2311 5045 ὀλιγοις
2352 4971 2575 5028 dixere.
2607 4969 2868 5044 Pyrrhus
2897 4968 3124 5042 quippe
3147 4970 3252 5043 qui
3278 4972 3497 5029 nostris
3524 4977 3641 5030 An-

1981 5062 2266 5118 tiochiam
2296 5059 2555 5127 tradidit,
2587 5076 2727 5115 cum
2753 5074 2982 5131 paucos
3011 5074 3076 5114 se
3107 5061 3365 5117 Francos
3393 5062 3472 5118 ad
3509 5075 3640 5120 rem

1981 5148 2430 5222 exsequendam
2478 5147 2700 5204 habere
2749 5151 3117 5221 quereretur,
3166 5146 3359 5207 dixit:
3408 5156 3639 5227 Mmpoog

1982 5241 2239 5315 Φρανκοὺς
2260 5240 2489 5309 εἴχομεν.
2522 5236 2700 5309 Apud
2729 5235 3099 5308 Gregorium,
3125 5237 3187 5294 in
3210 5237 3344 5296 libri
3372 5257 3471 5298 vm
3501 5257 3638 5315 cap.

1982 5330 2093 5383 30:
2153 5324 2402 5382 «Satius
2452 5328 2544 5379 est
2587 5322 2747 5380 enim
2777 5327 2843 5381 ut
2880 5325 3067 5395 parvi
3114 5330 3501 5387 contumaces
3539 5342 3642 5402 pe-

1981 5418 2171 5479 reant,
2204 5429 2391 5487 quam
2421 5412 2509 5468 ira
2538 5412 2640 5469 Dei
2669 5428 2849 5485 super
2877 5429 3125 5471 omnem
3171 5415 3481 5487 regionem
3533 5416 3641 5473 de-

1983 5504 2246 5578 pendeat
2264 5501 2598 5559 innoxiam.
2630 5524 2660 5552 »
2688 5504 2756 5558 Et
2780 5501 2843 5557 in
2864 5502 2967 5559 lib.
2994 5519 3056 5559 IV
3103 5517 3241 5578 cap.
3274 5508 3380 5562 θος
3426 5506 3648 5578 Mopsi

1984 5594 2089 5650 tibi
2116 5599 2260 5650 tunc
2280 5592 2390 5649 viri
2418 5608 2492 5648 ex
2520 5591 2829 5648 Arvernis:
2853 5592 2915 5648 id
2938 5597 3052 5659 est,
3105 5594 3285 5667 pauci
3332 5600 3646 5653 conﬁrma-

1983 5681 2430 5753 ces,multiviri
2464 5681 3122 5756 :quemdmodum'n
3153 5683 3322 5741 edita
3376 5681 3638 5758 (ἱκεσίην
