3976 6180
434 242 537 294 815

1455 232 1940 290 ADALBERONIS
1966 231 2298 341 tEPISCOPI
2338 236 2827 293 LAUDUNENSIS

3744 241 3841 294 816

431 362 685 419 Historia
711 356 1231 429 legitur.Julianus
1252 357 1670 416 Toletanorum
1693 356 2084 430 archiepisco-
2121 368 2167 421 Α
2267 361 2334 415 Et
2360 359 2523 416 mala
2550 358 2909 433 prohibeant
2932 361 2989 415 et
3028 361 3247 429 vetent,
3308 357 3393 415 sic
3444 375 3637 433 supra
3685 375 3848 417 versu

430 469 547 525 pus
575 448 961 519 Argabadum
994 447 1395 504 Narbonensis
1438 448 1710 504 Ecclesiae
1761 447 2085 503 antistitem

426 538 657 595 inducit
683 535 961 605 Wambae,
994 536 1120 608 regi
1166 538 1513 607 Gothorum,
1566 538 1649 593 ita
1689 536 2035 609 loquentem
2069 553 2081 591 :

424 627 781 683 Parvissimi
807 625 1054 699 quidem
1075 625 1376 683 evasimus
1408 625 1677 697 gladium
1710 644 1723 694 ;
1749 625 1856 681 sed
1876 624 2083 695 parvis

422 714 664 771 veniam
693 714 1108 788 deprecamur.

424 821 567 894 (107)
595 824 748 892 Ejus
774 823 880 895 qui
906 824 1200 892 stimulat,
1241 823 1400 879 senio
1433 823 1619 878 nescis
1650 820 1971 877 reminisci.

493 912 666 968 Senio
693 914 899 980 nescis,
935 912 1234 984 episcope,
1262 913 1564 968 reminisci
1589 914 1715 981 ejus
1740 910 1847 981 qui
1884 916 1939 965 te
1984 911 2085 965 sti-

423 1002 638 1070 mulat,
666 1016 773 1056 seu
809 1016 934 1073 prie
968 1004 1270 1056 senectute
1296 1000 1482 1056 verba
1511 1015 1668 1067 mea,
1701 997 1923 1071 quibus
1949 1002 2081 1053 tan-

422 1105 611 1162 quam
634 1088 746 1144 bos
771 1088 1012 1144 stimulo
1041 1092 1303 1161 punctus
1332 1104 1415 1155 es,
1448 1086 1753 1144 reminisci
1809 1102 1932 1143 non
1978 1102 2084 1159 po-

423 1183 534 1251 tes,
565 1195 706 1235 cum
738 1182 791 1235 te
818 1195 937 1235 non
957 1195 1191 1247 sanum,
1240 1183 1294 1235 te
1356 1181 1683 1250 simplicem
1736 1178 2085 1249 grammati-

422 1285 557 1325 cum
583 1284 654 1327 ac
680 1270 1060 1325 dialecticum
1087 1270 1323 1340 illegem
1350 1268 1691 1325 vocaverim
1719 1271 1778 1324 et
1805 1267 1880 1323 de
1921 1268 2083 1337 prio-

420 1360 587 1415 ribus
611 1359 826 1414 studiis
847 1360 1215 1428 paucissima
1245 1359 1557 1415 recordari
1584 1357 1864 1413 dixerim.

418 1468 571 1539 (108)
599 1467 865 1536 Spiritus
895 1467 990 1523 hic
1018 1472 1255 1523 resonat
1279 1479 1301 1537 ;
1331 1482 1449 1522 non
1479 1482 1571 1521 me
1608 1466 1906 1521 dementia
1957 1469 2079 1519 tor-

1828 1554 2006 1624 [quet.

491 1666 554 1718 In
585 1677 835 1735 corpore
865 1661 977 1717 isto
1045 1677 1183 1717 meo
1216 1665 1304 1717 est
1331 1665 1389 1717 et
1412 1676 1653 1717 mecum
1686 1658 1920 1715 habitat
1949 1656 2078 1714 ani-

417 1767 522 1807 ma
538 1750 787 1808 rationis
814 1767 1087 1823 compos,
1121 1750 1292 1822 cujus
1321 1749 1615 1806 beneficio
1646 1752 1703 1804 et
1740 1763 1925 1821 opera
1954 1746 2081 1817 tibi,

416 1858 540 1910 rex,
573 1841 807 1915 loquor.
833 1840 1067 1910 Anima,
1100 1841 1376 1914 inquam,
1399 1857 1535 1913 quae
1564 1839 1653 1895 vel
1675 1838 1807 1912 ipso
1837 1837 2081 1893 nomine

415 1936 698 1988 naturam
726 1946 901 1987 suam
922 1930 1150 1987 indicat
1174 1934 1352 2003 atque
1383 1934 1651 1986 testatur.
1675 1929 1894 1985 Anima
1920 1927 2081 1983 enim

417 2019 690 2093 spiritum
717 2023 1086 2092 ventumque
1100 2018 1624 2092 signiﬁcat.Neque
1645 2034 1785 2074 vero
1809 2020 2081 2073 senectus

416 2108 673 2166 delirum
702 2124 821 2178 me,
854 2112 958 2164 aut
986 2124 1205 2181 parum
1229 2123 1390 2164 sanae
1419 2107 1654 2176 mentis,
1685 2107 2081 2163 dementemve

414 2197 693 2266 reddidit,
723 2197 807 2253 uti
837 2212 1021 2269 supra
1043 2196 1264 2253 dixisti.

414 2306 563 2377 (109)
592 2306 663 2360 Si
690 2310 917 2361 natura
942 2320 1147 2361 senum
1179 2306 1355 2376 cogit,
1388 2320 1507 2361 non
1538 2304 1754 2374 culpor
1778 2308 1969 2360 acute.

489 2409 547 2466 Si
575 2409 1098 2482 quemadmodum
1129 2410 1349 2481 dixisti,
1396 2426 1521 2478 rex,
1582 2425 1672 2477 ea,
1723 2412 1812 2465 est
1864 2411 2080 2464 natura

416 2498 735 2555 senectutis
758 2502 1036 2555 extremae
1065 2502 1131 2555 ut
1184 2498 1448 2555 insanire
1500 2502 1604 2554 aut
1668 2497 1879 2553 saltem
1932 2495 2079 2552 deli-

414 2604 550 2645 rare
578 2603 690 2644 nos
716 2591 913 2659 cogat,
947 2587 1103 2644 male
1125 2593 1182 2644 et
1204 2588 1329 2644 sine
1352 2604 1537 2644 causa
1563 2586 1774 2659 objicis
1812 2584 1959 2641 mihi
1989 2584 2077 2640 vi-

415 2677 564 2734 tium
594 2676 761 2750 quod
792 2676 867 2733 sit
884 2693 1008 2733 non
1038 2692 1332 2749 personte,
1369 2677 1475 2732 sed
1526 2676 1752 2744 aetatis;
1811 2678 1868 2731 et
1913 2674 2080 2747 quod

414 2783 596 2823 senex
624 2781 757 2835 ego,
787 2765 1020 2822 tametsi
1066 2764 1243 2821 valde
1273 2765 1452 2821 velim
1479 2771 1535 2821 et
1578 2764 1839 2838 cupiam,
1890 2763 2078 2820 vitare

412 2871 538 2912 non
562 2854 813 2926 possim.
1600 2846 1603 2853 λ

412 2970 564 3042 (110)
588 2970 847 3025 Naturce
872 2970 1051 3038 ﬁnem
1078 2984 1197 3025 non
1219 2974 1458 3038 ponunt
1492 2976 1621 3026 arte
1654 2972 1838 3040 periti

411 3059 719 3128 Artiﬁcem
752 3058 995 3131 quidam
1026 3059 1237 3115 dicunt
1256 3059 1452 3130 ignem
1483 3060 1797 3130 sapientes.

478 3170 763 3224 Naturam
778 3166 1029 3240 quidam
1045 3168 1196 3224 artis
1203 3167 1391 3238 periti
1404 3168 1497 3224 vel
1514 3170 1831 3239 sapientes,
1848 3167 1963 3224 hoc
1982 3172 2067 3225 est

407 3258 775 3332 philosophi,
806 3256 898 3313 vel
923 3257 1119 3330 sophi,
1161 3256 1455 3315 deﬁniunt
1501 3260 1696 3331 ignem
1751 3259 2062 3327 artiﬁcem,

407 3349 508 3406 alii
557 3350 671 3406 Dei
723 3350 1110 3406 voluntatem.
1161 3350 1301 3414 Quae
1360 3352 1693 3421 sequuntur
1745 3348 2064 3405 divisiones

404 3438 834 3512 philosophicas
872 3437 947 3494 de
979 3437 1244 3506 naturis;
1276 3454 1413 3510 quas
1455 3437 1597 3494 item
1644 3438 1718 3495 de
1748 3453 2065 3508 argumen-

405 3527 626 3583 tatione
648 3526 815 3583 omni
844 3529 947 3582 aut
975 3526 1320 3583 necessaria
1345 3530 1449 3582 aut
1476 3526 1798 3600 probabili,
1841 3530 1898 3584 et
1925 3542 2062 3599 quas

402 3614 480 3671 de
529 3629 670 3671 vero
698 3614 968 3686 aliisque,
995 3630 1180 3688 opera
1204 3618 1410 3672 nostra
1433 3620 1491 3671 et
1518 3616 1887 3689 expositione
1936 3630 2062 3671 non

398 3702 690 3775 indigent.

472 3796 624 3867 (111)
662 3796 915 3864 Territa,
938 3800 1225 3853 naturam
1241 3798 1459 3866 vitans,
1492 3797 1714 3867 effatur
1740 3797 1949 3853 asella.

470 3885 675 3956 Asina,
706 3884 902 3958 angeli
931 3885 1202 3956 gladium
1231 3885 1499 3943 strictum
1546 3886 1892 3943 intentantis
1914 3901 2058 3943 con-

398 3981 608 4051 spectu
635 3975 857 4044 territa,
880 3974 1151 4033 inaudito
1181 3974 1457 4048 prodigio
1506 3975 1751 4034 Balaam
1808 3975 2058 4032 domino

396 4065 599 4123 locuta
629 4070 735 4123 est.

397 4154 545 4224 (112)
566 4155 806 4210 Fabula
835 4170 954 4210 non
975 4156 1201 4212 similat
1232 4171 1459 4226 verum,
1491 4172 1598 4213 nec
1644 4156 1870 4212 dicitur
1917 4170 2052 4212 esse.

467 4240 694 4298 Fabula
745 4242 871 4299 veri
920 4259 1042 4299 non
1096 4249 1185 4300 est
1242 4245 1473 4309 similis,
1516 4262 1625 4302 nec
1679 4261 1891 4301 verum
1949 4260 2054 4300 vo-

395 4334 565 4388 catur
613 4333 717 4387 aut
766 4331 1039 4387 habetur.
1097 4332 1188 4389 Sic
1246 4336 1407 4408 apud
1457 4335 1760 4390 Ardonem
1801 4333 1861 4389 in
1928 4334 2055 4389 Vita

393 4418 692 4476 Benedicti
723 4418 969 4475 Anianze
1019 4419 1298 4489 abbatis;
1346 4438 1504 4495 saepe
1550 4422 1809 4477 similare
1863 4437 2055 4495 equus
2095 4441 2137 4496 ι)

391 4525 620 4585 equum
651 4508 815 4566 solet.
840 4507 1020 4582 Apud
1043 4509 1295 4566 Paulum
1319 4528 1332 4566 :
1356 4512 1545 4582 Equae
1575 4527 1723 4583 quas
1752 4511 2048 4568 similatis.

388 4630 476 4687 Ex
502 4628 771 4685 similare
799 4625 1050 4682 fecimus
1076 4617 1327 4682 sembler
1349 4628 1407 4682 et
1433 4627 1799 4684 ressembler.

386 4717 537 4791 (113)
592 4717 810 4774 Naenia
867 4716 1044 4772 nulla
1098 4730 1311 4786 meum,
1370 4730 1477 4772 nec
1522 4716 1761 4787 fabula,
1832 4718 2053 4775 mulcet

1669 4807 1974 4877 [amorem

460 4924 699 4981 Nmnias
729 4923 852 4979 sive
872 4921 1146 4995 ineptias,
1171 4924 1228 4978 et
1254 4921 1493 4978 fabulas
1514 4922 1634 4979 odi.

384 5042 433 5113 (1
451 5042 530 5111 14)
556 5043 707 5097 Jure
730 5040 1049 5110 salutifero
1069 5040 1363 5109 sapientes
1393 5046 1447 5095 et
1476 5041 1773 5097 moderati

380 5131 650 5186 Praemia
679 5131 774 5186 vel
790 5144 1004 5200 pcenas
1032 5135 1308 5201 quaerant
1334 5145 1360 5202 ,°
1378 5131 1612 5187 ratione
1631 5137 1903 5201 potentes

381 5217 723 5286 Accipiant,
758 5220 913 5288 :equi
937 5220 1029 5275 vel
1058 5219 1205 5290 quid
1222 5220 1551 5289 patiantur
1578 5221 1789 5292 iniqui.

456 5332 692 5389 Mutavit
710 5332 822 5387 hos
841 5334 995 5390 duos
1016 5352 1224 5392 versus
1241 5352 1311 5393 ex
1338 5341 1506 5410 parte
1525 5336 1729 5411 aliqua
1743 5339 2040 5397 Adalbero

382 5439 523 5481 eum
541 5422 603 5479 in
635 5421 887 5478 modum
919 5441 931 5479 :

371 5540 624 5610 Legibus
653 5538 865 5607 edocti,
899 5540 1194 5608 sapientes
1221 5546 1275 5596 et
1304 5541 1600 5598 moderati

370 5630 636 5691 Praemia
668 5630 760 5684 vel
775 5643 990 5697 plenas
1010 5637 1282 5699 quaerant
1310 5642 1331 5697 ,'
1371 5631 1607 5687 ratione
1631 5631 1817 5701 ﬁdeli,
1852 5637 1961 5689 etc.

375 5717 421 5786 (1
439 5717 524 5785 15)
551 5717 630 5773 Et
658 5717 823 5773 mala
850 5717 1203 5786 defendant,
1226 5718 1473 5773 veniunt
1498 5721 1868 5778 extrinsech
1898 5723 2029 5779 illa.

2200 447 2340 501 179:

2193 534 2353 603 quod
2369 536 2490 591 scio
2514 536 2847 606 defendunt
2885 553 2898 592 :
2924 536 3086 608 quod
3114 536 3328 604 nescio,
3363 537 3609 593 cedunt.

2192 622 2433 680 Mutavit
2460 627 2517 680 et
2541 625 2704 681 hunc
2732 641 2979 681 versum
3009 624 3307 681 Adalbero
3332 640 3403 682 eo
3428 625 3623 682 modo
3654 643 3671 681 :

2195 710 2335 778 Qua:
2362 715 2527 771 mala
2556 714 2909 783 dissolvunt,
2940 731 3073 786 qua
3103 721 3242 771 sunt
3274 716 3656 772 extrinsecus
3703 721 3844 772 acta.

2190 802 2339 874 (116)
2363 804 2633 860 Oratoris
2653 805 2803 862 inest
2831 804 2957 874 tibi,
2999 820 3128 874 rex,
3161 820 3435 861 concessa
3461 806 3762 875 facultas.

2189 890 2368 948 Nunc
2395 893 2810 966 demonstras;
2841 900 2964 949 tum
2987 893 3280 950 deliberat
3310 894 3455 950 ordo
3465 900 3789 964 potentum

2188 981 2525 1039 Discutiens
2553 984 2920 1053 afﬁrmative
2948 1000 3082 1040 cum
3114 984 3406 1054 religiosis

2188 1071 2463 1140 Judiciis,
2493 1087 2531 1128 a
2556 1088 2671 1144 quo
2697 1074 2931 1143 possint
2970 1088 3061 1129 res
3092 1074 3377 1143 inﬁciari.

2261 1161 2391 1217 Tria
2417 1178 2740 1218 causarum
2789 1178 3012 1233 genera
3063 1162 3339 1233 designat
3390 1160 3723 1233 Adalbero,
3765 1164 3840 1220 de-

2189 1253 2668 1323 monstrativum,
2689 1268 2812 1325 quo
2836 1252 2970 1309 laus
2993 1257 3051 1308 et
3074 1252 3427 1326 vituperatio
3467 1253 3803 1309 continetur
3828 1273 3839 1319 ;

2190 1338 2669 1410 deliberativum,
2742 1344 2799 1397 et
2844 1340 3187 1412 judiciale;
3264 1341 3467 1413 aitque
3526 1341 3837 1399 Robertum

2190 1430 2554 1487 Francorum
2584 1446 2808 1501 regem,
2841 1431 2946 1504 qui
2976 1436 3165 1488 artem
3185 1431 3513 1488 oratoriam
3568 1433 3744 1502 norit,
3790 1433 3836 1488 in

2190 1520 2586 1577 conventibus
2628 1521 2820 1592 gentis
2870 1521 3301 1592 demonstrare,
3349 1538 3486 1595 quae
3537 1522 3749 1595 probet
3790 1528 3835 1578 et

2188 1607 2465 1665 facienda
2493 1611 2721 1678 iudicet
2755 1627 2766 1665 :
2802 1614 2927 1666 tum
2958 1610 3033 1666 de
3070 1610 3164 1666 his
3189 1626 3471 1684 proceres
3497 1611 3830 1669 deliberare.

2123 1725 2163 1780 Β
2192 1699 2351 1756 Ordo
2368 1706 2701 1771 potentum,
2735 1705 2875 1757 sunt
2894 1700 3183 1774 episcopi,
3226 1700 3500 1769 abbates,
3554 1705 3615 1757 et
3642 1701 3828 1774 princi-

2188 1805 2317 1862 pes,
2344 1790 2740 1863 optimatesve
2772 1789 3109 1857 saeculares,
3139 1790 3424 1846 nimirum
3452 1789 3669 1859 duces,
3697 1808 3829 1847 mar-

2189 1879 2456 1949 chiones,
2489 1880 2757 1937 comites.
2787 1883 2923 1936 Post
2951 1880 3229 1936 ultimum
3256 1896 3506 1937 versum
3562 1884 3679 1937 tres
3727 1897 3825 1938 ver-

2190 1986 2294 2025 sus
2324 1969 2475 2025 erasi
2502 1970 2564 2025 in
2596 1969 2799 2026 codice
2824 1968 3258 2026 desiderantur.

2186 2059 2334 2132 (117)
2364 2059 2562 2116 Antea
2590 2076 2683 2116 res
2708 2061 2915 2132 quales
2954 2060 3143 2127 nobis,
3170 2061 3500 2118 translatio
3526 2063 3684 2132 ﬁnis,

2185 2148 2266 2203 Et
2285 2151 2647 2218 conjectura
2677 2166 2792 2221 quo
2824 2150 3252 2206 discernantur
3271 2156 3531 2220 oportet.

2256 2241 2443 2293 Antea
2471 2242 2724 2310 aportet,
2750 2242 2814 2293 ut
2869 2238 3289 2294 discernantur
3343 2255 3380 2295 a
3423 2239 3609 2295 nobis
3654 2254 3819 2295 rerum

2184 2325 2463 2399 qualitas,
2493 2326 2824 2397 translatio,
2851 2325 2988 2383 ﬁnis
3009 2332 3065 2383 et
3093 2327 3474 2398 conjecturae.

2185 2417 2336 2484 (H8)
2358 2416 2629 2483 Quatuor
2650 2416 2758 2472 has
2779 2432 2898 2473 non
2929 2418 3211 2489 invenies,
3224 2432 3372 2489 quas
3384 2418 3558 2475 hicce
3577 2418 3812 2491 requiris.

2258 2505 2636 2574 Qualitatem,
2671 2506 3142 2575 translationem,
3159 2506 3340 2564 ﬁnem
3368 2511 3425 2564 et
3449 2510 3809 2581 conjecturas.

2187 2594 2333 2666 (H9)
2369 2596 2503 2652 Rite
2522 2595 2703 2665 pedes
2726 2596 2956 2667 posui;
2981 2602 3183 2667 surget
3213 2596 3355 2652 dum
3395 2598 3615 2667 ﬁgitur
3664 2598 3807 2653 alter.

2255 2684 2453 2754 Surgit
2475 2683 2624 2740 alter
2646 2684 2892 2757 pedum,
2917 2684 3065 2741 dum
3087 2684 3234 2741 alter
3260 2684 3485 2755 ﬁgitur.

2184 2790 2331 2863 (120)
2379 2792 2658 2849 Pandere
2705 2808 2845 2861 non,
2906 2796 3183 2861 moriens,
3250 2809 3355 2850 nos
3425 2793 3558 2852 haec
3618 2798 3805 2850 natura

3539 2885 3745 2957 [coegit

2250 2975 2379 3028 Non
2402 2971 2531 3028 haec
2561 2987 2672 3028 nos
2694 2972 2994 3047 capularis
3024 2977 3315 3043 senectus,
3338 2974 3436 3047 [et]
3483 2980 3685 3032 natura
3723 2971 3801 3027 de-

2110 3082 2149 3137 C
2179 3059 2290 3117 lira
2316 3077 2615 3135 exponere
2641 3063 2850 3134 coegit.
2886 3062 2987 3119 Hic
3024 3078 3232 3118 versus
3287 3063 3670 3122 Adalberonis
3703 3077 3798 3118 ros-

2175 3150 2404 3224 pondet
2426 3151 2565 3207 huic
2592 3152 2748 3223 regis
2773 3152 2848 3208 de
2877 3151 3252 3209 Adalberone
3282 3155 3483 3211 versui
3513 3172 3527 3211 :

2176 3256 2327 3312 Haec
2359 3260 2585 3312 natura
2613 3257 2928 3313 senectutis
2953 3256 3177 3314 dixisse
3194 3257 3515 3327 probatur.

2174 3344 2324 3416 (121)
2346 3346 2543 3417 Digne
2567 3347 2847 3409 tristaris,
2872 3348 2980 3419 qui
3005 3363 3118 3405 rex
3141 3349 3365 3404 servire
3383 3349 3625 3420 juberis.

2244 3452 2345 3509 Hic
2370 3453 2765 3511 Adalberonis
2794 3470 3001 3511 versus
3052 3454 3303 3511 refertur
3330 3455 3409 3512 ad
3462 3453 3784 3528 superiorem

2170 3542 2423 3598 alterum
2453 3542 2726 3615 ejusdem
2753 3560 2767 3599 :

2170 3650 2299 3705 Rea:
2318 3654 2373 3705 et
2394 3652 2705 3719 pontiﬁces
2729 3652 2914 3707 servis
2944 3654 3165 3709 servire
3195 3653 3481 3709 videntur.

2167 3736 2313 3811 (122)
2332 3739 2602 3810 Regnum
2631 3741 3031 3810 Francorum,
3056 3757 3241 3813 reges,
3282 3741 3389 3798 sub
3417 3746 3645 3810 tempore
3684 3749 3781 3807 Ρα-

3563 3829 3717 3901 [trum

2165 3916 2485 3988 Subjugat,
2510 3923 2565 3975 et
2589 3934 2819 3990 semper
2841 3919 3089 3977 sublimi
3116 3920 3305 3990 pollet
3333 3920 3568 3976 honore.

2239 4024 2597 4095 Clodoveus,
2626 4042 2731 4083 rex
2763 4030 3148 4095 Francorum,
3179 4043 3435 4099 regnum
3459 4027 3780 4083 Alamanno-

2165 4130 2302 4171 rum
2332 4114 2395 4171 in
2423 4120 2591 4189 parte
2610 4116 2961 4187 Germaniae,
2988 4131 3366 4190 regnumque
3387 4115 3780 4188 Visigothorum

2160 4202 2226 4259 in
2247 4204 2569 4276 Aquitania
2597 4205 2822 4274 evertit,
2869 4221 2939 4262 ac
2972 4222 3095 4262 suae
3116 4205 3326 4261 ditioni
3372 4205 3653 4277 subjecit;
3679 4201 3780 4271 ejus

2160 4293 2266 4349 ﬁlii
2291 4310 2416 4367 prae
2447 4295 2672 4351 caeteris
2698 4311 2885 4367 regna
2918 4295 3417 4367 Burgundionum
3470 4300 3530 4352 et
3550 4292 3783 4360 Turingo-

2164 4398 2321 4451 rum,
2353 4382 2675 4441 interfectis
2704 4384 2970 4455 regibus,
3001 4389 3394 4457 occuparunt.
3419 4383 3656 4441 Carolus
3678 4393 3779 4437 ma-

2166 4487 2321 4542 gnus
2348 4488 2601 4544 regnum
2634 4472 3170 4545 Longobardorum
3198 4473 3258 4529 in
3290 4472 3479 4543 Italia,
3520 4476 3681 4545 capto
3702 4471 3782 4524 De-

2162 4560 2381 4617 siderio
2409 4578 2568 4633 rege,
2601 4561 2875 4631 obtinuit,
2908 4566 2965 4619 et
2991 4578 3247 4633 regnum
3295 4564 3644 4619 Hunnorum
3668 4560 3783 4612 Ava-

2162 4666 2299 4706 rum
2348 4650 2409 4707 in
2469 4650 2801 4723 Pannonia,
2857 4653 3123 4708 Saxones
3174 4654 3415 4722 gentem
3492 4645 3779 4707 Germaniae

2158 4739 2595 4797 validissimam
2624 4745 2682 4797 et
2707 4739 3062 4810 maximam,
3112 4739 3416 4811 Bajoarios
3458 4739 3715 4806 rebelles,
3739 4738 3781 4790 et

2159 4829 2573 4887 Sclavinorum
2601 4847 2707 4888 seu
2732 4830 3108 4888 Venedorum
3125 4834 3400 4886 nationes
3422 4828 3647 4903 aliquot
3671 4821 3781 4881 sub-

2156 4920 2292 4989 egit.

2156 5008 2297 5080 (123)
2326 5010 2551 5081 Regum
2580 5015 2838 5079 sceptra,
2865 5013 3113 5080 patrum
3145 5009 3377 5065 nullius
3404 5013 3637 5078 sceptra
3655 5013 3780 5060 coer-

3581 5107 3718 5151 cens.

2224 5189 2411 5258 Reges
2436 5190 2802 5244 Francorum
2839 5186 2988 5243 nulli
3041 5201 3316 5259 unquam
3365 5189 3616 5259 sceptro,
3658 5173 3776 5237 nulli
3888 5176 3889 5207 ‘

2151 5275 2318 5333 alteri
2342 5277 2470 5348 regi
2498 5282 2602 5335 aut
2623 5277 2971 5352 imperatori
2994 5276 3243 5348 subjecti
3272 5280 3410 5332 sunt
3441 5292 3455 5330 :
3495 5271 3655 5349 quod
3694 5280 3774 5321 τοο

2147 5382 2284 5422 rum
2297 5369 2355 5422 et
2369 5367 2662 5424 memoria
2689 5366 3114 5438 dignissimum
3133 5368 3239 5434 est,
3255 5368 3313 5421 et
3336 5359 3769 5421 observandum-

2147 5457 2294 5511 Eam
2323 5455 2384 5511 in
2405 5472 2531 5512 rem
2544 5456 2814 5514 notanda
2831 5460 2973 5512 sunt
2994 5455 3158 5529 apud
3174 5453 3599 5513 Flodoardum.
3616 5450 3673 5506 in
3688 5443 3771 5501 lib-

2145 5561 2219 5614 ιν,
2253 5561 2385 5619 cap.
2411 5551 2463 5615 5,
2500 5546 2771 5603 Fulconis
2798 5546 3105 5603 Remensis
3135 5543 3565 5618 archiepiscopi
3593 5537 3666 5597 ad
3694 5538 3775 5589 Ar-

2145 5635 2401 5705 nulfum,
2435 5651 2638 5707 regem
2669 5637 3191 5694 Transrhenanum
3222 5635 3427 5703 verba,
3473 5649 3606 5707 quae
3659 5621 3770 5682 iam

2144 5728 2283 5780 sunt
2311 5743 2324 5780 :
2358 5747 2387 5777 «
2421 5729 2500 5782 De
2528 5742 2600 5784 eo
2619 5742 2865 5800 quoque
2879 5726 3048 5801 quod
3063 5725 3188 5783 sine
3208 5724 3398 5798 ipsius
3418 5717 3637 5780 Amulli
3655 5727 3768 5772 con'
