3994 6166
199 172 300 227 817

1149 140 1448 227 unum
1486 170 1585 225 AD
1626 167 1998 224 ROBERTUM
2035 169 2287 225 REGEM.
2329 200 2398 210 —
2437 174 2661 230 now.

3540 181 3644 238 818

200 291 330 347 silio
357 290 839 364 praesumpserint
867 290 1382 363 agere(Carolum
1408 309 1608 365 regem
1634 292 1859 363 facere)
1899 295 1941 348 A
1976 292 2265 365 dinesque
2296 309 2488 351 novas
2518 298 2746 370 populo
2793 315 2917 355 non
2969 299 3283 373 inﬂigeret,
3333 316 3531 375 neque
3556 305 3644 361 ul-

195 397 425 438 morem
456 383 817 437 Francorum
847 380 1035 451 gentis
1068 383 1298 440 asserit
1328 389 1563 441 secutos
1603 398 1665 438 se
1714 382 1861 437 fuis-

195 486 277 540 se,
310 484 564 543 quorum
592 484 727 525 mos
752 484 985 543 semper
1011 469 1197 528 fuerit
1225 477 1313 541 ut,
1345 489 1484 544 rege
1514 472 1859 540 decedente,

195 559 381 617 alium
407 557 482 615 de
506 558 662 629 regis
691 558 868 632 stirpe
887 558 981 615 vel
997 563 1408 631 successione,
1438 563 1565 619 sine
1589 565 1863 635 respectu

193 647 288 706 vel
310 647 764 718 interrogatione
812 649 1180 722 cujusquam
1233 653 1484 725 majoris
1527 656 1631 709 aut
1655 654 1863 725 poten-

195 736 359 794 tioris
387 736 543 805 regis
572 736 871 806 eligerent.
917 759 945 788 »

196 846 347 919 (124)
386 846 613 917 Quique
661 850 832 917 regit,
883 848 1160 918 gaudens
1222 850 1543 906 virtutibus
1605 852 1862 921 imperat

268 1029 335 1082 Et
361 1024 466 1099 qui
503 1041 760 1094 regnum
815 1025 962 1082 illud
1015 1030 1385 1085 Francorum
1431 941 1859 1100 regit[,$31:l:ltis

192 1114 553 1189 magnisque
572 1114 885 1171 virtutibus
901 1116 1189 1189 prteditus
1205 1122 1390 1185 est,ac
1410 1118 1563 1174 bene
1576 1119 1861 1191 justeque

192 1207 467 1280 imperat.
502 1207 637 1261 Haec
661 1204 735 1260 de
760 1205 1018 1263 Roberto
1047 1206 1184 1281 ipso
1216 1223 1357 1278 rege
1390 1210 1752 1265 Francorum
1783 1207 1861 1264 ab

191 1294 569 1352 Adalberone
594 1293 891 1350 dicuntur.

192 1406 348 1471 (125)
385 1403 671 1460 Nouimus
685 1403 1004 1473 imperium
1020 1406 1155 1473 jam
1172 1404 1408 1475 regibus
1420 1420 1541 1461 esse
1556 1406 1856 1475 fugatum.

269 1510 502 1569 Scimus
531 1509 919 1584 imperatores
950 1528 987 1568 a
1015 1511 1257 1582 regibus
1287 1514 1650 1568 Francorum
1674 1512 1736 1568 in
1766 1511 1858 1567 fu-

195 1616 339 1671 gam
370 1600 675 1671 conjectos
697 1604 753 1656 et
774 1599 998 1656 ﬁnibus
1028 1602 1153 1656 suis
1182 1601 1465 1674 expulsos
1496 1617 1648 1657 esse.
1684 1601 1860 1658 Nimi-

192 1707 333 1748 rum
386 1705 549 1747 anno
592 1693 694 1746 978
735 1690 1065 1757 Lotharius,
1122 1694 1487 1747 Francorum
1531 1708 1655 1759 rex,
1690 1691 1858 1747 Metis

192 1780 470 1853 receptis,
501 1795 642 1835 cum
670 1795 895 1850 magno
922 1779 1180 1836 exercitu
1209 1780 1282 1836 de
1304 1780 1629 1853 improviso
1660 1796 1861 1853 super-

193 1869 466 1940 veniens,
492 1868 915 1942 imperatorcm
947 1870 1223 1925 Ottonem
1259 1869 1562 1925 Juniorem
1593 1885 1666 1925 ex
1691 1869 1858 1942 pala-

193 1958 281 2015 tio
312 1957 671 2032 Aquisgrani
700 1973 823 2015 una
848 1974 987 2013 cum
1018 1958 1273 2029 conjuge
1302 1957 1620 2031 profugere
1646 1957 1856 2028 coegit.

198 2050 399 2115 Quem
441 2046 652 2104 eodem
682 2062 843 2103 anno
886 2063 1025 2105 cum
1056 2046 1365 2117 sexaginta
1403 2046 1667 2104 millibus
1705 2046 1861 2116 mili-

193 2141 329 2195 tum
361 2136 668 2193 Franciam
714 2136 1073 2207 ingressum,
1132 2141 1190 2193 et
1237 2141 1579 2204 Remorum,
1626 2136 1860 2193 Laudu-

186 2226 481 2283 nensium
510 2242 581 2282 ac
608 2225 1001 2282 Suessionum
1020 2225 1180 2298 agris
1194 2226 1704 2294 vastatis,Lutetiaa
1721 2226 1860 2282 sub-

185 2317 502 2374 urbanum
548 2315 867 2372 incendere
924 2332 1163 2385 ausum,
1194 2332 1320 2387 rex,
1356 2317 1605 2386 Hugone
1645 2314 1860 2372 comite

182 2405 555 2464 Parisiorum
585 2409 645 2461 et
671 2405 924 2461 Henrico
952 2404 1105 2461 duce
1137 2405 1656 2475 Burgundionum,
1674 2404 1860 2461 maxi-

179 2496 435 2569 misque
481 2494 669 2568 copiis
696 2494 903 2563 fretus,
953 2494 1157 2565 fugere
1188 2494 1498 2567 compulit,
1529 2510 1639 2551 nec
1665 2509 1861 2566 usque

180 2585 275 2644 ad
304 2586 579 2641 Axonam
612 2583 798 2640 modo
857 2584 1321 2651 Suessionicum,
1373 2583 1474 2639 ubi
1517 2583 1759 2657 plurimi
1801 2582 1860 2639 vi

176 2672 460 2730 ﬂuminis
488 2672 767 2747 oppressi
797 2672 1118 2745 perierunt,
1178 2672 1285 2728 sed
1329 2671 1507 2728 etiam
1556 2687 1751 2745 usque
1782 2671 1862 2728 ad

178 2763 428 2819 Mosam
456 2760 729 2834 ﬁnesque
754 2760 925 2832 regni
952 2760 1217 2818 Francici
1248 2760 1445 2817 triduo
1488 2764 1545 2817 et
1587 2760 1860 2816 trinoctio

178 2852 619 2923 imperatorem
653 2853 744 2906 est
766 2849 1094 2921 insecutus,
1152 2852 1219 2906 ut
1260 2850 1658 2918 Hermannus,
1699 2847 1859 2918 Sige-

1901 1661 1941 1714 Β

1971 381 2095 438 lam
2120 398 2345 439 novam
2376 384 2817 444 ordinationem
2847 405 2984 461 quae
3010 389 3335 462 pertineret
3386 390 3466 446 ad
3510 409 3647 466 spo-

1970 471 2139 527 lium.
2176 495 2204 522 ››
2235 475 2302 529 Et
2341 474 2742 543 Leodegarius
2794 477 3359 547 Augustodunensis
3388 481 3643 554 episco-

1970 577 2086 634 pus
2119 561 2531 619 Childericum
2562 565 2958 621 monarcham
3004 569 3369 623 Francorum
3414 572 3642 643 arguit,

1971 650 2138 722 quod
2165 652 2319 722 leges
2347 657 2405 708 et
2431 654 2887 709 consuetudines
2912 656 3165 723 patrias,
3213 672 3364 726 quas
3404 674 3641 716 conser-

1973 755 2117 797 vare
2137 747 2533 811 prxceperat,
2569 749 2691 799 tam
2718 743 2913 798 subito
2965 744 3354 801 immutasset.
3394 749 3640 805 Carolus

1972 846 2217 902 quoque
2276 830 2487 887 Calvus
2539 847 2699 887 anno
2752 835 2876 900 869,
2932 831 3089 887 Metis
3138 836 3525 892 coronandus
3577 839 3639 893 in

1971 918 2222 974 ecclesia
2256 920 2453 975 Sancti
2505 920 2809 993 Stephani,
2871 921 3099 976 cunctis
3151 922 3639 980 Lothariensibus

1970 1008 2076 1081 qui
2106 1008 2358 1065 aderant
2385 1010 2758 1066 denuntiavit
2778 1027 2839 1065 se
2865 1010 3191 1083 unicuique
3217 1028 3464 1068 suorum
3496 1013 3642 1069 ﬁde-

1970 1096 2118 1152 lium
2149 1098 2210 1153 in
2241 1116 2351 1154 suo
2395 1100 2625 1168 ordine,
2678 1100 3014 1155 secundum
3065 1099 3180 1155 sibi
3233 1106 3642 1175 competentes

1968 1184 2153 1255 leges,
2186 1190 2311 1242 tam
2339 1186 2772 1242 ecclesiasticas
2800 1203 2988 1259 quam
3030 1188 3396 1257 mundanas,
3442 1190 3641 1259 legem

1971 1279 2030 1330 et
2052 1275 2345 1346 justitiam
2375 1281 2894 1345 conservaturum,
2924 1276 3203 1333 Ludovici
3243 1279 3373 1349 ejus
3399 1277 3505 1333 ﬁlii
3529 1294 3639 1334 an-

1970 1379 2052 1419 no
2080 1366 2180 1420 877
2208 1364 2270 1420 in
2287 1365 2511 1437 palatio
2543 1365 2914 1438 Compendio
2937 1366 3289 1434 coronandi,
3318 1366 3639 1440 promissio

1970 1453 2051 1510 ad
2076 1453 2393 1527 episcopos
2422 1454 2554 1511 talis
2580 1458 2667 1510 est
2696 1473 2708 1510 :
2743 1477 2770 1503 «
2804 1455 3084 1511 Promitto
3133 1459 3190 1511 et
3233 1455 3507 1529 perdono
3536 1472 3639 1512 vo-

1969 1542 2064 1599 bis
2107 1543 2253 1616 quia
2306 1543 2627 1616 unicuique
2682 1544 2756 1600 de
2804 1544 3000 1616 vobis,
3050 1548 3107 1600 et
3154 1544 3429 1600 Ecclesiis
3465 1545 3638 1602 vobis

1971 1633 2311 1689 commissis
2341 1633 2700 1688 canonicum
2729 1632 3132 1705 privilegium,
3171 1639 3229 1689 et
3255 1633 3525 1690 debitam
3557 1634 3639 1691 le-
3724 1659 3733 1669 -

1970 1739 2109 1795 gem
2138 1727 2316 1796 atque
2338 1723 2632 1795 justitiam
2659 1723 3037 1779 conservabo
3091 1728 3147 1780 et
3198 1722 3633 1795 defensionem,

1968 1817 2264 1887 quantum
2298 1817 2568 1885 potuero,
2600 1812 2921 1883 adjuvante
2952 1812 3227 1884 Domino,
3260 1813 3578 1870 exhibebo.
3608 1839 3635 1865 ››

1971 1901 2261 1958 Eamdem
2286 1901 2349 1957 in
2373 1900 2564 1957 tribus
2594 1899 2903 1957 codicibus
2933 1900 3229 1957 veteribus
3272 1916 3486 1971 regum
3533 1918 3640 1957 no-

1970 1995 2232 2047 strorum
2260 1989 2716 2062 responsionem
2745 1989 2825 2045 ad
2855 1989 3169 2062 episcopos
3190 1989 3639 2062 reperi.Eadem

1969 2079 2321 2152 eisdemque
2345 2077 2544 2134 verbis
2574 2082 2866 2151 concepta
2893 2082 2979 2134 est
3005 2079 3283 2148 Philippi
3306 2079 3637 2152 septennis,

1970 2185 2112 2224 mox
2143 2166 2324 2224 futuri
2349 2168 2505 2237 regis
2532 2168 2934 2237 Francorum,
2958 2182 3120 2223 anno
3153 2166 3385 2235 1059,in
3406 2167 3639 2238 majore

1970 2258 2231 2314 Ecclesia
2260 2261 2583 2313 Remorum
2612 2256 2906 2329 professio
2937 2275 2949 2325 ;
2999 2255 3104 2329 qui
3133 2259 3189 2312 et
3216 2257 3386 2313 addit
3407 2256 3639 2330 populo

1969 2347 2082 2403 sibi
2113 2347 2336 2403 credito
2364 2362 2425 2401 se
2450 2345 2963 2419 dispensationem
2992 2345 3195 2415 legum
3233 2347 3295 2401 in
3349 2362 3458 2402 suo
3500 2346 3638 2417 jure

1970 2436 2395 2493 consistentem
2454 2451 2563 2491 sua
2618 2435 2964 2491 auctoritate
3022 2451 3473 2503 concessurum,
3518 2435 3637 2490 hoc

1970 2528 2075 2591 est,
2118 2527 2183 2581 ut
2218 2526 2377 2579 Boso
2425 2540 2529 2579 rex
2569 2523 2918 2592 designatus
2971 2522 3070 2590 ait,
3113 2525 3385 2579 omnibus
3446 2525 3632 2593 legem

1969 2614 2264 2683 iustitiam
2290 2618 2344 2669 et
2366 2619 2593 2670 rectum
2625 2612 3119 2668 mundiburdium
3167 2617 3549 2667 servaturum
3576 2616 3635 2667 et

1969 2704 2400 2773 impensarum.

1972 2831 2123 2901 (128)
2162 2832 2287 2886 Lex
2308 2829 2514 2884 divina
2541 2832 2871 2899 vetat,qux
2897 2826 3148 2897 corrigit
3166 2826 3323 2881 inter
3348 2830 3634 2897 utrasque

173 2941 421 3008 b61113,
466 2938 815 2996 (3011181111113
856 2938 1282 3010 Νθηϐίᾶοθηείε
1332 2938 1649 3012 (umerique
1692 2938 1863 2995 οῙΙΥο·
1906 3013 1940 3027 Α
1972 2956 2131 3013 Alias
2162 2954 2376 3025 legitur
2406 2952 2875 3027 superscriptum
2906 2970 2919 3009 :
2962 2954 3090 3009 Lex
3118 2956 3201 3007 est
3230 2965 3354 3007 una
3378 2957 3585 3007 vetans
3609 2966 3634 3022 ,·

174 3028 494 3103 nographi
546 3027 812 3085 tradunt.
875 3028 984 3085 Sed
1030 3032 1088 3085 et
1144 3044 1308 3085 anno
1360 3032 1495 3085 1006
1544 3028 1860 3085 Rotbertus
1902 3013 1942 3070 Ο

175 3120 350 3195 ipse,
382 3121 749 3175 Francorum
774 3133 899 3187 rex,
945 3116 1240 3175 Richardo
1289 3120 1334 3173 ll
1377 3121 1862 3174 Normannorum

176 3208 349 3264 duce
370 3207 711 3274 comitatus,
746 3205 1063 3263 Henricum
1106 3206 1532 3279 imperatorem
1576 3205 1657 3263 ab
1702 3205 1862 3261 obsi-

176 3296 375 3352 dione
427 3294 915 3352 Valentianorum
969 3294 1248 3359 excussit,
1292 3294 1454 3368 quod
1486 3299 1768 3362 castrum,
1800 3294 1861 3350 in

177 3383 456 3443 conﬁnio
482 3386 855 3441 Francorum
884 3388 942 3441 et
984 3384 1443 3441 Lotharensium
1487 3384 1686 3453 situm,
1738 3383 1863 3439 Bal-

177 3474 416 3531 duinus
442 3472 896 3530 Flandrensium
927 3489 1133 3531 comes
1164 3474 1482 3530 invaserat.

178 3583 342 3655 (126)
384 3583 597 3639 Gratia
621 3597 786 3638 nunc
819 3596 1067 3652 summo,
1100 3597 1213 3653 per
1264 3597 1433 3655 quem
1478 3596 1737 3653 regnare
1762 3596 1858 3651 pe-

1536 3687 1570 3726 r
1650 3676 1671 3726 t
1714 3711 1727 3725 .

178 3761 327 3818 Non
354 3759 580 3817 meritis
606 3760 860 3816 concedo
887 3760 1050 3825 meis,
1084 3764 1193 3816 etc.
1516 3672 1533 3742 [
1572 3685 1645 3741 op
1674 3685 1708 3727 ο

256 3869 492 3926 Gratias
516 3883 635 3939 ago
666 3870 804 3937 Deo,
831 3868 937 3942 qui
961 3883 1059 3925 me
1088 3882 1289 3939 regem
1322 3867 1479 3936 fecit,
1529 3883 1638 3941 per
1676 3882 1860 3940 quem

178 3960 351 4027 vivo,
376 3974 486 4032 per
512 3973 698 4032 quem
728 3972 934 4028 regno.
968 3962 1170 4032 Neque
1199 3957 1359 4014 enim
1408 3957 1634 4014 meritis
1690 3956 1859 4027 meis,

180 4065 329 4124 quae
359 4047 529 4104 nulla
556 4052 696 4103 sunt
724 4051 826 4103 aut
855 4048 1093 4119 exigua,
1126 4052 1361 4104 tantum
1406 4047 1627 4116 tribuo,
1678 4050 1744 4102 ut
1771 4062 1861 4101 re-

182 4154 384 4210 gnum
416 4136 501 4192 eis
530 4136 751 4193 debere
780 4153 875 4193 me
907 4141 1133 4211 putem.
1168 4137 1303 4191 Haec
1335 4136 1521 4192 verba
1554 4140 1694 4192 sunt
1720 4135 1862 4209 piis-

186 4227 335 4284 simi
360 4227 520 4298 regis
569 4242 640 4282 ac
691 4226 1129 4283 demississime
1181 4226 1256 4282 de
1280 4242 1343 4281 se
1366 4226 1670 4283 sentientis
1728 4228 1863 4281 Rot-

182 4317 365 4387 berti,
394 4317 500 4390 qui
529 4316 607 4373 ab
635 4316 919 4388 Helgaldo
952 4321 1271 4390 propterea
1317 4332 1425 4373 rex
1473 4317 1736 4383 humilis,
1769 4315 1859 4370 in-

185 4406 436 4463 terdum
460 4409 518 4461 et
542 4406 913 4462 humillimus
936 4405 1293 4479 appellatur.
1334 4405 1497 4461 Unde
1533 4404 1858 4461 Adalbero-

190 4598 392 4658 supra
424 4602 436 4640 :

186 4677 282 4733 De
309 4675 514 4744 forma
545 4675 689 4730 satis
720 4679 805 4731 est
834 4679 887 4731 et
917 4674 991 4731 de
1014 4675 1237 4731 virtute
1268 4674 1550 4730 locutum.

263 4761 443 4829 Quod
457 4760 745 4835 loquendi
761 4778 950 4833 genus
966 4761 1396 4818 Gallo-Francis
1415 4761 1636 4818 nostris
1661 4760 1864 4817 hodie-

186 4866 319 4925 que
348 4851 411 4905 in
440 4867 559 4906 usu
588 4854 695 4907 est.
728 4850 793 4907 ϐ’
795 4857 880 4908 est
910 4866 1069 4907 assez
1096 4850 1275 4920 parlé
1295 4851 1366 4907 de
1396 4852 1544 4907 cela.
1580 4852 1724 4905 Item
1750 4849 1857 4906 ait:

187 4941 367 4999 Scire
395 4955 588 4996 meum
617 4941 776 4997 nihil
794 4947 879 4997 est
908 4956 929 4996 .’
959 4955 1191 5010 semper
1216 4940 1319 4996 sed
1348 4941 1607 4996 numinis
1638 4940 1805 4996 almi.

190 5030 351 5102 (12³7)
396 5030 469 5086 Ut
497 5030 665 5086 nobis
698 5031 874 5087 liceat
906 5032 1062 5101 leges
1086 5045 1329 5086 servare
1350 5035 1662 5100 paternas.

277 5117 471 5175 Flexis
503 5118 757 5189 genibus
786 5118 1042 5193 supplex
1068 5121 1258 5175 Deum
1289 5134 1525 5192 semper
1553 5135 1679 5188 oro,
1712 5120 1863 5190 leges

192 5214 265 5266 ut
296 5210 531 5278 patrias
580 5224 823 5266 servare
870 5208 1124 5282 possim,
1175 5212 1236 5264 et
1271 5207 1349 5264 ab
1392 5208 1677 5265 omnibus
1718 5224 1865 5265 meae

192 5297 412 5355 ditioni
441 5297 695 5356 subditis
726 5298 1053 5355 servandas
1092 5314 1320 5367 curem,
1369 5314 1480 5355 nec
1525 5299 1604 5355 ab
1649 5298 1732 5355 eis
1760 5314 1869 5354 un-

194 5403 391 5462 quam
418 5388 717 5456 recedam,
746 5387 1065 5461 recedique
1095 5388 1311 5461 patiar,
1342 5388 1534 5461 inquit
1562 5387 1869 5462 rex.Apud

200 5477 573 5548 Gregorium,
622 5477 725 5534 lib.
781 5495 860 5549 1x,
911 5495 1043 5552 cap.
1105 5482 1173 5535 30
1220 5496 1233 5534 :
1278 5502 1304 5528 ‹‹
1342 5479 1689 5536 Chariberto
1744 5478 1871 5549 regi

1971 3045 2175 3102 minus
2193 3044 2367 3101 bene.

1973 3155 2122 3227 (129)
2168 3155 2320 3211 Utile
2348 3166 2596 3224 quaeque
2620 3151 3019 3207 necessarium
3046 3151 3325 3219 conferre
3345 3148 3584 3205 videtur
3611 3165 3635 3207 .’

2046 3282 2189 3346 Quae
2215 3277 2355 3334 utile
2385 3280 2566 3349 atque
2595 3274 3003 3332 necessarium
3031 3274 3268 3330 videtur
3297 3273 3587 3329 conferre.

1972 3389 2122 3460 (130)
2159 3386 2259 3442 Ad
2285 3400 2378 3442 res
2393 3384 2699 3454 pertineat
2720 3384 2930 3454 plures
2959 3396 3090 3453 quae
3119 3395 3350 3450 semper
3370 3380 3630 3453 honeste,

1970 3477 2213 3532 Fortior
2239 3480 2292 3532 et
2320 3487 2732 3545 quaecuunque
2759 3472 3118 3543 gravissima
3149 3470 3246 3539 sit,
3281 3474 3584 3527 teneamus
3604 3484 3634 3528 .°

2043 3587 2189 3639 Eam
2212 3582 2408 3652 legem
2436 3597 2573 3654 quae
2603 3579 2683 3637 ad
2702 3578 2879 3654 plura
2907 3578 3219 3653 pertineat,
3250 3580 3308 3634 et
3331 3576 3537 3634 fortior
3560 3592 3631 3633 ac

1970 3673 2207 3745 gravior
2231 3671 2323 3742 sit,
2352 3670 2603 3727 honeste
2632 3684 2873 3742 semper
2892 3672 3223 3725 teneamus.

1970 3798 2120 3869 (131)
2165 3796 2438 3867 Undique
2459 3810 2592 3865 pax
2623 3795 2783 3851 bona
2812 3799 2951 3864 post
3006 3793 3634 3950 certamifzabpostque

3277 3882 3335 3936 la
3379 3893 3507 3935 ores
3540 3896 3553 3934 :

3277 3882 3335 3936 la
3343 3882 3507 3935 bores
3540 3896 3553 3934 :

1969 3975 2048 4029 Et
2072 3979 2263 4030 status
2287 3972 2572 4028 Ecclesiae
2592 3986 2704 4041 per
2729 3985 2790 4027 se
2808 3984 2918 4025 sua
2934 3970 3088 4038 jura
3119 3966 3353 4023 tenebit.

2043 4099 2219 4170 Optat
2246 4094 2544 4151 Adalbero
2566 4109 2779 4167 pacem
2832 4106 3018 4163 regno
3069 4091 3439 4147 Francorum
3494 4092 3630 4162 post

1970 4186 2127 4243 bella
2152 4184 2344 4242 civilia
2369 4188 2425 4239 et
2449 4183 2676 4256 praelia,
2710 4187 2774 4239 ut
2804 4180 3062 4238 Ecclesia
3090 4179 3175 4236 ibi
3203 4179 3496 4251 ﬂoreat,et
3518 4194 3630 4235 sua

1973 4277 2087 4333 sibi
2102 4278 2240 4349 jura
2271 4289 2506 4331 servare
2527 4272 2736 4346 possit.

1900 4374 1940 4428 Ι)
1974 4385 2115 4458 (132)
2156 4382 2522 4452 Descriptas,
2550 4387 2606 4438 et
2631 4396 2751 4437 non
2777 4380 2932 4437 alias
2961 4378 3302 4449 respublica
3332 4378 3485 4448 leges

184 4511 345 4552 nem
371 4494 445 4551 de
473 4493 668 4552 forma
696 4499 755 4552 et
781 4473 996 4551 virtute
1020 4473 1141 4551 sua
1168 4494 1343 4567 plura
1362 4495 1559 4551 dicere
1584 4493 1863 4567 prohibet
1970 4473 2346 4531 Ροεείάθαί

2044 4580 2316 4638 Habeant
2345 4594 2485 4635 suas
2520 4577 2633 4634 sibi
2660 4577 2822 4648 leges
2852 4575 3184 4647 descriptas
3215 4571 3445 4639 Franci,
3499 4588 3631 4628 eas-

1970 4687 2107 4745 que,
2137 4673 2193 4727 et
2220 4668 2417 4725 nullas
2450 4668 2595 4725 alias
2626 4669 2876 4724 servent.
2905 4666 3235 4733 Descripta:
3273 4660 3366 4717 vel
3395 4661 3629 4733 scriptaa

1974 4763 2126 4832 teges
2158 4764 2299 4815 sunt
2329 4761 2442 4814 Lex
2473 4761 2745 4814 Romana
2791 4756 2891 4827 (ita
2937 4753 3138 4809 Codex
3178 4749 3631 4807 Theodosianus

1969 4850 2324 4919 vocabitur),
2358 4851 2473 4903 Lex
2506 4846 2698 4904 Salica
2728 4861 2867 4901 cum
2898 4841 3180 4916 Capitulis
3197 4838 3387 4897 Caroli
3413 4838 3627 4909 Magni,

1971 4939 2221 5011 ejusque
2249 4936 2353 4992 ﬁlii
2383 4941 2439 4991 et
2467 4934 2699 5007 nepotis
2731 4931 2943 5002 Caroli,
2996 4946 3066 4986 ac
3112 4932 3227 4983 Lex
3267 4926 3635 4997 Burgundio-

1971 5027 2225 5084 dionum
2254 5026 2316 5082 in
2340 5039 2525 5093 regno
2556 5020 3014 5079 occidentalium
3045 5020 3431 5084 Francorum,
3464 5016 3633 5089 quod

1970 5121 2101 5174 tum
2125 5114 2508 5189 Aquitaniam
2536 5117 2594 5169 et
2620 5128 2695 5169 ex
2722 5115 2891 5185 parte
2916 5106 3326 5178 Burgundiam
3370 5106 3632 5162 contine-

1972 5206 2095 5262 bat.
2112 5203 2370 5261 Ecclesia
2398 5218 2521 5275 prae
2544 5201 2768 5258 cieteris
2799 5203 2949 5270 Lege
2976 5202 3387 5267 Romana,seu
3416 5194 3631 5252 Codice

1973 5293 2414 5360 Theodosiano,
2444 5291 2765 5362 regebatur
2789 5308 2802 5359 ;
2836 5288 2983 5346 Galli
3010 5303 3276 5361 quoque,
3292 5286 3502 5341 Franci
3528 5284 3635 5341 lai-

1977 5385 2029 5441 ci
2058 5387 2209 5453 Lege
2241 5381 2431 5439 Salica
2460 5384 2517 5437 et
2545 5379 2829 5453 Capitulis
2859 5378 2913 5435 ei
2950 5376 3168 5433 additis
3194 5375 3271 5432 ab
3313 5375 3634 5448 imperato-

1975 5475 2142 5532 ribus
2172 5472 2388 5530 nostris
2433 5471 2792 5539 utebantur;
2853 5467 3307 5540 Burgundiones
3355 5464 3476 5520 suis
3526 5480 3635 5520 seu

197 5566 467 5640 populus
504 5567 831 5624 Turonicus
878 5572 1323 5624 sacramentum
1376 5568 1558 5637 dedit,
1604 5566 1872 5623 similiter
1979 5562 2339 5622 Gundobadi
2385 5560 2638 5633 legibus.
2693 5561 2875 5631 Leges
2926 5562 3126 5614 autem
3178 5554 3329 5622 aliae,
3377 5569 3483 5609 seu
3509 5567 3635 5608 non

203 5659 265 5711 et
287 5654 383 5711 ille
410 5673 548 5712 cum
572 5657 918 5729 juramento
943 5656 1217 5730 promisit
1243 5660 1310 5714 ut
1344 5657 1507 5727 leges
1556 5659 1872 5714 consuetu-

1984 5654 2239 5728 scriptte,
2281 5654 2570 5709 vocantur
2611 5648 2690 5707 ab
2736 5647 3113 5705 Adalberone
3160 5643 3632 5707 consuetudines,
