3976 6180
191 143 307 205 εει

1166 145 1447 209 CABMEN
1488 142 1582 207 AD
1620 139 1992 206 ΒΟΒΕΗΤΗῌ
2030 139 2283 195 REGEM.
2327 170 2396 180 —-
2437 140 2667 197 NOTJE.

3516 139 3629 192 822

183 268 486 324 omnibus
518 268 741 324 clericis
768 274 823 324 et
852 268 1162 324 monachis
1209 266 1481 323 Ecclesiae
1509 282 1631 320 sua?
1665 262 1860 331 subje-
1897 261 2110 329 Atina,
2144 262 2231 317 vel
2262 264 2576 327 Matutinus,
2637 263 2836 318 Prima
2884 265 2987 318 aut
3025 260 3378 332 diluculum,
3417 260 3626 317 Tertia’

180 357 329 426 ctis,
358 374 428 413 ac
458 357 533 413 de
561 356 972 413 ecclesiasticis
1007 356 1186 411 rebus
1246 356 1469 427 quique
1501 368 1740 425 semper
1772 352 1865 419 ju-

184 446 499 502 dicavere.
534 446 708 518 Apud
738 446 1085 515 Gregorium
1118 445 1177 500 in
1204 445 1336 500 libri
1371 442 1635 499 Historize
1686 444 1862 496 Fran-

183 536 342 591 cicze
390 552 427 589 v
456 535 647 607 capite
678 540 729 599 ὅ,
784 537 987 589 Petrus
1053 534 1369 602 diaconus,
1431 533 1617 606 ipsius
1666 529 1862 594 frater,

185 647 222 674 α
260 625 420 680 facto
472 624 689 695 placito
743 624 1058 696 praesentia
1115 624 1300 678 sancti
1348 622 1545 681 Nicetii
1572 619 1862 692 episcopi,

181 713 481 770 avunculi
530 714 737 768 matris
792 730 936 778 suae,
986 713 1344 782 Lugdunum
1403 710 1620 780 dirigit,
1675 713 1732 763 et
1762 707 1863 775 ibi,

182 804 452 874 Syagrio
481 802 767 875 episcopo
796 818 1000 857 coram
1032 806 1261 857 astante
1303 805 1359 857 et
1388 801 1517 855 aliis
1548 796 1865 857 sacerdoti-

179 891 337 961 bus,
366 891 566 946 multis
597 908 733 946 cum
768 891 1143 947 saecularium
1162 889 1557 963 principibus,
1582 904 1643 942 se
1672 902 1866 940 sacra-

186 987 410 1037 mento
435 980 596 1036 exuit
625 996 939 1052 nunquam
961 997 1022 1035 se
1052 980 1112 1035 in
1153 985 1405 1035 mortem
1433 976 1714 1049 Sylvestri
1734 974 1865 1030 mis-

179 1075 328 1127 tum
355 1070 557 1125 fuisse.
594 1094 621 1119 ››
658 1073 723 1125 Et
751 1070 811 1125 in
835 1070 1025 1142 capite
1052 1073 1117 1124 39
1145 1069 1277 1124 libri
1310 1085 1427 1133 vni,
1457 1064 1865 1134 Baudegisilus

188 1163 686 1217 Cenomanorum
720 1159 1037 1231 episcopus
1068 1157 1334 1230 quotidie
1377 1172 1516 1211 eum
1561 1153 1864 1226 judicibus

182 1265 413 1305 causas
443 1249 797 1304 discussisse
850 1246 1084 1302 dicitur.
1111 1247 1174 1301 In
1213 1246 1403 1319 capite
1434 1249 1487 1314 6,
1514 1243 1647 1299 libri
1679 1260 1755 1307 ix,
1789 1241 1862 1296 de

185 1338 592 1407 Ragnemodo
620 1337 899 1409 pontiﬁce
926 1335 1635 1405 Parisiaco,impostorem
1651 1347 1863 1404 quem-

183 1427 342 1481 dam
377 1428 682 1499 puniente,
706 1427 833 1481 haec
867 1425 1041 1480 refert
1070 1442 1082 1479 :
1116 1448 1139 1474 σι
1166 1424 1373 1479 .\blata
1402 1423 1452 1477 ei
1475 1437 1669 1492 cruce,
1689 1420 1864 1491 jussit

184 1531 397 1573 euma
425 1516 679 1573 termino
709 1514 1017 1569 Parisiacae
1075 1514 1241 1568 urbis
1291 1512 1541 1567 excludi.
1606 1510 1717 1566 Sed
1766 1510 1861 1565 hic

1977 352 2167 414 Sexta,
2244 357 2428 421 Nona,
2492 356 2761 425 Vespera
2792 368 2897 407 seu
2923 350 3346 415 lucernarum,
3396 349 3626 406 initium

1973 443 2162 496 noctis
2190 441 2279 496 vel
2312 441 2797 514 Completorium.

1972 533 2144 601 (142i.
2192 573 2203 583 .
2249 573 2260 584 .
2303 573 2315 586 .
2360 533 2569 591 Hostia
2600 546 2733 587 cum
2766 530 2935 586 votis.

2045 622 2189 675 Cum
2222 621 2496 691 precibus
2526 636 2627 677 cor
2654 618 2999 679 immolatur
3030 621 3149 673 Deo
3180 621 3237 673 et
3277 616 3436 673 velut
3474 617 3632 673 victi-

1975 727 2075 765 ma
2102 709 2402 765 otferatur.
2434 711 2809 778 Sacriﬁcium
2855 709 3009 764 enim
3035 709 3157 763 Deo
3205 707 3455 776 spiritus
3500 722 3634 763 con-

1975 799 2299 855 tribulatus
2339 804 2391 853 ct
2436 815 2537 854 cor
2594 799 2914 854 contritum
2970 797 3159 864 (Psal.
3201 797 3274 867 L).
3321 794 3426 850 Vel
3476 798 3632 850 certe

1974 888 2099 942 vult
2147 888 2441 944 Adalbero
2494 888 2676 943 laicos
2715 902 2969 942 munera
3025 901 3139 941 sua
3170 884 3249 940 ad
3296 884 3480 943 altare
3518 899 3629 956 pro

1972 976 2228 1032 victimis
2259 976 2566 1032 offerenda
2594 982 2650 1032 ct
2705 976 3117 1047 eleemosynas
3169 973 3447 1047 precibus
3505 974 3629 1029 suis

1971 1066 2301 1136 adjuugere
2334 1084 2346 1120 :
2392 1068 2717 1135 Propterea
2768 1065 2925 1139 quod
2956 1065 3107 1120 bona
3150 1069 3231 1120 est
3259 1064 3454 1120 oratio
3493 1077 3626 1119 cum

1962 1156 2200 1225 jejunio
2226 1162 2279 1211 et
2307 1156 2697 1224 eleemosyna.

1972 1247 2139 1314 (143).
2188 1288 2198 1298 .
2247 1288 2258 1299 .
2300 1286 2309 1297 .
2356 1246 2498 1299 Haec
2527 1244 2602 1297 sit
2627 1242 2938 1312 permissio
2959 1241 3180 1310 patris,

1973 1335 2123 1390 Cum
2156 1334 2384 1404 Ligeris
2416 1332 2708 1388 Calabros
2739 1330 2991 1388 tentabit
3024 1331 3251 1400 lingere
3275 1344 3513 1398 campos
3542 1345 3555 1383 :

2049 1424 2206 1479 Fient
2238 1423 2362 1476 haec
2384 1437 2519 1493 quae
2548 1420 2676 1475 ﬁeri
2706 1419 2872 1493 cupit
2894 1418 3138 1490 jubetve
3167 1420 3340 1490 pater
3374 1433 3480 1472 seu
3509 1416 3630 1488 epi-

1973 1528 2190 1584 scopus
2240 1510 2558 1577 Adalbero,
2589 1508 2785 1582 inquit
2834 1523 2959 1575 rex,
2992 1524 3132 1563 cum
3163 1506 3331 1577 Liger
3382 1506 3632 1576 (Ligeris

181 1604 410 1665 iterum
438 1606 593 1662 facta
610 1604 794 1663 altera
819 1619 993 1659 cruce
1021 1603 1200 1676 coepit
1227 1619 1362 1674 quze
1409 1606 1673 1662 gesserat
1700 1615 1860 1655 exer-
1901 1608 1942 1662 Β
1970 1600 2330 1657 Adalberoni
2360 1598 2652 1654 mendose
2677 1597 2897 1670 dictus)
2925 1596 3128 1659 relicta
3164 1594 3485 1671 Aquitania
3527 1609 3635 1668 per

189 1710 370 1759 cere:
398 1699 729 1766 captusque
761 1694 839 1747 ab
869 1692 1312 1759 archidiacouo,
1345 1696 1400 1747 et
1455 1690 1677 1746 catenis
1707 1690 1865 1744 vinc—

187 1788 315 1847 tus,
335 1783 547 1854 jussus
569 1787 656 1838 est
682 1780 987 1837 custodiri.
1024 1805 1048 1829 ››
1112 1786 1169 1839 In
1199 1780 1332 1836 libri
1364 1797 1398 1836 v
1427 1779 1618 1852 capite
1659 1782 1748 1839 48,
1781 1778 1864 1833 in-

184 1872 376 1929 venio
439 1870 792 1935 Leudastem
838 1871 1197 1927 Turonicum
1255 1868 1533 1939 comitem
1584 1867 1769 1940 (quod
1809 1872 1864 1922 et

188 1964 448 2015 caeteros
485 1958 728 2025 comites
745 1958 950 2013 fecisse
980 1957 1234 2012 dubium
1261 1973 1382 2011 non
1405 1958 1531 2026 est),
1556 1958 1617 2011 in
1629 1955 1863 2025 judicio

188 2063 331 2107 enim
362 2048 713 2116 senioribus,
760 2048 853 2102 vel
886 2047 1056 2102 laici:
1084 2047 1176 2103 vel
1200 2046 1431 2101 clericis
1470 2044 1769 2115 resedisse,
1800 2043 1860 2099 id

184 2141 286 2191 est
314 2135 541 2190 clericis
567 2139 625 2191 et
652 2135 834 2190 laicis.
870 2133 1133 2203 Gregorii
1153 2134 1227 2189 de
1258 2132 1478 2191 Nicetio
1509 2132 1861 2202 Lugdunen-

181 2221 238 2279 εἰ
272 2223 584 2294 episcopo,
615 2224 844 2293 majore
868 2222 1170 2278 avunculo
1201 2239 1329 2287 suo,
1364 2222 1423 2277 in
1455 2221 1606 2278 libro
1636 2221 1712 2277 de
1736 2223 1861 2285 Vita

183 2311 324 2381 ejus
356 2311 543 2366 verba
600 2316 740 2367 sunt
768 2312 895 2367 hinc
941 2328 954 2365 :
1011 2334 1037 2360 ‹‹
1083 2311 1358 2376 Quodam
1394 2318 1658 2384 tempore
1705 2310 1862 2366 misit

182 2399 474 2463 Basilium
505 2400 921 2473 presbyterum
951 2400 1030 2457 ad
1060 2400 1506 2463 Armentarium
1554 2400 1859 2466 comitem,

182 2487 297 2560 qui
329 2488 790 2557 Lugdunensem
822 2488 1034 2543 urbem
1074 2488 1165 2549 his
1218 2487 1433 2547 diebus
1458 2492 1747 2559 potestate
1771 2489 1867 2559 ju-

182 2576 438 2635 diciaria
463 2576 860 2647 gubernabat,
893 2577 1159 2651 dixitque
1212 2576 1287 2631 ad
1316 2592 1456 2631 eum
1491 2593 1503 2631 :
1539 2599 1565 2625 ‹‹
1599 2576 1863 2633 Pontifex

184 2670 397 2722 noster
423 2682 619 2721 causae
651 2666 812 2732 huic,
847 2682 984 2738 qua)
1006 2666 1205 2721 denuo
1254 2665 1578 2738 impetitur,
1609 2665 1747 2722 dato
1769 2667 1863 2738 ju-

188 2753 357 2811 dicio
390 2755 708 2819 terminum
741 2753 877 2809 fecit
911 2771 923 2821 ;
955 2752 1212 2824 ideoque
1242 2759 1585 2809 commonet
1623 2770 1697 2809 ne
1727 2770 1860 2813 eam

186 2842 407 2901 iterare
437 2858 789 2917 przesumas.
820 2843 931 2908 Qui
953 2842 1154 2898 furens
1192 2842 1502 2914 respondit
1548 2842 1860 2916 presbyte-

1974 1688 2309 1745 Calabriam
2339 1687 2522 1742 ﬂuere
2548 1685 2884 1753 conabitur,
2908 1688 2966 1741 et
2984 1682 3168 1753 Tigris
3195 1686 3633 1757 torrens,atque

1973 1794 2009 1835 a
2038 1778 2329 1841 celeritate
2361 1776 2588 1845 sagittae
2618 1790 2841 1835 nomen
2862 1774 3118 1843 habens,
3166 1788 3277 1846 pro
3307 1774 3633 1845 Mesopota-

1972 1870 2094 1925 mia
2115 1866 2433 1941 perfundet
2454 1864 2822 1939 Hispaniam,
2854 1880 2994 1921 cum
3020 1864 3201 1919 JEtna
3242 1877 3420 1919 mons
3440 1862 3630 1919 mirus

1970 1958 2262 2019 incendiis
2283 1972 2452 2019 rosas
2482 1960 2539 2010 et
2567 1954 2686 2012 lilia
2716 1957 2997 2023 stagnum
3028 1952 3173 2011 feret
3204 1970 3217 2021 ;
3248 1950 3312 2009 id
3337 1954 3425 2007 est
3455 1967 3468 2005 :
3503 1949 3631 2006 hac

1972 2063 2093 2103 non
2125 2046 2336 2114 magis,
2371 2060 2492 2104 non
2550 2043 2720 2098 citius
2777 2046 2834 2099 et
2874 2041 3104 2105 facilius
3158 2055 3348 2114 quam
3395 2038 3496 2095 illa
3550 2038 3629 2105 ab

1973 2135 2350 2206 Adalberone
2381 2136 2604 2207 optata,
2634 2131 2978 2202 conﬁngant
3004 2134 3107 2193 aut
3126 2129 3289 2187 ﬁent.
3304 2130 3498 2197 Quare
3526 2142 3631 2191 rex

1971 2225 2210 2297 subjicit
2240 2242 2253 2291 ξ

1976 2317 2146 2381 Talia
2171 2319 2226 2383 si
2254 2314 2496 2381 ueniunt
2530 2330 2543 2367 :
2578 2316 2721 2375 tunc
2746 2308 2872 2365 haec
2899 2313 3157 2367 ventura
3177 2308 3396 2367 timeto.

2049 2406 2129 2471 Ex
2159 2402 2253 2471 his
2274 2400 2636 2474 intelligitur,
2670 2403 2799 2455 tum
2817 2398 2879 2459 in
2902 2412 3091 2469 regno
3115 2399 3503 2468 Francorum,
3519 2413 3631 2457 nec

1972 2490 2232 2561 ecclesiae
2291 2506 2414 2559 suis
2451 2489 2589 2562 jura
2619 2504 2691 2545 ex
2720 2490 2844 2543 toto
2874 2488 3125 2555 servata,
3153 2501 3264 2543 nec
3295 2487 3631 2557 monachos

1972 2580 2176 2649 legum
2209 2582 2263 2637 S.
2289 2577 2591 2647 Benedicti
2610 2590 3050 2649 usquequaque
3081 2579 3383 2633 servantes
3407 2575 3627 2647 fuisse;

1972 2673 2028 2735 et
2054 2667 2516 2735 consuetudines
2547 2665 2739 2723 malas
2769 2681 2838 2723 ac
2864 2663 3098 2738 scriptis
3142 2663 3377 2734 legibus
3402 2669 3633 2721 contra:

1971 2758 2091 2819 rias
2119 2757 2438 2817 invaluisse
2469 2755 2526 2812 in
2553 2754 2816 2825 Francia,
2847 2769 3003 2828 quas
3032 2752 3259 2818 aboleri
3284 2756 3583 2827 oporteret
3613 2770 3627 2824 ι

1970 2848 2284 2921 episcopos
2314 2862 2557 2920 quoque
2589 2849 2953 2903 Francorum
3007 2842 3274 2900 crebrius
3326 2847 3384 2899 et
3406 2841 3630 2911 diutius

187 2947 262 2989 ro
297 2948 309 2985 :
343 2931 522 2997 Vade.
583 2937 637 2988 et
685 2931 782 2997 dic
833 2930 887 2995 ei
936 2930 1080 3003 quia
1128 2930 1329 2987 multae
1378 2935 1517 2988 sunt
1568 2947 1765 2995 causis
1794 2932 1850 2999 in
1897 2956 2104 3019 crure
2130 2954 2316 3011 quam
2338 2937 2400 2992 in
2457 2953 2566 2991 sua
2594 2951 2897 3008 quemque
2954 2933 3185 3001 civitate
3238 2932 3627 3006 habitaVisse,

188 3024 522 3095 conspectu
553 3036 688 3077 meo
721 3020 949 3091 posittB,
975 3036 1110 3094 quae
1135 3019 1376 3079 alterius
1402 3020 1628 3091 judicio
1652 3020 1857 3091 ﬁnien-

189 3108 291 3173 da
322 3114 513 3168 erunt.
551 3132 578 3171 υ
616 3108 721 3166 Ubi
770 3109 937 3171 vides
986 3108 1138 3165 inter
1194 3108 1545 3183 episcopum
1604 3114 1661 3173 et
1681 3110 1859 3171 comi-

192 3203 318 3254 tem
362 3197 820 3269 Lugdunensem
886 3197 961 3253 de
982 3197 1392 3269 jurisdictione
1418 3199 1856 3265 contentionem

186 3287 400 3346 fuisse.

190 3378 346 3450 (140)
376 3377 497 3435 Pro
526 3377 752 3435 meritis
773 3392 971 3434 omnes
996 3382 1305 3434 assumant
1326 3378 1785 3449 emolumentum

192 3466 515 3539 (Excipiar
543 3467 703 3523 solus
733 3471 930 3523 vestra
951 3481 1082 3527 cum
1104 3470 1278 3539 pace)
1309 3466 1531 3537 ﬁdeles.

268 3556 490 3611 Omnes
520 3554 625 3628 qui
651 3553 753 3617 tibi
802 3553 1008 3610 ﬁdeles
1066 3561 1223 3626 sunt,
1276 3570 1384 3631 pro
1440 3555 1561 3617 suis
1598 3555 1855 3629 quisque

195 3642 421 3707 meritis
451 3659 487 3700 a
508 3647 583 3710 te,
611 3659 734 3709 rex,
767 3643 1059 3711 beneﬁcia
1091 3643 1408 3717 accipiant,
1442 3661 1538 3711 me
1563 3661 1685 3716 uno
1716 3661 1855 3703 cum

196 3737 300 3788 tua
324 3747 477 3804 pace
503 3736 769 3804 excepto.
801 3734 1040 3788 locatur
1070 3732 1387 3801 Adalbero,
1420 3738 1477 3791 et
1530 3734 1855 3793 Bobertum

197 3822 393 3894 arguit
419 3822 512 3881 his
542 3820 741 3878 verbis
796 3822 959 3890 velut
986 3822 1048 3878 in
1090 3838 1320 3892 omnes,
1368 3828 1768 3903 prieterquam
1796 3823 1854 3878 in

197 3927 282 3979 se,
309 3910 673 3983 beneﬁcum,
707 3911 823 3978 cui,
853 3911 1129 3984 inquam,
1188 3915 1272 3967 tot
1300 3916 1541 3981 ettanta
1590 3912 1853 3986 deberet.

197 4003 347 4057 Nam
406 3999 703 4067 Adalbero
754 4000 1111 4057 Laudunum
1163 4000 1560 4083 Carolumque
1628 4001 1857 4071 Hugoni

198 4088 619 4161 Rotbertoque.
652 4098 921 4158 regnum‘
947 4104 1070 4145 una
1098 4088 1400 4147 ambobus
1430 4088 1747 4161 contulisse
1776 4090 1858 4147 vi-

198 4177 471 4234 debatur.
501 4177 670 4243 Quod
724 4176 1035 4234 Rotbertus
1090 4192 1446 4247 agnoscens,
1480 4194 1622 4247 mox
1669 4177 1859 4249 gratia

198 4284 337 4325 eum
370 4284 480 4323 sua
537 4267 797 4336 gaudere
818 4267 1009 4338 jubet,
1060 4282 1129 4322 ac
1158 4266 1334 4337 regiis
1365 4266 1705 4333 muneribus
1800 4268 1858 4324 .it

198 4371 336 4412 essa
362 4355 781 4424 dignissimum
817 4373 829 4410 :

201 4446 415 4502 Gratia
443 4447 748 4514 conﬁrmet
780 4451 853 4514 te,
881 4446 1128 4515 praesul,
1159 4445 1484 4515 Adalbero,
1510 4445 1737 4502 Christi
1763 4462 1783 4501 .'

198 4535 423 4591 Nostra
452 4536 634 4591 simul
661 4551 685 4591 .'
705 4537 915 4593 merito
944 4536 1139 4605 regali
1166 4551 1412 4593 munere
1438 4536 1673 4606 dignus.

201 4624 856 4697 (1.“)Septenasliceat
886 4626 1091 4682 laudes
1112 4626 1392 4696 proferre
1414 4641 1528 4695 per
1556 4626 1735 4683 horas
1769 4645 1781 4682 :

272 4714 544 4784 Septeme
595 4714 801 4777 laudes
825 4730 937 4783 per
974 4715 1152 4773 horas
1203 4718 1451 4771 statutas
1476 4717 1857 4787 proferenda

205 4808 443 4873 Deoque
465 4803 788 4861 referendas
814 4821 850 4859 a
878 4803 1102 4860 clericis
1130 4803 1192 4860 in
1211 4802 1484 4865 Ecclesia.
1515 4810 1653 4862 sunt
1674 4809 1854 4873 Matu-

1964 3038 2056 3097 vet
2078 3029 2331 3091 otiantes
2360 3025 2634 3096 molliter,
2665 3024 2761 3087 vel
2804 3040 2973 3088 more
3019 3023 3354 3081 villicorum
3384 3022 3623 3080 sordide

1965 3118 2337 3185 rusticantes,
2371 3119 2427 3179 et
2446 3131 2729 3184 agrorum
2770 3130 3019 3175 suorum
3064 3113 3259 3183 magis
3304 3129 3491 3186 quam
3518 3129 3625 3187 po—.

1966 3207 2092 3283 puli
2121 3204 2234 3263 sibi
2263 3202 2566 3261 commissi
2598 3217 2806 3259 curam
2837 3204 3107 3272 gerentes
3142 3217 3155 3257 :
3186 3200 3433 3259 eosdem
3465 3217 3624 3273 saepe

1964 3298 2027 3363 in
2050 3294 2292 3369 judiciis
2323 3310 2359 3351 a
2381 3294 2513 3365 jure
2539 3306 2836 3365 aequoque
2862 3289 3199 3359 recessisse,
3221 3293 3280 3346 et
3304 3288 3527 3361 iniquis
3553 3304 3623 3355 ac

1965 3385 2290 3461 rapacibus
2318 3381 2589 3439 diaconis
2637 3396 2846 3437 curam
2874 3379 3129 3452 inopum
3186 3378 3626 3451 viduarumquq

1965 3472 2355 3545 delegavisse,
2396 3486 2466 3527 ac
2492 3470 2740 3529 demum
2795 3472 3024 3542 septem
3070 3466 3253 3535 horas
3302 3466 3626 3536 canonica:

1965 3568 2093 3620 tum
2125 3561 2351 3634 ubique
2398 3564 2453 3615 et
2484 3559 2562 3615 ab
2592 3556 2876 3614 omnibus
2905 3555 3131 3625 clericis
3160 3556 3223 3623 in
3269 3555 3624 3626 occidentali

1968 3652 2212 3711 Francia
2237 3656 2441 3706 exacte
2472 3664 2595 3711 non
2642 3663 2778 3705 esse
2808 3651 3069 3711 servatas
3118 3646 3197 3715 ad
3242 3645 3622 3715 laudandum

1967 3746 2172 3806 Deum,
2192 3744 2250 3797 et
2277 3738 2355 3795 ad
2374 3738 2643 3811 psalmos
2670 3737 3055 3809 hymnosque
3077 3736 3625 3805 ooncinendosﬂa:

1966 3835 2154 3889 terum
2179 3828 2622 3898 permissionem
2643 3827 2844 3895 patris
2886 3829 3065 3886 vocat
3102 3825 3414 3892 Rutbertus
3442 3824 3620 3891 Atinia

1964 3918 2206 3976 beronis
2236 3922 2393 3983 vota,
2413 3915 2557 3990 quia
2585 3913 2679 3971 bis
2706 3911 3006 3968 Adalbero
3032 3912 3161 3977 hac
3190 3911 3450 3983 permitti
3473 3927 3620 3971 suae

1964 4007 2092 4073 ctis,
2115 4006 2245 4061 hinc
2268 4004 2442 4059 licere
2471 4001 2798 4075 cupiverat:
2824 4002 3030 4069 Liceat
3047 4000 3276 4061 cunctis
3303 4014 3480 4057 orare
3506 3999 3625 4059 die,

1967 4096 2093 4153 bus.
2129 4099 2268 4151 Item
2300 4110 2313 4147 :

1965 4183 2253 4253 Septenas
2287 4181 2463 4238 liceat
2497 4179 2703 4241 laudes
2720 4177 3004 4248 proferre
3026 4192 3139 4261 per
3167 4176 3366 4245 horas.

1970 4272 2119 4343 (144)
2149 4272 2283 4327 Non
2313 4271 2455 4343 quia
2484 4269 2728 4338 deliras,
2760 4268 2865 4325 sed
2887 4267 3053 4329 nobis
3083 4268 3462 4339 allegorizas.

1971 4363 2189 4418 Sensus
2218 4364 2310 4419 est
2328 4359 2689 4423 verborum:
2724 4379 2753 4409 ιι
2782 4356 3006 4423 Ριιωειιι
3059 4357 3378 4428 Adalbero,
3429 4360 3621 4430 gratia

1965 4450 2173 4519 Christi
2200 4454 2255 4505 et
2285 4448 2464 4507 simul
2505 4453 2709 4517 nostra
2745 4452 2800 4515 te
2857 4447 3189 4513 conﬁrmet,
3240 4448 3441 4519 Regali
3490 4466 3619 4509 ωιλει

1964 4555 2103 4596 nere
2135 4539 2355 4608 dignus
2376 4555 2459 4609 es,
2509 4539 2655 4611 quia
2682 4554 2807 4595 non
2832 4538 3073 4606 deliras,
3130 4537 3237 4601 sed
3267 4536 3616 4605 allegorisas

1963 4628 2159 4707 nobis,
2193 4652 2221 4679 ››
2253 4645 2358 4691 seu
2382 4645 2488 4701 per
2517 4627 2832 4698 allegorias
2851 4627 3125 4685 facienda
3150 4642 3263 4687 nos
3291 4624 3492 4688 doces,
3522 4623 3616 4680 fu.-

1963 4718 2183 4790 gienda
2208 4734 2317 4777 nos
2346 4734 2578 4775 mones.
2634 4722 2718 4775 lta
2775 4733 2837 4772 se
2867 4733 2971 4772 rex
2998 4719 3262 4784 excusat,
3304 4712 3409 4785 qui
3437 4716 3617 4769 antea

1964 4807 2404 4871 Adalberonem
2436 4824 2556 4867 non
2581 4822 2795 4866 sanum
2824 4808 3162 4869 vocaverat.
