3976 6180
185 161 291 223 829

1711 161 2083 227 EPISTOLE.

3499 182 3607 245 330

178 297 389 375 meum
414 296 563 348 esse,
599 285 882 375 et__rerum
915 299 1187 375 mearum
1218 302 1429 375 curam
1466 284 1836 375 habiturum,
1879 289 1919 342 A
1954 287 2391 355 siconsuetudo
2419 297 2594 355 fuerit
2622 299 2770 363 illud
2799 302 2913 363 texi
2944 301 3111 375 apud
3140 307 3452 361 nostrates.
3488 307 3601 363 Nec

178 370 231 425 si
264 385 418 441 opus
448 373 619 423 esset.
652 370 772 424 Hoc
796 371 995 428 scitote
1023 372 1166 444 quia
1203 374 1251 433 si
1305 373 1522 430 nostris
1571 373 1842 446 partibus

175 457 464 524 faveritis,
518 475 830 532 nunquam
856 460 1085 519 vidistis
1111 467 1232 519 tam
1263 464 1458 521 bonos
1484 464 1611 522 dies
1658 479 1845 545 quam

174 548 313 604 illos
342 546 565 619 quibus
591 563 701 603 nos
729 548 789 603 in
820 548 988 605 illum
1039 553 1335 609 honorem
1385 553 1645 611 mittetis.
1698 556 1845 609 Nam

175 637 391 692 omnia
414 642 619 691 nostra
640 637 849 713 procul
865 637 1053 694 dubio
1098 645 1297 697 vestra
1345 645 1537 697 erunt.
1590 640 1845 693 Reman-

177 725 323 781 date
355 725 500 781 mihi
528 742 713 798 quam
742 725 893 782 bene
916 744 1165 805 possum
1206 730 1507 788 conﬁdere
1549 730 1610 786 in
1640 744 1845 788 amore

173 821 380 870 vestro
402 819 460 871 et
486 815 806 891 adjutorio.
837 817 1055 874 Valete.

797 944 1131 1001 EPISTOLA
1168 948 1235 1000 Ill

177 1063 382 1102 LEONIS
423 1062 819 1103 VERCELLENSIS
859 1065 1105 1105 EPISCOPI
1151 1068 1222 1106 AD
1266 1068 1613 1107 GUILLELMUM
1644 1067 1840 1106 DUCBM.

255 1172 511 1227 Domino
541 1174 863 1229 Guumemo
889 1174 1048 1243 duci,
1083 1175 1261 1237 frater
1284 1180 1394 1233 Ι,εο
1426 1176 1750 1232 servitium.

254 1265 336 1317 Ne
370 1261 630 1332 tristeris,
660 1263 850 1323 amice
882 1264 1253 1335 charissime,
1282 1266 1329 1321 si
1371 1266 1748 1337 Longobardi
1790 1271 1843 1320 te

170 1350 565 1423 deceperunt.
602 1355 722 1422 Ego
752 1359 906 1410 certe
929 1355 1224 1428 optimum
1271 1355 1375 1415 tibi
1434 1355 1594 1412 dabo
1647 1354 1842 1411 consi-

170 1438 352 1509 lium,
382 1441 429 1496 si
457 1442 606 1497 mihi
629 1442 870 1501 credere
900 1443 1319 1505 volueris,Esto
1346 1446 1434 1500 vir
1464 1444 1647 1511 fortis,
1680 1448 1737 1500 et
1766 1444 1841 1500 de

170 1530 490 1610 praeteritis
515 1547 591 1586 ne
621 1548 813 1597 cures,
846 1532 920 1587 de
952 1532 1164 1588 futuris
1222 1550 1451 1595 caveas.
1514 1537 1617 1589 Per
1669 1538 1839 1588 tuum

170 1616 602 1675 ﬁdelissimum
630 1620 939 1676 hominem
974 1622 1118 1676 mihi
1142 1622 1365 1679 manda
1391 1623 1539 1697 quid
1568 1622 1714 1677 velis
1761 1621 1843 1678 fa-

172 1723 337 1779 cere,
382 1712 441 1764 et
489 1724 604 1779 ego
653 1709 951 1781 optimum
979 1710 1085 1765 tibi
1114 1710 1276 1766 dabo
1298 1711 1631 1773 consilium.
1692 1711 1841 1768 Mitte

170 1796 332 1852 mihi
362 1796 591 1852 mulam
622 1798 983 1866 mirabilem,
1016 1805 1071 1855 et
1102 1799 1335 1856 frenum
1378 1801 1727 1877 pretiosum,
1787 1804 1843 1856 et

171 1890 455 1960 tapetum
482 1886 774 1954 mirabile,
808 1904 918 1960 pro
958 1906 1077 1961 quo
1110 1894 1162 1945 te
1186 1892 1393 1959 rogavi
1422 1896 1558 1947 ante
1589 1906 1691 1945 sex
1740 1906 1842 1945 an-

170 1990 318 2030 nos.
347 1979 537 2030 Amen
570 1975 706 2031 dico
738 1977 859 2041 tibi,
887 1993 1008 2033 non
1038 1978 1253 2051 perdes
1286 1980 1623 2034 mercedem
1652 1985 1837 2047 tuam,

177 2067 245 2119 et
275 2064 574 2137 quidquid
607 2065 862 2120 volueris
892 2066 1053 2122 dabo
1086 2067 1207 2134 tibi,
1236 2068 1392 2123 Vale.

794 2191 903 2246 EPI
912 2193 1134 2248 STOLA
1174 2195 1241 2248 IV

270 2308 562 2349 GUILLBLII
601 2312 672 2349 AD
712 2312 926 2352 LEONBM
965 2314 1267 2354 EPISCOPUM
1306 2316 1745 2357 VERGELLENSEM.

253 2417 508 2473 Domino
542 2421 707 2474 LEONI
738 2420 1199 2478 Vercellensium
1242 2423 1527 2496 episcopo
1586 2426 1847 2480 GL'ILLEL-

174 2522 291 2561 ML'S
326 2506 709 2577 Pictavensis,
737 2509 970 2565 amicus
1001 2514 1133 2581 ejus
1164 2511 1551 2581 clarissimus,
1592 2511 1844 2567 salutem

172 2600 232 2650 et
262 2596 598 2652 servitium.

247 2684 491 2740 Minime
511 2686 730 2755 tristor,
764 2687 1133 2753 charissime,
1188 2704 1369 2760 super
1419 2687 1844 2756 Longobardo-

169 2792 317 2830 rum
350 2774 723 2848 deceptione.
755 2779 883 2831 Non
913 2777 1074 2831 enim
1095 2777 1458 2851 deceperunt
1484 2778 1722 2853 me,qui
1748 2793 1847 2832 ne-

171 2880 500 2935 quaquam
532 2865 886 2920 habuissem
924 2865 1107 2921 tidem
1151 2867 1460 2937 promissis
1501 2883 1730 2932 eorum.
1768 2870 1845 2923 De

172 2953 496 3027 praeteritis
522 2969 731 3009 eorum
763 2954 1010 3009 fallaciis
1036 2970 1148 3024 ego
1178 2971 1300 3010 non
1323 2972 1489 3026 curo,
1528 2956 1603 3010 de
1633 2954 1844 3010 futuris

170 3058 279 3115 per
318 3041 420 3096 Dei
446 3041 700 3111 gratiam
731 3042 877 3096 mihi
908 3042 1155 3098 cavebo.
1188 3046 1317 3098 Non
1370 3060 1588 3117 parum
1643 3048 1844 3100 autem

170 3132 384 3187 minor
405 3129 479 3185 de
504 3134 555 3185 te
586 3131 690 3202 qui
743 3135 801 3185 et
846 3131 1102 3187 multam
1160 3132 1591 3204 praeteritorum
1658 3131 1845 3187 habes

174 3219 567 3291 memoriam,
598 3224 657 3275 et
689 3236 812 3277 non
838 3220 1036 3276 minus
1070 3221 1403 3281 futurorum
1455 3222 1699 3295 jactaris
1743 3222 1847 3277 ha-

171 3313 326 3367 bere
404 3308 860 3381 providentiam,
919 3309 1087 3381 quod
1137 3310 1291 3365 illius
1346 3310 1607 3367 Cunonis
1654 3310 1846 3387 parti-

178 3402 302 3457 bus
340 3398 717 3467 consensisti,
746 3399 848 3471 qui
880 3416 989 3455 nec
1016 3401 1075 3455 in
1108 3417 1220 3455 sua
1254 3405 1409 3456 terra
1458 3400 1683 3473 aliquid
1742 3402 1846 3458 tibi

177 3505 460 3562 unquam
493 3488 760 3558 donavit,
790 3505 985 3561 neque
1011 3505 1191 3561 posse
1217 3489 1443 3545 donare
1503 3488 1702 3558 fertur,
1734 3507 1845 3553 nec

175 3577 415 3652 aliquid
472 3577 704 3633 auferre
762 3578 824 3633 in
869 3594 1054 3647 regno
1084 3578 1280 3635 Italiae.
1334 3578 1448 3636 Sed
1478 3580 1756 3651 quamvis
1782 3581 1841 3635 in

174 3670 292 3726 hac
329 3683 512 3723 causa
540 3683 661 3723 non
694 3667 845 3723 bene
874 3667 1106 3724 tibimet
1135 3668 1506 3729 consuluisse
1561 3669 1839 3737 videaris,

176 3765 231 3815 et
260 3757 420 3814 mihi
450 3757 682 3813 amicos
706 3773 875 3813 meos
901 3757 1183 3830 probanti
1206 3757 1558 3827 suffragium
1608 3758 1840 3814 nullum

176 3846 534 3917 praebueris,
561 3846 922 3920 exspectabo
942 3851 1146 3902 tamen
1170 3846 1317 3902 illud
1347 3846 1642 3918 optimum
1698 3863 1842 3903 con-

177 3938 384 4003 silium
414 3935 581 4007 quod
607 3934 752 3991 mihi
780 3940 834 3992 te
862 3936 1147 3995 daturum
1174 3935 1491 4010 promittis,
1524 3936 1571 3992 si
1594 3936 1695 3991 tibi
1722 3952 1843 3991 cre-

177 4025 325 4087 dere
356 4023 616 4083 voluero.
649 4024 861 4080 Manda
893 4040 1035 4094 ergo
1066 4024 1213 4080 mihi
1258 4040 1365 4097 per
1421 4024 1645 4081 litteras
1701 4040 1847 4097 quo-

178 4113 369 4181 modo
401 4130 492 4169 VlS
524 4118 588 4170 ut
619 4113 723 4169 tibi
748 4113 1013 4178 credam,
1057 4118 1114 4169 et
1172 4130 1305 4186 quae
1354 4113 1649 4169 beneﬁcia
1699 4112 1848 4169 mihi

180 4202 537 4276 provenieut
562 4217 672 4277 per
695 4207 867 4258 tuum
900 4202 1238 4272 consilium,
1270 4219 1341 4258 ex
1371 4202 1533 4258 dono
1564 4203 1717 4259 illius
1736 4206 1846 4259 Cu-

183 4291 385 4362 nonis,
418 4291 468 4346 si
498 4305 751 4363 regnum
776 4290 972 4361 Italiae,
1001 4290 1166 4364 quod
1197 4291 1343 4347 mihi
1382 4292 1761 4363 promittitur,
1793 4295 1851 4347 et

183 4380 353 4457 quod
384 4379 638 4453 adipisci
668 4396 934 4453 possem,
960 4383 1079 4435 Deo
1104 4380 1357 4448 volente,
1388 4380 1437 4435 si
1458 4381 1715 4439 multum
1745 4397 1847 4437 cu-

190 4485 414 4538 rarem,
436 4484 703 4545 quaerere
731 4468 1248 4524 desidero.Mulam
1261 4484 1449 4542 quam
1476 4469 1696 4539 rogasti
1728 4485 1850 4526 non

188 4573 439 4631 possum
466 4557 545 4614 ad
574 4573 839 4633 praesens
869 4557 972 4614 tibi
992 4558 1243 4625 mittere,
1277 4558 1422 4630 quia
1480 4574 1603 4614 non
1651 4558 1849 4615 habeo

186 4645 368 4709 talem
384 4644 623 4718 qualem
650 4645 729 4701 ad
758 4661 914 4718 opus
949 4651 1119 4704 tuum
1149 4646 1385 4716 vellem,
1422 4662 1529 4701 nec
1560 4647 1851 4726 reperitur

187 4738 248 4792 in
291 4735 509 4792 nostris
540 4735 813 4807 partibus
840 4735 1006 4791 mula
1054 4741 1326 4803 cornuta,
1389 4736 1482 4792 vel
1544 4752 1680 4810 quae
1734 4742 1850 4797 tres

189 4825 417 4889 caudas
446 4823 689 4893 habeat,
721 4822 810 4879 vel
840 4823 1107 4897 quinque
1133 4825 1336 4897 pedes,
1371 4824 1465 4881 vel
1496 4824 1613 4880 alia
1639 4825 1849 4901 hujus—

189 4914 375 4984 modi,
434 4918 499 4971 ut
554 4929 817 4981 congrue
874 4913 1069 4987 possis
1090 4914 1286 4971 dicere
1325 4932 1459 4971 eam
1490 4914 1847 4973 mirabilem.

189 5003 409 5069 Mittam
436 5019 580 5063 vero
611 5002 736 5070 tibi,
763 5019 951 5076 quam
983 5003 1152 5063 citius
1180 5010 1411 5077 potero,
1462 5020 1647 5061 unam
1699 5004 1850 5077 opti-

189 5108 352 5159 mam
382 5109 455 5148 ex
479 5092 828 5159 melioribus
855 5108 1009 5164 quas
1051 5094 1309 5166 reperire
1342 5094 1569 5169 possim
1622 5094 1684 5157 in
1740 5110 1850 5149 no-

191 5184 307 5236 stra
336 5180 552 5252 patria,
585 5197 725 5237 cum
752 5179 919 5236 freno
946 5181 1226 5255 pretioso.
1262 5185 1550 5239 Caeterum
1581 5187 1850 5255 tapetum

193 5267 294 5332 tibi
324 5285 568 5342 possem
600 5270 853 5333 mittere,
885 5269 995 5325 nisi
1026 5269 1277 5331 fuissem
1336 5270 1553 5326 oblitus
1610 5276 1849 5342 quantm

193 5355 578 5426 longitudinis
603 5364 661 5415 et
688 5359 1016 5416 latitudinis
1050 5363 1315 5433 tapetum
1341 5360 1466 5429 jam
1494 5359 1727 5417 dudum
1758 5376 1849 5415 re-

195 5447 445 5517 quisisti.
481 5450 836 5507 Rememora
873 5463 1036 5516 ergo,
1089 5462 1317 5518 precor,
1367 5463 1553 5520 quam
1601 5447 1848 5517 longum

197 5540 250 5591 et
276 5536 464 5597 latum
485 5554 615 5597 esse
638 5537 805 5607 velis,
839 5542 896 5597 et
928 5535 1188 5599 mittetur
1215 5535 1335 5605 tibi,
1370 5535 1417 5591 si
1446 5535 1711 5593 invenire
1740 5553 1850 5610 po~

198 5626 379 5691 tuero.
415 5629 511 5691 Sin
544 5632 767 5697 autem,
792 5625 1023 5700 jubeho
1048 5624 1154 5685 tibi
1177 5624 1304 5685 ﬁeri
1338 5641 1526 5703 quare
1566 5625 1845 5696 volueris,

1954 391 2062 447 pro
2094 379 2183 435 his
2209 398 2415 454 quasro
2451 387 2790 443 mercedem
2811 388 2976 451 illam
2997 405 3182 461 quam
3198 390 3509 465 polliceris,
3540 397 3605 455 ut

1956 465 2144 523 dones
2175 470 2320 529 mihi
2350 489 2729 548 quaecunque
2758 477 3046 546 voluero;
3088 479 3255 551 quod
3304 479 3427 545 ﬁeri
3480 497 3603 539 non

1954 563 2167 628 potest.
2200 562 2337 617 Peto
2368 568 2568 623 autem
2600 570 2663 620 ut
2718 567 2952 631 etiamsi
3007 568 3154 624 nihil
3200 568 3422 629 dedero
3478 571 3602 633 tibi,

1953 661 2189 701 memor
2218 649 2297 704 sis
2325 650 2442 713 mei
2471 652 2528 717 in
2552 654 2925 714 orationibus
2958 656 3094 723 tuis,
3127 661 3186 714 et
3208 673 3342 713 ores
3368 674 3479 731 pro
3509 674 3607 723 me

1956 738 2020 790 ut
2055 734 2383 801 inhabitem
2427 740 2487 797 in
2542 741 2726 799 domo
2779 743 3013 805 Domini
3064 745 3348 803 omnibus
3390 746 3607 811 diebus

1954 823 2084 886 VWB
2116 840 2287 897 111888.
2317 832 2381 884 ut
2401 829 2635 891 videam
2662 832 3029 892 voluntatem
3064 834 3318 901 Domini,
3363 839 3420 892 et
3470 852 3608 910 pro-

1954 915 2121 1006 tegar
2150 929 2186 977 a
2214 917 2437 989 templo
2469 926 2677 979 sancto
2702 922 2850 997 ejus.
2878 926 2943 978 Et
2968 924 3111 980 illud
3142 925 3438 1006 optimum
3465 942 3607 989 con-

1954 1000 2173 1073 silium,
2206 1006 2371 1076 quod
2399 1007 2543 1064 mihi
2568 1011 2848 1082 spondes,
2881 1027 2955 1071 ne
3005 1000 3269 1080 differas,
3333 1015 3596 1073 Promis-

1953 1089 2151 1153 siones
2182 1099 2299 1151 tua:
2321 1096 2581 1159 excitant
2608 1115 2707 1171 me
2731 1099 2952 1163 habere
2972 1103 3033 1160 in
3063 1107 3117 1163 te
3155 1104 3405 1167 multam
3452 1105 3601 1169 ﬁdu-

1952 1183 2129 1271 ciam,
2153 1183 2297 1264 quia
2317 1201 2523 1251 meum
2549 1192 2635 1243 est
2664 1189 2859 1247 amico
2887 1191 3145 1259 credere,
3168 1197 3224 1248 et
3250 1193 3326 1255 de
3354 1194 3605 1271 promis-

1953 1270 2033 1324 sis
2065 1271 2195 1340 ejus
2224 1288 2347 1328 non
2373 1275 2643 1335 diffidere
2669 1295 2681 1343 ;
2715 1283 2773 1333 et
2798 1295 3003 1343 meum
3028 1285 3136 1348 est,
3164 1285 3266 1339 aut
3289 1270 3604 1355 nunquam

1951 1361 2316 1431 promittere,
2350 1370 2455 1419 aut
2475 1366 2776 1437 promissa
2804 1367 3153 1441 adimplere.
3187 1370 3468 1441 Superius
3493 1386 3607 1425 ser-

1951 1464 2131 1503 mone
2162 1455 2366 1507 nostro
2397 1452 2631 1517 lusinus
2688 1459 2908 1522 tecum,
2966 1457 3188 1523 domne
3250 1460 3382 1526 Leo,
3432 1459 3610 1514 frater

1951 1538 2299 1597 charissime
2326 1558 2338 1607 ;
2369 1556 2529 1605 nunc
2561 1543 2714 1601 seria
2740 1545 2923 1605 verba
2952 1545 3239 1612 dicemus.
3267 1547 3609 1615 Longobar-

1950 1625 2061 1691 dos
2090 1643 2213 1685 non
2244 1644 2433 1699 arguo
2454 1630 2841 1705 deceptionis,
2873 1651 3061 1707 quam
3085 1635 3146 1692 in
3184 1651 3281 1690 me
3337 1652 3609 1697 exercere

1949 1715 2168 1770 vellent
2192 1723 2489 1788 quantum
2530 1719 2587 1774 in
2620 1720 2764 1792 ipsis
2818 1722 2940 1777 fuit.
2990 1725 3234 1778 Partum
3283 1730 3408 1780 erat
3464 1724 3609 1787 mihi

1950 1821 2207 1873 regnum
2230 1806 2427 1875 ltaliaa,
2461 1809 2510 1865 si
2563 1826 2754 1865 unum
2816 1811 3008 1867 facere
3062 1812 3387 1869 voluissem
3442 1813 3609 1887 quod

1950 1893 2119 1959 nefas
2141 1894 2424 1965 iudicavi,
2454 1896 2673 1953 scilicet
2703 1914 2776 1953 ex
2803 1899 3108 1956 voluntate
3133 1916 3343 1959 eorum
3372 1901 3607 1973 episco-

1952 1998 2063 2055 pos
2092 1983 2417 2055 quiessent
2442 1985 2617 2041 Italiae
2647 1986 3034 2060 deponerem,
3066 1993 3124 2051 et
3165 1988 3312 2044 alios
3365 2006 3604 2047 rursum

1951 2072 2189 2128 illorum
2217 2073 2459 2131 arbitrio
2490 2075 2800 2135 elevarem.
2834 2077 2947 2133 Sed
2976 2077 3132 2134 absit
3160 2094 3194 2134 a
3226 2094 3320 2135 me
3344 2095 3473 2137 rem
3500 2079 3607 2135 hu-

1948 2160 2451 2235 jusmodifacere,
2480 2168 2545 2220 ut
2564 2170 2834 2237 pastores
2865 2165 3157 2232 Ecclesiae,
3212 2166 3433 2239 quibus
3490 2167 3608 2233 mei

1952 2254 2152 2323 patres
2182 2266 2418 2324 semper
2448 2251 2737 2311 honorem
2769 2253 3186 2323 exhibuerunt,
3216 2258 3269 2319 et
3290 2272 3444 2328 quos
3483 2255 3608 2329 ipse

1954 2342 2251 2410 quantum
2285 2338 2447 2395 valui
2476 2355 2713 2412 semper
2743 2340 3019 2410 exaltavi,
3044 2341 3170 2410 sine
3227 2343 3471 2407 crimine
3517 2342 3609 2399 in-

1952 2425 2266 2480 honorem.
2302 2426 2423 2482 Sub
2455 2427 2567 2482 hac
2600 2428 2937 2493 conditione
2967 2429 3185 2485 vellent
3210 2431 3461 2502 quidam
3492 2429 3607 2504 pri-

1954 2532 2196 2575 morum
2224 2515 2404 2571 Italiae
2436 2532 2532 2571 me
2556 2532 2659 2571 seu
2690 2516 2880 2573 ﬁlium
2913 2534 3114 2583 meum
3162 2535 3361 2589 regem
3393 2520 3605 2575 facere.

1956 2604 2084 2655 Non
2113 2601 2378 2657 laudavit
2419 2603 2565 2657 mihi
2606 2604 2764 2658 hanc
2812 2604 3266 2677 vituperabilem
3320 2606 3608 2661 conditio-

1955 2704 2095 2744 nem
2121 2690 2387 2762 prudens
2409 2691 2676 2747 marchio
2707 2693 3107 2761 Meginfridus,
3143 2710 3253 2749 nec
3273 2694 3453 2749 frater
3480 2694 3609 2763 ejus

1955 2779 2185 2835 Alricus
2214 2780 2411 2839 bonus
2440 2781 2782 2854 episcopus,
2825 2799 3086 2855 quorum
3142 2800 3238 2839 me
3289 2782 3609 2839 sanissimo

1955 2869 2311 2942 plerumque
2340 2870 2420 2927 uti
2451 2871 2696 2926 consilio
2725 2888 3042 2945 nunquam
3098 2873 3390 2945 pmnituit.
3446 2874 3608 2938 Quos

1958 2974 2141 3031 supra
2180 2974 2390 3013 omnes
2454 2959 2627 3015 Italos
2676 2961 3103 3032 praestantioris
3149 2961 3388 3031 ingenii,
3446 2959 3606 3030 ﬁdei,

1955 3047 2236 3103 bonitatis
2265 3064 2396 3103 esse
2427 3064 2662 3103 censeo.
2695 3050 2751 3104 Si
2780 3050 2925 3122 quid
2952 3067 3151 3106 rerum
3181 3068 3456 3107 mearum
3504 3050 3609 3106 tibi

1955 3152 2066 3208 pro
2096 3140 2255 3191 certo
2284 3135 2592 3208 placuerit,
2622 3138 2789 3208 quod
2818 3138 3046 3193 mittere
3078 3138 3327 3210 possim,
3361 3143 3466 3194 aut
3501 3138 3605 3193 de-

1955 3223 2153 3289 beam,
2188 3239 2309 3287 non
2341 3229 2393 3283 te
2424 3224 2803 3287 frustrabitur
2828 3241 2966 3300 spes
3004 3231 3126 3283 tua.
3159 3229 3411 3301 Equam
3462 3225 3606 3280 mihi

1955 3329 2162 3389 quaso
2191 3312 2453 3384 repende
2482 3313 2697 3380 vicem,
2726 3318 2793 3369 ut
2816 3319 2873 3369 et
2892 3314 3020 3385 ipse
3049 3314 3204 3369 votis
3238 3314 3386 3369 meis
3414 3313 3609 3383 impa-

1954 3417 2082 3456 rem
2108 3405 2163 3456 te
2186 3416 2311 3455 non
2342 3399 2588 3456 efﬁcias.
2622 3405 2681 3455 In
2711 3401 2990 3474 proxima
3019 3405 3273 3457 ventura
3300 3400 3609 3457 festivitate

1953 3494 2174 3551 sanctae
2203 3488 2305 3544 Dei
2337 3488 2640 3545 Genitricis
2669 3490 2859 3546 Mariae
2906 3490 3127 3546 litteras
3180 3493 3311 3546 tuas
3357 3494 3500 3563 opto
3527 3488 3609 3545 vi-

1951 3580 2111 3650 dere,
2138 3578 2360 3651 quibus
2387 3578 2571 3633 animi
2598 3580 2683 3635 tui
2711 3583 2937 3636 secreta
2968 3579 3164 3636 amico
3186 3585 3287 3635 tuo
3317 3579 3608 3635 fidissimo

1949 3670 2314 3743 pandantur.
2340 3673 2401 3723 In
2429 3668 2657 3725 Christo
2686 3669 2874 3742 vivas,
2916 3669 3137 3739 valeas,
3177 3669 3452 3736 vivendo,
3509 3685 3612 3725 va-

1949 3760 2148 3817 lendo.

2570 3849 2908 3906 EPISTOLA
2944 3850 2988 3899 V

1990 3952 2281 3997 GUILLELII
2320 3953 2392 3993 AD
2432 3953 2750 3999 FULBERTUH
2789 3950 3181 3998 CARNOTENSEI
3219 3949 3552 3993 EPISCOPUI.

2027 4024 2279 4088 Domino
2303 4026 2592 4089 FULBERTO
2620 4023 2949 4079 venerabili
2979 4021 3434 4079 Carnotensium
3487 4021 3611 4097 epi-

1954 4129 2159 4186 scopo.
2193 4114 2543 4169 GUILLELMUS
2563 4111 2663 4165 Dei
2693 4112 2884 4180 gratia
2914 4110 3039 4165 dux
3077 4109 3406 4183 Aquitaniae
3459 4109 3615 4167 salu-

1954 4206 2074 4263 tem
2102 4204 2158 4256 et
2178 4200 2392 4256 charas
2421 4199 2730 4256 amicitias.

2029 4294 2175 4349 Cum
2197 4291 2462 4364 primum
2485 4289 2564 4344 ad
2593 4305 2706 4345 nos
2730 4289 3085 4357 Pictavium,
3114 4289 3334 4362 praesul
3363 4291 3610 4365 optime,

1958 4381 2157 4441 venire
2179 4379 2461 4449 dignatus
2487 4394 2572 4448 es,
2603 4382 2660 4435 et
2712 4383 2933 4435 nostra:
2990 4379 3257 4452 petitioni
3302 4385 3365 4439 ut
3405 4397 3613 4443 curam

1956 4470 2071 4527 loci
2105 4469 2301 4526 Sancti
2335 4468 2531 4525 Hilarii
2587 4484 2820 4539 gereres
2868 4470 3266 4543 acquiescere,
3323 4470 3612 4539 gaudium

1958 4574 2251 4629 magnum
2273 4557 2382 4614 fuit
2411 4557 2605 4614 nobis.
2641 4558 2750 4619 Sed
2780 4558 2919 4619 huic
2949 4559 3172 4628 gaudio
3197 4557 3386 4623 multa
3442 4558 3616 4611 inter-

1959 4648 2114 4705 cedit
2140 4647 2453 4720 aegritudo,
2481 4649 2647 4720 quod
2705 4647 2784 4703 ad
2837 4663 2949 4705 nos
3000 4647 3190 4707 redire
3240 4643 3610 4705 dissimulas.

1958 4738 2123 4797 Unde
2175 4743 2342 4793 tuam
2398 4754 2718 4811 precamur
2768 4736 3043 4804 gratiam,
3123 4734 3250 4800 noli
3322 4731 3615 4795 dimittere

1956 4826 2103 4899 quin
2130 4827 2353 4895 venias,
2380 4826 2424 4879 si
2447 4824 2574 4880 ﬁeri
2603 4829 2799 4897 potest
2828 4824 2888 4879 in
2921 4822 3152 4878 octavis
3210 4822 3611 4885 Pentecosten.

1960 4915 2056 4973 Sin
2086 4920 2285 4975 autem
2293 4956 2311 4985 ,
2339 4913 2434 4973 vel
2463 4917 2597 4968 octo
2625 4912 2838 4973 diebus
2865 4916 3003 4967 ante
3033 4909 3400 4971 nativitatem
3427 4908 3617 4971 sancti

1956 5004 2201 5064 Joannis
2232 5002 2503 5076 Baptistae
2536 5005 2732 5058 tutum
2758 5001 2866 5057 iter
2893 4998 3257 5075 paciscimur
3282 4997 3385 5067 tibi
3406 4996 3617 5054 ambu-

1961 5093 2105 5156 lanti
2144 5108 2283 5147 cum
2316 5089 2539 5147 clericis
2569 5093 2627 5145 et
2654 5087 3053 5153 domesticicis
3090 5085 3225 5142 tuis.
3282 5084 3460 5167 Apud
3506 5101 3617 5140 nos

1960 5180 2102 5243 satis
2133 5179 2389 5245 militum
2419 5176 2692 5241 habebis.
2722 5176 2778 5233 Si
2804 5192 2926 5233 non
2958 5174 3249 5241 manseris
3298 5174 3615 5233 nobiscum

1957 5267 2093 5343 plus
2114 5282 2299 5339 quam
2329 5264 2548 5335 triduo,
2583 5264 2639 5327 in
2669 5263 2856 5337 ipsius
2886 5262 3170 5335 temporis
3202 5262 3451 5327 articulo
3482 5262 3615 5339 plu-

1958 5356 2181 5412 rimum
2211 5370 2325 5409 nos
2354 5352 2675 5415 recreabis.
2710 5353 2753 5408 Ο
2815 5352 2863 5406 si
2920 5351 3182 5409 venisses
3228 5353 3290 5408 in
3346 5351 3617 5424 proxime

1959 5443 2268 5522 praeteritis
2302 5441 2747 5513 Rogationibus,
2792 5445 3083 5514 quantam
3140 5442 3334 5509 nobis,
3392 5441 3617 5515 episco-

1958 5537 2051 5613 pis
2075 5534 2312 5604 nostris,
2350 5538 2408 5589 et
2435 5530 2826 5611 Optimatibus
2858 5531 3332 5598 consolationem
3363 5532 3419 5596 et
3472 5528 3616 5597 ιωιί-

1958 5626 2103 5691 tiam
2131 5622 2407 5693 fecisses!
2439 5619 2790 5696 tempestive
2830 5620 2878 5677 si
2930 5619 3112 5687 velles
3163 5621 3486 5687 carnotum
3539 5617 3617 5685 ad
