3994 6166
458 175 560 229 83l
1043 178 1049 185 '
1465 162 1837 220 GUlLLELMI
1876 159 2081 216 DUCIS
2117 158 2520 225 AQUITANLE
2560 160 2888 218 DlPLOMA.
3703 178 3785 235 332

458 296 620 354 diem
644 294 863 350 festum
890 292 1277 346 Pentecosten
1297 304 1585 352 reversus,
1620 286 1712 343 vel
1766 286 1817 343 si
1868 288 1925 342 te
1973 285 2112 341 sub-
2149 290 2197 343 Α
2225 284 2491 341 amicum
2518 285 2735 342 obnixe
2765 286 3029 357 rogantis
3062 304 3075 342 :
3107 291 3173 343 ut
3200 287 3249 344 si
3278 304 3396 346 non
3420 296 3635 366 propter
3678 301 3789 357 ami-

458 387 677 443 ducere
700 381 901 448 velles,
943 396 1019 436 ne
1071 380 1186 435 ires
1245 380 1324 436 ad
1377 378 1606 436 curiam
1660 376 1891 433 domini
1937 375 2113 446 regis,
2226 375 2447 443 citiam,
2480 376 2687 432 saltem
2717 381 2960 451 propter
2988 377 3424 451 improbitatem
3450 399 3627 441 meam
3658 404 3789 445 acco-

460 474 603 531 satis
634 473 956 527 honestam
988 485 1239 526 causam
1268 468 1602 525 habiturus.
1636 468 1825 533 Quem
1854 464 1915 520 in
1967 480 2117 537 praa-
2226 464 2483 521 modetis
2509 465 2656 522 mihi
2685 471 2980 539 quotquot
3028 466 3225 524 habeo
3270 472 3630 530 necessarios.
3654 476 3789 536 Obse-

461 560 612 618 senti
642 559 806 616 adire
827 559 1086 626 dimitto,
1143 558 1407 614 minores
1451 555 1790 613 inimicitias
1843 568 1941 609 me
1989 569 2118 608 sus-
2227 571 2329 611 cro
2355 555 2533 625 igitur
2556 571 2664 611 vos
2710 556 2773 611 in
2798 556 3041 612 nomine
3094 562 3313 614 sanctae
3365 560 3645 631 Trinitatis,
3692 582 3790 638 qua.

2229 646 2385 701 Deus
2413 660 2572 700 unus
2598 648 2704 715 est,
2734 649 2799 700 ut
2837 644 2934 700 vel
2984 644 3187 702 decem
3240 646 3441 704 fratres
3486 666 3552 706 ex
3602 652 3790 724 collegio

2227 733 2409 789 vestri
2435 732 2686 804 angelici
2712 732 2938 790 ordinis
2958 733 3104 790 mihi
3132 737 3542 807 transmittatis,
3560 756 3790 799 memores

2228 823 2476 880 tandem
2500 823 2655 880 illius
2686 823 2997 897 apostolici
3020 824 3179 893 dicti,
3205 827 3376 884 Alter
3402 830 3628 886 alterius
3659 849 3791 890 onem

2221 919 2485 984 portate,
2518 918 2572 969 et
2595 913 2681 969 sic
2709 913 3110 983 adimplebitis
3149 916 3328 988 legem
3378 917 3602 975 Christi.
3651 919 3792 977 Valete

2231 1017 2372 1057 cum
2402 999 2686 1057 omnibus
2712 1000 2946 1057 vestris.

459 654 773 725 cepturum
802 654 1024 723 putans
1070 649 1149 705 ob
1202 665 1403 705 meam
1450 646 1787 704 absentiam
1834 659 2021 717 quam
2069 641 2118 698 si

458 758 653 799 essem
682 756 821 796 cum
842 739 1092 795 domino
1121 756 1258 811 rege
1284 738 1379 795 vel
1404 738 1630 809 regina,
1680 752 1803 793 non
1869 749 2121 791 consen-

460 847 638 887 surus
670 829 732 885 in
762 828 1103 885 ordinando
1131 844 1270 899 rege
1300 828 1532 900 absque
1553 841 1689 882 meo
1710 824 1887 880 fratre
1914 822 2120 880 Odone

461 920 698 978 comite.
733 920 923 985 Quem
945 919 1105 975 enim
1133 919 1263 991 ipse
1292 933 1496 987 regem
1524 916 1653 972 ﬁeri
1715 914 1986 982 voluerit,
2034 912 2122 985 ip.

467 1025 603 1066 sum
641 1012 698 1065 et
716 1024 813 1064 me
834 1008 985 1064 velle
1013 1024 1123 1081 pro
1150 1010 1308 1063 certo
1330 1005 1629 1063 noveritis.
1663 1007 1743 1060 De
1796 1003 1926 1075 ejus
1980 1019 2122 1058 cum

463 1096 713 1154 domino
740 1112 879 1167 rege
910 1096 1228 1153 concordia
1260 1094 1555 1169 quidquid
1581 1093 1861 1161 audieris,
1922 1096 1979 1149 et
2016 1091 2123 1147 ubi

465 1187 557 1258 sit,
590 1186 639 1241 si
668 1186 845 1254 nosti,
868 1190 1007 1258 peto
1053 1184 1399 1255 rescribere,
1430 1188 1488 1241 et
1542 1184 1591 1240 si
1635 1183 1777 1240 novi
1813 1182 1969 1253 regis
2016 1180 2126 1237 erit

464 1274 743 1347 sacratio,
772 1290 851 1331 an
878 1290 1023 1342 non,
1057 1279 1114 1331 et
1138 1275 1331 1345 cujus.
1360 1273 1518 1330 Vale.

1072 1366 1409 1421 EPISTOLA
1448 1366 1515 1420 VI

2825 1093 3160 1149 EPISTOLA
3198 1092 3289 1147 VII

2644 1196 2933 1236 GUILLELMI
2973 1198 3042 1237 AD
3082 1198 3463 1238 HILDEGARIUM.

2305 1272 2649 1326 HILDEGARIO
2689 1273 3043 1328 GL’ILLELMUS
3072 1270 3226 1328 bene
3254 1275 3453 1345 optata
3477 1274 3737 1347 consequi.

2305 1363 2558 1417 Tantam
2588 1361 2753 1434 apud
2777 1377 2875 1417 me
2906 1365 3011 1418 tua
3032 1362 3299 1434 prudens
3328 1361 3643 1435 simplicitas
3683 1364 3793 1420 inve-

759 1470 1055 1510 GUILLELMI
1096 1470 1166 1510 an
1206 1470 1516 1510 ARIBERTUM
1556 1468 1829 1508 unum.
2234 1450 2322 1506 nit
2351 1449 2627 1522 gratiam,
2659 1454 2724 1507 ut
2746 1451 2915 1524 quod
2936 1466 2973 1507 a
2993 1467 3089 1507 me
3113 1451 3327 1525 petisti,
3351 1467 3469 1508 non
3497 1451 3663 1521 magis
3705 1453 3793 1526 ipse

534 1542 791 1599 Domino
820 1544 1103 1600 Aamsaro
1148 1547 1356 1599 sancto
1412 1558 1484 1599 ac
1533 1540 1856 1598 venerabili
1900 1540 2124 1609 abbati,
2238 1540 2582 1613 [desideres]
2612 1539 2739 1596 ﬁeri
2767 1557 2957 1614 quam
3012 1558 3124 1612 ego
3174 1541 3371 1598 velim.
3430 1542 3536 1599 Sed
3575 1543 3792 1616 quoniam

464 1634 781 1689 GUILLEMUS
841 1633 943 1689 Dei
998 1632 1190 1702 gratia
1240 1633 1365 1688 dux
1429 1630 1761 1704 Aquitania:
1834 1646 2129 1704 prospera
2167 1651 2207 1705 Β
2233 1629 2295 1685 in
2348 1629 2799 1703 praesentiarum
2843 1630 3094 1687 facultas
3140 1647 3262 1687 non
3318 1631 3577 1704 suppetit,
3620 1632 3791 1686 animus

464 1730 700 1779 cuncta.
2231 1735 2403 1775 meus
2424 1724 2658 1775 veretur
2685 1735 2782 1775 me
2810 1719 2917 1775 tibi
2943 1724 3292 1792 suspectum
3321 1735 3462 1790 esse,
3490 1718 3643 1792 quasi
3664 1719 3790 1775 verba

534 1811 891 1867 Charitatem
924 1814 1184 1866 vestram
1197 1811 1324 1881 jam
1354 1809 1622 1865 secundo
1643 1809 2038 1882 interpellavit
2063 1813 2127 1866 ut
2232 1810 2377 1866 dare
2407 1810 2749 1866 molientem
2783 1829 2795 1866 :
2847 1810 3013 1883 quod
3037 1826 3160 1866 non
3214 1826 3341 1866 esse
3394 1826 3580 1866 meum
3623 1809 3787 1877 credas,

464 1900 770 1956 mitteretis
801 1900 880 1956 ad
912 1900 1278 1957 Carroﬁcum
1332 1898 1765 1955 monasterium
1819 1899 2125 1972 quosdam
2232 1913 2340 1970 per
2358 1896 2542 1955 ﬁdem
2566 1900 2876 1972 quaeinter
2897 1915 3011 1955 nos
3043 1903 3132 1956 est
3154 1900 3401 1956 obsecro
3421 1914 3619 1970 rogans
3643 1903 3788 1954 teme

465 2006 537 2045 ex
563 1990 878 2045 monachis
908 1988 1117 2045 vestris
1147 1988 1252 2062 qui
1278 1992 1478 2045 essent
1505 1988 1797 2045 ferventes
1827 1988 1889 2044 in
1918 1988 2124 2045 obser-
2232 1987 2436 2044 dicum
2459 1992 2695 2061 tempus
2722 1989 2922 2046 adhuc
2952 1989 3248 2045 sustinere
3278 1988 3463 2045 donec
3506 1986 3787 2059 gravissimis

465 2077 670 2133 vanda
726 2077 934 2148 regula
986 2078 1175 2133 sancti
1223 2076 1542 2146 Benedicti,
1601 2093 1863 2150 quorum
1920 2082 2127 2134 sancta
2232 2077 2455 2150 quibus
2510 2078 2807 2151 impedior
2862 2079 3073 2135 ofﬁciis
3120 2078 3445 2152 expeditus,
3492 2093 3697 2152 operam
3717 2076 3788 2131 tibi

466 2166 837 2223 conversatio
868 2165 1148 2223 fratribus
1178 2167 1369 2239 ipsius
1406 2166 1521 2222 loci
1574 2166 1805 2221 bonum
1835 2167 2128 2239 praeberet
2232 2166 2376 2222 dare
2405 2183 2646 2240 queam.
2679 2168 2852 2235 Quod
2891 2169 2939 2224 si
2996 2168 3144 2225 forte
3200 2183 3494 2224 morarum
3546 2165 3784 2238 impatiens

467 2255 832 2328 exemplum,
862 2260 917 2311 et
947 2271 1157 2311 eorum
1188 2254 1471 2311 abbatem
1504 2254 1664 2310 fasce
1693 2254 2001 2324 regiminis
2047 2255 2125 2311 le-
2232 2272 2376 2312 mox
2401 2257 2480 2313 ad
2508 2272 2605 2313 me
2658 2257 2992 2328 adveneris,
3046 2257 3094 2313 si
3150 2256 3303 2313 votis
3354 2256 3463 2312 tuis
3505 2254 3672 2312 minus
3710 2269 3787 2308 res

465 2350 653 2401 varet.
685 2345 983 2412 Quoniam
1012 2362 1151 2402 vero
1182 2344 1451 2419 petitioni
1491 2360 1641 2400 mea:
1697 2345 1972 2401 nondum
2024 2361 2124 2402 ac-
2230 2345 2522 2417 pondero,
2553 2360 2944 2419 nequaquam
2974 2345 3037 2401 id
3057 2345 3226 2416 mihi,
3258 2361 3492 2402 causam
3532 2343 3786 2417 praadcctus

467 2434 798 2508 quievistis,
830 2450 993 2491 nunc.
1017 2450 1261 2508 quoque
1291 2436 1459 2490 tertio
1498 2433 1577 2489 ad
1635 2434 1855 2489 ostium
1912 2440 2120 2490 vestrae
2226 2434 2361 2505 jure
2392 2434 2795 2490 succensebis.
2825 2435 2961 2491 Vale
2986 2451 3149 2491 nunc
3174 2438 3232 2491 et
3270 2449 3509 2507 semper.
3560 2435 3613 2488 ll.
3655 2431 3785 2485 Turo-

468 2522 769 2580 cliaritatis
794 2524 991 2597 pulso,
1019 2523 1208 2580 instar
1259 2523 1415 2579 illius
1475 2522 1800 2593 evangelici
1855 2523 2119 2596 petitoris
2230 2523 2451 2580 ncnsis.

1377 2792 2356 2913 GUILLELMI
2429 2794 2969 2913 DUGIS

1927 3025 2445 3118 DlPLOMA.

766 3225 891 3300 Quo
924 3225 1129 3286 villam
1159 3224 1230 3287 S.
1264 3224 1626 3302 Marcham',
1663 3227 1725 3284 in
1753 3244 1875 3306 qua
1906 3227 2015 3365 z'the
2038 3235 2279 3366 sguctilts
2307 3228 2647 3318 requiescit,
2683 3226 2948 3288 concedit
2974 3227 3238 3289 ecclesia?
3269 3226 3342 3288 S.
3378 3224 3569 3287 Crucis

1996 3326 2070 3365 ur
2112 3324 2214 3366 ma
2239 3325 2417 3366 ensis.

1996 3324 2417 3385 urazgatenszs.

1978 3479 2173 3541 (Anno
2201 3477 2379 3548 1026.)

1519 3634 1704 3701 (Gali.
1740 3633 1989 3704 Christ.,
2018 3637 2162 3691 tom.
2196 3635 2241 3690 Il
2263 3636 2573 3701 lustrum,
2595 3651 2656 3709 p.
2688 3637 2840 3708 268.)

540 3930 662 3998 Ego
686 3926 750 3983 in
771 3925 871 3982 Dei
900 3925 1167 3998 nomine,
1217 3927 1588 3996 GUILLELMUS,
1638 3926 1741 3983 Dei
1795 3925 1958 3982 dono
2006 3927 2132 3983 dux
2170 3932 2212 3986 C
2239 3928 2410 3985 terris
2443 3929 2518 3985 de
2548 3945 2715 3986 mare
2747 3929 2970 3987 Salissa
2989 3945 3185 4002 usque
3215 3928 3293 3986 ad
3320 3942 3472 3984 mare
3506 3923 3569 3979 de
3593 3910 3772 3975 Giraudl

466 4015 820 4090 Aquitaniae,
877 4020 933 4072 et
985 4032 1138 4072 uxor
1193 4032 1329 4072 mea
1385 4020 1745 4087 Auruncum,
1806 4016 2124 4073 considero
2233 4024 2290 4075 et
2317 4019 2392 4075 de
2423 4019 2573 4076 Ubre
2602 4019 2678 4076 de
2707 4021 2880 4092 Syort
2927 4035 3121 4093 usque
3178 4019 3257 4077 ad
3304 4021 3495 4081 Grava.
3542 4025 3651 4077 cum
3688 4016 3771 4100 mf“

470 4106 822 4175 gravitatem
879 4104 1362 4176 [gravitudinem]
1416 4110 1803 4178 peccatorum
1849 4123 2125 4163 meorum
2232 4109 2409 4180 risco,
2439 4115 2664 4166 etcum
2690 4110 3050 4177 montaneis,
3096 4126 3239 4166 cum
3280 4109 3500 4182 -pineta,
3546 4113 3655 4157 cum
3696 4105 3773 4164 P‘S‘

469 4194 547 4264 [et
573 4192 891 4250 reminisco
920 4194 1250 4251 bonitatem
1278 4195 1378 4250 Dei
1428 4194 1723 4252 dicentem
1778 4198 1930 4254 Date
1985 4198 2127 4253 elee-
2235 4198 2487 4270 catione,
2529 4214 2668 4254 cum
2718 4203 2935 4255 cuncta
2986 4202 3163 4272 prata
3222 4194 3499 4255 Salvicina
3544 4182 3773 4278 οδρὶειξξθῑ

467 4296 799 4352 mosynam,
831 4288 888 4338 et
913 4298 1045 4340 ecce
1073 4286 1273 4340 omnia
1301 4285 1528 4341 munda
1557 4289 1696 4341 sunt
1716 4286 1918 4358 vobis],
1950 4301 2128 4359 prop-
2234 4304 2372 4343 cum
2401 4266 2589 4344 servis
2620 4291 2678 4344 et
2706 4288 2950 4344 ancillis.
2982 4266 3128 4344 licce
3158 4303 3300 4343 vero
3321 4298 3509 4342 omnes
3524 4278 3631 4333 istas
3653 4266 3773 4323 νὶυδε

468 4374 628 4427 terea
652 4371 919 4427 concedo
949 4372 1028 4427 ad
1066 4372 1380 4429 basilicam
1437 4375 1492 4431 8.
1536 4375 1735 4430 Crucis
1781 4374 2125 4445 Burdegalas
2235 4376 2639 4449 cumjusticiis
2662 4376 2995 4449 sanguinis,
3026 4379 3083 4432 et
3140 4376 3217 4432 de
3273 4388 3469 4432 omnes
3489 4382 3559 4424 res
3580 4373 3687 4417 cum
3705 4367 3773 4449 θος

469 4461 804 4517 salvitatem
829 4459 986 4516 illius
1014 4460 1132 4518 loci
1153 4466 1210 4518 et
1235 4461 1524 4518 allodium
1560 4462 1817 4519 liberum
1874 4464 1949 4520 de
1982 4442 2128 4520 vom-
2236 4442 2430 4522 clesiis
2481 4482 2691 4522 earum
2735 4442 2806 4522 et
2849 4442 2991 4523 cum
3034 4481 3249 4521 omnes
3316 4450 3699 4544 consuetudines
3737 4442 3777 4544 ei

467 4566 607 4607 nem
636 4549 865 4607 malam
894 4550 1269 4607 exactionem
1308 4555 1366 4607 et
1398 4552 1473 4607 de
1530 4568 1776 4609 omnem
1824 4553 2124 4627 rapinam,
2229 4556 2387 4628 jura,
2412 4572 2550 4612 cum
2572 4554 3005 4612 consuetudine
3059 4554 3241 4610 trium
3285 4550 3588 4610 modiorum
3620 4531 3777 4628 sali-'th

467 4644 525 4697 et
552 4639 760 4696 villam
794 4642 849 4698 S.
882 4640 1159 4698 Macharii
1189 4640 1294 4696 ubi
1314 4640 1441 4713 ipse
1469 4643 1527 4697 Β.
1562 4625 2126 4719 Machariustumu¥
2231 4625 2375 4701 cum
2402 4644 2463 4701 1a
2490 4646 2748 4719 pojadas
2788 4649 2845 4701 et
2893 4644 2950 4701 la
2981 4642 3375 4710 fromentada,
3423 4642 3473 4695 et
3507 4646 3638 4719 cum
3663 4625 3769 4681 totas

465 4730 659 4787 latum
680 4729 810 4801 ejus
843 4746 1063 4804 corpus
1086 4730 1424 4803 requiescit,
1452 4747 1593 4787 cum
1621 4716 1856 4789 decima
1886 4736 1943 4789 et
1986 4748 2126 4788 cum
2235 4716 2623 4809 pertinentias
2651 4734 2713 4791 in
2742 4734 2954 4807 pratis,
2976 4734 3038 4790 in
3089 4726 3605 4790 consuetudinibus,
3626 4717 3683 4809 ill
3712 4722 3775 4766 ηδ’

468 4838 680 4878 omnes
709 4837 825 4893 res,
848 4821 949 4893 jus
977 4822 1053 4878 de
1082 4825 1239 4877 terra
1268 4825 1326 4877 et
1354 4837 1427 4877 ex
1472 4838 1660 4893 mare,
1694 4826 1751 4878 et
1775 4838 1916 4878 cum
1960 4823 2131 4895 justi-

466 4911 547 4967 tia
580 4910 892 4981 sanguinis
927 4910 1109 4980 (etde
1148 4926 1359 4967 omnes
1387 4913 1526 4982 res),
1574 4915 1632 4967 et
1683 4928 1822 4967 cum
1869 4912 2129 4985 pedagio

466 5005 524 5057 et
548 4976 732 5057 aliam
755 4976 1091 5058 salvitatem
1129 5003 1184 5057 S.
1217 5000 1409 5056 Mariae
1582 5001 1787 5058 Macha
1843 4976 2129 5074 [Machao]
2238 5001 2359 5055 Deo
2385 4976 2762 5067 servientem,
2786 4997 2955 5071 quod
2980 4976 3325 5066 Burdegalae
3351 4992 3513 5047 situm
3530 4987 3618 5074 est,
3645 4976 3774 5074 _d0n°v

468 5107 607 5145 cum
649 5089 904 5157 decima,
963 5094 1021 5147 et
1074 5104 1254 5145 omne
1294 5089 1395 5160 jus
1441 5093 1498 5145 et
1545 5067 2029 5159 consuetudines,
2074 5067 2132 5148 et
2238 5088 2534 5146 transfero
2554 5093 2734 5161 atque
2760 5067 3114 5145 transfundo
3139 5086 3201 5142 in
3250 5083 3473 5141 illorum
3515 5072 3584 5131 ibi
3628 5067 3777 5164 deﬂet"

469 5194 605 5234 eam
634 5194 823 5251 prope
850 5179 1226 5251 adjacentem
1247 5177 1528 5247 insulam,
1558 5183 1616 5235 et
1642 5196 1782 5236 cum
1811 5179 2132 5253 paduensa
2238 5178 2388 5234 tium
2416 5177 2861 5235 monachorum
2887 5177 2965 5233 ad
3004 5174 3295 5249 stipendia
3313 5174 3367 5260 et
3410 5162 3777 5260 congruaiwps“:

470 5230 885 5322 ἴθι-Ἠιὴὲῐῖῐῖ
894 5230 1782 5339 “Sara,
2164 5289 2209 5342 ι)
2397 5230 2681 5337 ῐῖᾆξίῖίᾶ
2692 5230 3164 5339 vdo—potestatem
3192 5260 3286 5318 vel
3312 5230 3777 5347 dominatiotleullf

472 5352 772 5411 Ortellano
831 5327 1158 5428 [Ortillano]
1225 5373 1365 5413 cum
1412 5356 1649 5414 decima
1714 5358 1790 5429 [et
1837 5375 1977 5415 cum
2031 5375 2134 5432 pa—
2165 5327 2208 5342 υ
2239 5327 2590 5412 habendum
2618 5360 2674 5412 et
2701 5327 2886 5412 libere
2931 5350 3376 5428 possidendum,
3430 5347 3481 5400 et
3524 5327 3777 5432 faciendllln

469 5444 724 5511 duensa,
748 5420 1046 5515 dia-aquas
1071 5449 1127 5501 et
1140 5420 1229 5500 dde
1256 5444 1442 5515 ligna,
1473 5449 1529 5501 et
1557 5446 1631 5502 de
1670 5420 1900 5519 terras],
1960 5451 2017 5503 et
2031 5420 2133 5502 ‘al-
2240 5445 2638 5501 communiter
2665 5420 2961 5517 quidquid
2989 5440 3296 5508 voluerint,
3317 5420 3777 5519 neminemcfmllf:

468 5537 660 5590 teram
690 5533 893 5590 villam
912 5512 1076 5604 _qu£e
1128 5512 1379 5590 vocatur
1431 5535 1642 5592 Solaco
1696 5512 2132 5593 cum-oratorio
2240 5535 2558 5592 dicentem.
2613 5512 2865 5591 Si—vero
2912 5531 3124 5605 aliquis
3170 5520 3508 5612 assurexerit

476 5622 532 5678 S.
567 5622 784 5681 Genitr.
813 5597 1027 5691 Marias,
1052 5637 1191 5677 cum
1238 5622 1488 5679 decimis
1520 5628 1577 5681 et
1624 5625 1800 5696 aquis
1831 5623 2045 5696 dulcis,
2077 5628 2136 5683 et
2241 5623 2392 5681 falso
2416 5624 2662 5681 nomine
2689 5638 2914 5692 comes,
2955 5597 3266 5695 episcopus
3312 5613 3400 5671 vel
3437 5602 3621 5679 aliquis
3651 5597 3776 5660 1101‘”

2236 4824 2527 4891 moribus,
2550 4824 2612 4880 in
2642 4823 2829 4879 vineis
2858 4827 2915 4880 et
2943 4824 3007 4880 in
3034 4823 3161 4891 viis,
3184 4827 3243 4878 et
3268 4822 3326 4877 in
3377 4813 3587 4880 semitis.
3716 4812 3776 4899 εἴ

2238 4908 2661 4979 cratissimum,
2715 4925 2823 4965 seu
2873 4913 2931 4965 et
2986 4908 3067 4964 ad
3121 4906 3306 4980 ipsius
3359 4894 3775 4980 congregationem
