3976 6180
181 189 281 241 833

692 186 756 241 Β.
798 169 1232 241 GUILLELMUS
1271 186 1291 238 Ι
1331 183 1491 237 ΑΒΒ.
1535 183 1591 238 S.
1634 179 1841 235 GERM.
1882 179 1928 230 Α
1963 173 2230 230 PRATIS.
2274 205 2342 214 --
2380 176 2658 231 NOTITIA
2697 176 3082 232 HlSTORlCA.

3494 181 3598 234 834

180 308 377 365 saeculi
405 312 718 382 tyrannus,
750 309 854 382 qui
882 309 1023 364 istas
1048 324 1144 364 res
1177 324 1360 381 supra
1375 307 1453 364 ad
1481 321 1658 362 suum
1678 320 1832 376 opus
1861 304 1907 355 Α
2016 302 2147 354 Haec
2174 298 2419 354 donatio
2448 298 2674 371 quippe
2716 298 2871 354 facta
2919 304 3005 355 est
3042 316 3201 356 anno
3237 301 3367 358 1027
3401 308 3597 362 Incar—

178 399 408 455 mittere
459 417 583 455 non
642 399 918 466 timuerit,
959 404 1014 454 et
1067 415 1173 471 per
1219 398 1560 454 violentiam
1609 393 1836 466 aliquid

179 487 506 555 abstulerit,
539 488 830 561 imprimis
858 489 1009 543 iram
1041 487 1143 543 Dei
1171 485 1597 558 omnipotentis
1636 485 1836 540 incur-

175 577 272 645 rit,
305 581 361 634 et
390 594 426 634 a
456 579 754 634 consortio
785 577 1255 635 Christianorum
1285 581 1603 632 extraneus
1628 576 1752 642 ﬁat,
1784 578 1840 630 et

179 683 322 722 cum
371 667 602 723 Dathan
650 672 706 723 et
752 667 978 723 Abiron
1031 671 1187 722 terra
1219 666 1382 722 vivos
1411 664 1752 732 absorbeat,
1785 667 1841 718 et

178 771 499 829 nunquam
530 757 607 812 ad
637 761 909 813 sanctam
949 756 1442 812 resurrectionem
1483 771 1622 810 cum
1647 755 1840 825 justos

179 851 491 919 appareat,
525 847 629 902 sed
658 846 718 902 in
750 847 985 903 Cocheti
1040 847 1270 919 laqueis
1319 862 1502 918 paena
1555 847 1842 916 perpetua

179 935 494 991 crucietur.
528 939 594 992 Et
621 936 670 991 si
697 936 911 1008 aliquis
960 935 1444 991 adversariorum
1498 948 1842 989 assurrexe-

178 1025 277 1092 rit,
308 1025 355 1080 si
385 1024 683 1082 salvitates
703 1024 1196 1093 violaverit,mille
1226 1025 1409 1080 libras
1441 1024 1571 1080 auri
1602 1028 1842 1080 coactus

179 1114 470 1170 fratribus
503 1120 846 1189 componat.

261 1257 335 1327 (l)
374 1259 492 1313 Hoc
516 1257 978 1313 instrumentum
1036 1275 1071 1313 a
1128 1273 1189 1312 se
1239 1256 1433 1312 visum
1481 1261 1727 1313 testatus
1758 1260 1845 1312 est

181 1328 469 1384 Henricus
503 1332 588 1396 Ill,
617 1345 720 1384 rex
750 1329 995 1399 Angliae,
1023 1328 1292 1400 illudque
1321 1329 1496 1384 refert
1523 1328 1584 1383 in
1612 1329 1734 1400 suis
1763 1328 1847 1400 lit-

182 1400 346 1469 teris,
403 1400 744 1472 exquibus
795 1400 1014 1456 multas
1053 1399 1246 1472 varias
1293 1399 1574 1455 lectiones
1605 1399 1843 1469 collegi-

181 1487 344 1526 mus.
381 1475 441 1526 ln
467 1471 586 1527 fine
612 1471 939 1528 litterarum
971 1471 1137 1527 addit
1159 1487 1262 1526 rex
1297 1491 1308 1526 :

262 1564 287 1589 ‹‹
331 1545 447 1598 Nos
479 1559 620 1615 ergo
653 1547 716 1598 ut
743 1543 938 1598 omnis
959 1613 965 1615 _
988 1543 1267 1615 suspicio,
1299 1542 1462 1597 falsze
1519 1541 1842 1615 Latinitatis

182 1629 313 1686 qua
341 1614 628 1686 praedicta
663 1615 868 1686 charta
917 1613 1126 1669 vitiosa
1171 1613 1424 1686 videtur,
1453 1613 1845 1685 prmsentibus

181 1690 245 1757 et
272 1685 482 1740 futuris
507 1685 791 1741 radicitus
814 1690 1184 1755 amoveatur,
1213 1701 1286 1740 ne
1315 1685 1690 1757 aliquatenus
1713 1701 1849 1757 pos-

185 1756 269 1811 sit
322 1757 402 1828 ob
460 1757 576 1812 hoc
615 1757 900 1828 praedicto
964 1757 1322 1812 monasterio
1374 1756 1600 1828 Sanctae
1647 1756 1847 1813 Crucis

182 1827 640 1897 Burdigalensis
686 1833 741 1884 et
789 1827 990 1884 abbati
1040 1833 1094 1883 et
1125 1827 1438 1883 monachis
1478 1827 1701 1882 ibidem
1731 1830 1847 1882 Deo

185 1899 589 1971 servientibus
617 1916 771 1971 quos
803 1900 1031 1956 sincera
1050 1899 1578 1971 complectiinur‘in
1597 1898 1847 1971 Domino

187 1970 501 2042 charitate,
535 1969 949 2042 prtéjudicium
976 1976 1079 2025 aut
1108 1969 1432 2042 gravamen
1462 1969 1706 2041 aliquod
1745 1986 1846 2039 ge-

187 2041 409 2107 nerari,
431 2041 557 2096 non
587 2041 858 2098 obstante
877 2041 1225 2110 hujusmodi
1254 2041 1415 2102 vitio,
1448 2042 1715 2096 chartam
1749 2057 1846 2096 ra-

189 2112 484 2185 tificantes
515 2112 810 2178 eamdem,
842 2112 1155 2185 praedictas
1184 2111 1598 2166 concessiones
1645 2118 1701 2185 et
1724 2111 1844 2185 do-

184 2183 463 2254 nationes
489 2189 652 2238 ratas
681 2189 736 2239 et
760 2183 959 2252 gratas
982 2183 1270 2238 habentes
1304 2199 1405 2239 eas
1435 2199 1544 2254 pro
1591 2183 1768 2239 nobis
1794 2188 1851 2239 et

179 2252 526 2308 haeredibus
600 2253 818 2310 nostris
871 2254 1154 2328 praedicto
1227 2252 1592 2311 monasterio
1666 2255 1850 2311 libere

1943 393 2064 442 nat.
2099 389 2291 457 Dom.,
2323 393 2614 460 praesente
2644 387 3194 459 Fulconi-Gaufridi,
3235 397 3290 446 et
3318 396 3598 451 Truncar—

1945 478 2024 534 do
2054 478 2322 547 baronis,
2355 478 2707 535 Combaudo
2740 479 3002 547 Ostendi,
3035 485 3092 536 et
3116 480 3424 538 Guillelmo
3455 501 3598 556 pra:—

1944 566 2162 640 posito,
2196 567 2473 622 Eduardo
2502 572 2559 623 et
2588 567 2868 624 Guiberto
2894 568 3111 624 milites
3139 573 3194 625 et
3224 569 3377 625 alius
3401 589 3412 625 :
3454 574 3602 628 assi-

1949 659 2135 710 stente
2166 655 2538 711 monasteriis
2575 655 2936 728 imprimitus
2999 657 3227 713 Sanctaa
3274 659 3492 728 Crucis,
3551 665 3608 716 et

1951 745 2006 800 S.
2041 743 2231 799 Mariae
2261 744 2336 799 de
2368 744 2574 800 Solaco
2597 750 2653 800 et
2685 747 2738 801 S.
2772 745 3070 816 Macharii,
3098 751 3154 802 et
3182 747 3444 804 ecclesiis
3475 749 3606 805 aliis

1950 833 2168 889 abbate
2216 832 2589 900 Gombaudo,
2634 839 2692 889 et
2738 835 3007 891 Ecclesiae
3059 837 3467 906 Burdigalensi
3507 855 3604 894 ar-

1950 921 2334 996 chiepiscopo
2365 922 2696 978 Godefredo
2723 928 2817 994 (l‘).

1950 1260 2346 1337 concedimus
2363 1261 2900 1337 et_conﬁrmam_us,
2926 1264 3075 1320 sicut
3096 1266 3375 1337 praedicta
3401 1267 3606 1324 charta

1950 1331 2183 1414 przefati
2212 1331 2407 1414 ducis,
2430 1332 2490 1387 in
2512 1334 2950 1414 quaprzedictaa
2981 1331 3392 1414 concessiones
3419 1344 3474 1393 et
3498 1339 3604 1414 do-

1951 1403 2236 1476 nationes
2254 1403 2486 1476 plenius
2517 1403 2914 1476 continentur,
2949 1407 3098 1462 sicut
3127 1414 3183 1463 et
3207 1409 3606 1464 confirmatio-

1953 1491 2070 1550 nes_
2094 1474 2382 1550 Guillélmi
2413 1475 2725 1550 quondam
2758 1476 2926 1550 ducis
2971 1479 3301 1550 Aquitania:
3350 1486 3403 1534 et
3456 1480 3609 1549 regis

1952 1545 2230 1622 ljichardi
2281 1545 2824 1622 avun’culi_nostri_,
2881 1545 3352 1622 tunc-temporis
3379 1545 3610 1606 comitis

1955 1616 2350 1695 Dictaviensis,
2385 1621 2440 1695 et
2470 1617 2688 1695 reginae
2720 1616 3402 1695 Alienorinatris'ipsius
3423 1639 3613 1695 quon-

1955 1689 2098 1743 dam
2123 1687 2343 1757 regina:
2371 1688 2618 1758 Anglice,
2673 1690 3101 1746 rationabiliter
3152 1687 3464 1748 testantur:
3512 1695 3612 1748 His

1956 1759 2200 1838 testibus
2227 1759 2664 1838 venerabilibus
2694 1762 2964 1838 Pqtribus
2996 1767 3130 1838 g‘ly._
3159 1764 3612 1838 archiepiscopo

1957 1830 2561 1906 EbredunensiLetHP.
2605 1833 3008 1888 Hersfordensi
3039 1830 3347 1906 episcopo,
3362 1830 3611 1891 annhe

1954 1900 2078 1957 ﬁlio
2109 1901 2348 1975 Gofridi,
2381 1901 2649 1975 Philippo
2682 1906 2900 1970 Basset,
2936 1900 3185 1960 Radulfo
3217 1900 3342 1962 tilio
3367 1909 3610 1975 Nachat,

1954 1975 2180 2028 Joanne
2211 1973 2284 2028 de
2317 1973 2675 2040 Lexenthon,
2709 1977 2939 2031 Joanne
2970 1977 3294 2044 Mannifest,
3343 1973 3610 2034 Guidone

1957 2044 2031 2100 de
2058 2044 2372 2099 Rossilhon
2399 2049 2455 2099 et
2483 2045 2684 2100 multis
2713 2045 2859 2101 aliis.

2029 2138 2055 2165 ‹‹
2101 2119 2445 2192 Datumper
2494 2132 2741 2192 manum
2799 2123 3066 2192 nostram
3115 2121 3279 2192 apud
3320 2121 3612 2191 Burdega-

1956 2186 2079 2263 lam
2112 2203 2252 2263 xxm
2281 2186 2375 2242 die
2410 2188 2637 2263 mensis
2686 2191 2959 2258 Augusti,
3019 2186 3180 2246 anno
3217 2193 3384 2263 regni
3427 2186 3614 2248 nostri

1958 2258 2245 2313 vicesimo
2276 2258 2547 2330 septimo.
2592 2283 2619 2308 ››

2339 2397 3615 2433 -Ξ-ΞΞ-..ΞΞΞ

1537 2515 1716 2557 ANNO
1762 2515 2000 2558 DOMINI
2047 2517 2258 2558 ΜΧΧΧΙ
2271 2545 2283 2557 .

643 2664 1498 2852 BEATUS
1597 2665 3007 2857 GUILLELMUS
3107 2672 3176 2855 Ι

761 2971 1229 3091 ABBAS
1530 2972 2201 3092 GERMANI
2305 2976 2396 3090 A
2495 2975 3054 3097 PRATIS.

1039 3325 1695 3413 NOTITIA
1845 3325 2781 3414 HISTORICA.

1272 3525 1497 3594 (Gallia
1531 3524 1903 3594 Christiana,
1935 3527 2080 3580 tom.
2111 3527 2222 3595 νη,
2257 3512 2396 3598 pag.
2425 3526 2571 3598 435).

272 3795 336 3847 Β.
370 3789 712 3847 Guillelmus
739 3792 782 3858 Ι,
816 3803 1030 3858 genere
1060 3785 1297 3858 nobilis,
1333 3785 1441 3843 sed
1491 3786 1668 3859 longe
1695 3787 1864 3844 nobi-
1901 3777 1942 3829 Β
1970 3788 2092 3844 rius
2123 3805 2230 3846 seu
2256 3789 2586 3848 advocatus
2641 3791 2745 3864 qui
2799 3809 3023 3848 nomen
3074 3794 3391 3865 Pipinellus
3430 3797 3630 3852 Garini

185 3884 317 3940 lior
342 3880 644 3950 religione,
673 3878 937 3952 primum
967 3877 1075 3933 fuit
1117 3876 1493 3932 Luciacensis
1537 3893 1642 3933 seu
1688 3880 1864 3933 Luce-

187 3970 426 4029 diensis
478 3969 539 4024 in
591 3967 754 4024 Italia
809 3967 1165 4033 monachus,
1227 3971 1354 4022 tum
1433 3966 1862 4035 Cluniacensis,

189 4060 422 4120 deinde
449 4059 613 4132 prior
641 4057 836 4116 Sancti
866 4056 1166 4114 Saturnini
1192 4055 1266 4111 de
1297 4059 1474 4128 portu
1519 4057 1596 4111 ad
1631 4055 1865 4111 Rhoda-

188 4168 353 4210 num
396 4149 668 4205 dimcesis
729 4146 1102 4213 Uceticensis,
1161 4145 1344 4215 vulgo
1398 4147 1452 4202 le
1487 4146 1870 4202 Pent-Saint-

194 4243 432 4310 Esprit,
463 4243 674 4311 postea
701 4236 1072 4292 Divionensis
1124 4235 1316 4290 abbas
1347 4235 1545 4290 Sancti
1575 4234 1822 4305 Benigni
1853 4253 1865 4302 ;

192 4329 343 4386 inde
374 4328 452 4384 ad
481 4325 900 4382 renovandum
930 4325 1205 4398 pluribus
1243 4325 1306 4379 in
1346 4324 1492 4380 locis
1537 4324 1867 4397 disciplina:

191 4418 495 4489 regularis
554 4417 824 4486 vigorem
900 4415 1239 4486 frequenter
1295 4417 1601 4481 evocatus,
1679 4412 1869 4468 multa

195 4508 360 4566 rexit
384 4506 761 4563 monasteria.
793 4505 855 4560 In
883 4505 974 4560 his
1004 4504 1112 4559 fuit
1141 4507 1540 4560 Germanense
1590 4520 1626 4559 a
1663 4503 1867 4573 Pratis,

198 4597 377 4673 quod
422 4598 595 4668 jussu
646 4595 882 4651 Roberti
939 4594 1094 4664 regis
1151 4598 1206 4649 et
1250 4593 1603 4650 Constantiae
1649 4592 1868 4663 reginae

200 4703 384 4744 suam
409 4686 468 4741 in
495 4701 702 4742 curam
732 4689 1080 4757 susceptum
1103 4681 1500 4739 sauctioribus
1527 4681 1870 4738 informavit

199 4777 511 4835 institutis.
574 4777 703 4842 Qua
757 4773 832 4831 de
878 4790 940 4830 re
997 4773 1078 4828 sic
1157 4772 1417 4828 Aimoini
1471 4772 1868 4842 continuator,

197 4868 308 4926 lib.
341 4884 402 4934 v,
436 4865 626 4939 capite
651 4869 717 4920 47
746 4882 758 4920 :
795 4887 822 4913 «
858 4867 1010 4920 Dum
1053 4862 1336 4931 monachi
1371 4860 1636 4935 saepefati
1677 4877 1874 4917 cceno-

201 4959 290 5016 bii
323 4958 456 5026 (sub
487 4958 710 5029 Ingone
741 4956 970 5026 abbate)
999 4954 1269 5011 saeculari
1319 4954 1503 5010 modo
1548 4953 1733 5009 vitam
1764 4952 1872 5009 du-

1970 3878 2266 3948 exigebat,
2298 3879 2524 3949 judicio
2556 3880 2789 3935 Roberti
2840 3881 2994 3950 regis
3053 3881 3309 3936 obtinuit
3363 3884 3632 3938 amoveri

1971 3966 2154 4036 (anno
2190 3969 2364 4039 1027).
2425 3969 2587 4025 Idem
2642 3984 2884 4041 quoque
2923 3968 3341 4024 defunctorum
3381 3970 3631 4026 fratrum
3681 4007 3688 4020 .

1974 4055 2262 4111 sollicitus
2293 4061 2462 4112 vetus
2493 4061 2942 4111 antecessorum
2987 4061 3277 4113 statutum
3323 4060 3633 4115 renovavit

1972 4144 2046 4200 de
2072 4144 2238 4200 omni
2267 4143 2362 4200 die
2394 4144 2802 4200 anniversaria
2831 4145 3178 4201 nominibus
3211 4163 3419 4203 eorum
3449 4148 3510 4204 in
3539 4166 3632 4206 ca-

1973 4232 2161 4307 pitulo
2188 4233 2672 4306 pronuntiandis,
2703 4238 2759 4305 et
2784 4236 3048 4307 quotidie
3075 4236 3323 4308 psalmis
3366 4240 3633 4314 quinque

1976 4323 2054 4379 ad
2095 4321 2423 4395 capitulum
2469 4323 2804 4380 ﬁniendum
2859 4325 3290 4397 decantandis;
3347 4330 3633 4404 alterique

1975 4417 2214 4482 statuto,
2244 4417 2308 4469 ut
2337 4412 2556 4470 scilicet
2582 4415 2847 4486 quotidie
2876 4432 3000 4472 una
3028 4418 3355 4488 praebenda
3381 4420 3454 4476 de
3477 4437 3633 4492 pane

1975 4507 2031 4558 et
2059 4503 2200 4559 vino
2228 4519 2337 4576 pro
2367 4503 2660 4560 defunctis
2690 4503 2968 4575 daretur;
2999 4506 3216 4577 adjecit
3253 4513 3318 4562 ut
3363 4524 3399 4562 a
3421 4508 3634 4562 diebus

1975 4593 2097 4649 suis
2127 4610 2317 4666 usque
2344 4594 2403 4651 in
2433 4595 2616 4651 ﬁnem
2647 4595 2842 4651 saeculi
2872 4613 2982 4669 pro
3011 4596 3290 4652 fratribus
3339 4596 3637 4651 morienti-

1974 4681 2090 4738 bus
2120 4683 2467 4740 tricenarius
2496 4684 2802 4756 plenarius
2852 4684 2912 4738 in
2962 4683 3211 4739 ecclesia
3259 4687 3552 4752 ageretur,
3581 4688 3638 4739 et

1978 4770 2246 4828 similiter
2271 4772 2483 4828 diebus
2509 4789 2718 4828 eorum
2752 4771 3174 4827 anniversariis
3223 4772 3284 4826 in
3327 4771 3636 4827 refectorio

1976 4861 2160 4928 fieret,
2217 4865 2273 4917 et
2324 4863 2385 4917 in
2439 4861 2699 4934 capitulo
2754 4861 3299 4932 pronuntiarentur.
3342 4859 3407 4915 1d
3439 4864 3637 4916 actum

1978 4955 2066 5006 est
2093 4951 2270 5022 (anno
2307 4953 2465 5020 1028)
2498 4950 2744 5006 consilio
2775 4954 2830 5005 et
2856 4949 3197 5004 testimonio
3229 4948 3475 5004 Baldrici
3505 4952 3640 5005 Bur-

203 5052 428 5114 cerent,
461 5045 766 5120 piissimus
823 5044 1111 5101 Robertus
1188 5060 1294 5100 rex
1353 5059 1477 5100 una
1552 5059 1690 5098 cum
1763 5058 1873 5098 sua
1981 5041 2262 5111 guliensis
2293 5039 2546 5096 abbatis.
2578 5039 2758 5095 Paulo
2788 5043 2923 5111 post
2963 5037 3306 5093 Guillelmus
3354 5039 3636 5108 Adraldo,

201 5151 398 5194 uxore
450 5135 722 5192 videlicet
775 5134 1118 5193 Constantia
1167 5133 1374 5203 regina
1409 5177 1422 5199 ,
1503 5136 1726 5202 lngone
1779 5131 1877 5186 de»
1915 5133 1955 5188 C
1985 5134 2285 5186 annuente
2310 5144 2467 5198 rege,
2511 5127 2820 5183 abbatiam
2869 5126 3203 5196 resignasse
3240 5127 3489 5184 videtur.
3545 5131 3638 5199 At,

205 5227 439 5294 functo,
491 5241 804 5283 accersens
876 5224 1243 5281 Guliermum
1325 5221 1606 5278 abbatem
1681 5221 1873 5277 Divio-
1983 5235 2094 5293 pro
2126 5221 2304 5286 certo,
2337 5217 2624 5286 regimine
2654 5216 2828 5272 cessit
2857 5220 2993 5271 ante
3024 5215 3276 5287 obitum,
3323 5218 3428 5291 qui
3460 5219 3644 5276 conti-

204 5315 416 5374 nensis
470 5315 747 5384 caenobii,
799 5315 850 5370 ei
904 5313 1214 5370 abbatiam
1262 5311 1425 5366 dedit
1475 5314 1533 5366 Β.
1578 5310 1873 5380 Germani,
1987 5308 2070 5378 git
2120 5322 2280 5362 anno
2341 5307 2468 5362 1031
2534 5305 2818 5363 Kalendis
2865 5305 3130 5361 Januarii
3175 5307 3237 5363 in
3278 5310 3642 5366 monasterio

206 5407 316 5481 qui
348 5421 485 5462 eam
511 5405 858 5476 regulariter
887 5404 1200 5459 instituens
1255 5416 1417 5456 anno
1468 5401 1700 5456 Domini
1742 5404 1877 5458 1030
1989 5395 2411 5465 Fiscamnensi,
2474 5395 2578 5452 ubi
2625 5400 2682 5452 et
2722 5396 2988 5470 sepultus
3018 5401 3123 5454 est.
3149 5397 3270 5454 Hac
3309 5400 3402 5455 die
3432 5401 3644 5470 legitur

204 5498 335 5554 vita
391 5495 663 5552 decessit.
707 5519 734 5545 »
806 5494 918 5552 Sed
976 5508 1173 5565 neque
1220 5491 1421 5547 minus
1474 5490 1762 5563 providus
1818 5491 1879 5545 in
1986 5489 2048 5544 in
2081 5487 2424 5557 Necrologio
2471 5486 2731 5542 Pratensi
2774 5506 2786 5542 :
2826 5488 3120 5544 Kalendis
3165 5491 3453 5545 Januarii
3503 5490 3642 5546 obiit

208 5584 671 5659 temporalibus,
699 5601 921 5658 pravas
953 5582 1090 5638 inde
1123 5579 1605 5649 consuetudines,
1635 5595 1788 5652 quas
1818 5579 1878 5634 in
1989 5579 2241 5634 domnus
2269 5577 2449 5633 abbas
2483 5578 2837 5632 Guillelmus
2863 5579 3047 5635 nimia
3078 5580 3464 5650 religiositate
3487 5581 3647 5636 solli—

211 5675 547 5734 Antoniaco
571 5673 714 5731 villa
743 5679 800 5731 et
825 5670 1263 5747 appendicibus
1287 5668 1538 5743 quidam
1571 5668 1702 5740 ejus
1725 5667 1882 5725 vica-
1991 5671 2166 5725 citus.
