3994 6166
377 206 480 268 835

1320 196 1375 263 S.
1418 194 1858 261 GUILLELHUS
1898 194 2127 259 ABBAS
2166 193 2222 257 S.
2274 194 2553 256 BENIGNI
2592 196 2850 256 DIVION.

3703 198 3813 256 836

862 322 3802 352 Μ

1475 478 1635 595 Β.
1724 466 2705 590 GUILLELMI

381 676 823 747 EPISTOLA
872 676 1040 748 SEU
1083 676 1448 745 CHARTA
1495 674 1617 744 AD
1667 670 2080 743 FRATRES
2132 668 2682 741 MONASTERII
2733 671 2805 738 S.
2860 670 3271 739 GERMANI
3334 672 3396 737 A
3451 666 3815 739 PRATIS.

1889 833 2086 904 (Anno
2129 832 2310 903 I028).

842 984 1015 1049 (Dom
1047 982 1322 1047 Faunum,
1350 980 1612 1034 Histoire
1639 978 1713 1033 de
1737 976 2007 1047 t’abbaye
2035 976 2108 1032 de
2137 976 2646 1038 Saint-Germain,
2679 977 2953 1042 Preuves,
2984 990 3125 1046 pag.
3157 975 3339 1043 χχιιι).

453 1218 729 1275 Noverint
786 1216 981 1273 Sancti
1025 1215 1302 1272 Germani
1366 1216 1706 1272 Parisiensis
1762 1216 2030 1272 Ecclesia:
2070 1219 2119 1270 Α
2146 1214 2361 1269 functis
2386 1212 2646 1269 daretur.
2682 1218 2811 1284 Ipse
2838 1217 3040 1268 tamen
3069 1211 3285 1280 adjecit
3310 1215 3628 1283 quatenus
3658 1226 3697 1265 a
3717 1211 3827 1266 die-

382 1305 633 1379 professi
661 1304 825 1377 quod
852 1303 1113 1359 domnus
1144 1300 1489 1359 Guillelmus
1521 1305 1622 1375 (sc.
1656 1303 1908 1376 primus)
1935 1304 2038 1358 ab-

2148 1302 2262 1357 bus
2291 1302 2413 1357 suis
2446 1317 2636 1373 usque
2663 1300 2726 1356 in
2755 1301 2939 1356 ﬁnem
2970 1300 3170 1356 saeculi
3195 1315 3307 1372 pro
3357 1298 3659 1354 fratribus
3706 1312 3824 1354 mo-

382 1396 493 1452 bas
516 1411 770 1451 assensu
819 1394 996 1450 totius
1040 1393 1281 1467 capituli
1325 1394 1529 1450 statuit
1555 1394 1721 1466 quod
1750 1394 1915 1449 omni
1944 1393 2040 1448 die
2147 1389 2435 1445 rientibus
2464 1388 2797 1444 tricesimus
2827 1389 3131 1461 plenarius
3174 1387 3238 1442 in
3298 1386 3624 1443 refectorio
3666 1391 3724 1442 et
3772 1387 3825 1442 in

382 1485 793 1542 anniversaria
812 1483 1061 1539 nomina
1079 1482 1501 1539 defunctorum
1525 1483 1777 1538 fratrum
1794 1483 1853 1538 in
1876 1482 2038 1554 capi-

2147 1478 2399 1534 ecclcsia
2428 1482 2661 1547 agatur,
2688 1482 2743 1533 et
2776 1475 3040 1534 similiter
3068 1476 3283 1532 diebus
3310 1492 3524 1533 eorum
3551 1475 3827 1531 anniver-

385 1572 505 1630 tulo
535 1572 1014 1645 pronuntiantur,
1074 1576 1130 1627 et
1175 1571 1440 1643 quotidie
1487 1588 1525 1626 v
1571 1570 1809 1644 psalmi,
1854 1571 2043 1627 Verba
2150 1567 2321 1624 sariis
2352 1568 2412 1623 in
2438 1567 2749 1623 refectorio
2782 1566 2906 1636 ﬁat,
2938 1573 2996 1622 et
3031 1567 3090 1622 in
3120 1563 3386 1639 capitulo
3424 1566 3826 1638 pronuntien-

382 1679 511 1720 mea
543 1662 783 1732 scilicet,
839 1659 918 1717 ad
958 1659 1286 1734 capitulum
1338 1660 1671 1716 ﬁniendum
1727 1666 2039 1716 canantur.

2153 1662 2262 1712 tur.
2294 1656 2406 1722 Qui
2434 1657 2589 1712 hanc
2620 1655 3105 1712 constitutionem
3133 1654 3589 1728 depravaverit,
3639 1654 3705 1710 in
3747 1671 3832 1710 ca-

384 1754 527 1819 Qute
586 1752 833 1824 quidem
882 1749 1253 1806 consuetudo
1296 1766 1405 1821 pro
1448 1750 1817 1822 quibusdam
1847 1750 2044 1805 causis
2150 1751 2259 1819 put
2286 1747 2415 1817 ejus
2444 1745 2758 1801 redundet.

383 1839 710 1911 depravata
759 1841 905 1892 erat.
957 1836 1395 1891 Constituerant
1444 1836 1606 1891 enim
1648 1836 1899 1891 abbates
1953 1835 2045 1891 sui

381 1926 853 2000 praedecessores
877 1922 1044 1996 quod
1074 1925 1200 1997 ipse
1220 1928 1453 1980 mutare
1479 1923 1669 1980 noluit
1695 1941 1708 1979 :
1733 1929 1798 1979 ut
1826 1924 2049 1981 scilicet

386 2014 653 2088 quotidie
680 2030 804 2070 una
833 2012 1160 2085 praebenda
1188 2008 1263 2069 de
1292 2029 1450 2086 pane
1490 2019 1547 2069 et
1584 2013 1725 2069 vino
1776 2029 1887 2086 pro
1938 2014 2044 2070 de-

2224 1835 2285 1890 ld
2318 1839 2519 1891 actum
2551 1839 2608 1891 et
2637 1831 2886 1891 consilio
2916 1839 3003 1891 est
3030 1833 3370 1891 testimonio
3401 1832 3669 1890 Baldrici
3700 1835 3832 1889 Bur-

2154 1923 2439 1995 guliensis
2467 1923 2721 1981 abbatis.

1730 2309 1910 2352 ANNO
1954 2310 2193 2352 DOMINI
2237 2310 2480 2353 MXXXI.

1020 2485 1863 2632 SANCTUS
1975 2485 3195 2634 GUILLELMUS

1524 2720 1751 2781 ABBAS
1793 2726 1851 2782 S.
1891 2718 2174 2783 BENIGNI
2214 2726 2675 2783 DIVIONENSIS.

899 3016 1324 3101 NOTITIA

1441 3014 2029 3103 HISTORICA
2141 3016 2249 3104 IN
2345 3023 2436 3107 Β.
2539 3012 3300 3107 GUILLELMUM.

978 3194 1176 3267 (Apud
1207 3195 1419 3252 Mabill.
1451 3196 1607 3251 Acta
1631 3195 1737 3251 SS.
1772 3196 1901 3251 0rd.
1934 3197 1997 3252 S.
2030 3198 2280 3266 Bened.,
2315 3199 2523 3255 Saeculi
2549 3202 2611 3254 VI
2643 3202 2811 3270 parte
2840 3216 2876 3263 ι,
2906 3215 3045 3271 pag.
3078 3202 3223 3270 320).

462 3468 511 3518 1.
553 3461 844 3518 Guillelmi
870 3465 1067 3516 ortum
1095 3460 1175 3515 ad
1205 3476 1435 3516 annum
1469 3462 1593 3517 1031
1630 3461 2043 3517 revocandum
2082 3469 2122 3522 Β
2153 3463 2475 3521 indictione
2496 3481 2575 3530 ιιι,
2607 3465 2964 3520 Guilletmus
2990 3465 3304 3520 ordinatus
3330 3471 3419 3521 est
3451 3466 3645 3523 abbas
3671 3468 3811 3523 San-

386 3566 519 3607 esse
544 3550 846 3605 evidenter
873 3548 1167 3619 colligitur
1194 3565 1269 3604 ex
1296 3549 1593 3622 Rodulphi
1621 3549 1819 3605 Glabri
1849 3549 2049 3605 libello

386 3637 461 3693 de
490 3637 616 3692 Vita
650 3636 961 3705 Guillelmi,
995 3636 1055 3690 in
1087 3653 1208 3708 quo
1235 3637 1465 3691 obitum
1500 3638 1630 3708 ejus
1670 3654 1833 3694 anno
1892 3645 2048 3709 1031,

387 3726 573 3781 aetatis
605 3725 1068 3797 septuagesimo,
1102 3726 1421 3795 contigisse
1450 3726 1685 3782 disertis
1724 3729 1925 3784 verbis
1965 3729 2049 3784 af-

385 3814 677 3871 ﬁrmatur.
737 3814 950 3870 Totum
1005 3829 1149 3870 vero
1194 3830 1347 3887 pene
1391 3815 1523 3871 vitae
1574 3833 1697 3872 suae
1731 3822 1965 3891 tempus
1990 3819 2052 3873 in

385 3903 732 3961 monasticae
762 3902 889 3960 vitae
918 3904 1210 3960 exercitiis
1239 3906 1601 3975 transegisse
1632 3923 1705 3962 ex
1754 3907 1868 3963 hoc
1920 3922 2054 3980 pro-

383 3994 582 4060 batur,
631 3992 799 4066 quod
850 3993 950 4049 vix
1005 3993 1329 4067 septimum
1388 3995 1577 4050 aetatis
1632 4010 1752 4052 suae
1820 4012 2050 4052 annum

384 4098 681 4153 egressus,
712 4082 773 4137 in
797 4082 1074 4139 canobio
1106 4082 1448 4140 Luciacensi
1495 4089 1723 4141 vestem
1772 4084 2054 4141 monasti-

385 4185 519 4226 cam
544 4168 839 4239 induerit;
884 4169 1045 4226 unde
1101 4172 1405 4228 strictioris
1460 4172 1796 4246 disciplinae
1852 4172 2050 4229 studio

385 4258 716 4329 digressus,
743 4259 804 4315 in
834 4262 1268 4317 monasterium
1301 4262 1498 4319 Sancti
1544 4262 1858 4331 Michaelis,
1909 4279 2053 4318 mox

389 4347 743 4405 Cluniacum
773 4347 833 4403 in
865 4347 1114 4405 Galliam
1144 4367 1284 4406 cum
1317 4357 1524 4407 sancto
1567 4346 1775 4409 Maiolo
1808 4368 1938 4407 sese
1968 4367 2053 4406 re-

388 4437 544 4510 cepit
571 4441 660 4493 est
688 4440 890 4494 autem
924 4438 1264 4507 Luciacum,
1298 4456 1421 4503 seu,
1458 4446 1519 4496 ut
1548 4440 1643 4496 alii
1685 4440 1911 4511 dicunt,
1945 4443 2054 4496 Lu-

386 4527 626 4583 cedium
657 4528 760 4582 aut
780 4524 1121 4596 Locedium,
1154 4524 1337 4599 vulgo
1367 4529 1433 4583 di
1450 4526 2051 4601 Locedia,antiquum

386 4616 612 4673 ordinis
660 4615 854 4673 nostri
904 4617 1272 4684 coenobium,
1332 4614 1500 4689 quod
1549 4617 1825 4689 primitus
1856 4614 2053 4675 Sancti

385 4704 706 4773 Michaelis,
738 4709 949 4779 postea
979 4705 1171 4762 sancti
1215 4705 1478 4761 Januarii
1524 4706 1894 4779 appellatum
1942 4709 2050 4772 est,

386 4795 469 4852 ob
487 4811 559 4852 eo
585 4794 903 4852 translatas
933 4795 1063 4866 ejus
1095 4792 1396 4867 reliquias,
1452 4811 1489 4851 a
1544 4810 1667 4869 quo
1715 4796 1895 4852 etiam
1939 4797 2052 4852 cir-

386 4889 792 4959 cummmtum
818 4883 1112 4957 oppidum
1145 4884 1343 4942 Sancti
1366 4885 1630 4941 Januarii
1659 4900 1883 4941 nomen
1900 4885 2048 4941 tulit.

389 4974 580 5032 Situm
607 4978 696 5031 est
719 4973 887 5031 haud
912 4974 1121 5048 procul
1147 4990 1183 5030 a
1213 4974 1568 5031 Vercellensi
1597 4974 1744 5030 urbe
1775 4975 1853 5030 ad
1883 4976 2055 5047 cujus

386 5064 695 5121 dioecesim
725 5063 869 5121 olim
924 5063 1277 5138 pertinebat.
1321 5064 1508 5121 Hodie
1561 5079 1703 5120 vero
1752 5063 2055 5121 Casalensi

388 5153 764 5226 episcopatui
789 5153 1125 5226 subjectum
1158 5158 1247 5211 est
1289 5154 1351 5210 in
1394 5154 1687 5211 territorio
1737 5153 2058 5210 Montisfer—

386 5242 518 5298 rati.
554 5242 640 5296 Ex
668 5243 876 5298 ordine
915 5242 1295 5301 Benedictino
1355 5243 1434 5300 ad
1479 5244 1893 5302 Cistercienses
1942 5245 2059 5317 pri-

388 5344 561 5387 mum
584 5330 834 5399 transiit,
867 5349 937 5389 ac
967 5333 1212 5389 tandem
1242 5337 1379 5406 post
1406 5334 1606 5391 varias
1651 5333 1923 5389 fortunas
1977 5331 2057 5389 ad

389 5418 636 5477 clericos
661 5419 974 5478 saeculares
1002 5420 1234 5489 defecit,
1285 5427 1351 5478 ut
1388 5422 1669 5480 observat
1707 5422 2056 5478 Franciscus

389 5509 760 5579 Augustinus
793 5509 871 5567 ab
903 5510 1161 5567 Ecclesia
1206 5512 1267 5567 in
1307 5527 1416 5566 sua
1446 5511 1704 5569 Historia
1733 5510 2056 5567 Pedemon-

389 5602 551 5668 tana,
579 5616 713 5674 cap.
744 5602 832 5656 33.

461 5693 514 5747 2.
554 5690 847 5747 Vicesimo
871 5704 1035 5747 nono
1063 5690 1253 5748 aetatis
1283 5706 1409 5746 suae
1438 5706 1621 5759 anno,
1661 5689 1779 5746 hoc
1808 5694 1897 5747 est
1923 5692 2051 5759 990,

2158 3554 2244 3607 cii
2262 3553 2525 3623 Benz’gni
2550 3569 2585 3607 α
2616 3550 2832 3609 domno
2854 3554 3143 3609 Brunone
3178 3554 3454 3622 episcopo
3484 3556 3810 3625 Lingonen-

2157 3643 2227 3705 si,
2259 3641 2452 3712 inquit
2479 3642 2977 3713 chronographus
3011 3640 3433 3710 Benignianus,
3470 3645 3653 3714 cujus
3698 3658 3809 3697 sen-

2157 3730 2350 3784 tentiae
2383 3735 2593 3801 praeter
2621 3730 2999 3802 privilegium
3030 3730 3331 3786 Benedicti
3377 3746 3589 3804 papae,
3641 3736 3699 3788 ut
3724 3747 3813 3804 pu-

2157 3823 2304 3886 tant,
2334 3819 2589 3893 septimi,
2622 3820 2819 3876 eidem
2843 3819 3153 3877 Guillelmo
3180 3835 3570 3889 concessum,
3598 3821 3809 3877 obstari

2156 3908 2393 3964 videtur
2422 3908 2830 3979 fragmentum
2870 3908 3182 3982 quoddam
3233 3908 3590 3979 Benigniani
3628 3924 3811 3966 mona-

2159 3998 2319 4053 sterii
2343 3996 2603 4054 historiae
2626 4001 3074 4071 manuscriptte,
3102 3997 3164 4053 in
3189 4014 3313 4072 quo
3353 3998 3614 4057 ecclesia
3643 3995 3813 4055 sancti

2158 4086 2400 4156 Benigni
2429 4103 2464 4142 a
2494 4085 2804 4143 Guillelmo
2833 4087 3093 4160 incoepta
3119 4102 3279 4143 anno
3308 4090 3437 4158 982,
3487 4092 3552 4144 et
3584 4087 3812 4145 omnino

2157 4178 2492 4231 restaurata
2542 4191 2704 4231 anno
2757 4178 2882 4243 986,
2941 4174 3123 4231 fuisse
3169 4172 3403 4230 dicitur.
3453 4177 3674 4232 Verum
3700 4174 3812 4229 hinc

2158 4262 2307 4318 tanti
2329 4280 2453 4319 non
2484 4269 2625 4320 sunt
2683 4270 2745 4320 ut
2792 4281 2829 4321 a
2879 4263 3182 4338 scriptoris
3229 4264 3427 4334 gravis
3474 4270 3532 4321 et
3578 4262 3816 4337 aequalis

2159 4352 2506 4408 auctoritate
2535 4352 2708 4409 facile
2732 4352 3108 4423 recedamus,
3142 4353 3406 4410 maxime
3442 4369 3575 4408 cum
3604 4350 3814 4407 Glaber

2158 4439 2447 4496 Rodulfus
2508 4441 2686 4498 simul
2737 4447 2794 4499 et
2849 4442 3209 4500 Chronicum
3257 4460 3294 4498 a
3334 4442 3569 4499 Labbeo
3595 4440 3816 4497 editum

2159 4545 2299 4585 cum
2350 4528 2814 4604 chronographo
2870 4532 3239 4602 Benigniano
3277 4531 3701 4598 consentiant;
3756 4543 3815 4584 ac

2166 4621 2458 4677 Benedicti
2483 4636 2659 4693 papae
2688 4621 3085 4694 privilegium,
3105 4637 3227 4678 non
3258 4620 3583 4677 Benedicto
3615 4623 3703 4676 VII
3725 4613 3814 4674 sed

2160 4712 2275 4765 VIII
2308 4709 2745 4780 assignandum
2776 4726 2911 4766 esse
2941 4715 3188 4779 constet,
3210 4709 3440 4783 quippe
3468 4709 3642 4782 quod
3674 4722 3816 4765 anno

2091 4830 2131 4886 α
2162 4798 2371 4856 Christi
2401 4803 2534 4854 1015
2586 4799 2798 4855 datum
2853 4815 2980 4855 esse
3028 4799 3242 4870 legitur
3296 4796 3464 4872 apud
3518 4796 3815 4870 Ughellum

2158 4892 2324 4944 tomo
2358 4892 2401 4943 II
2432 4888 2608 4944 Italiae
2639 4904 2850 4957 sacrae,
2882 4887 2993 4945 col.
3020 4892 3145 4945 996.

2231 4981 2282 5034 3.
2344 4978 2493 5034 Erat
2542 4979 2874 5049 prcedictus
2940 4978 3305 5047 Willermus,
3366 4974 3570 5051 inquit
3623 4976 3817 5035 Glaber

2159 5066 2224 5121 in
2278 5066 2431 5122 libro
2494 5084 2551 5122 ιιι
2613 5066 3025 5136 Historiarum,
3087 5082 3217 5139 cap.
3273 5071 3327 5133 5,
3368 5082 3514 5123 acer
3570 5065 3813 5137 ingenio,

2163 5159 2215 5210 et
2273 5156 2525 5224 insignis
2570 5155 2924 5224 prudentia,
2983 5155 3210 5211 idcirco
3262 5170 3567 5211 summum
3608 5157 3675 5210 in
3725 5166 3815 5222 pa-

2166 5243 2328 5300 latiis
2384 5259 2589 5314 regum
2647 5259 2719 5299 ac
2776 5250 3126 5300 exterarum
3179 5243 3529 5313 principum
3608 5242 3813 5300 obtine-

2166 5333 2267 5389 bat
2326 5333 2538 5388 locum.
2617 5332 2757 5403 Ejus
2832 5331 3094 5403 elogium
3166 5332 3379 5406 paucis
3456 5332 3661 5389 verbis
3725 5320 3815 5385 sed

2162 5436 2298 5494 quae
2374 5420 2575 5477 multis
2647 5419 2817 5477 libris
2902 5421 3318 5495 preestantiora
3412 5426 3588 5488 sunt,
3667 5434 3813 5477 com-

2161 5509 2437 5582 plectitur
2487 5508 2700 5566 beatus
2756 5511 2926 5568 Odilo
2984 5511 3113 5582 ejus
3171 5510 3284 5565 sub
3342 5514 3554 5567 sancto
3624 5504 3815 5566 Maiolo

2162 5598 2632 5673 condiscipulus,
2658 5600 2720 5656 in
2750 5599 2952 5657 libello
2984 5600 3204 5657 scilicet
3233 5598 3307 5656 de
3338 5596 3617 5671 ejusdem
3643 5590 3815 5654 sancti

2160 5688 2352 5749 Maioli
2405 5690 2571 5761 actis,
2633 5690 2738 5748 ubi
2790 5686 2921 5748 haec
2964 5688 3148 5748 habet
3210 5710 3222 5746 :
3281 5690 3361 5746 Et
3404 5697 3471 5746 ut
3512 5704 3670 5759 pace
3712 5685 3816 5757 spi-
