3976 6180
178 184 282 243 837

1538 168 1816 232 ΝΟΤῙΤΙΑ
1858 160 2259 229 ΗιδτοιυαΑ.

3502 183 3607 247 830

176 306 498 365 ritualium
531 308 829 377 artiﬁcum
854 308 916 362 in
944 305 1145 362 eadem
1164 303 1405 373 fabrica
1429 299 1836 358 laborantium
1872 294 1921 346 Α
2022 301 2075 353 4.
2110 299 2288 356 Porro
2318 301 2428 357 etsi
2458 302 2623 359 nullo
2654 304 2898 376 publico
2956 306 3136 373 cultu,
3164 308 3329 380 quod
3357 311 3607 383 quidem

174 397 398 464 dicam,
422 413 579 453 unus
602 398 906 466 pracipue
930 394 1191 464 refulsit,
1207 394 1311 464 qui
1325 406 1519 460 nuper
1536 391 1707 447 rebus
1731 389 1838 444 hu-

172 488 371 544 manis
390 488 659 555 excessit,
683 491 737 541 et
758 487 862 556 qui
872 486 1013 554 plus
1037 484 1202 539 nobis
1225 482 1495 537 omnibus
1519 478 1838 545 laboravit,

172 576 383 633 domus
417 576 687 632 videlicet
712 574 894 631 abbas
944 573 1302 639 Willelmus,
1336 572 1409 627 de
1437 573 1608 639 cujus
1635 568 1842 623 claris-

171 667 340 721 simis
370 663 601 721 actibus
623 669 677 719 et
705 664 827 720 vita
850 662 1151 718 laudabili
1169 666 1222 717 et
1249 660 1518 716 mirabili
1537 670 1845 714 conversa-

173 754 339 809 tione
352 753 627 823 paruitas
643 756 850 807 nostra
870 767 989 807 non
1006 751 1234 820 sufﬁcit
1252 749 1410 821 quod
1432 752 1607 816 sentit
1630 745 1710 801 ad
1721 744 1847 812 ple-

170 851 325 899 num
353 843 599 912 referre.
619 838 923 897 Jotsaldus
946 839 1004 895 in
1027 839 1272 895 Planctu
1303 838 1377 893 de
1399 835 1671 907 ejusdem
1687 833 1851 892 beati

170 930 448 988 Odilonis
474 930 639 985 obitu
680 926 1049 984 Willelmum
1109 926 1287 983 simul
1331 932 1387 981 et
1415 926 1616 998 ipsum
1656 920 1848 979 Oclilo-

172 1038 322 1077 nem
345 1018 560 1076 iisdem
589 1018 863 1076 versibus
916 1018 1194 1083 celebrat,
1224 1033 1380 1090 quos
1432 1015 1587 1070 infra
1616 1014 1678 1068 in
1709 1010 1845 1067 Odi-

172 1111 337 1167 lonis
377 1109 581 1181 Elogio
629 1108 1022 1183 proferemus.
1074 1107 1364 1163 Eumdem
1422 1110 1591 1161 vetus
1641 1105 1848 1159 auctor

171 1198 455 1255 Chronici
475 1197 911 1254 Fisuamnensis
947 1196 1294 1253 liberalibus
1317 1194 1547 1251 artibus
1576 1191 1846 1261 apprime

171 1290 499 1357 eruditum,
527 1295 706 1360 atque
751 1287 1085 1357 disciplinis
1117 1285 1550 1351 ecclesiasticis,
1593 1280 1846 1337 cunctis-

170 1392 295 1449 que
314 1378 732 1448 spiritualibus
760 1377 1067 1446 ofﬁciis...
1100 1377 1389 1431 virtutum
1416 1373 1618 1441 gratia
1658 1369 1844 1424 imbu-

173 1470 387 1524 tumet
431 1468 842 1523 illuminatum
902 1464 1083 1521 fuisse
1142 1464 1359 1519 scribit.
1423 1462 1568 1516 Hinc
1608 1458 1843 1515 nullum

172 1555 366 1611 ferme
392 1556 500 1612 fuit
527 1556 589 1611 in
620 1558 891 1611 Romano
915 1554 1167 1626 imperio
1195 1551 1644 1617 monasterium,
1675 1546 1844 1619 quod

1950 388 2228 455 sciamus,
2263 391 2425 463 apud
2458 396 2686 448 veteres
2712 398 2955 450 sanctus
2983 395 3327 453 Guillelmtis
3356 401 3610 458 honorae

1951 483 2045 532 tus
2076 478 2267 546 fuerit,
2307 480 2473 536 illum
2504 486 2704 537 tamen
2735 482 2796 538 in
2824 483 2991 539 fastis
3021 486 3206 541 sacris
3234 486 3314 542 ad
3330 487 3491 544 diem
3518 493 3609 546 Jaa

1948 568 2166 636 nuarii,
2197 570 2300 641 qui
2331 571 2461 641 ejus
2487 571 2701 629 natalis
2755 576 2862 639 est,
2903 573 3056 630 inter
3081 580 3320 631 sanctos
3348 577 3611 634 inserue-

1950 656 2089 706 runt
2107 654 2404 709 Arnoldus
2446 656 2608 712 Wion
2632 661 2689 712 et
2711 659 2836 727 Ugo
2858 659 3171 715 Menardus
3201 660 3260 715 in
3284 661 3612 731 Menologio

1953 751 2024 791 ac
2046 739 2452 809 Martyrologio
2484 740 2877 797 Benedictinis
2906 758 3060 815 quos
3086 744 3296 801 imitati
3322 747 3613 802 recentio-

1953 839 2049 879 res
2069 840 2302 890 omnes,
2342 831 2539 883 sancti
2564 829 2807 885 nomine
2836 829 3138 887 donarunt
3170 848 3183 888 :
3215 848 3325 889 nec
3353 834 3614 890 immeri-

1955 919 2036 968 to.
2069 931 2208 970 cum
2230 920 2393 972 tanta
2421 921 2642 988 praesto
2671 918 2786 973 sint
2814 918 2893 974 ad
2922 919 3076 975 illius
3103 922 3476 979 sanctitatem
3505 922 3611 979 (le-‘-

1954 1004 2414 1060 monstrandam
2469 1012 2844 1075 argumenta,
2875 1007 2971 1063 vix
2997 1014 3060 1064 ut
3081 1010 3202 1066 ulla
3242 1027 3353 1083 pro
3391 1011 3609 1084 quovis

1954 1093 2136 1163 hujus
2167 1092 2369 1148 saeculi
2400 1097 2605 1149 sancto
2656 1095 2906 1151 certiora
2946 1099 3335 1170 reperiantur,
3392 1115 3611 1174 nempe

1956 1182 2164 1237 mortis
2189 1182 2574 1254 praecognita,
2607 1183 3035 1240 miraculorum
3064 1188 3341 1257 patratio,
3374 1205 3442 1244 ac
3487 1206 3611 1261 pm

1954 1271 2180 1326 eteteris
2209 1271 2591 1340 integerrima
2622 1272 2764 1331 vita.
2791 1289 2861 1327 ac
2889 1273 3108 1341 regulae
3130 1277 3477 1332 monasticae
3505 1279 3615 1333 ob-

1956 1359 2214 1415 servatio
2247 1360 2755 1430 singularis.Hinc
2773 1360 2987 1416 Glaber
3013 1363 3150 1417 Vitta
3182 1364 3313 1433 ejus
3345 1364 3614 1437 scriptor,

1954 1450 2043 1504 vir
2063 1450 2260 1515 gravis
2291 1456 2346 1504 et
2372 1465 2609 1518 magnae
2627 1450 3018 1521 auctoritatis,
3038 1452 3228 1524 capite
3250 1452 3618 1519 ultimo,san-

1953 1538 2031 1595 cti
2059 1538 2349 1593 Guillelmi
2375 1542 2627 1593 mortem
2660 1540 2742 1594 ad
2784 1548 3055 1595 sanctum
3097 1542 3371 1610 deiﬁcum
3421 1544 3618 1599 lumen

172 1640 476 1699 Guillelmi
525 1658 681 1717 curae
726 1659 849 1699 non
890 1644 1280 1698 commissum
1332 1640 1523 1704 fuerit,
1572 1650 1833 1710 quorum
1869 1632 1915 1684 Β
1946 1629 2270 1717 transitum
2303 1626 2586 1699 appellat,
2638 1627 3059 1717 observatque,
3093 1629 3258 1701 quod
3290 1634 3500 1687 notatu
3527 1632 3618 1688 di-

177 1732 500 1788 nonnullis
534 1732 660 1805 ipse
692 1733 944 1804 praefuit,
986 1738 1089 1787 aut
1127 1729 1450 1803 discipulos
1477 1744 1621 1783 suos
1650 1725 1853 1799 praefe-

174 1821 268 1876 cit
298 1828 311 1875 ὲ
347 1825 699 1877 caeterorum
731 1834 873 1876 vero
924 1820 1193 1888 abbates,
1234 1819 1338 1891 qui
1362 1820 1489 1890 jam
1534 1816 1646 1872 illis
1676 1830 1852 1888 prme-

178 1914 348 1976 rant,
372 1909 497 1964 suis
520 1908 809 1981 exemplis
836 1926 903 1965 ac
932 1909 1172 1964 monitis
1202 1908 1279 1962 ad
1310 1910 1651 1962 accuratam
1678 1920 1851 1970 regu-

175 1997 329 2053 laris
356 1995 684 2070 disciplinae
731 1999 965 2071 praxim
993 1996 1264 2067 adduxit,
1304 1996 1506 2053 Beata’
1536 1995 1849 2062 memoriae,

180 2086 385 2159 inquit
415 2086 573 2143 idem
604 2093 826 2153 auctor,
876 2087 1209 2143 Willelmus
1235 2088 1418 2143 abbas
1465 2101 1590 2142 sua?
1619 2085 1853 2153 religio-

184 2172 289 2224 nis
316 2172 634 2239 a/‘ﬂuentia
662 2174 841 2226 totius
871 2178 1078 2240 partes
1130 2172 1381 2226 Romani
1426 2171 1666 2239 imperii
1685 2170 1853 2224 illus-

180 2257 416 2322 trabat,
447 2258 845 2329 abbatumque
873 2260 1202 2314 multorum
1235 2259 1461 2328 tepidos
1482 2260 1710 2314 animos
1759 2258 1855 2312 sui

172 2341 446 2409 fervoris
472 2342 732 2412 imagine
774 2343 1145 2412 reformabat
1192 2347 1249 2399 et
1281 2343 1661 2399 accendebat.
1702 2345 1852 2396 Eum

185 2427 557 2498 Sigebertus,
589 2430 664 2485 ad
692 2446 919 2485 annum
950 2435 1105 2497 £027,
1138 2435 1405 2486 recenset
1433 2430 1583 2486 inter
1602 2430 1854 2486 abbates

185 2512 610 2579 nominabiles,
641 2530 904 2586 quorum
958 2531 1142 2587 opera
1189 2516 1402 2585 religio
1456 2515 1854 2570 ecclesiastica

184 2600 419 2656 saeculo
443 2617 502 2656 ιι
542 2601 759 2658 ﬂoruit.
787 2604 860 2658 In
890 2604 1155 2658 Francia
1203 2604 1438 2673 quidem
1493 2609 1548 2657 et
1580 2605 1855 2672 Burgun-

178 2692 382 2748 ἀίω...
407 2706 519 2761 per
557 2693 947 2749 Guillelmum
994 2694 1405 2747 Divionensem
1434 2694 1745 2748 severitate
1769 2705 1855 2747 re.

179 2782 533 2837 venandum.
570 2782 856 2853 Denique,
879 2786 945 2836 ut
966 2780 1149 2837 habet
1191 2780 1404 2837 Glaber
1427 2781 1560 2836 loco
1589 2781 1851 2846 laudato,

175 2867 583 2940 quodcunque
602 2870 1031 2925 monasterium
1046 2870 1300 2938 proprio
1331 2869 1700 2925 viduabatur
1719 2882 1854 2939 pas-

178 2964 340 3027 tore,
362 2959 564 3014 statim
588 2959 1058 3028 compellebatur
1083 2964 1205 3014 tam
1236 2974 1273 3015 a
1300 2959 1536 3030 regibus
1568 2962 1661 3017 vel
1680 2961 1852 3016 comi-

179 3048 368 3111 tibus,
398 3062 578 3118 quam
605 3062 643 3103 a
680 3048 1085 3117 pontiﬁcibus,
1136 3053 1197 3101 ut
1248 3049 1611 3104 meliorandi
1650 3051 1852 3118 gratia

179 3137 354 3192 illud
380 3137 463 3191 ad
484 3136 810 3207 regendum
836 3137 1333 3205 susciperet.Hine
1361 3137 1563 3206 ipsum
1594 3138 1853 3210 quadra-

180 3225 359 3295 ginta
388 3224 508 3280 fere
534 3225 913 3281 monasteriis
956 3224 1300 3296 praefectum
1329 3226 1508 3281 fuisse
1538 3227 1696 3282 idem
1720 3244 1856 3282 auc-

181 3319 270 3371 tor
293 3314 532 3381 asserit,
563 3331 825 3387 quorum
856 3314 1141 3387 pleraque
1173 3315 1668 3389 chronographus
1684 3317 1855 3372 Beni-

183 3405 454 3475 gnianus
506 3408 793 3470 recenset,
854 3396 1119 3460 videlicet
1156 3411 1371 3477 praeter
1424 3407 1855 3477 Benignianum

182 3493 253 3548 de
279 3508 417 3565 quo
448 3492 587 3561 agit,
620 3492 1024 3563 Verziacense,
1085 3495 1407 3559 Besuense,
1464 3497 1851 3560 Reomaense,

184 3581 667 3643 Tornodorense.
724 3582 1123 3652 Melundense,
1184 3583 1379 3639 Sancti
1428 3585 1652 3639 Amulli
1718 3589 1853 3642 Met-

185 3674 380 3735 tense,
447 3671 609 3726 Santi
668 3671 811 3744 Apri
865 3670 1153 3739 Tullense,
1208 3672 1544 3742 Gorziense,
1594 3675 1855 3730 Fiscam-

186 3776 400 3828 nense,
434 3759 854 3831 Gemeticense,
885 3761 1076 3816 sancti
1096 3760 1369 3817 Andoeni
1394 3765 1854 3834 Rotomagense,

187 3849 346 3906 santi
382 3849 675 3905 Michaelis
726 3850 788 3905 in
849 3854 1051 3906 monte
1081 3851 1332 3919 Tumba,
1382 3854 1582 3908 Sancti
1612 3856 1856 3910 Faronis

186 3937 509 4007 leldvﬁnse,
539 3939 738 3995 Sancti
759 3939 1034 3995 Germani
1066 3939 1410 4005 Parisiense,
1446 3944 1855 3999 Fructuarien-

186 4044 265 4094 se,
300 4029 506 4084 Sancti
536 4029 833 4085 Amatoris
859 4044 1048 4101 prope
1100 4029 1417 4099 Lingonas,
1468 4032 1696 4087 Sanctae
1738 4036 1855 4088 Ma-

190 4118 284 4174 riae
321 4133 513 4189 prope
567 4117 1212 4187 Saxonicum-fontem,
1252 4118 1474 4190 quibus
1517 4120 1683 4176 addit
1726 4122 1857 4177 Gla-

191 4206 294 4263 ber
333 4207 766 4263 monasterium
809 4209 1009 4264 Sancti
1039 4207 1340 4263 Saturnini
1387 4208 1466 4263 ad
1498 4210 1853 4267 Rhodanum

1959 1716 2321 1789 gnissimum
2348 1722 2453 1782 est,
2485 1732 2621 1788 qum
2644 1716 2705 1771 in
2736 1715 2882 1771 vivis
2905 1717 3102 1773 adhuc
3134 1734 3321 1787 agens
3337 1725 3619 1792 operatus

1958 1813 2084 1863 erat
2112 1806 2421 1861 miracula.
2457 1807 2636 1861 etiam
2692 1812 2748 1862 et
2772 1812 2909 1878 post
2938 1813 3191 1863 mortem
3248 1808 3326 1863 ad
3352 1810 3482 1879 ejus
3533 1825 3621 1864 se-

1958 1897 2234 1969 pulcrum
2265 1894 2642 1967 perdurasse.
2677 1895 3024 1951 Audiendus
3056 1901 3145 1952 est
3170 1896 3232 1951 in
3259 1897 3363 1953 lib.
3410 1913 3464 1951 ιν
3504 1897 3620 1952 His-

1958 1982 2265 2048 toriarum,
2296 1998 2346 2037 c.
2370 1986 2423 2037 4.
2460 1984 2650 2038 Unum
2681 1990 2886 2053 restat,
2921 1985 3133 2057 inquit,
3165 1986 3326 2056 quod
3351 1986 3493 2041 novi
3515 1986 3620 2041 ibi-

1957 2071 2086 2127 dem
2110 2071 2192 2139 (in
2223 2071 2415 2127 sancti
2446 2071 2736 2127 Guillelmi
2756 2074 2900 2144 Vita)
2922 2076 3165 2131 minime
3192 2076 3619 2132 contineri.Mi-

1956 2162 2154 2230 gravii
2179 2162 2331 2216 enim
2355 2161 2679 2229 praedictus
2704 2163 2891 2217 Pater
2919 2177 2956 2218 a
2975 2164 3191 2219 saeculo
3210 2165 3293 2220 ad
3313 2164 3618 2220 beatorum

1958 2251 2218 2321 requiem
2248 2252 2312 2305 in
2340 2251 2644 2306 Neustria‘
2671 2250 2968 2319 partibus,
2996 2253 3056 2306 in
3098 2253 3516 2309 Fiscamnense
3536 2254 3618 2309 vi-

1958 2340 2170 2395 delicet
2200 2340 2627 2395 monasterio...
2674 2340 3055 2409 sepultusque
3095 2347 3201 2404 est.
3254 2343 3346 2397 uti
3382 2347 3619 2399 tantum

1960 2428 2314 2483 concedebat
2335 2430 2551 2493 virum,
2578 2429 2640 2482 in
2669 2428 2794 2483 loco
2827 2428 3045 2496 optimo
3062 2430 3319 2498 eiusdem
3336 2432 3616 2487 ecclesia.

1961 2517 2100 2571 Post
2129 2518 2357 2587 aliquot
2382 2518 2511 2586 fere
2553 2518 2676 2572 dies
2722 2518 2992 2586 contigit,
3024 2523 3088 2571 ut
3114 2520 3405 2587 puerulus
3431 2521 3623 2589 ferme

1960 2605 2235 2659 decennis
2255 2604 2463 2659 valida
2478 2605 2782 2673 confectus
2807 2605 3166 2674 aegritudine
3185 2606 3266 2661 ad
3279 2608 3619 2674 sepulcrum

1961 2694 2127 2747 illius
2151 2694 2354 2763 gratia
2370 2693 2797 2761 recuperandae
2820 2693 3033 2748 salutis
3062 2693 3401 2760 duceretur,
3424 2694 3624 2765 ibique

1961 2797 1996 2837 a
2016 2782 2367 2850 parentibus
2393 2782 2691 2852 dimissus,
2718 2781 3052 2838 decubabat
3072 2784 3252 2839 solus.
3296 2783 3412 2851 Qui
3428 2782 3622 2839 subite

1960 2873 2300 2943 respiciens,
2334 2872 2483 2928 vidit
2510 2886 2691 2941 super
2709 2873 2863 2929 idem
2896 2874 3239 2942 sepulcrum
3267 2874 3621 2931 insidentem

1961 2961 2282 3030 aviculam,
2312 2963 2573 3031 formam
2633 2962 2921 3019 columba?
2944 2965 3385 3033 praeferentem,
3436 2978 3621 3035 quam

1962 3053 2065 3106 diu
2090 3052 2325 3108 intuens
2363 3053 2717 3108 obdormivit
2747 3068 2769 3121 ;
2797 3054 3014 3109 dehinc
3046 3055 3167 3110 leni
3187 3056 3458 3124 expletus
3473 3070 3622 3111 som-

1962 3156 2039 3195 no
2088 3143 2399 3211 evigilans,
2431 3144 2516 3197 ita
2546 3158 2606 3197 se
2636 3143 2852 3211 reperit
2884 3144 3262 3211 incolumem,
3285 3159 3357 3199 ac
3387 3159 3436 3198 ει
3465 3144 3621 3199 nihil

1964 3231 2342 3300 aegritudinis
2391 3232 2793 3299 persensisset.
2839 3231 3189 3300 Suscipiunt
3241 3232 3444 3302 itaque
3501 3232 3625 3287 lati

1957 3323 2240 3386 parentes
2259 3334 2455 3388 suum,
2480 3320 2551 3387 ﬁt
2575 3318 2845 3374 omnibus
2871 3333 3180 3375 commune
3202 3319 3513 3389 gaudium.

2036 3412 2086 3461 ὅ.
2123 3407 2322 3464 Sancti
2350 3406 2643 3462 Guillelmi
2669 3423 2887 3479 corpus
2917 3407 2979 3461 in
3004 3407 3219 3478 majori
3252 3407 3627 3464 Fiseamnen-

1966 3494 2013 3549 si
2043 3495 2289 3551 basilica
2306 3495 2666 3550 tumulatum
2693 3499 2802 3565 est,
2833 3496 2895 3550 in
2922 3501 3237 3564 conspectu
3260 3498 3527 3553 euntium
3551 3510 3624 3553 ae

1966 3584 2336 3639 redeuntium
2368 3586 2659 3653 fratrum,
2713 3583 2906 3655 inquit
2937 3584 3083 3639 Vitae
3113 3589 3340 3653 auctor,
3380 3586 3496 3642 hoc
3538 3590 3627 3643 est

1963 3678 2099 3729 ante
2154 3674 2343 3730 sancti
2394 3674 2632 3730 Taurini
2681 3674 3054 3730 Ebroicensis
3106 3676 3372 3749 episcopi
3417 3677 3622 3747 altare,

1962 3762 2130 3835 quod
2158 3762 2338 3818 hodie
2368 3764 2556 3818 sancti
2586 3766 2645 3818 P.
2680 3764 2982 3818 Benedicti
3012 3764 3365 3834 appellatur.
3397 3768 3478 3819 Ex
3507 3767 3626 3820 hoc

1964 3855 2165 3906 autem
2189 3851 2324 3906 loco
2354 3850 2743 3922 postmodum
2795 3850 2857 3904 in
2886 3849 3175 3905 sacellum
3204 3851 3392 3906 beatae
3434 3852 3626 3907 Maria

1964 3939 2325 4007 Magdalenae
2358 3955 2595 3995 sacrum
2624 3938 2770 4008 (quo
2800 3942 3069 4008 tempore
3100 3953 3297 4008 quave
3344 3937 3420 3993 de
3444 3952 3630 3995 causa

1959 4028 2291 4098 ignoratur)
2325 4027 2404 4082 ad
2427 4027 2584 4082 latus
2623 4024 2930 4095 Evangelii
2976 4024 3333 4081 translatum
3385 4030 3494 4093 est,
3522 4026 3627 4083 ubi

1963 4116 2263 4188 hodieque
2286 4115 2348 4170 in
2376 4113 2753 4185 sarcophago
2781 4112 3043 4185 lapideo,
3074 4118 3191 4170 tres
3220 4113 3405 4187 pedes
3443 4113 3627 4187 longo

1965 4222 2035 4262 ac
2064 4221 2280 4261 novem
2312 4204 2556 4276 pollices
2585 4202 2728 4272 lato,
2761 4203 2916 4258 intra
2945 4202 3186 4275 parietis
3217 4219 3524 4262 cameram
3549 4206 3629 4263 ad

194 4294 336 4351 ﬂuvi
370 4312 467 4363 xm,
508 4296 674 4369 quod
704 4297 888 4353 modo
916 4298 977 4353 in
1033 4298 1362 4370 prioratum
1405 4299 1716 4356 redactum
1744 4304 1850 4368 est,
1891 4330 1937 4385 Β
1970 4294 2432 4369 septentrionem
2463 4292 2763 4348 inclusum
2817 4297 3183 4361 asservatur,
3225 4311 3365 4351 cum
3395 4295 3509 4352 hac
3566 4296 3629 4352 in

192 4385 559 4441 monasterio
590 4386 1081 4442 Ambroniacensi
1104 4387 1459 4459 subjectum.
1514 4391 1592 4445 De
1615 4390 1707 4446 his
1732 4408 1861 4447 om.
1891 4380 1927 4385 ”
1966 4383 2198 4458 plumbi
2248 4380 2477 4437 lamina
2534 4380 2936 4454 inscriptione,
2987 4398 3120 4455 quae
3175 4398 3337 4441 anno
3366 4388 3501 4441 1638
3530 4384 3629 4440 de-

197 4472 377 4527 nibus
406 4473 657 4530 seorsim
713 4490 891 4545 agere
930 4490 1053 4532 non
1111 4481 1305 4544 vacat,
1348 4481 1409 4533 at
1460 4477 1535 4534 de
1580 4482 1859 4537 Fruetua-

199 4560 397 4625 riensi,
450 4561 616 4634 quod
646 4562 805 4618 idem
858 4565 944 4618 vir
990 4568 1231 4621 sanctus
1279 4564 1340 4621 in
1400 4565 1588 4622 fundo
1609 4572 1861 4640 paterno

200 4649 484 4719 condidit,
534 4667 605 4707 ac
661 4652 737 4708 de
790 4652 1216 4721 Fiscamnensi,
1258 4655 1320 4710 in
1361 4672 1485 4728 quo
1543 4656 1862 4715 defunctus

202 4742 303 4806 est,
358 4738 651 4796 nonnulla
688 4739 1043 4811 subjicimus
1091 4759 1163 4798 ex
1211 4744 1564 4800 eorumdem
1591 4745 1863 4803 locorum

203 4828 625 4884 monumentis.
700 4831 777 4884 De
834 4830 1206 4900 Benigniano
1271 4850 1416 4889 vero
1473 4840 1529 4890 et
1581 4833 1868 4892 Besuensi

204 4916 579 4987 potissimum
632 4918 920 4992 scripsere
980 4920 1423 4996 chronographi
1450 4924 1699 4981 istorum
1739 4943 1866 4983 mo-

206 5006 619 5078 nasteriorum,
668 5024 932 5081 quorum
987 5016 1264 5085 excerpta
1320 5013 1569 5070 inferius
1606 5016 1871 5088 profere-

208 5110 356 5152 mus.

1967 4478 2123 4530 tecta
2157 4476 2267 4528 est.

2076 4655 2362 4711 Abbatem
2386 4654 2637 4723 plenum
2664 4655 2851 4709 lector
2880 4666 3161 4722 cognosce
3179 4652 3413 4707 dierum

2149 4744 2400 4799 Nomine
2434 4743 2815 4807 Willelmum,
2851 4742 2948 4797 hic
2962 4740 3250 4796 recubare
3278 4751 3492 4794 senem.

2081 4838 2200 4891 Iste
2230 4834 2347 4890 loci
2364 4834 2599 4902 primus
2613 4837 2827 4900 pastor
2840 4830 3229 4899 prafulserat
3255 4828 3459 4896 hujus,

2154 4926 2279 4992 Quo
2302 4922 2511 4977 statuit
2542 4920 2759 4975 multos
2788 4918 2970 4974 dante
2997 4918 3117 4971 Deo
3144 4914 3484 4970 monachos.

2082 5015 2231 5070 lani
2252 5012 2454 5081 prima
2481 5010 2603 5065 dies
2631 5009 2846 5064 anim
2874 5019 3029 5062 nova
3045 5005 3267 5060 claruit
3289 5006 3436 5073 ejus.

2158 5102 2272 5159 Cui
2296 5113 2452 5156 nova
2477 5097 2812 5154 Jerusalem
2840 5094 3013 5151 obvia
3038 5098 3163 5149 tota
3181 5094 3326 5163 fuit.

222 5198 2551 5227 ._.______________________________

948 5281 1089 5366 DE
1186 5277 1895 5372 MONASTERIO
1981 5271 2867 5370 FRUCTUARIENSI

1378 5406 1424 5460 Α
1466 5408 1687 5466 ΒΕΑΤο
1729 5409 2101 5468 WILLELMO
2140 5401 2463 5462 CONDITO.

1693 5514 2133 5530 Ψ

282 5561 328 5612 1.
359 5558 511 5614 Cum
537 5559 638 5615 vix
668 5557 894 5632 aliquid
921 5558 997 5614 de
1028 5556 1462 5614 Fructuariensi
1493 5558 1857 5614 monasterio

216 5642 498 5708 habeatur
510 5652 641 5706 tum
654 5649 717 5705 in
738 5649 867 5706 Vita
888 5646 1192 5705 Gusilelmi
1206 5663 1243 5704 a
1257 5646 1478 5704 Glabro
1499 5647 1862 5721 conscripta,

1964 5562 2095 5614 tum
2112 5554 2277 5630 apud
2293 5552 2825 5625 chronographum
2854 5550 3313 5621 Benignianum,
3326 5549 3525 5606 visum
3545 5553 3636 5607 est

1971 5648 2070 5705 hic
2086 5646 2271 5722 paulo
2292 5644 2481 5703 fusius
2506 5644 2584 5701 de
2622 5656 2699 5702 eo
2724 5654 2925 5714 agere,
2954 5658 3097 5700 cum
3115 5643 3275 5699 hanc
3298 5640 3522 5698 habent
3539 5656 3635 5697 su-
