3994 6166
478 134 583 186 839
1423 125 1479 181 S.
1522 120 1955 180 GUILLELMUS
1990 119 2223 176 ABBAS
2264 120 2321 175 S.
2363 121 2644 179 BENIGNI
2683 125 2949 182 DIVION.
3677 156 3756 210 “0

480 269 589 327 per
666 256 877 329 caetera
932 247 1316 320 monasteria,
1376 265 1510 321 quae
1566 247 1889 303 Willelmus
1937 250 2139 303 noster
2176 287 2223 340 Α
2251 245 2540 301 mentiam
2570 246 2713 340 adiit
2741 254 2950 321 petens
2978 251 3282 324 quoddam
3308 266 3656 327 monasterium
3671 290 3762 332 nos.

478 345 647 408 rexit,
679 340 1163 415 praerogativam,
1196 339 1363 411 quod
1384 338 1463 394 ab
1492 354 1563 394 eo
1593 338 1653 393 in
1684 354 1807 393 suae
1834 337 2019 409 ipsius
2037 352 2139 409 pa-
2176 334 2223 340 ““
2247 335 2339 431 tra
2364 334 2712 431 auctoritate
2765 339 3158 411 corroborari,
3214 342 3374 400 situm
3410 347 3464 403 in
3485 350 3591 411 loco
3613 362 3765 431 quidi.

480 438 660 488 terna:
688 429 1047 486 hareditatis
1092 427 1283 484 fundo
1309 427 1621 484 conditum
1652 426 1845 493 fuerit,
1877 425 2139 498 indeque
2248 416 2400 472 citur
2429 420 2793 489 Fructuaria,
2851 440 2925 479 ex
2979 424 3221 497 propria
3257 427 3548 492 haereditate
3589 416 3765 502 fratruin

478 519 807 593 plurimum
844 519 975 591 ejus
1021 518 1171 574 initii
1199 517 1405 574 notitia
1449 516 1761 590 profutura
1800 515 1874 571 sit
1910 514 1989 570 ad
2014 512 2142 569 illu-
2247 507 2379 577 ejus
2435 508 2715 583 Gotfredi,
2773 512 2997 569 Nitardi
3039 519 3215 587 atque
3256 517 3477 590 Roberti,
3526 524 3578 581 in
3609 529 3768 590 honore

476 608 723 665 stranda
750 608 1028 679 ejusdem
1078 606 1239 663 beati
1266 607 1378 662 viri
1421 610 1605 677 gesta.
1655 604 1843 662 Situm
1872 608 1961 659 est
1989 603 2141 659 inter
2250 600 2469 686 sanctae
2495 598 2594 654 Dei
2621 600 2921 670 genitricis
2945 603 3133 659 Mariae
3158 606 3437 680 sanctique
3459 612 3771 686 Benignimar-

475 698 598 755 duo
629 696 882 755 flumina
904 700 1123 755 Orcum
1153 702 1211 752 et
1237 696 1590 752 Amalonem
1628 694 1690 750 in
1714 693 1902 750 Gallia
1932 691 2142 751 Subal—
2247 684 2395 756 tyris
2453 691 2889 761 constructum,
2948 690 3107 747 velut
3155 692 3215 747 in
3266 694 3448 753 charta
3484 684 3717 770 judicatus
3749 726 3770 766 a

474 787 639 860 pina,
666 786 822 842 intra
852 784 1267 858 Eporediensis
1309 784 1583 841 dimcesis
1613 783 1782 839 fines.
1818 780 2137 839 Conditum
2246 774 2596 866 _Gonthardo
2626 776 2882 836 diacono
2912 780 3071 837 edita
3100 782 3425 841 continetur.
3478 791 3625 861 Cujus
3646 798 3770 866 preci-

474 876 672 949 primo
702 874 811 931 fuit
855 879 913 930 et
957 875 1230 931 dotatum
1279 873 1628 930 liberalitate
1680 871 1931 928 fratrum
1975 869 2138 927 beati
2243 862 2363 919 bus
2402 867 2692 939 susceptis
2746 869 2913 941 prius
2956 870 3141 941 regali
3190 879 3461 948 praecepto
3495 862 3772 941 conﬁrinavi-

476 965 769 1030 Willelmi,
839 964 1216 1036 aliorumque
1269 962 1459 1035 ipsius
1525 960 2134 1031 consanguineorum,
2243 968 2400 1021 mus,
2428 976 2456 1004 »
2475 958 2585 1010 etc.
2639 959 2792 1013 Inter
2820 958 2970 1015 alios
3004 962 3334 1017 monasterii
3362 962 3699 1025 benefactores
3718 988 3772 1026 re-

477 1059 605 1111 tum
634 1054 816 1111 variis
846 1053 1103 1109 aliorum
1153 1051 1582 1107 donationibus
1628 1055 1895 1121 auctum,
1945 1066 2015 1106 ac
2039 1050 2140 1106 de-
2243 1046 2445 1098 censet
2469 1043 2786 1101 Otthonem
2830 1046 3204 1117 Willelmum,
3233 1050 3403 1106 nostri
3425 1052 3661 1112 Willelmi
3681 1074 3771 1114 con.

474 1160 645 1199 mum
675 1142 1016 1215 principum
1046 1146 1101 1197 et
1133 1157 1511 1197 summorum
1549 1139 1903 1214 pontiﬁcum
1949 1139 2138 1212 diplo-
2243 1131 2664 1201 εθιηειιὶηθιιω,
2697 1140 2762 1190 ut
2790 1152 2974 1209 supra
3003 1136 3277 1207 diximus,
3324 1140 3478 1211 cujus
3526 1145 3773 1217 complures

475 1233 735 1289 matibus
765 1237 822 1287 et
848 1231 1167 1305 privilegiis
1195 1232 1503 1287 ﬁrmatum
1533 1235 1591 1287 et
1619 1230 1941 1297 munitum,
1988 1229 2137 1285 nulli
2243 1225 2481 1277 exstant
2509 1223 2728 1280 Charta?
2758 1224 2819 1281 in
2880 1226 3222 1297 Βθῐιίὲῐὶίᾶηί
3250 1227 3388 1285 Sicut
3408 1230 3528 1286 etin
3572 1235 3773 1290 Fructua-

472 1321 593 1377 fere
621 1321 795 1378 totius
846 1320 1022 1376 Italiae
1075 1320 1437 1377 monasterio
1486 1325 1614 1377 tum
1652 1319 1977 1389 nobilitate,
2008 1323 2135 1374 tum
2241 1309 2452 1366 riensis
2476 1314 2823 1371 monasterii
2844 1315 3107 1373 favorem
3139 1317 3305 1373 datae.
3332 1318 3775 1378 «Habeatetteneat

472 1410 816 1466 divitiarum
844 1408 1170 1476 afﬂuentia,
1206 1410 1399 1466 cessit.
1459 1410 1596 1481 Ejus
1643 1409 1868 1465 natalia
1924 1406 2135 1481 paucis
2242 1399 2444 1471 quieto
2469 1400 2603 1472 jure
2634 1402 2944 1460 castellum
2976 1405 3485 1477 Longobardorum
3508 1424 3623 1464 cum
3645 1412 3774 1466 omni-

472 1498 749 1571 exprimit
778 1503 949 1555 vetus
980 1503 1189 1555 auctor
1218 1498 1311 1554 bis
1357 1497 1651 1569 versibus,
1678 1514 1832 1571 quos
1872 1496 2133 1553 Francis-
2241 1487 2357 1543 bus
2389 1489 2515 1545 Snis
2546 1491 2933 1563 pertinentiis,
2972 1499 3030 1551 et
3058 1495 3259 1551 omnia
3301 1496 3506 1568 praedia
3529 1496 3611 1553 illa
3628 1502 3672 1554 et
3692 1515 3773 1554 cor-

473 1604 577 1643 cus
608 1587 977 1658 Augustinus
1004 1587 1083 1643 ab
1113 1587 1384 1653 ecclesia,
1407 1604 1478 1643 ex
1509 1586 1756 1660 antiquo
1787 1585 2134 1642 monasterii
2164 1631 2205 1686 Β
2241 1581 2350 1686 Eu,
2372 1594 2526 1686 quas
2556 1578 2730 1686 dedit.
2750 1582 2947 1655 Ottho,
3003 1583 3106 1659 qui
3157 1588 3213 1640 et
3261 1583 3576 1657 Willelmus,
3621 1602 3772 1651 comes,

472 1679 763 1735 Chronico
793 1678 1143 1751 descriptos,
1179 1678 1443 1735 Historiae
1498 1694 1623 1733 suae
1667 1676 2131 1733 Pedemontanaa
2166 1664 2205 1686 υ
2240 1664 2399 1722 ﬁlius
2429 1668 2756 1743 Adalberti,
2796 1687 2987 1745 nepos
3028 1673 3353 1744 Berengal‘ii
3389 1673 3546 1743 Ρθεὶε,
3570 1674 3671 1747 ipso
3691 1674 3774 1730 1°00

468 1766 731 1823 inseruit,
2239 1756 2397 1813 infra
2424 1757 2575 1815 ﬁnes
2605 1761 3037 1831 Longobardiae
3089 1778 3162 1819 ex
3192 1763 3506 1820 haereditate
3548 1769 3773 1836 parentum

474 1857 531 1914 Si
555 1858 689 1930 quis
722 1860 1078 1914 Fructuariae
1103 1857 1331 1914 mavult
1352 1874 1724 1932 przenoscere
1749 1856 1998 1930 quando
2241 1849 2298 1902 et
2334 1847 2815 1922 Propinquorum
2870 1868 3138 1909 suorum.
3187 1852 3487 1911 Statuimus
3527 1853 3670 1909 etiam
3706 1867 3773 1924 per

542 1948 810 2004 Coenobii
834 1951 1099 2020 coeptum
1128 1946 1235 2003 rite
1266 1947 1476 2003 fuisset
1512 1964 1665 2022 opus
1695 1965 1707 2002 :
2238 1934 2398 1992 hanc
2426 1937 2613 1993 nostri
2642 1939 2921 2013 praecepti
2954 1940 3293 1997 ﬁrmitatem
3325 1942 3382 1997 in
3408 1945 3697 2015 perpetuum
3710 1940 3775 1995 lm-

469 2036 805 2095 Millesimus
828 2035 1101 2092 sublimis
1130 2040 1257 2093 erat
1284 2041 1426 2092 tunc
1458 2036 1662 2092 tertius
1701 2050 1897 2092 annus
2238 2024 2473 2082 bendas
2503 2044 2715 2085 omnes
2737 2033 2925 2086 terras
2952 2029 3102 2100 illas,
3134 2047 3285 2105 quas
3308 2030 3510 2088 habere
3535 2031 3673 2088 debet
3689 2029 3770 2100 jam

540 2128 748 2181 Partus
777 2124 1024 2194 virginei
1054 2124 1340 2198 Principis
1367 2125 1624 2180 aetherei.
2239 2131 2399 2188 saepe
2442 2116 2822 2174 nominatum
2858 2120 3289 2176 monasterium
3317 2136 3385 2176 ex
3410 2119 3686 2176 haereditate
3706 2120 3772 2173 Re

471 2214 657 2271 Martii
689 2217 973 2287 septenas,
1003 2230 1109 2269 seu
1133 2213 1378 2269 indictio
1406 2214 1602 2286 prima
1631 2212 1934 2283 Kalendae,
2234 2202 2408 2272 beru.
2440 2206 2753 2278 quondam
2782 2208 2892 2264 Viri
2920 2209 3294 2277 nobilissumi,
3347 2209 3443 2282 qui
3489 2208 3582 2263 fuit
3618 2206 3771 2276 εθηίιοι

538 2306 796 2376 Tempus
826 2302 920 2359 vel
939 2319 1181 2358 cursum
1203 2301 1386 2358 ambo
1418 2318 1596 2358 suum
1620 2305 1935 2374 peragunt,
2230 2292 2361 2363 jam
2388 2294 2773 2352 dictiabbatis
2806 2298 3164 2355 Willelmi....
3198 2298 3594 2356 Conﬁrmamus
3608 2309 3772 2351 omnem

468 2394 588 2448 Rex
615 2391 913 2447 Ardoinus
945 2390 1161 2463 sceptri
1182 2390 1595 2447 moderamine
1625 2390 1807 2447 ﬁssus
1852 2412 1857 2417 λ
2234 2381 2400 2439 illam
2427 2384 2836 2444 haereditatem
2867 2392 2924 2444 et
2949 2387 3377 2462 possessiones,
3392 2403 3513 2460 quae
3525 2402 3585 2442 ex
3603 2388 3771 2458 paterno

538 2484 723 2552 Regat
749 2481 812 2537 in
838 2479 1141 2554 Hesperia,
1165 2480 1353 2537 tendit
1380 2481 1442 2536 in
1470 2480 1821 2537 Ausoniam.
2235 2475 2293 2528 et
2319 2478 2595 2531 materno
2615 2476 2752 2546 jure
2782 2476 3160 2534 debebantur
3187 2478 3435 2548 Otberto,
3462 2476 3551 2550 qui
3570 2474 3655 2530 fuit
3668 2472 3771 2528 ﬁlius

464 2569 863 2642 Adjuvatipse
878 2568 1079 2625 locum
1108 2568 1418 2637 Dominus,
1451 2585 1635 2642 quem
1664 2584 1913 2625 munere
1939 2568 2124 2637 dotat,
2234 2563 2497 2636 Gerardi,
2529 2569 2587 2621 et
2614 2581 2803 2639 nepos
2864 2567 3086 2624 Otberti
3121 2568 3370 2636 comitis,
3399 2566 3492 2639 qui
3525 2564 3633 2620 fecit
3648 2564 3771 2618 hare-

536 2658 737 2715 Rebus
763 2657 1061 2714 consuluit
1086 2656 1367 2714 fratribus
1394 2656 1674 2714 assiduis.
2232 2650 2374 2706 dem
2422 2668 2595 2709 suam
2651 2659 2925 2713 sanctam
2972 2656 3284 2713 ecclesiam
3358 2652 3769 2714 Fructuariensem,

462 2748 681 2804 Praesul
706 2747 1059 2805 Ottobianus
1087 2746 1255 2819 quod
1271 2747 1403 2818 jure
1433 2746 1694 2803 dicando
1724 2747 1997 2817 sacravit,
2232 2741 2483 2812 quando
2512 2748 2681 2815 pater
2729 2745 2862 2816 ejus
2907 2750 2963 2802 et
3013 2745 3144 2819 ipse
3182 2746 3522 2820 reliquerunt
3541 2739 3768 2799 mundum,

533 2837 736 2893 Abbas
766 2836 1087 2893 Willelmus
1115 2837 1402 2892 construit
1425 2838 1540 2893 hoc
1572 2836 1843 2893 Domino.
2231 2829 2443 2886 dantes
2476 2847 2539 2887 se
2564 2836 2621 2888 et
2665 2833 2872 2890 omnia
2900 2850 3012 2891 sua
3058 2838 3201 2904 Deo,
3245 2834 3405 2891 factis
3446 2828 3768 2889 monachis...»

534 2932 586 2981 2.
619 2926 734 2984 Sed
762 2941 942 2982 nemo
970 2925 1185 2982 melius
1234 2927 1581 2983 monasterii
1619 2926 1712 2982 sui
1768 2925 1991 2983 natalia
2025 2942 2123 2981 ex-
2157 2986 2191 2998 Α
2230 2920 2353 2975 Sub
2382 2920 2566 2977 ﬁnem
2582 2928 2895 2980 enumerat
2913 2924 3116 2992 cellas,
3148 2941 3253 2983 seu
3271 2924 3557 2998 prioratus,
3595 2916 3768 2992 quia!"

462 3015 633 3088 ponit
660 3031 848 3088 quam
877 3015 1005 3087 ipse
1036 3013 1402 3084 Guillelmus,
1431 3016 1603 3087 cujus
1630 3015 1766 3071 ideo
1795 3015 2063 3072 chartam
2089 3031 2125 3071 a
2152 2986 2193 3043 θ
2232 3014 2372 3067 tunc
2403 3028 2440 3068 a
2464 3014 2831 3071 monasterio
2859 3014 2960 3072 illo
2983 2986 3330 3089 pendebant
3360 3032 3373 3083 ;
3404 2986 3591 3070 scilicet
3610 2986 3767 3063 bellum

461 3103 709 3161 laudato
739 3108 980 3161 auctore
1000 3120 1074 3161 ex
1103 3104 1539 3161 Fructuariensi
1567 3104 1830 3162 archivio
1871 3104 2123 3161 relatam
2233 3118 2264 3153 ‹
2288 3103 2839 3172 Astensem,cellam
2859 3105 3277 3176 Navigensem,
3308 3102 3566 3161 cellamin
3589 3099 3769 3160 Quaml'

459 3195 857 3252 describimus
877 3194 1048 3253 infra.
2232 3193 2313 3261 ta,
2345 3192 2556 3247 cellam
2585 3192 2649 3248 in
2679 3193 3034 3264 Cavalliaca,
3066 3195 3279 3252 cellam
3303 3194 3364 3250 in
3390 3191 3632 3254 Paderno,
3654 3206 3674 3233 η
3694 3186 3763 3236 etc.

532 3291 583 3343 3.
611 3288 739 3350 Quo
763 3300 925 3341 anno
944 3285 1413 3341 instrumentum
1443 3284 1603 3342 istud
1635 3285 1972 3342 confectum
2002 3285 2124 3342 fue-
2301 3285 2356 3337 4.
2377 3286 2550 3339 Anno
2580 3283 2792 3340 Christi
2823 3289 2979 3354 1023,
3015 3284 3181 3342 aliud
3210 3286 3348 3342 item
3396 3276 3699 3356 privilegium
3718 3269 3766 3325 ab

456 3374 533 3431 rit
550 3374 844 3431 incertum
873 3373 1019 3429 mihi
1056 3378 1165 3439 est,
1226 3390 1364 3430 cum
1408 3373 1467 3428 id
1500 3379 1606 3430 aut
1627 3390 1752 3431 non
1771 3375 2125 3448 expresserit
2230 3370 2447 3428 eodem
2495 3373 2856 3446 imperatore
2910 3372 3171 3431 obtinuit
3222 3371 3535 3439 Willelmus,
3560 3379 3654 3438 quo
3687 3372 3764 3448 mf?

456 3464 585 3536 ipse
615 3463 1071 3529 Willelmus,aut
1091 3467 1245 3519 certe
1271 3463 1478 3519 datam
1507 3464 1773 3521 omiserit
1786 3444 1889 3537 qui
1919 3465 2120 3538 ipsum
2230 3462 2560 3519 nasterium
2584 3444 2599 3446 ⁷
2619 3463 3091 3535 Fructuariense,
3148 3486 3176 3514 ‹‹
3207 3466 3382 3538 prout
3407 3476 3463 3517 1n
3489 3444 3766 3538 charmiudi

458 3533 531 3608 ex
563 3552 939 3624 autographo
964 3551 1299 3624 descripsit,
1329 3552 1435 3626 qui
1463 3554 1643 3610 etiam
1682 3558 1787 3610 aut
1805 3533 1893 3610 ob
1922 3533 2118 3626 legen-
2228 3556 2397 3608 catus
2426 3569 2463 3610 a
2490 3553 2841 3609 Gunthardo
2869 3534 3129 3611 diacono
3149 3533 3305 3611 edita
3335 3549 3672 3609 continetur,»
3693 3533 3762 3590 διώ

457 3639 519 3696 di
544 3640 925 3713 imperitiam,
956 3645 1059 3696 aut
1087 3640 1287 3696 nescio
1317 3656 1440 3713 qua
1479 3640 1594 3698 alia
1632 3641 1706 3697 de
1754 3656 1963 3711 causa,
1992 3657 2122 3696 mo-
2228 3642 2474 3714 speciali
2508 3659 2618 3699 sua
2671 3642 3018 3699 defensione
3063 3643 3327 3716 suscipit,
3392 3657 3455 3697 ac
3490 3626 3758 3710 privileSium

457 3734 820 3785 numentum
851 3729 1011 3785 istud
1054 3728 1207 3785 adeo
1249 3729 1579 3803 pretiosum
1634 3729 1837 3786 multis
1882 3729 2118 3786 mendis
2225 3732 2525 3789 Benedicti
2548 3733 2664 3788 Vlll
2697 3733 3030 3791 conﬁrmat.
3088 3757 3119 3785 «
3150 3733 3384 3803 Dehinc,
3413 3726 3592 3800 inquit,
3623 3723 3669 3775 ιιι
3692 3720 3760 3768 ⁵³³·

453 3817 689 3875 videtur
712 3818 1083 3891 respersisse.
1119 3821 1407 3876 Caeterum
1439 3835 1512 3875 ex
1536 3818 1717 3875 variis
1743 3818 1960 3875 chartis
1981 3834 2117 3892 quae
2222 3819 2404 3877 bilius
2428 3827 2782 3894 permaneat
2807 3823 3108 3897 imperiali
3139 3821 3472 3880 auctoritate
3518 3807 3759 3870 οοιτοδοη·

454 3925 491 3966 a
530 3909 913 3966 Guichenone
961 3909 1023 3965 in
1074 3908 1434 3966 Bibliotheca
1505 3909 1856 3979 Sebusiana,
1914 3912 1971 3965 et
2036 3910 2115 3966 ab
2223 3926 2381 3982 mus,
2410 3910 2523 3967 sub
2548 3916 2753 3968 nostra
2780 3911 3129 3970 defensione
3187 3929 3255 3970 ea
3285 3909 3494 3968 ratione
3516 3897 3759 3982 recipimmf

456 3999 721 4070 Ughello,
750 4003 914 4055 tomo
939 3999 1009 4055 1V
1029 3998 1206 4055 Italiae
1239 4001 1430 4056 Sacrae
1461 3999 1522 4055 in
1566 3977 1863 4073 episcopis
1895 4002 2114 4072 Epore-
2220 4004 2287 4055 ut
2316 3977 2518 4055 nullus
2541 4000 2685 4071 dux,
2718 4001 3009 4070 marchio,
3040 4006 3152 4059 etc.
3190 3999 3494 4060 Statuimus
3519 3977 3764 4073 (Ῑιιοφλίῗνθί

452 4086 763 4142 diensibus
786 4087 1143 4155 referuntur,
1168 4092 1329 4161 patet
1355 4088 1503 4144 nihil
1523 4104 1559 4145 a
1588 4071 1874 4145 Willelino
1894 4071 2114 4147 abbate
2220 4089 2324 4145 Dei
2347 4096 2672 4164 nostraque
2730 4091 3078 4148 auctoritate
3135 4092 3555 4149 conﬁrmamus,
3587 4080 3637 4133 ut
3655 4071 3760 4164 idern

452 4176 747 4232 omissum
784 4177 964 4234 fuisse
1013 4183 1078 4235 ut
1130 4178 1599 4235 Fructuariensis
1652 4179 1998 4236 monasterii
2048 4180 2114 4235 li-
2218 4179 2388 4237 locus
2418 4196 2602 4254 supra
2629 4186 3027 4239 memoratam
3051 4182 3384 4239 libertatem
3406 4178 3459 4234 in
3495 4164 3667 4254 eundi?
3693 4155 3761 4254 ὼ

451 4265 767 4333 bertatem,
797 4271 924 4323 tum
951 4268 1011 4323 in
1041 4268 1492 4341 temporalibus,
1551 4274 1680 4325 tum
1709 4269 1770 4325 in
1801 4269 2113 4343 spirituali-
2146 4344 2151 4345 ί
2220 4269 2423 4340 tineat,
2451 4251 2511 4327 et
2537 4288 2911 4345 quaecunque
2932 4272 3007 4329 de
3022 4273 3156 4345 ejus
3181 4272 3440 4329 libertate
3458 4251 3759 4345 etstabiu‘a“?!

448 4350 586 4420 bus,
622 4351 775 4408 adeo
804 4350 1049 4407 ﬁrmiter
1103 4352 1390 4410 stabiliret
1418 4357 1483 4409 ut
1520 4354 1771 4427 posteris
1826 4341 2109 4427 tempori-
2140 4344 2185 4399 Β
2218 4358 2292 4415 de
2324 4341 2577 4417 abbatis.
2617 4341 2904 4418 electio—ne
2955 4365 3012 4418 et
3055 4341 3488 4419 'consecratione
3527 4363 3556 4403 a
3592 4341 3762 4431 dom?

447 4442 588 4514 bus,
614 4440 786 4497 facile
816 4456 938 4497 non
969 4441 1416 4499 convelleretur.
1449 4443 1713 4500 Primum
1751 4444 1831 4501 ab
1862 4426 2109 4502 Henrico
2216 4449 2545 4521 apostolico
2584 4451 2898 4508 Benedicto
2926 4452 3255 4524 multisque
3284 4440 3541 4523 episcopis
3572 4434 3622 4490 in
3634 4426 3765 4524 Prw-1‘

447 4533 808 4606 imperatore
829 4532 1172 4588 conﬁrmari
1199 4532 1309 4588 sibi
1341 4534 1571 4590 curavit
1598 4551 1976 4609 quaecunque
2007 4540 2112 4592 aut
2214 4517 2386 4610 legiis
2418 4544 2475 4596 et
2532 4541 2932 4612 synodalibus
2987 4517 3241 4599 decretis
3298 4517 3495 4596 statuta
3531 4525 3654 4587 sum,
3676 4517 3763 4571 1'3”

449 4639 487 4680 a
511 4622 634 4679 suis
660 4620 1019 4695 propinquis
1049 4627 1152 4679 aut
1177 4623 1256 4680 ab
1305 4622 1433 4679 aliis
1459 4624 1572 4698 piis
1602 4624 1744 4681 viris
1801 4630 2108 4682 monaste-
2215 4629 2381 4686 omni
2405 4634 2673 4701 tempore
2703 4636 2759 4687 et
2778 4631 3142 4688 inconcussa
3162 4630 3430 4687 ﬁrmitate
3453 4615 3659 4678 subnixa
3672 4617 3764 4697 οοιξ·

445 4712 534 4770 rio
560 4711 778 4769 tradita
802 4710 1055 4768 fuerant.
1081 4714 1283 4770 Exstat
1311 4730 1383 4771 ea
1411 4714 1486 4771 de
1516 4730 1579 4770 re
1604 4715 1875 4785 ejusdem
1902 4716 2107 4773 Henri-
2215 4723 2541 4775 serventur.
2577 4742 2605 4769 »
2662 4719 2950 4776 Observat
2976 4724 3147 4792 Hugo
3196 4718 3384 4775 abbas
3409 4701 3761 4792 Flaviniacensé

445 4802 499 4859 ci
526 4800 818 4875 diploma,
850 4801 1062 4858 datum
1090 4818 1251 4858 anno
1285 4807 1442 4872 1014,
1494 4820 1568 4860 ex
1593 4819 1715 4876 quo
1740 4819 1865 4860 non
1910 4805 2022 4861 solt

2212 4805 2275 4862 in
2302 4806 2593 4865 Chronico
2624 4807 2972 4864 Virdunensi
2994 4790 3351 4864 Willelmum
3376 4790 3760 4881 nostrumﬂlfe‘?

444 4891 637 4947 multa
665 4890 739 4947 de
769 4891 951 4948 variis
979 4891 1465 4963 possessionibus
1486 4908 1639 4965 quas
1664 4893 1795 4963 jam
1813 4896 1951 4949 tunc
1972 4910 2108 4967 pos-
2215 4918 2243 4945 ‹‹
2284 4902 2575 4954 rectorem
2633 4901 2942 4953 strenuum
3007 4902 3064 4954 et
3113 4896 3391 4968 religione
3450 4878 3762 4968 praestantiSSP

445 4980 679 5037 sidebat
708 4981 1053 5038 coenobium
1083 4981 1533 5038 Fructuariense
1578 4985 1883 5055 comperta
1932 4966 2105 5052 ﬁunt,
2216 5002 2386 5042 mum
2416 5010 2445 5038 ››
2491 4985 2772 5058 appellat,
2827 4986 3003 5043 beato
3061 4966 3312 5044 Henrico
3383 4966 3762 5048 acceptissimum

440 5087 654 5126 verum
704 5069 883 5126 etiam
931 5070 1144 5127 exinde
1196 5069 1593 5140 innotescunt,
1642 5075 1771 5127 tum
1812 5069 2109 5127 nobilissi-
2214 5074 2419 5131 fuisse.
2453 5078 2519 5131 Et
2545 5074 2730 5149 paulo
2754 5074 2998 5131 inferius
3028 5074 3311 5133 eumdem
3332 5058 3763 5149 Willelmumfs‘f

444 5175 615 5214 mum
645 5158 914 5215 Willelmi
942 5160 1131 5217 nostri
1158 5175 1369 5233 genus,
1397 5165 1525 5218 tum
1556 5160 1655 5218 alii
1680 5158 1953 5216 nonnulli
1995 5158 2106 5216 viri
2212 5179 2324 5236 pra
2350 5144 2625 5235 regulam
2645 5163 2871 5220 dictum
2903 5164 3082 5221 fuisse
3112 5164 3197 5221 ait
3224 5179 3260 5219 a
3279 5160 3460 5231 rigore
3487 5144 3762 5209 ferventiorls

442 5247 720 5315 illustres,
775 5247 879 5317 qui
949 5250 1300 5323 postpositis
1346 5251 1560 5307 mundi
1617 5249 1908 5306 illecebris
1962 5254 2104 5306 tunc
2212 5251 2585 5326 propositi.»
3580 5321 3594 5326 _
3701 5310 3710 5320 .

440 5336 729 5409 temporis
758 5350 829 5391 eo
854 5334 915 5391 in
951 5319 1520 5398 loco—monasticam
1543 5340 1729 5396 vitam
1754 5339 2056 5396 ducebant
2087 5357 2101 5408 ;
2212 5319 2234 5325 ’
2282 5319 2347 5396 5.-
2367 5343 2503 5397 Post
2554 5339 2787 5397 Henrici
2833 5338 3080 5411 Augusti
3127 5337 3356 5396 obitum
3393 5321 3655 5390 Conradus
3676 5319 3761 5411 ομιξ

440 5408 587 5500 quin
618 5429 673 5481 et
714 5424 1054 5482 Gonthardi
1097 5430 1434 5499 judicatus,
1490 5445 1672 5502 supra
1719 5428 1781 5484 in
1835 5427 2104 5483 Willelmi
2212 5446 2541 5499 successor,
2574 5446 2609 5485 a
2638 5428 2814 5486 beato
2844 5408 3130 5485 Willelmo
3159 5428 3417 5498 rogatus,
3438 5415 3623 5502 iisdem
3644 5408 3760 5502 Belle

439 5516 835 5574 instrumento
889 5512 1191 5589 laudatus,
1233 5520 1311 5576 ab
1365 5519 1612 5575 Henrico
1689 5517 2095 5573 conﬁrmatur.
2207 5520 2485 5576 verbisac
2508 5519 2797 5575 Henricus
2828 5517 3171 5576 monasterii
3200 5490 3761 5593 Fructuariensis”?

440 5630 468 5657 «
510 5610 799 5677 Domnus,
844 5605 1057 5680 inquit,
1089 5585 1280 5667 abbas
1326 5608 1649 5666 Willelmus
1678 5612 1948 5666 nostram
1978 5607 2095 5665 cle-
2210 5612 2391 5666 tatem
2405 5623 2514 5665 sua
2528 5608 2748 5680 pariter
2767 5608 3112 5668 auctoritate
3137 5600 3449 5666 roboravit,
3476 5596 3532 5649 ut
3547 5604 3609 5646 ex
3630 5585 3760 5654 illa“
