3976 6180
179 138 275 195 841

1546 128 1825 187 ΝΟΤΙΤΙᾹ
1861 124 2239 182 HISTORICA

3499 131 3605 185 842

179 261 387 317 charta
415 262 598 332 patet,
626 275 761 332 quae
790 257 867 314 ab
903 256 1117 313 eodem
1165 254 1546 311 Guichenone
1568 252 1840 320 refertur,
1871 250 1919 304 A
1949 248 2212 319 nequivit
2244 242 2600 319 benignitas,
2639 253 2861 305 nostra!
2888 248 3307 306 benevolentiae
3356 251 3604 320 perﬁce-

177 351 237 406 in
287 366 412 423 qua
438 352 697 407 Joannes
743 347 1015 420 ejusdem
1056 345 1172 401 loci
1210 344 1402 401 abbas
1450 346 1841 408 memoratur,

177 438 284 511 qui
333 438 395 494 in
454 435 745 493 Chronico
802 433 1187 504 Benigniano,
1247 448 1451 506 supra,
1507 429 1844 505 appellatur

178 526 579 583 Joannetinus
610 530 669 581 et
696 524 1022 592 Heinricus,
1047 524 1299 596 ejusque
1330 537 1703 578 successores
1731 525 1844 576 Au-

180 613 345 685 gusti
374 637 402 663 «
434 614 496 669 in
521 614 771 670 fratrum
802 612 1171 669 soldalitium
1205 635 1232 662 ››
1283 610 1565 667 dicuntur
1610 607 1841 665 adsciti.

181 726 211 754 ‹‹
246 704 506 773 Dignum
535 701 818 758 duxim‘us
847 700 1299 758 Fructuariense
1324 699 1671 756 coenobium
1699 697 1848 753 litte-

177 792 410 849 ralibus
460 792 807 866 prraaceptis
865 790 1241 858 conﬁrmare,
1291 793 1574 846 exorante
1617 788 1846 844 domno

180 880 475 937 Willelmo
507 880 846 937 Divionensi
894 880 1134 950 abbate,
1164 878 1288 953 qui,
1335 877 1689 952 pra-dictum
1714 891 1846 931 mo-

177 968 513 1025 nasterium
539 985 612 1025 ex
634 968 899 1042 praediis,
921 966 1443 1040 eleemosynisque
1472 964 1845 1040 propinquo-

176 1073 320 1113 rum
351 1073 599 1113 suorum
626 1073 695 1113 ac
721 1061 1076 1113 caeterorum
1106 1056 1376 1125 ﬁdelium
1410 1054 1620 1114 Christi
1649 1070 1686 1110 a
1711 1052 1846 1109 fun-

178 1145 480 1202 damentis
530 1151 903 1218 construens,
951 1146 1244 1220 plurimos
1288 1144 1624 1201 secundum
1670 1158 1848 1214 regu-

176 1234 307 1292 lam
338 1236 529 1292 sancti
557 1236 853 1293 Benedicti
903 1240 1020 1293 Deo
1052 1236 1370 1292 servientes
1417 1233 1566 1290 inibi
1596 1247 1846 1302 congre-

178 1323 364 1394 gavit.
394 1328 512 1381 Nos
560 1330 918 1399 nostrosque
945 1324 1007 1380 in
1035 1328 1396 1398 perpetuum
1446 1337 1845 1389 successores,

176 1416 364 1485 prout
413 1413 565 1470 divae
622 1414 927 1471 memoria:
1002 1412 1508 1486 praedecessorem
1575 1415 1846 1467 nostrum

180 1502 527 1560 Heinricum
559 1520 669 1560 suo
701 1520 772 1560 ac
810 1503 1065 1559 fratrum
1096 1501 1485 1559 contubernio
1515 1500 1847 1568 sociaverit,

1949 342 2120 393 retur
2181 339 2560 394 auctoritate.
2623 338 2794 406 Quod
2842 338 3079 410 quidem
3140 354 3261 394 non
3313 340 3607 397 immerito

1950 431 2118 483 tanto
2140 427 2388 497 facilius
2419 427 2587 484 debet
2637 428 2966 497 impetrare
2994 428 3235 499 quando
3266 430 3376 485 Dei
3399 444 3609 501 cogno-

1949 517 2140 572 scitur
2164 517 2287 573 zelo
2311 518 2374 572 in
2400 518 2639 573 omnino
2656 517 3256 587 postulare.Quidam
3281 518 3436 574 enim
3465 533 3607 575 suus

1952 607 2194 662 carnali
2218 607 2551 677 propagine
2576 621 2921 678 germanus,
2945 607 3187 662 nomine
3217 606 3610 677 Godefredus,

1951 694 2033 750 ad
2060 700 2330 750 sanctam
2354 695 2589 751 veniens
2620 695 3060 751 conversionem
3088 700 3277 751 totum
3307 695 3615 765 quodcun-

1957 798 2072 853 que
2092 782 2300 838 habuit
2325 798 2517 839 secum
2548 784 2668 839 Deo
2698 784 2903 839 devote
2932 784 3208 851 contulit,
3255 798 3325 840 ea
3352 784 3618 840 maxime

1952 872 2281 930 intentione
2312 878 2378 928 ut
2406 872 2479 929 de
2500 874 2746 943 proprio
2791 889 2897 929 suo
2928 878 3378 929 construeretur
3405 889 3617 929 mona-

1952 963 2221 1030 sterium,
2270 961 2431 1033 quod
2452 976 2526 1017 ne
2571 950 2833 1031 alicuju's
2881 962 3172 1032 episcopio
3217 962 3313 1018 vel
3350 961 3616 1018 canobio

1947 1048 2118 1119 ﬁeret
2148 1050 2358 1120 aliqua
2389 1050 2750 1118 subjectione
2779 1048 3121 1119 obnoxium,
3144 1050 3357 1106 solerti
3376 1052 3618 1120 pertra-

1955 1143 2183 1195 ctatum
2242 1144 2329 1195 est
2371 1139 2619 1194 consilio
2666 1144 2732 1193 ut
2769 1138 2835 1193 in
2878 1138 3133 1209 quodam
3179 1140 3325 1209 loco,
3361 1141 3620 1211 antiqui-

1957 1233 2049 1284 tus
2079 1229 2455 1284 Fructuaria
2499 1227 2680 1294 dicto,
2727 1227 3148 1296 aediﬁcaretur,
3179 1228 3338 1298 quod
3368 1230 3619 1299 legalem

1948 1333 2064 1389 per
2115 1308 2462 1374 chartulam
2519 1332 2557 1373 a
2608 1316 2870 1374 Nitardo
2908 1322 2963 1372 et
2994 1317 3276 1373 Rotberto
3320 1319 3620 1387 germanis

1956 1409 2145 1479 ipsius
2172 1406 2479 1477 Gotefredi
2505 1406 2745 1462 cuidam
2780 1405 3096 1461 Guntardo
3142 1406 3335 1461 levita
3362 1406 3622 1461 traditus

1958 1502 2062 1565 est,
2096 1502 2165 1553 ut
2189 1498 2315 1567 ipse
2341 1496 2482 1552 inde
2505 1496 2733 1566 faceret
2743 1495 3060 1565 judicatus
3088 1499 3500 1552 testamentum
3517 1495 3625 1551 sub

184 1591 463 1648 omnium
509 1592 965 1649 benefactorum
1007 1607 1256 1648 suorum
1309 1588 1693 1665 participium
1742 1588 1849 1645 ha-
1892 1608 1932 1662 Β
1960 1586 2269 1643 liberrima
2289 1585 2530 1641 omnino
2556 1584 2914 1641 conditione.
2964 1584 3134 1651 Quod
3158 1590 3213 1640 et
3239 1585 3472 1654 factum
3516 1589 3622 1653 est,

176 1674 325 1733 bere
370 1676 644 1750 cupiens,
722 1677 988 1750 primum
1036 1675 1310 1747 ejusdem
1376 1672 1610 1730 cenobii
1666 1672 1852 1729 abba-

182 1769 329 1834 tem,
374 1765 621 1823 nomine
648 1768 965 1838 Joannem,
1010 1766 1140 1838 ejus
1190 1765 1252 1821 in
1280 1762 1600 1838 praesentia
1642 1778 1851 1819 conse-

182 1854 342 1910 crari
372 1853 529 1923 fecit,
560 1859 617 1911 et
645 1858 771 1911 tam
794 1854 997 1928 ipsum
1025 1870 1213 1926 quam
1241 1857 1432 1909 totum
1457 1850 1740 1920 eumdem
1764 1851 1851 1906 lo-

182 1960 326 1999 cum
372 1961 497 2000 sute
542 1943 837 2017 imperiali
861 1943 1054 2000 tutelas
1100 1942 1420 2009 commisit,
1467 1957 1540 1998 ea
1589 1940 1853 1997 maxime

190 2049 303 2105 pro
353 2050 540 2090 causa
583 2039 648 2090 ut
689 2033 966 2091 eamdem
992 2032 1074 2088 illi
1102 2033 1163 2088 in
1206 2031 1489 2090 omnibus
1517 2030 1852 2087 libertatem

189 2127 502 2179 conservet
540 2139 726 2196 quam
756 2121 1139 2181 Cluniacense
1168 2118 1601 2176 monasterium
1626 2118 1852 2176 habere

178 2207 575 2279 dignoscitur.
610 2214 725 2266 Nos
761 2225 905 2280 ergo
934 2209 1109 2266 saluti
1137 2213 1355 2265 nostrae
1386 2208 1786 2279 consulentes,
1821 2231 1851 2259 »

176 2302 291 2353 etc.
312 2297 621 2369 Privilegia
646 2316 890 2372 quoque
915 2303 971 2355 et
996 2297 1315 2371 synodalia
1343 2297 1582 2355 decreta
1613 2298 1857 2355 Benedi-

174 2385 252 2441 cti
312 2402 489 2459 papae
540 2391 1013 2460 caeterorumque
1053 2387 1479 2460 episcoporum
1537 2386 1857 2442 conﬁrmat

175 2472 400 2529 iisdem
446 2474 642 2531 verbis
677 2491 745 2531 ac
775 2474 837 2531 in
885 2475 1121 2531 Henrici
1164 2474 1494 2548 diplomate
1525 2490 1709 2547 supra
1731 2474 1858 2529 lau-

168 2562 347 2632 dato;
365 2564 529 2637 quod
558 2568 617 2621 et
643 2564 721 2621 ab
751 2564 882 2620 aliis
904 2563 1517 2637 imperatoribus,imo
1537 2567 1593 2620 et
1614 2578 1651 2620 a
1666 2563 1858 2636 ponti-

169 2651 401 2709 ﬁcibus
429 2654 723 2710 Romanis
750 2653 979 2710 factum
998 2653 1180 2709 fuisse
1200 2653 1481 2710 observat
1509 2651 1857 2709 Franciscus

167 2742 550 2812 Augustinus
601 2742 680 2799 ab
725 2741 987 2799 Ecclesia
1011 2742 1074 2798 in
1120 2741 1406 2812 Catalogo
1450 2741 1857 2798 Fructuarien-

171 2831 344 2887 siuna
374 2831 666 2889 abbatum
695 2831 967 2888 Historiae
996 2830 1433 2900 chronologicae
1461 2829 1854 2887 Pedemonta-

1958 1676 2062 1733 sed
2089 1691 2209 1732 non
2258 1676 2386 1731 sine
2411 1675 2763 1742 multorum,
2792 1674 3051 1729 maxime
3082 1673 3355 1729 Arduini
3379 1674 3535 1744 regis
3566 1679 3622 1729 et

1959 1767 2157 1823 Berta
2187 1765 2399 1821 uxoris
2424 1766 2553 1834 ejus
2600 1763 2951 1834 adjutorio;
2992 1778 3247 1834 quorum
3291 1764 3501 1835 sagaci
3531 1764 3623 1819 in-

1959 1856 2194 1911 dustria
2247 1854 2434 1926 legali
2489 1853 2765 1924 legaliter
2821 1853 3179 1922 conﬁrmata
3242 1858 3385 1908 sunt
3444 1858 3619 1909 testa-

1959 1951 2183 2014 menta,
2234 1950 2289 2001 et
2346 1949 2553 1999 sancto
2581 1942 2930 1999 Divionensi
2974 1942 3235 1998 coenobio
3266 1959 3386 1998 non
3434 1943 3622 2012 parvi

1955 2035 2164 2106 pretii,
2198 2040 2264 2090 ut
2318 2038 2505 2104 patet,
2557 2033 2783 2089 collata
2813 2038 2952 2089 sunt
2996 2038 3369 2104 ornamenta,
3397 2033 3623 2089 scilicet

1960 2129 2188 2182 textum
2215 2139 2402 2179 unum
2423 2123 2847 2192 auro,gemmis
2874 2126 2929 2177 et
2952 2121 3256 2192 lapidibus
3278 2121 3428 2178 mire
3447 2135 3625 2178 orna-

1960 2219 2109 2279 tum,
2163 2212 2373 2269 casula
2419 2226 2569 2267 auro
2625 2211 2928 2277 decorata,
2957 2210 3094 2267 duce
3123 2212 3288 2265 stola
3314 2210 3623 2267 deaurata

1959 2318 2094 2359 cum
2125 2316 2331 2357 earum
2380 2300 2731 2370 manipulis,
2764 2306 2818 2356 et
2848 2315 3035 2354 unum
3067 2300 3401 2370 cingulum,
3444 2305 3623 2371 atque

1960 2396 2224 2463 quatuor
2274 2389 2482 2445 amicti
2507 2389 2784 2444 similiter
2830 2387 3129 2444 deaurati.
3178 2387 3346 2455 Quod
3402 2394 3455 2444 et
3490 2388 3621 2445 ideo

1958 2481 2167 2551 facere
2191 2479 2555 2535 studuerunt
2583 2483 2651 2532 ut
2678 2482 2732 2532 et
2764 2477 3115 2549 locus,unde
3134 2478 3622 2535 Fructuariensis

1965 2569 2237 2626 videlicet
2264 2567 2518 2637 sumpsit
2538 2566 2877 2636 exordium,
2909 2565 3001 2623 his
3030 2566 3449 2623 honestaretur
3476 2582 3625 2623 emo-

1964 2657 2243 2714 lumentis
2272 2662 2328 2713 et
2358 2657 2468 2713 hoc
2486 2669 2771 2711 memores
2796 2656 2859 2710 in
2881 2659 3191 2725 posterum
3213 2670 3335 2710 non
3363 2653 3623 2710 habeant

1960 2745 2121 2803 unde
2148 2744 2504 2802 scandalum
2533 2749 2763 2800 struere
2791 2742 3000 2814 iniqua
3024 2747 3265 2813 possent
3290 2742 3619 2798 voluntate.

1958 2835 2038 2891 Et
2068 2849 2175 2891 nos
2196 2835 2389 2905 igitur
2438 2832 2736 2903 aquitatis
2780 2834 2933 2903 jura
2961 2832 3363 2904 appendentes
3411 2836 3465 2888 et
3497 2831 3625 2887 ani-

168 2936 297 3013 nae
313 2936 445 3013 cap:
463 2923 554 2991 2‘7,
572 2919 997 3013 _Joannem
1019 2918 1427 3013 abbatem-hic
1452 2922 1854 3013 memoratum
1885 2956 1925 3013 ο
1960 2938 2199 2981 marum
2232 2922 2418 2979 lucris
2442 2921 2633 2993 magis
2664 2935 2841 2993 quam
2866 2921 3296 2992 cupiditatibus
3319 2935 3624 2992 perverso-

170 3007 479 3065 Guidonis
508 3007 742 3064 comitis
772 3008 962 3065 sancti
991 3007 1218 3066 Martini
1246 3006 1458 3077 ﬁlium,
1480 3007 1852 3081 Arduinique

169 3097 369 3156 Italiae
393 3097 551 3170 regis
578 3103 861 3172 nepotem
890 3097 1075 3155 fuisse
1104 3097 1265 3160 dicit.

249 3191 312 3243 6.
345 3190 473 3244 Non
524 3187 741 3244 minori
784 3186 1103 3244 devotione
1150 3186 1441 3244 Robertus
1487 3190 1851 3244 Francorum

168 3293 295 3335 rex
349 3292 492 3348 erga
546 3276 978 3334 monasterium
1034 3276 1483 3334 Fructuariense
1538 3276 1853 3333 tenebatur

171 3381 379 3441 quam
408 3366 816 3439 imperatores,
845 3365 1127 3438 quamvis
1161 3369 1319 3422 esset
1346 3369 1513 3423 extra
1544 3365 1635 3422 sui
1663 3365 1851 3439 ipsius

172 3455 480 3513 ditionem
510 3454 708 3511 situm.
744 3455 908 3511 Unde
934 3472 1072 3512 cum
1116 3454 1196 3512 ab
1225 3471 1297 3512 eo
1321 3455 1671 3529 requisisset
1701 3455 1856 3512 Guil-

170 3544 407 3602 lelmus
455 3543 757 3601 bonorum
787 3544 1016 3618 aliquot
1060 3543 1581 3601 conﬁrmationem
1623 3561 1759 3618 quas
1789 3544 1852 3600 in

171 3633 443 3691 Francia
467 3632 833 3689 monasterio
872 3648 981 3690 suo
1025 3648 1311 3690 concessa
1339 3633 1592 3702 fuerant,
1621 3634 1777 3690 ultro
1801 3632 1855 3691 ei

174 3722 498 3798 piissimus
542 3738 647 3779 rex
670 3722 928 3796 praebuit
974 3739 1312 3792 assensum,
1365 3728 1544 3797 atque
1592 3723 1856 3796 generali

175 3816 493 3888 praecepto
523 3811 777 3869 asseruit
817 3812 1253 3869 Fructuariensi
1290 3813 1654 3869 monasterio
1687 3830 1853 3887 quaa-

177 3916 432 3975 cunque
461 3900 556 3957 vel
584 3901 715 3973 jam
744 3901 889 3958 data
932 3901 1047 3974 ipsi
1071 3906 1288 3969 essent,
1336 3907 1440 3958 aut
1467 3918 1603 3976 quas
1645 3906 1857 3975 postea

179 3992 341 4048 forte
374 3989 767 4059 traderentur,
802 3989 957 4046 intra
980 3990 1150 4060 regni
1170 3990 1261 4046 sui
1290 3990 1441 4047 ﬁnes
1471 3990 1646 4063 (Vide
1668 4006 1855 4047 supra

182 4082 247 4136 in
277 4082 542 4135 Romam
570 4094 708 4150 rege
733 4079 893 4136 inter
929 4084 1239 4149 pracepta
1266 4082 1393 4150 ejus
1433 4080 1855 4136 ecclesiastica.

257 4175 314 4225 7.
375 4166 737 4224 Proferenda
785 4184 948 4225 nunc
980 4167 1277 4224 Lamberti
1324 4168 1713 4238 Lingonensis
1739 4168 1861 4241 epi-

187 4256 361 4331 scopi
392 4256 619 4327 charta,
650 4257 755 4331 qui
786 4256 1251 4313 Fructuariensis
1288 4256 1637 4313 monasterii
1666 4256 1863 4329 subje-

188 4345 409 4404 ctionis
438 4361 476 4403 a
523 4344 864 4403 Divionensi
909 4344 1374 4417 immunitatem,
1418 4361 1609 4419 quam
1652 4363 1690 4402 a
1721 4348 1859 4402 Bru-

188 4452 358 4493 none
386 4434 736 4491 Guillelmus
777 4435 1217 4509 impetraverat,
1249 4435 1643 4492 conﬁrmavit.
1680 4436 1863 4507 Cujus

193 4527 404 4579 tamen
423 4522 655 4580 nullum
683 4523 1021 4582 habebatur
1043 4524 1355 4598 publicum
1371 4524 1860 4596 instrumentum,

192 4611 367 4687 quod
392 4616 587 4669 Bruno
617 4618 809 4670 morte
824 4618 1166 4687 praventus
1185 4630 1314 4670 rem
1338 4630 1463 4671 non
1488 4613 1859 4671 absolvisset.

196 4702 340 4758 Haec
372 4707 575 4760 autem
598 4703 805 4760 charta
853 4706 942 4759 est
965 4702 1148 4760 veluti
1190 4707 1540 4760 caterarum
1589 4703 1865 4759 omnium

193 4807 335 4864 quae
359 4792 484 4863 (sic)
533 4791 862 4849 asserenda
904 4791 1248 4848 monasterii
1292 4790 1568 4864 ejusdem
1595 4790 1865 4848 libertate

196 4896 385 4953 supra
406 4880 768 4954 protulimus
811 4880 1261 4953 compendium.
1306 4880 1568 4937 Habetur
1594 4880 1863 4938 centuria

197 4985 259 5037 ιι,
294 4986 465 5025 num.
498 4974 668 5037 79,8X
690 4969 955 5027 archivio
982 4970 1143 5041 regio
1168 4971 1515 5028 Taurinensi
1536 4970 1861 5044 descripta.

267 5059 401 5130 Ego
415 5060 770 5117 Lambertus
788 5068 1016 5119 sancta:
1036 5062 1429 5133 Lingonensis
1450 5062 1734 5119 Ecclesia
1749 5061 1869 5131 epi-

200 5163 437 5217 scopus,
458 5155 664 5206 notum
680 5150 820 5220 ﬁeri
847 5152 1084 5209 decrevi
1113 5156 1235 5208 tam
1259 5152 1654 5221 praesentibus
1684 5166 1864 5223 quam

206 5235 630 5309 futuris,quod
653 5239 898 5309 quidam
928 5239 1180 5297 dilectus
1211 5254 1286 5296 ex
1309 5240 1562 5308 dilectis,
1582 5240 1765 5297 abbas
1783 5240 1866 5296 vi-

201 5324 420 5381 delicet
462 5326 822 5398 Willelmus,
849 5329 999 5385 adiit
1024 5329 1453 5400 paternitatem
1472 5334 1743 5386 nostram
1764 5331 1867 5400 ju-

201 5414 313 5468 stis
332 5416 635 5485 precibus,
667 5423 734 5474 ut
781 5419 1068 5490 synodali
1093 5417 1326 5475 decreto
1356 5418 1657 5489 quoddam
1690 5424 1869 5475 testa-

207 5509 494 5575 mentum,
547 5507 708 5578 quod
750 5509 832 5565 ad
858 5514 1061 5565 votum
1080 5512 1396 5577 praventu
1440 5508 1648 5563 mortis
1690 5507 1871 5563 beata

203 5596 509 5660 memoria
520 5596 969 5667 pradecessoris
1000 5598 1196 5655 nostri
1217 5597 1520 5655 Brunonis
1541 5596 1873 5667 adimplere

602 5688 851 5744 Paraon.
891 5688 1065 5744 CXLI.

1959 3028 2097 3070 rum
2126 3011 2518 3078 consulentes,
2535 3010 2639 3066 sed
2657 3014 2713 3066 et
2741 3011 2940 3066 sancti
2956 3010 3410 3082 pradecessoris
3428 3011 3627 3067 nostri

1956 3102 2255 3173 promissa
2284 3101 2664 3170 complentes,
2711 3114 2749 3155 a
2770 3100 3106 3171 privilegiis
3136 3116 3368 3173 quoque
3393 3105 3624 3171 aposto-
3728 3128 3745 3145 λ

1962 3192 2093 3249 licis
2123 3197 2303 3264 atque
2329 3189 2579 3247 decretis
2605 3189 3110 3260 episcopalibus,a
3124 3190 3446 3259 praceptis
3462 3189 3625 3245 deni-

1961 3298 2075 3355 que
2102 3279 2515 3352 imperialibus
2554 3294 2625 3335 ac
2675 3278 2981 3349 regalibus
3023 3293 3144 3335 non
3190 3278 3619 3348 discrepantes,

1956 3370 2428 3428 Fructuariense
2455 3368 2780 3426 canobium
2804 3383 2937 3424 cum
2965 3366 3235 3423 omnibus
3261 3382 3410 3439 quas
3434 3368 3623 3437 possi-

1959 3460 2100 3518 dere
2128 3460 2365 3518 videtur
2411 3458 2606 3529 rebus,
2640 3464 2761 3515 tam
2803 3457 3119 3514 mobilibus
3152 3472 3332 3530 quam
3360 3457 3628 3513 immobi-

1961 3550 2138 3618 libus,
2171 3549 2232 3605 in
2261 3548 2438 3604 nulla
2466 3546 2849 3617 subjectione,
2882 3546 2945 3603 in
2976 3547 3148 3603 nullo
3169 3549 3317 3618 jure
3345 3546 3623 3618 cuiquam

1959 3640 2155 3696 nostri
2181 3638 2466 3709 episcopii
2486 3637 2870 3707 pertinentia
2894 3636 3215 3694 obnoxium
3236 3638 3624 3707 proclaman-

1963 3728 2338 3801 tes,quinimo
2353 3727 2462 3785 sub
2478 3727 2727 3797 proprio
2744 3732 3085 3797 pastore,ut
3104 3742 3221 3797 per
3244 3728 3447 3784 omnia
3460 3727 3626 3783 abso-

1965 3818 2097 3874 luta
2127 3816 2404 3874 libertate
2420 3831 2457 3873 a
2483 3819 2757 3873 Romana
2782 3816 2916 3872 sede
2938 3816 3047 3870 tibi
3060 3830 3334 3871 concessa
3346 3816 3629 3884 potiatur

1962 3911 2017 3963 et
2043 3921 2081 3963 a
2099 3905 2335 3962 sublato
2365 3904 2713 3974 hujusmodi
2726 3903 3110 3973 subjectionis
3132 3902 3374 3957 vinculo
3400 3904 3628 3955 constet

1963 3994 2527 4061 alienum,volumus
2556 3998 2611 4049 et
2641 4006 2747 4047 nos
2777 3995 2835 4046 et
2859 3988 3314 4057 statuimus,sub
3343 3985 3633 4057 synodali

1964 4084 2294 4151 decreto,ut
2323 4082 2534 4138 nullus
2564 4079 3025 4146 monachus,aut
3052 4076 3399 4147 praescripti
3426 4074 3633 4132 videli-

1966 4177 2059 4231 cet
2085 4171 2295 4228 domni
2330 4169 2421 4226 W.
2450 4168 2684 4225 abbatis
2710 4182 3029 4236 successor,
3057 4170 3269 4223 contra
3292 4166 3628 4236 prafatum

1968 4263 2164 4319 locum
2211 4258 2448 4331 aliquid
2493 4257 2751 4330 querela
2779 4257 2875 4313 vel
2901 4256 3223 4314 calumnia
3250 4255 3502 4325 inferat,
3538 4255 3633 4312 vel

1967 4350 2297 4424 quidquam
2314 4347 2703 4419 proprietatis
2722 4361 2824 4403 seu
2844 4345 3226 4417 subjectionis
3256 4345 3633 4417 requirat.Ut

1967 4442 2044 4498 sit
2076 4441 2266 4511 igitur
2289 4439 2415 4508 ipse
2434 4437 2993 4509 locus,Fructuaria
3015 4436 3232 4503 dictus,
3261 4442 3471 4492 nostra
3493 4449 3635 4504 quo-

1969 4544 2083 4603 que
2094 4528 2456 4586 auctoritate
2471 4526 2825 4583 inconvulsa
2840 4526 3230 4595 stipulatione
3244 4524 3396 4578 liber
3405 4527 3461 4578 et
3472 4519 3635 4576 abso-

1974 4620 2220 4686 lutus,et
2248 4618 2324 4675 ab
2344 4617 2508 4674 omni
2527 4616 2772 4687 querela
2787 4614 3149 4676 immunis,et
3166 4612 3229 4667 in
3255 4609 3635 4680 fructiﬁcan-

1971 4708 2063 4764 dis
2093 4706 2409 4764 animabus
2430 4719 2663 4775 semper
2693 4702 2935 4759 Christo
2955 4701 3106 4756 duce
3123 4696 3313 4755 sacris
3342 4701 3519 4766 aptus
3548 4696 3637 4750 in-

1971 4797 2306 4865 crementis,
2340 4794 2582 4853 testibus
2608 4808 2685 4850 ex
2704 4797 2909 4849 nostro
2935 4790 3096 4847 clero
3127 4787 3401 4845 admissis
3430 4789 3639 4840 nostra

1971 4886 2407 4956 subscriptione
2441 4884 2769 4955 signamus.
2817 4878 3067 4948 Signum
3109 4873 3403 4931 Lamberti
3433 4871 3640 4943 Lingo-

1971 4974 2178 5031 nensis
2202 4973 2362 5030 sedis
2381 4969 2928 5045 episcopi.Signum
2949 4963 3184 5022 Beraldi
3209 4961 3635 5019 archidiaconi.

1978 5064 2233 5135 Signum
2265 5060 2497 5118 Beraldi
2526 5057 2764 5115 abbatis
2797 5054 2987 5112 sancti
3022 5051 3305 5125 Stephani
3334 5050 3646 5107 Divionen-

1976 5153 2058 5207 sis
2091 5155 2202 5207 etc.
2232 5149 2448 5204 Actum
2481 5146 2649 5216 apud
2673 5144 2984 5201 Divionem
3004 5140 3249 5211 publice
3278 5156 3337 5195 III
3362 5139 3509 5195 Idus
3539 5140 3643 5197 Ja-

1974 5240 2183 5297 nuarii
2197 5252 2357 5295 anno
2376 5237 2452 5293 ab
2467 5234 2888 5292 incarnatione
2900 5230 3141 5288 Domini
3156 5229 3289 5287 1017
3295 5229 3646 5303 ,indictione

1974 5345 2055 5386 xv
2083 5330 2374 5399 regnante
2401 5325 2656 5381 Roberto
2703 5323 3083 5379 Francorum
3113 5335 3267 5392 rege.
3314 5320 3444 5392 Ego
3477 5319 3643 5376 Oddo

1979 5415 2385 5477 cancellarius
2409 5414 2476 5470 in
2505 5412 2733 5484 synodo
2760 5416 2985 5467 sancta
3011 5410 3403 5481 Lingonensis
3431 5408 3645 5464 Eccle-

1978 5509 2086 5564 siae
2115 5506 2223 5563 hoc
2245 5508 2658 5562 testamentum
2684 5502 3106 5572 perfectum,et
3128 5500 3204 5555 ab
3230 5498 3393 5554 omni
3420 5496 3649 5565 synodo

1985 5596 2300 5656 laudatum
2330 5599 2385 5652 et
2421 5593 2840 5664 conﬁrmatum
2871 5589 3190 5661 recognovi
3212 5592 3268 5644 et
3302 5586 3650 5655 subscripsi.

3299 5677 3369 5730 27
