3994 6166
496 163 599 217 843

1472 157 1528 212 S.
1561 150 1997 211 GUILLELMUS
2027 146 2252 205 ABBAS
2286 148 2342 204 S.
2378 150 2651 210 BENIGNI
2681 158 2944 214 DlVlON.
3729 174 3813 227 844

566 288 620 342 8.
646 278 1112 341 Fructuariensis
1135 279 1484 337 monasterii
1513 275 1851 335 celebritate
1879 274 2048 332 multi
2069 271 2150 329 al-
2186 275 2232 327 A
2262 276 2533 332 manibus
2562 278 2815 336 dominae
2843 296 2967 338 suae
2993 287 3155 347 sunt,
3189 284 3526 341 conscientia
3555 303 3665 344 mea
3685 297 3816 349 terret

493 373 647 444 lecti,
677 388 802 430 non
832 369 1029 427 solum
1059 385 1173 426 sua
1197 369 1273 444 ei,
1307 369 1413 426 sed
1444 374 1499 426 et
1526 385 1588 427 se
1614 368 1777 442 ipsos
1816 364 2110 423 tradidere
2137 381 2150 431 ;

493 480 567 520 ex
593 462 665 519 iis
694 459 942 519 celebris
970 458 1079 516 fuit
1105 459 1430 527 Arduinus,
1456 458 1631 516 ltalize
1664 474 1786 525 rex,
1817 456 1942 530 qui,
1973 452 2154 510 rebus

492 550 647 609 male
677 548 968 627 adversus
1006 546 1329 605 Henricum
1352 548 1772 625 imperatorem
1802 544 2003 616 gestis,
2046 558 2155 597 saa-

491 639 627 699 culo
654 638 1000 698 valedicens
1028 636 1091 694 in
1118 638 1552 695 monasterium
1592 635 1945 710 praedictum
1972 649 2035 690 se
2062 647 2153 688 re-

489 727 664 805 cepit,
695 724 802 784 ubi
847 724 1166 784 defunctus
1195 730 1254 783 et
1299 724 1566 800 sepultus
1596 740 1631 780 a
1658 720 1963 779 nonnullis
1994 719 2155 777 Beati

488 816 734 876 nomine
764 815 1027 873 donatus
1056 818 1163 879 est.
1193 815 1313 871 Hoc
1342 814 1512 871 titulo
1539 811 1855 883 insignitur
1882 811 1944 868 in
1977 811 2156 867 Bene-

490 906 713 964 dictino
735 904 1065 979 Menologio
1104 904 1389 975 Bucelini,
1421 904 1524 961 ubi
1555 903 1650 959 die
1691 908 1723 958 2
1744 900 1957 969 Martii,
1991 917 2152 957 anno

494 995 631 1052 1018
658 994 875 1053 obiisse
905 992 1435 1061 mempraturllaec
1458 990 1786 1048 sanctitatis
1807 989 2009 1064 opinio
2030 1006 2154 1065 qua

492 1084 832 1143 Fructuaria
862 1088 1003 1140 tunc
1031 1082 1318 1157 temporis
1350 1079 1911 1150 commendabatur,
1934 1079 2013 1136 ad
2042 1095 2151 1153 po-

490 1180 678 1235 steros
708 1174 891 1231 etiam
938 1171 1294 1230 transmissa
1348 1170 1476 1243 fuit,
1524 1174 1589 1228 ut
1622 1187 1695 1227 ex
1722 1169 1899 1227 variis
1930 1169 2149 1227 chartis

487 1263 658 1322 facile
688 1261 884 1333 colligi
908 1265 1124 1339 potest,
1150 1278 1289 1335 quae
1316 1278 1353 1319 a
1381 1260 1763 1318 Guichenone
1792 1258 2147 1315 referuntur.

488 1355 711 1410 Locum
737 1350 901 1408 hunc
930 1367 1041 1425 pro
1082 1349 1309 1407 casteris
1340 1350 1521 1407 coluit
1551 1351 1751 1421 Agnes
1780 1346 2144 1422 imperatrix.

487 1440 738 1499 Heinrici
781 1439 1031 1513 Augusti
1080 1444 1294 1512 mater,
1354 1439 1551 1513 cujus,
1594 1441 1650 1496 et
1689 1437 1851 1496 beati
1879 1435 2149 1493 Annonis

488 1528 851 1590 Coloniensis
880 1528 1316 1603 archiepiscopi
1361 1528 1695 1586 interventu
1741 1525 2077 1583 Alexander
2100 1529 2145 1582 Il

2263 378 2355 419 me
2370 367 2539 435 pejus
2570 369 2734 424 omni
2762 369 2936 425 larva
2964 371 3241 442 omnique
3276 374 3533 444 imagine.
3564 375 3679 433 Ideo
3697 381 3818 451 fugio

2255 466 2370 522 per
2403 461 2747 513 sanctorum
2786 460 2917 515 loca
2946 474 3214 531 qua-rens
3245 461 3541 519 latibulum
3577 480 3607 520 α
3631 468 3819 534 facieti-

2262 543 2442 599 moris
2472 543 2674 617 hujus,
2698 562 2807 604 nec
2831 549 3142 604 minimum
3167 548 3509 606 desiderium
3536 559 3611 608 est
3632 554 3751 611 mihi
3764 573 3820 613 re

2262 632 2471 688 niendi
2494 634 2578 689 ad
2606 636 2801 705 vos,de
2821 636 3033 708 quibus
3060 639 3319 707 comperi
3342 641 3475 709 quia
3504 646 3673 697 vestra
3694 650 3813 700 inter-

2262 721 2440 775 cessio
2466 726 2629 779 certa
2669 725 2835 780 salus
2866 730 2950 781 est
2969 740 2994 780 ,ο
3022 725 3127 781 sed
3169 731 3382 781 nostra
3422 728 3817 797 profectibnesin

2260 824 2446 865 manu
2476 811 2589 867 Dei
2614 820 2774 883 sunt,
2807 820 2865 870 et
2899 830 3018 869 non
3051 815 3112 869 in
3142 821 3345 871 nostra
3402 817 3691 875 voluntate.
3718 821 3820 877 Inte

2260 897 2375 953 rim
2404 913 2541 956 vero
2568 907 2762 957 mente
2789 902 2977 960 adoro
3005 903 3088 958 ad
3111 904 3287 974 pedes
3329 910 3554 973 vestros,
3583 922 3760 978 rogans
3780 918 3817 963 ut

2265 985 2639 1058 Gregoriana
2664 991 2888 1060 pietate
2924 991 2985 1047 in
3032 992 3359 1062 Traianum
3384 994 3584 1062 petatis
3621 995 3744 1051 mihi
3760 1014 3817 1053 re-

2260 1077 2424 1133 niam
2454 1091 2492 1133 a
2522 1078 2771 1135 Domino
2794 1095 2816 1146 ,·
2855 1081 2997 1151 quia
3028 1096 3284 1153 namque
3328 1082 3430 1138 ille
3458 1098 3596 1138 unus
3616 1085 3752 1140 homo
3772 1087 3818 1142 at

2259 1163 2494 1234 inferni
2506 1167 2789 1224 claustris
2809 1171 3079 1225 exoravit
3090 1172 3584 1240 paganum,multi
3597 1188 3681 1228 vos
3694 1174 3819 1243 facile

2257 1251 2573 1312 salvabitis
2597 1256 2990 1314 christianum
3021 1274 3225 1316 unam.
3247 1259 3413 1327 Quod
3435 1262 3487 1316 si
3508 1262 3815 1319 decreverim.

2252 1348 2392 1413 peto
2422 1349 2490 1400 ut
2518 1347 2579 1401 in
2600 1348 2835 1417 signum
2860 1349 3099 1417 pietatis
3130 1350 3458 1406 societatem
3477 1356 3528 1407 et
3550 1353 3819 1421 fraternae

2259 1438 2372 1490 tem
2400 1441 2655 1492 vestram
2704 1437 3018 1508 mandetis,
3047 1444 3104 1495 et
3131 1439 3380 1494 mittatis
3420 1440 3561 1496 mihi
3576 1456 3722 1511 quam
3735 1445 3816 1511 pri

2256 1537 2437 1580 mum.
2465 1525 2628 1596 Rogo
2659 1526 2838 1583 etiam
2863 1532 2927 1582 ut
2943 1543 3204 1597 parvum
3228 1528 3386 1600 quod
3406 1530 3562 1586 mitto
3583 1546 3817 1586 munuscu-

426 1632 429 1637 '
486 1636 763 1676 summus
813 1616 1080 1693 pontifex
1128 1615 1440 1692 privilegia
1475 1614 1747 1688 ejusdem
1797 1613 2148 1671 monasterii
2185 1630 2227 1684 Β
2259 1612 2384 1671 lum
2434 1614 2859 1672 admonitionis
2911 1618 3145 1690 signum
3210 1619 3500 1689 suscipere
3551 1620 3813 1690 dignemini,

485 1728 596 1768 suo
634 1708 963 1786 diplomate
1014 1706 1395 1765 conﬁrmavit
1419 1722 1581 1762 anno
1610 1709 1766 1762 1070.
1815 1708 1981 1763 Certe
2012 1722 2152 1762 cum

483 1801 698 1859 beatus
727 1804 920 1867 Anno,
952 1802 1018 1855 ut
1044 1797 1223 1855 refert
1250 1796 1598 1854 Lambertus
1630 1793 2150 1865 Schafnaburgen-

484 1891 799 1962 sis,auctor
827 1886 1077 1962 aequalis
1105 1886 1169 1943 in
1199 1886 1366 1944 Italia
1394 1901 1582 1958 agens
1599 1884 1678 1941 ad
1698 1884 2150 1942 Fructuariense

483 1976 918 2037 monasterium
945 1974 1234 2034 orationis
1261 1991 1445 2033 causa
1473 1973 1825 2045 divertisset,
1860 1997 1885 2024 ‹‹
1920 1973 2004 2031 ibi
2041 1972 2150 2031 ad-

482 2067 734 2126 miratus
785 2065 1228 2124 monachorum
1271 2063 1670 2121 arctissimam
1710 2067 1768 2119 et
1814 2061 2148 2120 secundum

482 2155 705 2230 regulas
728 2153 996 2213 instituta
1026 2151 1566 2220 conversationem,
1585 2151 1909 2209 nonnullos
1938 2168 2149 2209 eorum

483 2246 547 2304 in
571 2261 752 2321 opere
770 2243 870 2301 Dei
895 2241 1354 2318 probatissimos
1376 2258 1579 2300 secum
1601 2242 1838 2298 rediens
1858 2240 2108 2298 abduxit
2119 2264 2147 2293 »

483 2353 638 2412 quos
665 2334 730 2392 in
755 2331 1121 2391 monasterio
1153 2330 1567 2404 Sigebergensi
1596 2349 1632 2389 a
1662 2348 1723 2388 se
1748 2331 1880 2406 ipso
1908 2331 2149 2389 condito

483 2423 803 2484 constituit.
838 2424 1002 2494 Quae,
1028 2421 1224 2496 inquit
1246 2421 1405 2479 idem
1433 2425 1662 2494 auctor,
1689 2421 1925 2479 occasio
1956 2420 2065 2477 fuit
2084 2425 2150 2477 ut

482 2515 547 2573 in
572 2513 798 2573 caeteris
826 2528 1071 2588 quoque
1100 2511 1479 2571 monasteriis
1508 2510 1799 2585 regularis
1824 2511 2148 2570 observan-

483 2604 566 2664 tia
592 2604 991 2679 repararetur.

555 2698 608 2751 9.
643 2691 759 2752 Sed
806 2695 862 2750 et
890 2691 1024 2768 ipsa
1076 2693 1276 2764 Agnes
1306 2690 1597 2763 Augusta,
1658 2690 1862 2747 saeculi
1890 2690 2148 2749 vanitate

482 2785 803 2860 abnegata.
829 2783 997 2859 prius
1022 2799 1211 2858 quam
1243 2782 1451 2840 Romae
1476 2782 1682 2839 sedem
1706 2781 1952 2852 ﬁxisset,
1982 2784 2150 2857 apud

486 2873 893 2935 Fructuariam
944 2872 1315 2932 morabatur.
1362 2873 1663 2940 Quantum
1704 2888 1847 2929 vero
1876 2872 2147 2946 ejusdem

2260 1708 2555 1774 quatenus
2590 1707 2831 1762 credam
2876 1708 3019 1779 quia
3059 1707 3132 1764 de
3159 1722 3252 1763 me
3282 1723 3491 1765 curare
3522 1709 3812 1780 incwperitis.

2272 1791 2491 1860 Valete,
2525 1797 2583 1850 et
2637 1799 2722 1863 tu,
2754 1795 2943 1852 Pater
2999 1801 3165 1867 bone,
3196 1795 3509 1867 diligenter
3558 1797 3813 1855 commenda

2258 1895 2351 1937 me
2379 1882 2850 1953 spiritalioribus
2875 1884 3178 1954 fratribus
3206 1884 3280 1943 de
3302 1884 3561 1943 ccenobiis
3580 1890 3722 1957 atque
3744 1885 3814 1940 cet-

2262 1970 2356 2040 lis,
2389 1978 2454 2027 ut
2483 1972 2715 2042 faciant
2739 1986 2832 2030 me
2856 1974 3214 2045 participem
3243 1974 3305 2030 in
3350 1973 3678 2030 orationibus
3699 1980 3739 2029 et
3752 1976 3812 2043 je-

2246 2060 2448 2131 juniis
2473 2067 2653 2134 atque
2680 2063 2953 2119 omnibus
2985 2063 3308 2135 benefactis
3328 2065 3461 2119 suis.

2336 2158 2649 2216 lO.Eadem
2676 2163 2943 2231 Augusta
2957 2159 3379 2218 interveniente
3409 2159 3809 2233 Heinricusimpe-

2256 2251 2443 2319 rator,
2475 2248 2633 2306 ﬁlius
2673 2250 2804 2322 ejus
2833 2251 3197 2309 monasterio
3246 2250 3644 2308 Fructuariensi
3668 2249 3808 2306 Rivum

2258 2341 2450 2396 totum
2475 2355 2614 2396 cum
2658 2339 2944 2396 omnibus
2972 2340 3342 2415 appendiciis
3370 2341 3486 2398 suis
3531 2340 3583 2397 in
3607 2339 3807 2396 comitatu

2257 2428 2521 2503 Aquensi
2549 2428 2734 2501 dedit,
2772 2435 2838 2487 ut
2885 2446 2958 2487 ex
2986 2431 3117 2503 ejus
3144 2431 3353 2491 charta
3398 2436 3601 2489 certum
3625 2434 3694 2485 est
3720 2444 3806 2501 qua

2257 2518 2527 2576 centuria
2571 2535 2654 2587 x1,
2712 2534 2881 2576 num.
2937 2522 3023 2588 '76,
3065 2518 3334 2578 refertur.
3388 2520 3541 2578 initio
3577 2517 3805 2575 saculise-

2257 2606 2495 2681 quantis
2521 2606 2865 2680 patriarcha
2889 2606 3422 2682 Jerosolymitanus
3461 2624 3581 2664 cum
3608 2609 3805 2664 Fructua-

2256 2693 2437 2751 riensi
2461 2695 2810 2753 monasterii
2854 2695 3138 2753 fratribus
3171 2697 3501 2755 societatem
3536 2695 3658 2762 iniit,
3690 2692 3804 2763 cujus

2256 2800 2329 2843 ea
2356 2784 2430 2842 de
2459 2800 2523 2842 re
2565 2784 2816 2861 epistola
2844 2784 3100 2842 habetur
3144 2785 3389 2859 ibidem,
3424 2802 3571 2843 num.
3597 2787 3667 2840 73.
3688 2785 3805 2839 Totus

2256 2878 2347 2932 est
2371 2873 2432 2931 in
2483 2874 2945 2932 Fructuariensis
2995 2875 3343 2933 monasterii
3378 2874 3625 2935 laudibus
3652 2869 3804 2929 descri-

483 2963 603 3025 loci
628 2962 963 3022 monachos
991 2965 1474 3032 veneraretur,ex
1505 2960 1634 3033 ejus
1664 2960 1936 3035 epistola,
1958 2980 2146 3039 quam
2186 2985 2226 3041 ρ
2254 2963 2471 3021 bendis
2518 2968 2717 3022 Petrus
2766 2963 3035 3023 Damiani
3085 2965 3380 3043 opusculo
3428 2970 3507 3036 18,
3549 2979 3654 3036 cap.
3687 2966 3727 3031 3,
3754 2958 3802 3014 ad

485 3052 671 3129 paulo
701 3056 838 3111 ante
864 3067 1049 3128 quam
1076 3050 1241 3127 apud
1271 3067 1373 3109 eos
1403 3048 1702 3109 secederet
1725 3050 1977 3127 scripsit,
2010 3069 2148 3109 con-

481 3143 588 3216 jici
616 3143 831 3217 potest,
844 3140 926 3200 sic
957 3146 1158 3200 autem
1189 3158 1250 3199 se
1279 3139 1463 3199 habet
1486 3139 1652 3216 apud
1676 3140 2143 3211 Guichcnonem,

489 3232 765 3291 Centuria
793 3249 854 3304 u,
882 3248 1051 3290 num.
1102 3231 1193 3303 77,
1221 3247 1294 3289 ex
1324 3229 1629 3289 Chartario
1675 3231 2145 3288 Fructuariensis

482 3320 787 3397 descripta
813 3338 826 3377 :

553 3414 631 3475 Δ.
683 3413 1045 3488 imperatria:
1072 3418 1129 3471 et
1150 3412 1469 3485 peccatrix
1494 3411 1569 3469 A.
1626 3410 1929 3484 [Andreae]
1968 3413 2151 3471 Patri

487 3504 639 3562 bono
662 3508 718 3561 et
744 3502 1044 3573 fratribus
1066 3502 1130 3559 in
1143 3500 1517 3559 Fructuaria
1539 3501 2005 3574 congregatis,in
2037 3519 2144 3559 no-

484 3593 646 3652 mine
672 3591 930 3650 Domini.
979 3590 1340 3650 Servitutem
1366 3590 1627 3657 ancillas,
1672 3591 1846 3660 cujus
1891 3591 2054 3646 oculi
2081 3591 2143 3647 in

2258 3052 2608 3111 Adelaidem
2650 3054 3037 3124 comitissam,
3083 3054 3193 3113 ubi
3225 3072 3289 3112 se
3317 3054 3410 3125 ,ibi
3448 3052 3626 3112 decem
3658 3047 3801 3107 diebus

2257 3140 2520 3216 hospitio
2574 3146 2921 3217 susceptum
2976 3143 3161 3200 fuisse
3227 3143 3487 3220 perhibet
3558 3139 3801 3197 Perseverat

2258 3231 2441 3289 etiam
2489 3248 2648 3288 nunc
2679 3230 2908 3289 celebre
2955 3231 3113 3288 istud
3146 3232 3480 3290 coenobium
3518 3220 3799 3303 spiritualis'r

2256 3320 2385 3379 mul
2429 3325 2487 3378 et
2531 3320 2845 3395 temporali
2883 3320 3299 3395 jurisdictione
3351 3318 3674 3397 amplissima
3706 3327 3797 3385 8³η·

2255 3409 2427 3481 dens,
2460 3409 2522 3467 in
2551 3427 2675 3486 quo
2705 3410 3019 3469 Mauricius
3070 3410 3387 3471 Sabaudiaa
3411 3409 3561 3467 ducis
3581 3398 3796 3475 ﬁlius,qui

2255 3499 2451 3558 eidem
2474 3499 2607 3557 loco
2636 3498 2804 3559 initio
2848 3498 3048 3557 saeculi
3090 3501 3381 3563 currentis
3421 3500 3653 3574 praeerat,
3687 3487 3796 3547 rolle-

2254 3590 2418 3664 gium
2451 3588 2882 3649 canonicorum
2913 3590 3294 3649 saecularium
3318 3588 3562 3649 instituit.

491 3707 3781 3737 _______________________________________________.—

1290 3898 1434 3985 DE
1546 3897 2257 3988 MONASTERIO
2350 3900 3105 3993 FISCAMNENSI.

560 4288 610 4340 i.
638 4278 757 4340 Etsi
780 4278 1017 4338 abbatis
1057 4277 1303 4337 nomine
1344 4278 1750 4355 quadraginta
1783 4278 1905 4338 fere
1932 4296 2143 4339 mona-
2177 4285 2224 4341 D
2256 4283 2455 4355 gensis
2483 4281 2941 4358 ﬂnes,quamvis
2959 4285 3211 4344 omnino
3235 4280 3637 4352 liberum,situm
3658 4272 3707 4327 in
3726 4270 3799 4325 σε·

487 4371 699 4443 steriis,
729 4373 795 4429 ut
819 4369 1003 4428 habet
1027 4368 1259 4440 Glaber,
1281 4368 1494 4428 beatus
1523 4369 1869 4428 Guillelmus
1894 4370 2145 4447 praefue-

482 4465 978 4538 rit,eumque,pro
992 4463 1271 4535 reparata
1288 4457 1603 4534 disciplina
1617 4458 1876 4531 regulari
1896 4460 2147 4535 aliisque

482 4550 1003 4627 beneﬁciis,quam
1023 4548 1286 4625 plurima
1304 4548 1628 4607 Galliarum
1654 4553 1711 4606 et
1735 4548 1915 4607 italiae
1942 4564 2146 4608 coeno-

480 4642 586 4703 bia
605 4640 875 4701 certatim
902 4638 1016 4697 sibi
1035 4636 1488 4714 vindicent,prss
1510 4638 1735 4695 caeteris
1765 4641 1968 4697 tamen
1988 4638 2146 4697 hanc

481 4733 669 4793 habet
695 4730 1156 4808 praerogativam
1182 4725 1523 4802 percelebre
1548 4728 1934 4786 sanctissimae
1958 4728 2144 4786 Trini-

483 4823 619 4883 tatis
650 4822 1069 4881 Fiscamnense
1089 4816 1544 4891 monasterium,
1575 4816 1762 4891 quod,
1789 4823 1926 4894 post
1953 4834 2145 4876 annos

483 4916 671 4973 ferme
709 4911 955 4983 triginta
994 4905 1514 4982 regiminis,ipsius
1551 4906 1869 4982 sepulchro
1905 4907 2147 4980 insigni-

485 5009 616 5063 tum
631 5002 822 5060 fuerit.
832 5002 996 5060 Certe
1012 5014 1153 5059 eum
1164 5011 1327 5055 anno
1344 4997 1472 5056 1001
1491 4998 1928 5057 Fiscamnensis
1939 5014 2147 5057 mona-

484 5093 647 5154 sterii
673 5092 941 5166 regimen
956 5087 1310 5166 suscepisse,
1340 5087 1555 5148 diserte
1565 5088 1820 5148 habetur
1842 5088 1904 5147 in
1922 5089 2147 5166 duplici

485 5178 970 5256 Cbronico,apud
992 5177 1532 5247 Labbeum,tomol
1556 5176 1927 5238 Bibliotheca:
1947 5193 2144 5249 novas,

484 5285 748 5346 quorum
787 5284 980 5325 unum
1021 5268 1526 5341 Rothomagense,
1587 5264 1841 5326 alterum
1895 5267 2148 5327 Fiscam-

483 5372 672 5418 nense
698 5355 784 5413 ibi
813 5355 1123 5432 apellatur.
1155 5355 1253 5413 His
1283 5356 1578 5414 consentit
1617 5359 1825 5416 auctor
1872 5355 2146 5418 Chronici

484 5446 836 5521 Benigniani
861 5467 874 5517 ;
904 5462 1045 5506 eum
1071 5463 1209 5505 vero
1253 5462 1415 5505 anno
1443 5446 1572 5506 1031
1609 5445 1827 5505 obiisse
1855 5447 2057 5506 nullus
2081 5447 2143 5504 in

484 5538 742 5599 dubium
787 5554 1067 5596 revocare
1110 5540 1327 5612 potest.
1357 5538 1457 5593 Est
1498 5542 1699 5596 autem
1737 5537 2142 5611 Fiscamnum,

484 5629 669 5702 vulgo
691 5632 935 5700 Fescan,
984 5625 1281 5701 oppidum
1324 5625 1481 5685 intra
1504 5625 1778 5685 dioecesis
1822 5627 2143 5685 Rothoma-

2251 4371 2406 4430 lettis
2437 4372 2517 4430 ad
2541 4377 2927 4449 prospectum
2954 4375 3291 4451 maris,quo
3318 4375 3378 4431 in
3405 4372 3514 4430 loco
3534 4360 3795 4451 Wanillgusi

2252 4462 2344 4518 vir
2373 4447 2589 4519 nobilis
2621 4447 2841 4521 saeculo
2871 4464 3127 4538 septimo
3152 4447 3552 4522 monasterium
3569 4447 3797 4538 Virginum

2253 4555 2667 4621 contruxerat;
2711 4553 2819 4610 sed
2860 4537 2941 4611 eo
2985 4568 3094 4629 per
3139 4557 3519 4611 Nortmannos
3558 4537 3794 4600 destructo,

2253 4641 2418 4700 aliud
2457 4658 2569 4719 pro
2598 4641 2738 4700 viris
2785 4644 3189 4702 Nortmanniae
3235 4645 3451 4701 ducum
3493 4635 3709 4695 libertate
3730 4638 3797 4680 se-

2254 4731 2371 4789 culi
2397 4731 2581 4805 hujus
2622 4731 2790 4790 initio
2829 4733 3217 4805 consurrexit,
3273 4731 3522 4806 illudque
3543 4723 3796 4811 etiamnflflc

2254 4801 2499 4896 opibus'
2517 4825 2574 4879 et
2614 4821 2921 4881 nobilitate
2968 4801 3212 4882 caeteris.
3249 4801 3549 4899 provinciis
3587 4801 3795 4899 caupbiis

2252 4893 2741 4984 praseminet,sub
2770 4917 2979 4970 nostra
3008 4913 3195 4972 sancti
3219 4893 3397 4971 λίθω-ἱ
3418 4893 3793 4990 οοιιεπθϐθίίίῗξλθ
3856 4945 3863 4951 ·

2252 5000 2527 5074 Waningi
2555 4999 2730 5074 primi
2772 5000 2902 5075 ejus
2934 5000 3266 5060 fundatoris
3308 5001 3504 5066 Vitam,
3551 5006 3639 5049 seu
3660 4985 3795 5075 pullus

2252 5090 2465 5148 mutila
2476 5070 2669 5167 ipsius
2685 5070 2829 5148 Vitas
2845 5092 3179 5165 fragmenta
3194 5109 3269 5150 ex
3282 5087 3505 5148 incertis
3521 5070 3792 5167 auctog‘m

2256 5179 2477 5238 saaculo
2502 5158 2784 5238 secundo
2836 5158 3215 5257 protulimus.
3272 5181 3470 5239 Praeter
3502 5172 3637 5257 hanc
3658 5158 3793 5257 νῑιφ

2249 5266 2553 5326 habemus
2583 5285 2707 5345 prie
2732 5255 3015 5328 manibus
3031 5286 3104 5329 ex
3129 5268 3330 5328 codice
3349 5255 3793 5345 ms.el'“5d‘_’n{m°'

2251 5358 2496 5417 nasterii
2540 5338 2762 5417 librum
2809 5359 2905 5418 cui
2934 5361 3135 5419 titulus
3161 5364 3284 5417 est:
3327 5381 3354 5410 «
3393 5358 3466 5413 De
3503 5338 3791 5409 revelatione,

2253 5449 2647 5508 aediﬁcatione
2691 5454 2747 5508 et
2781 5451 3126 5509 auctoritate
3150 5444 3478 5507 monasterii
3504 5435 3791 5498 Fiscamnen‘

2254 5538 2353 5610 sis,
2383 5559 2412 5594 ›
2439 5539 2501 5597 in
2530 5557 2653 5615 quo
2683 5540 2955 5615 ejusdem
2983 5542 3097 5599 loci
3122 5540 3304 5610 initia,
3327 5548 3506 5604 casus:
3528 5532 3577 5587 θί
3600 5516 3791 5615 θίδξίθῗῗ

2252 5608 2633 5689 Nortmannis
2656 5608 2850 5702 illatae,
2876 5647 2948 5690 ac
2966 5630 3210 5691 demum
3233 5608 3359 5703 ejus
3378 5618 3638 5701 reparatio
3661 5608 3791 5666 ἲιιεῖω
