3976 6180
240 152 342 208 8ιὸ

1548 132 1854 203 ‘No'rmx
1894 144 2307 211 HISTORICA.

3549 159 3651 214 846

235 277 637 347 exponuntur.
667 274 749 327 Ex
774 270 890 327 hoc
918 272 1071 328 libro
1100 271 1389 329 discimus
1413 275 1689 329 sanctum
1716 270 1890 327 Maio-
1926 276 1972 329 Α
2002 277 2138 343 post
2162 274 2542 331 Guillelmum
2566 274 3004 349 Divionensem,
3025 278 3219 334 virum
3247 280 3577 354 sapientem
3597 287 3656 338 et

234 364 363 419 lum
383 361 834 417 Cluniacensem
856 360 1140 417 abbatem
1170 378 1206 418 a
1233 362 1558 418 Richardol
1582 363 1893 416 Nortman-

232 468 448 508 norum
476 452 628 506 duce
652 451 831 506 fuisse
860 450 1178 507 invitatum
1208 456 1273 507 ut
1295 452 1629 507 monachos
1660 449 1893 506 Clunia-

230 556 439 599 censes
495 541 877 597 Fiscamnum
926 541 1370 610 transmitteret,
1426 539 1734 597 canonicis
1787 536 1893 610 qui

232 636 375 688 tunc
422 632 576 687 hanc
623 630 940 686 ecclesiam
991 632 1375 702 occupabant
1418 628 1889 685 substituendos.

232 719 405 786 Quod
447 736 586 775 cum
636 719 721 773 vir
773 723 1017 774 sanctus
1072 719 1265 774 facere
1315 718 1630 787 renuisset,
1680 720 1894 789 postea

230 808 507 865 Richardi
530 807 787 863 iunioris
818 813 1105 881 tempore,
1139 807 1487 863 Guillelmus
1516 810 1740 875 noster,
1761 806 1894 875 jam

229 898 424 955 abbas
451 898 875 967 Benignianus,
898 897 1093 953 eidem
1118 898 1250 953 loco
1279 896 1638 969 praepositus
1664 900 1769 963 est,
1790 887 1897 951 ubi

230 987 629 1043 monasticam
670 987 858 1043 vitam
898 986 1169 1042 restituit.
1204 986 1583 1042 Guillelmum
1613 1001 1735 1058 prae
1778 1002 1890 1041 caa-

226 1077 370 1133 teris
417 1076 554 1131 viris
604 1076 741 1149 piis,
769 1075 875 1149 qui
909 1080 1053 1131 tunc
1088 1076 1374 1148 temporis
1403 1074 1465 1130 in
1494 1075 1882 1131 Nortmannia

228 1165 545 1241 ﬂorebant,
605 1181 642 1221 a
698 1164 995 1221 Richardo
1050 1163 1333 1220 dilectum
1383 1164 1569 1220 fuisse
1632 1167 1880 1220 testatur

230 1255 404 1324 Hugo
436 1254 892 1311 Flaviniacensis
940 1255 1000 1309 in
1032 1254 1323 1311 Chronico
1352 1253 1725 1323 Virdunensi,
1758 1252 1881 1321 ubi,

228 1344 555 1415 praemissis
587 1343 861 1399 Richardi
891 1343 1199 1412 laudibus,
1232 1344 1335 1416 qui
1362 1342 1552 1417 pulsis
1583 1342 1888 1398 canonicis

228 1434 564 1489 monachos
617 1434 731 1488 sub
787 1432 1079 1489 Guillelmi
1122 1433 1534 1489 moderamine
1587 1432 1888 1488 Fiscamni

226 1523 498 1589 instituit,
534 1524 616 1579 sic
646 1522 982 1581 concludit:
1018 1523 1256 1595 «Hujus
1287 1527 1552 1596 tempore
1581 1523 1721 1577 viris
1752 1522 1886 1578 reli-

2000 360 2061 415 in
2107 361 2390 432 religione
2438 363 2969 435 ferventissimum,
2997 368 3256 423 Joannes
3296 370 3655 426 venerabilis

2001 450 2192 506 abbas
2222 452 2394 508 annis
2417 453 2863 526 quinquaginta
2899 458 2956 511 et
2979 471 3104 512 uno
3131 458 3298 523 rexit,
3315 462 3455 530 post
3472 475 3655 531 quem

2003 539 2345 596 Guillelmus
2374 541 2448 598 de
2479 546 2615 610 Roz,
2650 543 2990 614 Bajocensis
3035 545 3305 613 clericus,
3335 547 3442 602 sed
3475 548 3659 604 Cado-

2002 626 2226 681 mensis
2255 630 2610 701 monachus,
2642 631 2763 688 fere
2804 648 2967 688 nvn
3006 634 3183 690 annis
3223 635 3428 691 tenuit.
3463 636 3568 691 Hic
3597 641 3662 692 ut

2004 714 2258 785 mystica
2277 717 2530 789 nardus,
2560 719 2621 775 in
2642 719 2826 776 domo
2858 720 3091 778 Domini
3113 721 3399 793 ﬂagravit
3409 724 3663 781 charita-

2005 806 2081 872 te,
2110 798 2381 873 largitate
2409 808 2884 882 multimodaque
2929 811 3245 883 probitate.
3290 815 3487 885 Opera
3523 828 3661 886 quae

2003 891 2210 964 palam
2252 894 2463 951 sedulo
2506 897 2661 967 fecit,
2686 898 2782 954 vel
2809 898 2871 955 in
2917 900 3150 957 occulto
3200 916 3405 959 coram
3447 902 3661 974 paucis

2004 981 2244 1038 arbitris
2287 985 2684 1058 omnipotenti
2734 990 2852 1044 Deo
2880 987 3106 1058 libavit,
3141 992 3494 1048 attestantur
3520 991 3656 1064 quis

2007 1070 2247 1142 spiritus
2276 1073 2340 1129 in
2391 1074 2492 1130 illo
2538 1075 2848 1144 habitavit,
2880 1077 3202 1151 ipsumque
3248 1083 3437 1137 totum
3464 1080 3658 1154 possi-

2005 1159 2155 1216 dens
2180 1162 2259 1219 ad
2283 1164 2503 1220 solium
2532 1165 2765 1221 Domini
2799 1165 3053 1223 sabaotli
3084 1169 3500 1225 coronandum
3530 1184 3659 1242 per-

2003 1248 2239 1307 duxit.»
2284 1252 2463 1309 Plura
2504 1255 2579 1309 de
2620 1254 2933 1311 Guillelmo
2964 1256 3009 1311 ll
3037 1256 3219 1314 habet
3246 1257 3407 1314 idem
3451 1263 3660 1315 auctor

2008 1337 2161 1394 libro
2191 1356 2247 1395 χι
2288 1341 2394 1397 ubi
2438 1342 2591 1398 inter
2631 1346 2844 1399 cratera
2886 1344 3111 1416 profert
3158 1344 3434 1416 ejusdem
3482 1344 3663 1417 epita-

2006 1427 2214 1498 phium
2258 1429 2336 1486 ab
2375 1431 2718 1488 Hildeberto
2747 1433 3186 1490 Cenomanensi
3212 1433 3458 1491 editum.
3494 1454 3523 1483 «
3546 1432 3662 1489 Sed

1996 1516 2089 1572 his
2120 1518 2381 1589 omissis,
2413 1524 2619 1593 utpote
2648 1537 2786 1593 quae
2827 1522 2959 1593 jam
3005 1522 3168 1579 edita
3215 1526 3375 1594 sunt,
3406 1522 3664 1595 profere-

229 1612 412 1681 giosis
442 1612 640 1668 ﬂoruit
667 1612 1056 1682 Normannia,
1082 1613 1189 1685 qui
1219 1613 1298 1669 ad
1335 1628 1475 1669 eum
1504 1610 1891 1668 conﬂuebant
1925 1627 1965 1681 Β
2001 1621 2135 1661 mus
2198 1623 2273 1663 ex
2330 1625 2444 1665 ms.
2513 1609 2719 1666 codice
2786 1611 3192 1668 Fiscamnensi
3256 1612 3660 1683 fragmentum

228 1702 395 1757 veiut
445 1717 589 1773 apes
641 1701 721 1757 ad
769 1701 1047 1770 alvearia,
1094 1702 1244 1759 inter
1289 1718 1442 1776 quos
1491 1702 1652 1757 hunc
1691 1702 1889 1756 virum

228 1789 501 1857 beatum,
545 1790 924 1847 Guillelmum
956 1791 1260 1862 abbatem,
1293 1790 1667 1864 propensiori
1712 1789 1891 1846 coluit

228 1878 585 1949 reverentia,
614 1880 767 1935 adeo
797 1884 862 1936 ut
890 1880 1133 1953 speciali
1177 1896 1316 1936 eum
1364 1897 1569 1937 amore
1599 1880 1884 1947 diligeret,

232 1972 293 2023 et
322 1970 633 2041 praeceptis
658 1969 708 2040 ej
720 1986 786 2024 us
816 1969 1229 2041 obtemperare
1252 1969 1631 2041 consiliisque
1653 1967 1891 2039 acquie-

236 2072 399 2112 scere
430 2057 731 2127 gauderet.
760 2080 787 2106 ››
832 2058 997 2113 Hanc
1037 2058 1148 2113 sibi
1195 2058 1610 2114 auctoritatem
1640 2073 1888 2129 compa-

228 2150 466 2200 raverat
495 2145 836 2201 Guillelmus
865 2146 998 2202 vitae
1038 2163 1161 2202 suae
1191 2163 1261 2203 ac
1292 2162 1540 2202 suorum
1570 2145 1889 2202 sanctimo-

228 2231 348 2287 nia.
384 2234 513 2298 Qua
541 2248 683 2289 vero
728 2233 953 2289 ratione
996 2250 1069 2290 eo
1098 2234 1157 2289 in
1203 2236 1572 2291 monasteria
1621 2233 1891 2295 instituta

222 2319 403 2375 fuerit
447 2321 562 2375 sub
599 2322 728 2393 ejus
772 2322 1061 2391 regimine
1114 2324 1446 2381 monastico
1492 2324 1631 2390 vita,
1658 2324 1788 2393 jam
1818 2339 1891 2377 ex

223 2410 703 2483 Chronographo
728 2411 1101 2482 Benigniano
1128 2412 1473 2481 didicimus,
1508 2413 1618 2468 sed
1648 2428 1721 2467 ex
1758 2411 1889 2467 lau-

219 2498 373 2554 dato
402 2498 602 2554 liber
627 2499 861 2571 plenius
894 2501 1139 2573 patebit,
1173 2517 1358 2573 quem
1387 2500 1636 2573 quidem
1669 2500 1892 2556 librum

220 2589 529 2657 integrum
561 2589 734 2644 edere
756 2589 1025 2661 primum
1051 2593 1475 2654 statueramus,
1506 2589 1673 2661 quod
1703 2589 1892 2645 multa

219 2677 664 2752 complectatur
729 2678 804 2733 de
872 2678 1275 2737 Fiscamnensi
1321 2678 1689 2735 monasterio
1744 2677 1896 2734 scitu

218 2768 439 2838 digna,
470 2772 525 2823 et
556 2767 860 2825 Willelmo
906 2768 1113 2824 abbati
1161 2767 1588 2839 Fiscamnensi,
1631 2767 1895 2823 secundo

220 2873 305 2912 an
358 2856 545 2921 tertio,
588 2856 663 2911 sit
699 2861 1102 2928 nuncupatus.
1150 2858 1363 2911 Verum
1411 2872 1551 2911 cum
1599 2856 1729 2927 jam
1775 2855 1896 2912 fere

219 2950 463 3017 integer
520 2945 598 3002 ab
645 2950 859 3001 Arturo
905 2945 989 3001 du
1040 2946 1313 3003 Monstier
1365 2945 1425 3001 in
1476 2947 1743 3003 Neustria
1795 2945 1898 3018 pia

217 3036 430 3093 editus
486 3034 577 3102 sit,
625 3033 897 3090 sufﬁcere
944 3034 1144 3091 visum
1186 3037 1275 3091 est
1321 3050 1393 3090 ea
1446 3033 1708 3108 proferre
1760 3050 1896 3108 quae

220 3124 559 3200 specialius
586 3125 664 3181 ad
715 3128 991 3181 nostrum
1035 3129 1304 3199 spectant
1368 3124 1724 3181 institutum.
1783 3124 1896 3181 Sed

215 3215 403 3290 prius
493 3213 818 3271 dicendum
894 3213 1106 3288 paucis
1175 3214 1250 3269 de
1333 3213 1475 3271 viris
1564 3212 1896 3271 illustribus

218 3304 342 3380 qui
397 3303 460 3360 in
516 3303 879 3361 monasterio
950 3304 1355 3360 Fiscamnensi
1412 3308 1554 3361 tunc
1612 3302 1895 3377 temporis

218 3395 587 3452 ﬂoruerunt.

298 3489 359 3541 2.
410 3482 522 3539 Viri
544 3480 800 3538 illustres
825 3482 932 3555 qui
960 3483 1073 3539 sub
1102 3482 1406 3540 Willelmo
1431 3482 1651 3540 abbate
1680 3482 1741 3538 in
1766 3497 1893 3538 mo-

218 3572 498 3631 nasterio
542 3571 947 3629 Fiscamnensi
974 3572 1324 3642 ﬂoruerunt,
1355 3571 1417 3627 in
1464 3571 1756 3628 Chronico
1800 3573 1897 3627 Be-

220 3662 527 3733 nigniano
554 3664 914 3718 recensetur.
940 3664 1160 3719 Locum
1185 3661 1483 3732 integrum
1515 3676 1697 3735 supra
1727 3659 1895 3717 dedi-

222 3770 398 3813 mus.
430 3755 687 3810 Fuerunt
708 3757 767 3810 et
794 3752 1067 3809 nonnulli
1094 3752 1393 3825 principes
1422 3768 1496 3808 ex
1520 3751 1896 3808 nobilissimo

223 3843 620 3904 Normanniaa
663 3842 891 3901 ducum
936 3842 1232 3914 sanguine
1283 3842 1491 3912 exorti,
1534 3843 1641 3915 qui
1682 3840 1898 3897 iisdem

224 3933 612 4007 temporibus
654 3933 880 3993 ibidem
934 3932 1238 3991 cucullum
1281 3931 1624 4003 induerunt,
1655 3948 1729 3988 ex
1770 3930 1900 4004 qni-

223 4026 357 4083 bus
415 4022 760 4081 Guillelmus
831 4022 1320 4083 Gemmeticensis
1372 4021 1729 4078 Willelmum
1780 4035 1901 4077 me-

228 4117 441 4172 morat
482 4112 637 4171 libro
676 4130 732 4183 v,
763 4129 898 4187 cap.
953 4118 1041 4181 13,
1088 4111 1366 4171 Richardi
1405 4111 1452 4167 II
1490 4110 1701 4180 ﬁlium,
1737 4109 1901 4183 apud

231 4206 629 4263 Fiscamnum
693 4202 1019 4263 monachili
1080 4202 1295 4260 vellere
1361 4201 1423 4258 in
1502 4200 1903 4258 adolescentia

234 4295 537 4352 functum.
563 4292 746 4351 Paulo
775 4296 913 4366 post
942 4291 1219 4351 Nicolaus
1248 4290 1525 4349 Richardi
1568 4290 1719 4347 tertii
1744 4289 1902 4346 ﬁlius

1999 1717 2027 1745 «
2057 1695 2322 1769 epistolae
2352 1693 2640 1755 Balderici
2669 1699 2934 1775 episcopi
2958 1701 3039 1757 ad
3066 1701 3547 1773 Fiscamnenses,
3568 1716 3661 1757 re-

1998 1784 2219 1843 ferente
2248 1786 2516 1857 Adelino,
2546 1788 2653 1862 qui
2680 1789 2734 1845 ei
2765 1794 2966 1847 custos
2992 1794 3050 1846 et
3071 1790 3342 1848 minister
3368 1792 3429 1847 in
3461 1790 3662 1865 hospi-

2002 1875 2102 1931 tali
2134 1874 2328 1934 fuerat
2366 1878 2708 1951 dcputatus.
2738 1901 2767 1930 ιο
2816 1878 2966 1935 Illud
3005 1884 3207 1937 autem
3250 1880 3659 1951 fragmentum

2004 1966 2118 2022 tale
2148 1971 2236 2023 est
2262 1986 2276 2023 :

2069 2059 2122 2111 4.
2166 2056 2509 2114 Guillelmus
2538 2058 3079 2130 praedecessoribus
3103 2060 3227 2116 suis
3255 2060 3498 2133 suisque
3522 2074 3659 2133 pro-

1998 2144 2353 2201 vincialibus
2384 2151 2616 2203 tantum
2661 2148 2869 2204 enituit
2896 2164 3020 2221 quo
3052 2153 3228 2221 pacto
3273 2154 3330 2205 et
3358 2154 3658 2222 quantum

2000 2234 2222 2291 caeteris
2252 2234 2651 2293 luminaribus
2677 2236 2765 2292 sol
2796 2236 2996 2293 rutilat
3023 2238 3395 2294 eminentior.
3434 2242 3542 2293 lste
3586 2238 3660 2293 si-

2002 2323 2248 2395 quidem
2279 2340 2504 2393 magna
2532 2324 2862 2380 litterarum
2890 2325 3098 2398 peritia
3123 2327 3429 2399 praeditus,
3461 2326 3659 2401 primo

2006 2413 2344 2483 Bajocensis
2372 2412 2853 2484 archidiaconus,
2879 2418 3088 2486 postea
3115 2416 3505 2472 Cadomensis
3535 2432 3662 2472 mo-

2004 2501 2260 2567 nachus,
2288 2501 2538 2557 demum
2568 2501 3001 2558 Fiscamnensis
3024 2503 3236 2572 abbas,
3261 2504 3588 2561 reverenda
3607 2508 3665 2561 et

2005 2604 2160 2645 cana
2203 2606 2487 2662 persona,
2527 2591 2812 2663 quaedam
2859 2590 3161 2662 religionis
3200 2593 3506 2663 majestas,
3552 2593 3662 2648 do-

2003 2695 2175 2734 mum
2204 2679 2379 2736 istam
2401 2696 2642 2736 morum
2673 2695 2923 2737 suorum
2947 2679 3153 2737 extulit
3174 2697 3447 2749 censura,
3474 2681 3665 2755 parie-

2004 2768 2164 2824 tibus
2192 2768 2479 2841 dilatavit,
2512 2775 2588 2841 et,
2619 2770 2785 2844 quod
2833 2770 2886 2828 ei
2925 2770 3260 2845 specialiter
3286 2771 3663 2846 praecipuum

2005 2858 2134 2928 fuit,
2166 2858 2417 2916 fratrum
2466 2864 2830 2918 conventum
2881 2860 3108 2919 ditavit.
3159 2861 3318 2919 Multi
3366 2862 3664 2938 siquidem

2004 2948 2237 3006 nobiles
2264 2949 2400 3007 laici
2428 2954 2485 3006 et
2513 2950 2727 3015 clerici,
2758 2950 3061 3024 religionis
3081 2952 3211 3023 ejus
3232 2952 3416 3010 odore
3446 2968 3664 3027 provo-

2007 3037 2142 3105 cati,
2172 3038 2250 3094 ad
2290 3040 2745 3097 conversionem
2774 3040 2946 3097 exciti
2972 3045 3128 3109 sunt,
3158 3046 3216 3098 et
3260 3032 3512 3099 ultronei
3538 3058 3667 3100 mo-

2006 3127 2274 3185 nachum
2317 3127 2663 3197 induerunt,
2694 3132 2752 3186 et
2780 3129 3002 3187 sanctis
3051 3129 3242 3202 ipsius
3268 3130 3548 3187 institutis
3573 3131 3665 3187 in-

2004 3214 2246 3272 formati
2290 3218 2447 3272 sunt.
2485 3219 2608 3287 Ego
2652 3216 2802 3290 ipse,
2832 3217 2938 3291 qui
2970 3216 3284 3274 vobiscum
3320 3217 3559 3291 loquor,
3603 3217 3666 3275 in

2003 3304 2336 3377 longinquo
2372 3305 2628 3378 positus,
2653 3304 2886 3365 bonam
2915 3305 3097 3363 etiam
3120 3305 3310 3363 nostri
3340 3307 3403 3362 G.
3432 3305 3666 3381 opinio-

2004 3410 2145 3451 nem
2192 3394 2434 3464 audivi;
2486 3411 2608 3469 qua
2649 3394 2903 3467 illectus,
2932 3411 3042 3469 per
3082 3395 3386 3457 licentiam
3429 3395 3668 3454 abbatis

2004 3482 2191 3539 nostri
2228 3482 2536 3551 (abbatem
2583 3483 2880 3556 siquidem
2910 3483 3098 3541 alium
3126 3484 3433 3547 habebam
3462 3488 3520 3541 et
3566 3485 3669 3543 ha-

2003 3572 2164 3641 beo),
2190 3572 2381 3643 gratia
2408 3573 2463 3630 ei
2488 3573 2838 3630 adhaerendi
2866 3573 3247 3632 Fiscamnum
3268 3574 3411 3647 adii,
3429 3578 3669 3647 gratan-

2006 3666 2431 3737 ter,susceptus
2456 3680 2612 3734 sum,
2630 3663 2766 3721 licet
2788 3664 3115 3722 homuncio
3141 3664 3364 3725 nullius
3394 3681 3667 3725 momen-

2006 3752 2067 3809 ti.
2101 3755 2321 3809 Omnes
2370 3769 2483 3810 nos
2528 3769 2682 3827 quos
2710 3754 2875 3810 vides
2903 3770 3058 3827 pene
3104 3755 3233 3827 ipse
3276 3754 3664 3825 aggregavit:
3710 3784 3713 3787 ν

2009 3842 2117 3899 sed
2145 3843 2349 3916 plures
2375 3859 2565 3916 quam
2611 3842 2798 3903 modo
2835 3858 3067 3909 sumus,
3098 3841 3344 3910 fuimus,
3377 3841 3669 3913 quoniam

2008 3931 2226 3988 ducem
2271 3947 2449 3987 suum
2497 3934 2636 4005 post
2675 3929 2871 4002 ipsius
2914 3928 3230 3985 transitum
3281 3927 3536 4002 quidam
3563 3942 3670 3983 no-

2010 4025 2270 4077 strorum
2312 4019 2679 4093 pedetentim
2711 4018 2899 4075 secuti
2946 4020 3103 4074 sunt.
3137 4016 3372 4075 Ordinis
3420 4016 3548 4090 ipse
3590 4015 3672 4073 vi-

2011 4126 2122 4181 gor
2142 4109 2434 4184 praestitit,
2466 4107 2663 4166 verbis
2695 4110 2753 4165 et
2778 4106 3068 4182 exemplis
3099 4121 3213 4164 nos
3238 4106 3541 4180 instruxit,
3566 4123 3672 4181 pa-

2009 4202 2179 4257 terno
2203 4198 2421 4254 aﬂ‘ectu
2451 4196 2564 4253 sibi
2588 4211 2701 4253 nos
2731 4212 2943 4254 omnes
2971 4195 3374 4255 invisceravit.
3399 4199 3571 4264 Nam,
3594 4211 3670 4255 ne

2009 4289 2321 4345 veritatem
2340 4286 2649 4351 tacuerim.
2673 4290 2915 4361 propter
2936 4288 3125 4343 Deum
3152 4286 3435 4344 omnibus
3464 4286 3672 4344 omnia

235 4346 1551 4454 Debertosuo
1578 4378 1768 4452 ipsius
1791 4395 1902 4452 pa-
1934 4346 1979 4401 Β
2011 4378 2138 4435 fuit.
2168 4377 2393 4435 Idcirco
2424 4346 2874 4451 subsequuntur
2911 4393 3052 4434 eum
3096 4375 3380 4453 lacrymae
3427 4380 3667 4444 nostras,

241 4477 404 4539 truc,
453 4471 557 4549 qui
608 4471 670 4529 in
721 4471 853 4542 ejus
904 4470 1108 4527 locum
1156 4469 1561 4527 Nortmanniaa
1614 4469 1903 4527 ducatum

241 4559 522 4632 obtinuit,
571 4559 966 4618 monasticam
1017 4559 1205 4619 vitam
1252 4559 1367 4616 sub
1411 4561 1638 4617 Joanne
1685 4558 1903 4616 abbate

240 4650 564 4725 amplexus
591 4656 698 4708 est.
732 4652 786 4706 Is
810 4654 1015 4723 postea
1061 4649 1251 4707 sancti
1286 4649 1562 4706 Audoeni
1593 4648 1761 4721 apud
1788 4652 1903 4706 Ro-

238 4743 603 4812 thomagum
646 4741 841 4799 abbas
868 4739 1061 4797 factus
1089 4738 1292 4797 multis
1326 4739 1639 4797 virtutibus
1668 4738 1901 4809 claruit,

241 4835 314 4888 ut
360 4830 536 4888 refert
602 4829 918 4889 0rdericus
972 4828 1193 4900 Vitalis,
1242 4828 1396 4886 libro
1443 4844 1568 4898 vni,
1621 4828 1730 4885 ubi
1775 4827 1904 4885 fuse

239 4920 459 4978 laudes
488 4922 619 4993 ejus
647 4919 948 4978 describit.
986 4919 1088 4976 His
1126 4924 1444 4977 accensent
1471 4919 1745 4977 nonnulli
1773 4918 1906 4978 Mal-

244 5012 506 5082 gerium,
552 5011 658 5084 qui
700 5010 949 5066 demum
987 5009 1066 5068 ad
1103 5009 1308 5067 sedem
1359 5009 1905 5081 Rothomagensem

243 5104 492 5158 evectus
519 5099 666 5168 fuit;
717 5099 826 5156 sed
862 5099 1044 5171 hujus
1091 5114 1277 5172 opera
1319 5097 1613 5156 natalium
1656 5115 1905 5155 suorum

246 5188 505 5259 gloriam
531 5188 980 5247 obscurrarunt.

322 5283 376 5336 3.
415 5277 626 5335 Paucis
654 5276 849 5333 verbis
876 5280 995 5333 tres
1045 5274 1274 5348 priores
1321 5274 1617 5333 Fiscamni
1652 5280 1792 5348 post
1818 5291 1907 5332 re-

248 5367 681 5424 staurationem
707 5365 956 5433 abbates
979 5364 1187 5419 laudat
1207 5364 1544 5431 0rdericus,
1567 5364 1720 5421 libro
1736 5382 1810 5433 iv,
1834 5380 1908 5421 ex

248 5456 475 5530 quibus
523 5456 797 5526 colligere
827 5455 962 5511 licet
989 5456 1217 5525 quanta
1257 5456 1396 5508 tunc
1446 5453 1621 5508 fuerit
1661 5469 1733 5509 ea
1764 5456 1909 5509 tem-

247 5549 482 5619 pestate
510 5545 669 5603 illius
698 5540 1046 5601 monasterii
1073 5540 1255 5597 fama.
1306 5562 1333 5588 ‹‹
1360 5541 1796 5612 Fiscamnense,
1824 5542 1909 5598 in-

251 5633 404 5707 quit,
432 5634 777 5691 cmnobium
801 5632 863 5688 in
892 5634 1213 5705 prospectu
1242 5629 1424 5686 maris
1453 5630 1737 5703 positum,
1768 5631 1903 5697 etc.,

2010 4472 2328 4543 propterea
2355 4466 2716 4524 comitantur
2744 4482 2884 4523 eum
2924 4465 3184 4540 suspiria
3213 4468 3437 4525 nostra.
3464 4467 3545 4527 Eo
3574 4462 3670 4517 die

2010 4565 2213 4616 noster
2237 4558 2364 4614 dux
2388 4560 2535 4629 erat,
2563 4556 2628 4622 in
2651 4557 2935 4631 lacrymis
2953 4556 3157 4614 nullus
3186 4554 3295 4612 fuit
3322 4551 3583 4618 uberior,
3608 4550 3670 4607 in

2007 4649 2224 4708 lectulo
2253 4663 2363 4705 suo
2403 4646 2763 4721 suspiranda
2813 4661 3021 4703 secum
3063 4643 3353 4714 litigabat,
3381 4640 3443 4696 in
3492 4638 3671 4695 turba

2008 4738 2327 4795 nobiscum
2354 4737 2595 4811 quietus
2641 4739 2786 4807 erat,
2818 4734 2879 4790 in
2911 4732 3135 4802 angulo
3175 4728 3457 4797 ecclesiae,
3489 4727 3581 4783 vel
3607 4727 3671 4783 in

2011 4829 2248 4901 grabati
2291 4828 2384 4885 sui
2425 4825 2742 4883 solitudine
2792 4826 2951 4880 totus
3000 4821 3272 4878 turbatus
3301 4820 3448 4875 erat.
3483 4816 3673 4873 Disce-

2010 4919 2221 4993 ptabat
2251 4916 2549 4990 siquidem
2594 4929 2802 4970 secum
2830 4927 2942 4985 pro
2971 4908 3188 4969 nostris
3219 4905 3583 4975 excessibus,
3616 4909 3674 4962 et

2013 5006 2400 5077 cruciﬁgebat
2454 4999 3001 5061 immisericorditer
3057 4996 3345 5070 seipsum.
3400 4995 3457 5052 Si
3523 4994 3673 5068 quid

2013 5095 2357 5164 contigisset
2384 5091 2638 5148 fratrum
2664 5087 2948 5156 reatibus,
2971 5085 3147 5155 cujus
3171 5084 3333 5141 hunc
3360 5099 3670 5140 excessum

2014 5179 2437 5254 compatiendo
2493 5192 2617 5233 non
2682 5174 2819 5233 fecit
2873 5189 3052 5230 suum
3072 5175 3101 5228 ?
3156 5170 3346 5229 Toties
3405 5171 3671 5246 seipsum

2013 5268 2315 5336 mactavit,
2343 5264 2577 5340 quoties
2606 5262 2841 5336 aliquis,
2873 5261 2968 5319 vel
3010 5276 3123 5332 ego
3162 5261 3344 5320 miser
3386 5260 3668 5335 peccavi;

2014 5360 2077 5416 in
2120 5355 2491 5414 orationibus
2534 5352 2877 5425 frequenter
2917 5350 3330 5424 pernoctabat,
3364 5353 3673 5422 Deumque

2018 5446 2385 5523 quietissime
2416 5441 2834 5515 gemebundus
2863 5440 3254 5513 inquietabat,
3287 5439 3413 5494 sine
3443 5437 3674 5494 offensa

2018 5555 2157 5596 cum
2185 5554 2256 5594 eo
2285 5533 2577 5606 litigabat,
2607 5535 2665 5588 et
2705 5546 2812 5605 per
2854 5530 3118 5588 amicum
3164 5528 3439 5600 litigium,
3472 5528 3674 5600 ipsum

2019 5629 2134 5685 sibi
2172 5626 2490 5700 nobisque,
2528 5622 2688 5679 velut
2734 5620 2880 5678 alter
2928 5622 3233 5690 Salomon,
3278 5616 3672 5690 paciﬁcabal;
