3976 6180
390 135 492 187 847

1335 129 1390 184 8.
1435 125 1874 183 GUILLELMUS
1913 123 2168 180 ABBATI
2207 124 2262 179 S.
2307 124 2591 181 BENIGNI
2631 125 2890 183 DIVION.

3713 130 3803 184 848

385 251 724 309 redimebat
754 249 928 306 nobis
967 264 1104 304 cum
1152 247 1572 320 eleemosynis,
1602 248 1746 321 quia
1797 247 1964 321 quod
1993 247 2046 303 ei
2075 250 2121 301 A
2150 247 2234 302 mi
2261 247 2492 303 abbatis
2524 248 2689 303 tertii
2727 245 3184 303 Fiscamnensis.
3216 244 3668 302 Fiscamnensis
3699 265 3809 304 mo-

387 340 797 398 committebat
845 337 1095 394 ﬁdeliter
1138 338 1446 408 erogabat.
1482 339 1662 409 Cujus
1701 338 1863 393 enim
1892 353 2043 410 pau-

383 432 548 504 peria
576 427 954 485 necessitudo
1005 443 1257 484 manum
1305 445 1478 484 suam
1522 427 1705 484 sensit
1735 427 1993 483 sterilem
2017 427 2044 482 ‘?

385 521 526 584 Qum
556 517 816 574 ecclesias
871 534 1046 574 suam
1079 533 1201 572 non
1249 517 1474 574 habent
1518 517 1992 573 muniﬁcentiam
2017 517 2045 572 ?

384 607 680 664 Circuibat
709 607 964 677 angulos
991 612 1048 663 et
1079 607 1340 680 compita
1370 607 1769 679 leprosorum,
1804 611 1860 663 et
1905 623 2043 663 cum

380 696 526 770 ipsis
550 696 917 753 familiariter
939 696 1276 766 locuturus,
1304 712 1522 752 manus
1555 696 1736 752 etiam
1767 695 2044 767 elephan-

382 786 564 842 tiosas
603 786 958 858 plerumque
990 785 1444 842 deosculaturus
1494 785 1792 856 tuguriola
1835 785 2041 841 subin-

380 874 597 941 trabat,
629 878 693 931 ut
727 876 1000 930 omnium
1043 875 1497 932 necessitatibus
1528 875 1786 944 adesset,
1809 878 1874 930 ut
1902 891 2042 930 eum

382 963 594 1018 miselli
622 964 942 1035 cujuslibet
972 965 1254 1034 angustia
1285 965 1675 1035 cognovisset.
1701 968 1828 1020 Non
1850 967 2045 1036 potest

381 1053 679 1109 enucleari
706 1053 904 1109 verbis
937 1054 1218 1110 sanctitas
1251 1055 1381 1126 ejus
1425 1055 1603 1110 bonae
1636 1054 2040 1110 conversatio-

378 1141 543 1196 nis.»
600 1141 892 1197 Eumdem
945 1132 1228 1198 abbatem
1279 1143 1359 1198 ob
1420 1143 1628 1198 forma:
1683 1142 2041 1213 elegantiam

377 1230 662 1298 Puellam,
691 1231 876 1300 vulgo
919 1233 980 1288 la
1021 1234 1285 1304 Pucelle,
1320 1232 1814 1303 cognominatum
1860 1231 2041 1288 fuisse

379 1319 639 1398 tradunt.
693 1320 1040 1392 Complures
1088 1321 1370 1378 ecclesias
1417 1322 1479 1377 in
1525 1321 1750 1394 oppido
1784 1321 2037 1377 Fiscam-

376 1409 548 1464 nensi
576 1409 940 1478 construxit;
981 1411 1382 1467 universalem
1410 1411 1858 1483 eleemosynam
1887 1427 2040 1482 pau-

377 1497 622 1569 peribus
659 1498 906 1570 singulis
937 1499 1151 1555 diebus
1178 1500 1550 1569 erogandam
1571 1500 1860 1566 instituit;
1893 1500 2044 1556 rexit

2154 336 2395 391 nasterii
2458 336 2670 392 laudes
2732 335 2947 392 videsis
3010 335 3176 407 apud
3230 333 3552 390 Dudonem
3627 339 3803 393 Sancti

2155 426 2411 490 Quintini
2442 427 2765 495 decanum,
2797 426 2901 499 qui
2941 426 3163 482 librum
3195 423 3476 480 ultimum
3536 426 3625 480 De
3657 429 3809 482 mori-

2150 517 2267 573 bus
2315 522 2372 574 et
2417 518 2561 574 actis
2593 522 3075 574 Normannorum
3126 516 3578 572 Fiscamnensis
3620 534 3806 574 mona-

2154 607 2310 663 sterii
2342 607 2614 663 encomio
2646 607 2906 676 claudit;
2957 622 3184 680 paucos
3233 605 3447 662 exinde
3474 621 3697 661 versus
3720 607 3807 662 de-

2151 712 2391 770 cerpere
2424 696 2678 752 sufﬁciat
2705 715 2717 752 :

2224 786 2271 840 0
2297 785 2616 852 Fiscanne,
2648 785 2838 841 sacris
2873 799 3104 854 semper
3125 783 3383 854 fecunde
3407 784 3683 853 favillis,

2220 875 2579 931 Sanctorum
2610 875 2835 931 cineres
2864 875 3213 930 meritorum
3237 875 3387 944 ﬂore
3414 875 3718 930 micantes

2220 964 2294 1020 In
2321 965 2544 1035 gremio
2573 969 2750 1020 terrce
2770 977 3128 1019 conservans
3147 965 3397 1032 jamque
3425 969 3715 1031 sacratas,

2224 1054 2408 1108 Trino
2437 1052 2821 1122 resplendens
2845 1052 3093 1121 profuso
3124 1051 3258 1106 dote
3286 1051 3532 1118 salutis,

2225 1141 2377 1197 Olim
2411 1142 2676 1212 virgineo
2707 1141 2967 1196 micuisti
2992 1145 3297 1195 stemmate
3326 1153 3530 1207 sacro,

2223 1231 2372 1286 Cum
2401 1231 2833 1300 Leodegarium
2859 1230 3116 1286 servasti
3144 1230 3273 1284 luce
3299 1229 3642 1299 privatum.

2233 1321 2428 1388 Vivas,
2459 1319 2798 1389 Fiscannis,
2829 1333 3060 1388 semper
3087 1319 3369 1387 felicibus
3398 1319 3609 1374 annis.

2219 1410 2558 1480 Fiscannis,
2589 1409 2805 1480 gaude,
2835 1409 2979 1480 quia
3006 1413 3070 1462 tu
3100 1407 3458 1477 dignissima
3493 1408 3713 1481 laude;

2231 1500 2340 1554 Vos
2369 1500 2801 1556 Fiscannenses
2830 1499 3119 1555 virtutum
3149 1498 3390 1568 cingitis
3422 1513 3596 1554 enses

377 1588 811 1644 monasterium
866 1589 1040 1644 annis
1085 1589 1288 1659 viginti
1341 1606 1600 1657 novem;
1645 1589 1913 1661 sepultus
1954 1593 2042 1646 est
2069 1607 2113 1659 Β
2223 1588 2506 1643 Ecclesiae
2527 1593 2745 1656 postes,
2778 1587 3087 1643 nebulosos
3117 1587 3384 1643 sternitis
3417 1587 3639 1642 hostes.

376 1675 438 1730 in
470 1677 701 1749 capella
725 1680 920 1733 Beatas
952 1678 1142 1733 Mariae
1158 1678 1390 1745 veteris,
1415 1694 1488 1734 ex
1513 1677 1790 1750 opposito
1812 1677 2034 1734 altaris.

379 1764 584 1820 Obitus
613 1765 741 1835 ejus
771 1765 833 1820 in
864 1765 1210 1836 Necrologio
1242 1765 1487 1822 laudato
1516 1765 1772 1822 habetur
1800 1765 1892 1821 his
1914 1783 2042 1822 ver-

376 1853 469 1909 bis
494 1871 507 1908 :
545 1869 616 1909 vn
634 1854 945 1910 Kalendas
974 1855 1226 1923 Aprilis,
1247 1854 1533 1922 depositio
1555 1854 1761 1910 damni
1807 1854 2038 1911 Willel—

2221 1677 2334 1734 Sed
2360 1678 2490 1748 jam
2509 1681 2748 1750 tempus
2775 1680 2863 1733 est
2887 1675 3023 1732 libri
3044 1675 3384 1746 fragmenta
3405 1676 3657 1732 exhibre
3681 1691 3790 1747 qua

2150 1782 2336 1840 supra
2363 1765 2607 1839 pollitici
2648 1782 2880 1822 sumus.

1478 2199 2049 2286 EXCEBPTA
2136 2199 2280 2286 EX
2369 2199 2713 2287 LIBRO

666 2382 754 2438 DE
793 2381 1298 2448 REVELATIONE,
1339 2382 1846 2438 EDIFICATIONE
1887 2383 1972 2436 ET
2011 2380 2499 2438 AUCTORITATE
2539 2381 2958 2436 MONASTERII
2998 2379 3529 2438 FISCAMNENSIS.

1051 2703 1355 2743 PROLOGUS.

447 2779 736 2835 Libellum
764 2777 838 2832 de
863 2775 1242 2843 revelatione,
1266 2774 1659 2830 tediﬁcatione
1687 2777 1744 2830 et
1774 2773 2032 2830 auctori-

373 2873 489 2925 tate
519 2867 931 2923 Fiscannensis
971 2864 1336 2933 monasterii,
1368 2867 1536 2920 Pater
1579 2864 1798 2938 inclyte
1829 2864 2035 2921 Willel-

370 2973 487 3024 me,
520 2955 854 3028 composui,
889 2959 945 3011 et
974 2955 1376 3027 compositum
1408 2959 1524 3010 tuae
1555 2954 1885 3010 dilectionis
1919 2954 2037 3010 sin-

370 3062 505 3103 cero
531 3045 756 3118 judicio
786 3045 1208 3116 corrigendum
1253 3049 1310 3101 et
1338 3044 1824 3100 conﬁrmandum
1857 3043 2034 3099 desti-

365 3135 528 3205 navi,
557 3138 854 3208 quatenus
903 3139 1018 3190 tute
1067 3133 1433 3190 celsitudinis
1472 3149 1754 3190 assensus
1785 3137 1839 3189 et
1869 3131 2033 3188 libel-

365 3223 493 3281 lum
544 3225 719 3281 edere
772 3224 1100 3298 praecipiat,
1133 3228 1190 3280 et
1236 3223 1393 3279 edito
1435 3222 1633 3278 libello
1681 3221 1925 3295 pondus
1976 3226 2033 3277 et

366 3315 776 3372 auctoritatem
809 3314 1116 3370 concedat.
1141 3317 1262 3383 Ego
1293 3312 1561 3384 quidem,
1594 3315 1761 3368 Pater
1788 3310 2028 3382 inclyte,

362 3404 766 3476 ignorantiam
798 3419 996 3457 meam
1024 3401 1376 3456 maluissem
1409 3405 1584 3457 cauto
1616 3400 1844 3455 silentio
1876 3403 2033 3470 tege-

361 3509 446 3563 re,
477 3508 664 3565 quam
712 3490 964 3558 alicujus
1010 3489 1319 3560 scriptura;
1371 3487 1757 3559 praesumenti
1805 3486 2026 3542 indicio

361 3581 704 3653 publicare;
737 3576 842 3630 sed
867 3577 1120 3630 fratrum
1149 3580 1491 3631 nostrorum
1514 3575 1785 3646 jussione
1807 3576 2029 3631 instan-

359 3669 402 3723 ti
433 3672 489 3722 et
517 3664 800 3721 instantia
834 3663 1067 3735 jubenti
1115 3663 1490 3736 compellitur
1536 3667 1736 3718 noster
1786 3664 2024 3719 animus

269 3755 300 3764 ’“
359 3755 814 3830 possibilitatem
863 3754 1168 3825 excedere,
1202 3769 1497 3826 suamque
1540 3753 1837 3810 inscitiam
1868 3753 2024 3810 mul-

359 3850 556 3902 torum
607 3845 950 3919 aspectibus
991 3845 1310 3901 nominum
1356 3843 1719 3918 improvisus
1771 3844 2020 3919 aperire.

358 3936 762 4008 Fompellitur,
785 3936 1055 4008 inquam,
1085 3940 1290 3992 noster
1311 3934 1551 3990 animus
1581 3950 1755 3990 suam
1781 3934 2022 4004 ignora-

2070 2688 2110 2742 C
2141 2687 2198 2740 et
2227 2683 2476 2758 scriptas
2504 2685 2583 2742 ad
2613 2684 3023 2741 auctoritatem
3054 2684 3476 2742 Fiscannensis
3507 2685 3771 2750 Ecclesiae,

2140 2777 2196 2830 et
2225 2775 2304 2831 ad
2333 2774 2643 2832 utilitatem
2666 2774 2993 2845 legentium
3023 2774 3269 2830 fratrum
3295 2775 3483 2848 edidi,
3517 2781 3620 2832 etc.

2771 2917 2870 2974 Ex
2904 2933 3036 2987 cap.
3059 2920 3167 2974 XV.

2210 3044 2439 3098 Interea
2465 3040 2710 3111 contigit
2735 3042 3164 3098 Fiscannenses
3191 3043 3515 3100 canonicos
3540 3044 3762 3100 aliorum

2138 3131 2567 3187 canonicorum
2598 3146 2795 3187 mores
2823 3131 3062 3200 imitari,
3093 3132 3246 3188 latas
3287 3133 3626 3206 perditionis
3652 3132 3759 3188 vias

2135 3219 2386 3290 ingredi,
2421 3224 2477 3276 et
2505 3236 2706 3276 rerum
2747 3221 3167 3293 temporalium
3220 3221 3398 3278 luxus
3445 3227 3499 3278 et
3525 3221 3758 3278 desidias

2134 3309 2492 3382 voluptuose
2541 3311 2788 3379 sectari;
2835 3326 3022 3382 quam
3053 3311 3476 3368 canonicorum
3505 3312 3758 3367 miseram

2134 3398 2320 3454 vitam
2350 3403 2407 3454 et
2435 3398 2849 3455 imminentem
2897 3399 3204 3456 miseriam
3248 3401 3369 3456 dux
3395 3399 3754 3474 prudentissi-

2135 3504 2271 3543 mus
2297 3487 2627 3544 Richardus
2661 3489 2931 3556 audiens,
2969 3493 3025 3544 et
3054 3489 3347 3546 audiendo
3385 3501 3742 3558 cognoscens,

2137 3576 2307 3633 valde
2361 3577 2568 3644 doluit,
2623 3578 3063 3651 hominumque
3118 3595 3427 3652 pravorum
3469 3591 3647 3632 mores
3687 3579 3738 3629 et

2133 3666 2649 3722 conversationem
2729 3667 3086 3738 exhorrens,
3151 3668 3379 3738 legatos
3436 3665 3742 3722 festinanter

2133 3754 2481 3811 Cluniacum
2534 3755 2765 3826 direxit,
2812 3761 2869 3812 et
2917 3761 3193 3813 sanctum
3236 3757 3505 3814 Maiolum
3539 3769 3750 3823 magna;

2128 3843 2476 3900 humilitatis
2516 3844 2798 3917 precibus
2850 3845 3204 3902 Fiscannum
3251 3846 3568 3911 accersivit,
3599 3848 3753 3915 atque

2131 3933 2466 3990 secundum
2501 3934 2692 3990 sancti
2723 3935 3016 3991 Benedicti
3044 3935 3319 4005 regulam
3348 3941 3404 3992 et
3428 3933 3758 3992 constitutio-

353 4041 417 4080 re
447 4025 867 4094 ignorantiam,
901 4030 956 4081 et
979 4029 1323 4082 nostrorum
1351 4024 1602 4080 fratrum
1649 4023 1886 4095 roganti
1911 4024 2021 4079 im-
2054 4042 2099 4096 ι)
2129 4039 2269 4079 nem
2316 4023 2554 4097 disponi
2585 4027 2641 4080 et
2666 4023 2930 4080 ordinari
2960 4040 3184 4080 novam
3232 4025 3547 4081 ecclesiam
3575 4037 3756 4080 exora-

354 4113 524 4188 perio
580 4113 858 4169 exhibere
918 4114 1343 4184 obedientiam,
1398 4113 1494 4169 cui
1545 4113 1898 4169 exhibendae
1964 4116 2022 4169 et

354 4203 570 4259 mentis
591 4202 886 4273 judicium
907 4203 1249 4259 nullatenus
1276 4203 1619 4276 acquiescit,
1649 4207 1706 4259 et
1728 4202 2020 4276 propositi

354 4291 540 4348 nostri
598 4291 962 4347 verecundia
1028 4293 1275 4348 omnino
1343 4291 1711 4348 contradicit.
1777 4295 2014 4360 Verum,

353 4398 493 4438 cum
537 4379 877 4437 obedientia
925 4385 1132 4437 sancta
1181 4381 1415 4437 nullum
1459 4398 1612 4454 opus
1657 4380 1894 4437 difﬁcile
1925 4381 2052 4455 vel.

352 4470 722 4544 impossibile
779 4475 1038 4540 excuset,
1101 4474 1204 4526 aut
1269 4486 1554 4525 excusare
1619 4470 1854 4537 debeat,
1911 4470 2018 4526 diu

353 4565 641 4618 cunctans
693 4559 1141 4633 multarumque
1191 4558 1797 4632 procrastinationum
1845 4559 2018 4614 indu-

353 4652 476 4707 cias
503 4652 761 4720 ﬁngens,
794 4653 1040 4720 urgente
1068 4649 1343 4705 fraternas
1372 4647 1701 4703 dilectionis
1731 4648 2016 4704 continua

347 4741 640 4812 jussione,
672 4757 828 4796 onus
875 4739 1120 4795 tandem
1167 4739 1528 4810 imperatum
1560 4736 1815 4809 suscepi,
1848 4742 1905 4792 et
1932 4737 2015 4793 Fi-

354 4831 704 4888 scannensis
735 4829 1081 4885 monasterii
1111 4828 1357 4884 exordia
1386 4826 1805 4902 subsequentis
1831 4827 2012 4883 libelli

353 4921 569 4991 agresti
597 4924 655 4976 et
683 4918 933 4990 ignobili
963 4918 1116 4990 stylo
1165 4918 1372 4990 aperui
1403 4922 1460 4973 et
1489 4916 1756 4991 exposui.
1794 4917 1859 4972 In
1889 4933 2010 4990 quo

350 5009 546 5065 libello
575 5009 741 5065 nulla
782 5008 935 5064 falsa
980 5007 1266 5063 fallaciter
1293 5006 1641 5079 interposui,
1673 5022 1885 5062 verum
1917 5023 2012 5061 sa-

352 5113 484 5151 cras
503 5097 788 5154 historias
813 5097 1201 5169 antiquorum
1231 5095 1500 5151 virorum
1528 5094 1688 5150 ﬁdeli
1715 5094 2008 5151 narratio-

350 5201 426 5240 ne
456 5187 743 5255 cognitas,
776 5202 1145 5259 suorumque
1194 5189 1578 5258 posterorum
1621 5183 1845 5240 tenacis
1889 5199 2010 5240 me-

349 5274 555 5330 moria:
579 5274 714 5330 sinu
744 5276 1066 5332 custoditas
1091 5279 1149 5332 et
1174 5275 1392 5332 nostris
1415 5274 1784 5347 temporibus
1807 5291 2007 5330 succe-

348 5363 620 5422 dentium
645 5363 905 5420 virorum
935 5365 1200 5435 diligenti
1228 5364 1513 5420 relatione
1550 5363 1744 5420 illatas
1774 5363 2002 5434 scripsi,

419 5544 490 5616 (Ι)
531 5541 913 5614 Pasnagium,
947 5541 1076 5597 aliis
1105 5505 1570 5598 Pastionaticum
1600 5556 1706 5616 seu
1733 5538 1992 5616 Pastina-

345 5612 530 5671 ticum
555 5612 752 5684 vulgo
765 5612 1020 5707 pandae,
1049 5630 1265 5670 census
1303 5617 1395 5669 est
1423 5629 1529 5669 seu
1565 5612 1854 5668 tributum
1883 5626 1994 5683 pro

2128 4113 2228 4168 vit.
2277 4113 2382 4170 Cui
2430 4117 2674 4169 sanctus
2730 4112 3007 4170 Maiolus:
3065 4114 3275 4186 Hujus,
3319 4115 3534 4188 inquit,
3565 4112 3757 4170 laboris

2127 4201 2604 4272 magnitudinem
2645 4201 2780 4258 talis
2821 4203 3068 4258 rationis
3117 4203 3483 4266 conditione.
3515 4201 3756 4260 charissi-

2127 4307 2223 4347 me
2249 4290 2328 4346 ﬁli
2360 4291 2672 4362 Richarde,
2707 4291 3121 4364 suscipiam,si
3141 4308 3248 4365 per
3273 4297 3470 4349 totum
3501 4293 3757 4349 ducatum

2125 4385 2296 4437 tuum
2369 4381 2894 4452 consuetudinem,
2967 4399 3100 4455 quae
3172 4381 3500 4452 vulgariter
3571 4396 3759 4456 pasna-

2125 4470 2291 4540 gium
2337 4471 2413 4538 (l)
2458 4469 2692 4540 dicitur,
2727 4472 2846 4526 Deo
2894 4470 3232 4538 donaveris,
3265 4471 3626 4545 nullumque
3668 4475 3760 4525 tuae

2122 4557 2430 4629 potestatis
2476 4556 2809 4630 principem
2859 4557 3188 4636 aliquando
3241 4559 3508 4631 amplius
3557 4559 3762 4628 exigere

2121 4645 2471 4702 decreveris.
2508 4645 2616 4701 Ubi
2647 4645 2975 4702 Richardus
3019 4647 3145 4703 dux
3186 4663 3310 4703 non
3348 4647 3573 4704 morbo
3603 4644 3765 4703 avari-

2121 4734 2235 4802 tias,
2267 4751 2479 4790 verum
2508 4734 2741 4791 occulta
2784 4735 2886 4792 Dei
2935 4737 3312 4809 providentia
3341 4736 3695 4810 disponente
3720 4737 3765 4789 et

2121 4829 2328 4881 sancto
2350 4824 2634 4881 Willelmo
2657 4825 2860 4881 abbati
2879 4825 3132 4896 gloriam
3160 4826 3483 4883 ordinandi
3516 4831 3764 4883 sanctam

2119 4914 2432 4971 ecclesiam
2493 4913 2900 4987 transferente,
2953 4931 3203 4972 suorum
3259 4916 3584 4973 hominum
3641 4931 3764 4972 con-

2119 5004 2247 5060 silio
2318 5003 2634 5077 acquievit,
2695 5009 2752 5059 et
2820 5005 3008 5061 sancti
3082 5005 3281 5062 Maioli
3355 5005 3764 5080 interpellatio-

2116 5110 2258 5150 nem
2312 5109 2436 5149 non
2496 5093 2816 5150 exaudivit.
2874 5094 3039 5150 Unde
3117 5095 3364 5165 contigit
3422 5101 3491 5152 ut
3541 5101 3765 5153 sanctus

2116 5183 2358 5240 Maiolus
2401 5183 2752 5239 Cluniacum
2799 5188 3208 5252 reverteretur,
3241 5189 3297 5240 et
3343 5185 3763 5242 canonicorum

2114 5271 2398 5327 correctio
2431 5270 2526 5327 vel
2553 5271 2826 5344 expulsio
2873 5287 2981 5345 per
3023 5271 3252 5345 aliquot
3279 5277 3560 5344 tempora
3591 5274 3760 5344 prole

2111 5360 2352 5431 laretur,
2382 5366 2490 5419 etc.

2102 5539 2488 5620 glandatione
2518 5543 2574 5595 et
2595 5540 2730 5620 jure
2760 5539 3048 5612 pascendi
3078 5555 3294 5613 porcos
3321 5540 3514 5597 aliave
3539 5540 3763 5596 anima-

2102 5610 2247 5667 liain
2277 5610 2428 5667 silva
2453 5609 2702 5667 domini.
