3976 6180
229 200 334 254 849

851 317 951 372 Ex
979 331 1108 385 cap.
1134 319 1262 372 XXI.

308 413 540 465 Interea
562 407 872 477 diligenter
920 405 1320 476 investigabat
1371 411 1428 462 et
1473 405 1893 475 investigando

224 497 574 571 inquirebat
603 496 698 551 cui
722 495 1126 569 potissimum,
1155 497 1326 567 juxta
1355 495 1545 552 sancti
1594 495 1894 551 Benedicti

228 587 505 658 regulam
537 590 592 642 et
613 585 1064 652 institutionem,
1096 585 1538 657 disponendam
1586 589 1642 641 et
1681 600 1893 655 regen-

231 677 379 734 dam
406 677 633 732 Sancta
679 678 735 730 et
785 674 1110 730 individua
1169 674 1463 731 Trinitatis
1522 674 1788 730 crederet
1839 680 1895 731 et

230 766 631 824 committeret
661 764 1002 820 Ecclesiam.
1034 763 1135 820 Illo
1167 769 1433 837 tempore
1453 764 1643 819 beata
1672 780 1896 820 memo-

229 856 339 912 ria
364 854 700 910 Willelmus
727 854 920 909 abbas
969 870 1091 909 sua
1121 853 1424 922 religionis
1453 851 1762 908 afﬂuentia
1811 854 1897 906 to-

231 945 355 1001 tius
377 950 578 1018 partes
603 943 856 999 Romani
880 942 1116 1015 imperii
1166 941 1521 1010 illustrabat,
1578 939 1894 996 abbatum—

232 1051 360 1108 que
388 1033 714 1089 multorum
745 1033 978 1106 tepidos
1011 1032 1244 1088 animos
1275 1032 1366 1087 sui
1414 1030 1657 1087 fervoris
1686 1028 1896 1099 imagi-
1939 1065 1954 1076 κ

231 1139 314 1178 ne
339 1122 706 1178 informabat
727 1126 783 1178 et
807 1121 1194 1178 accendebat.
1226 1120 1511 1194 Apprime
1541 1120 1701 1175 enim
1757 1118 1898 1173 libe-

229 1211 465 1268 ralibus
496 1212 724 1268 artibus
754 1211 1075 1283 eruditum,
1108 1214 1287 1283 atque
1330 1209 1658 1282 disciplinis
1712 1207 1896 1263 eccle-

235 1301 490 1357 siasticis
511 1300 862 1364 cunctisque
923 1299 1334 1372 spiritualibus
1391 1298 1624 1365 ofﬁciis,
1683 1297 1896 1353 nihilo-

230 1390 439 1446 minus
475 1391 655 1446 etiam
689 1389 806 1445 fere
831 1389 1119 1445 virtutum
1162 1387 1435 1444 omnium
1485 1387 1674 1457 gratia
1698 1386 1896 1441 imbu-

229 1485 364 1536 tum
394 1484 451 1536 et
479 1479 883 1535 illuminatum
938 1478 1308 1534 Divionensis
1361 1476 1630 1532 Ecclesia
1684 1475 1898 1531 beatus

231 1568 482 1626 Maiolus
508 1573 922 1641 praposuerat
967 1572 1022 1622 et
1071 1566 1456 1623 constituerat
1505 1564 1787 1622 abbatem
1843 1567 1936 1619 et‘

1588 192 1864 249 ΝΟΤΙΤΙΑ
1903 191 2297 252 HISTOBICA.

1921 318 1969 371 Α
1999 321 2189 374 totum
2220 319 2434 393 aquilis
2467 321 2682 393 operiri
2714 321 3047 389 videbatur,
3079 323 3301 395 quibus
3331 324 3568 397 aquilis,
3600 331 3659 383 et

3549 205 3656 259 850
3753 160 3756 162 -

1997 407 2457 477 ingredientium
2487 412 2928 467 monachorum
2959 411 3207 478 theoria,
3233 418 3290 468 et
3338 413 3655 487 spiritualis

1997 497 2252 568 volatus,
2286 504 2341 555 et
2367 500 2654 572 deinceps
2686 501 3129 572 protegentium
3158 501 3509 572 angelorum
3559 503 3658 561 de-

2000 603 2247 643 scensus
2278 594 2334 645 et
2359 590 2730 647 conversatio
2771 607 3034 661 congrue
3061 591 3374 661 ﬁguratur.

2592 682 2690 736 Ex
2720 696 2852 750 cap.
2882 683 3056 737 XXIV.

2073 767 2255 836 Igitur
2280 767 2492 824 beatus
2523 774 2580 825 et
2605 770 2899 839 gloriosus
2926 769 3119 826 abbas
3150 770 3476 826 Willelmus
3527 787 3660 826 sus-

2003 862 2238 930 ceptam
2271 857 2589 914 Ecclesiam
2621 860 2800 932 capit
2838 859 3172 930 gubernare
3199 864 3255 916 et
3284 859 3664 916 administra-

2002 963 2084 1014 re,
2119 950 2175 1001 et
2191 947 2361 1017 juxta
2385 948 2571 1002 sancti
2599 949 2890 1004 Benedicti
2920 949 3349 1004 institutionem
3375 949 3660 1021 dispone-

2003 1052 2065 1091 re
2096 1040 2153 1091 et
2181 1036 2496 1106 corrigere,
2527 1040 2706 1109 atque
2737 1038 2812 1093 de
2842 1037 3089 1093 diversis
3119 1038 3442 1110 provinciis
3497 1039 3658 1094 viros

2001 1125 2209 1181 ﬁdeles
2237 1142 2569 1181 convocare
2600 1130 2656 1182 et
2685 1126 2745 1182 in
2771 1127 3072 1198 obsequiis
3125 1128 3466 1184 ccelestibus
3491 1127 3661 1183 unire

2004 1219 2061 1269 et
2083 1213 2461 1270 conﬁrmare.
2501 1214 2707 1270 Subita
2741 1214 2918 1283 igitur
2970 1215 3353 1270 conversione
3432 1215 3663 1271 Fiscan-

2003 1303 2204 1359 nensis
2233 1303 2490 1359 Ecclesia
2523 1303 2854 1359 crrlestium
2873 1303 3138 1358 virorum
3167 1302 3375 1359 studiis
3401 1303 3668 1359 fervebat

2004 1397 2061 1448 et
2089 1391 2405 1461 ﬂagrabat,
2439 1395 2496 1447 et
2524 1391 2727 1446 multa
2773 1391 3132 1464 opinationis
3182 1390 3371 1460 gloria
3418 1391 3666 1445 circum-

2004 1481 2230 1554 positas
2263 1481 2553 1536 Ecclesias
2581 1481 2962 1552 pracellebat
2991 1484 3047 1535 et
3075 1479 3457 1535 obscurabat.
3488 1479 3668 1535 Fasti-

2005 1570 2170 1640 gium
2201 1569 2426 1642 quippe
2459 1573 2637 1624 tanta
2670 1567 3034 1624 celsitudinis
3087 1585 3197 1624 sua
3243 1572 3670 1623 momentanea

230 1657 614 1726 magistrum.
651 1658 837 1711 Tanto
863 1655 1040 1725 igitur
1065 1670 1134 1710 ac
1165 1653 1267 1710 tali
1291 1654 1420 1708 Viro
1473 1653 1597 1707 dux
1642 1652 1899 1724 inclytus
1931 1673 1972 1727 Β
2006 1658 2391 1714 translatione
2425 1657 2840 1713 Fiscannensis
2869 1656 3117 1712 ecclesia
3162 1657 3667 1729 consequebatur,

235 1742 571 1798 Richardus
603 1759 746 1798 suos
775 1743 1005 1814 legatos
1031 1742 1261 1812 direxit,
1295 1746 1353 1798 et
1382 1741 1472 1797 sui
1499 1741 1792 1814 propositi
1815 1740 1900 1794 in-

238 1835 572 1888 tentionem
592 1832 888 1905 patefecit,
921 1837 1102 1906 atque
1132 1837 1198 1888 ut
1228 1834 1690 1888 Fiscannensem
1713 1829 1902 1886 Eccle—

241 1922 401 1977 siam
427 1923 600 1992 juxta
627 1922 788 1978 beati
815 1922 1110 1978 Benedicti
1134 1921 1405 1993 regulam
1453 1921 1797 1993 disponeret
1845 1923 1902 1975 et

245 2010 526 2078 erudiret,
592 2027 827 2081 magna
883 2011 1229 2067 humilitatis
1285 2010 1564 2082 precibus
1615 2008 1894 2064 exoravit.

248 2099 476 2164 Quibus
500 2100 688 2156 beata
717 2100 1020 2155 memoria
1049 2099 1369 2155 Willelmus
1394 2098 1586 2154 abbas
1631 2097 1898 2170 primum

239 2189 622 2260 respondisse
653 2188 836 2244 fertur
865 2207 878 2243 :
913 2188 1393 2256 Charissimiﬁlii,
1421 2187 1764 2244 audivimus
1793 2187 1901 2242 du-

234 2292 334 2332 ces
359 2281 782 2345 Nortmannos,
815 2279 1090 2334 homines
1121 2278 1414 2334 barbaros
1439 2277 1897 2345 ettruculentos,

230 2365 581 2422 subvertere
607 2369 664 2421 et
692 2382 816 2422 non
841 2366 1140 2422 adiﬁcare
1171 2370 1380 2422 sancta
1411 2365 1656 2438 templa,
1704 2365 1900 2421 delere

225 2459 286 2510 et
315 2454 602 2525 effugere,
636 2460 692 2510 et
718 2471 841 2511 non
866 2456 1144 2525 colligere
1203 2460 1307 2511 aut
1353 2455 1577 2510 nutrire
1632 2454 1903 2528 spiritua-

221 2543 382 2599 lium
408 2545 726 2600 hominum
768 2547 1267 2616 congregationes
1315 2549 1575 2601 sanctas.
1634 2546 1901 2616 Quapro-

221 2637 366 2706 pter
393 2634 472 2690 ad
493 2634 712 2690 ducem
740 2640 1007 2689 vestrum
1047 2635 1253 2703 redite,
1314 2638 1371 2690 et
1421 2649 1533 2688 nos
1589 2633 1770 2704 hujus
1818 2632 1902 2688 rei

217 2723 483 2780 omnino
518 2724 851 2797 imparatos
876 2724 1253 2797 respondete,
1287 2740 1427 2779 cum
1455 2722 1631 2778 nobis
1676 2728 1732 2778 et
1787 2722 1902 2778 fra-

214 2812 424 2869 tribus
451 2812 823 2869 deducendis
878 2813 1098 2869 desunt
1151 2812 1310 2885 equi,
1364 2816 1544 2885 atque
1591 2812 1901 2884 stipendiis

219 2901 732 2958 deducendorum
765 2901 1014 2958 fratrum
1040 2902 1258 2958 desunt
1285 2901 1587 2957 clitellarii.
1624 2902 1794 2967 Quod
1806 2917 1898 2957 re-

2005 1751 2303 1819 quatenus
2332 1747 2412 1803 ita
2437 1762 2648 1802 omnes
2672 1746 2994 1802 Galliarum
3027 1745 3307 1801 ecclesias
3357 1751 3664 1801 transcen-

2005 1837 2169 1892 deret
2196 1853 2258 1892 re
2291 1841 2347 1892 et
2369 1835 2581 1891 habitu
2613 1851 2865 1891 summa
2887 1834 3209 1905 religionis,
3272 1834 3671 1906 quemadmo-

2005 1927 2153 1982 dum
2188 1925 2645 1982 transcendebat
2659 1925 2845 1981 verbo
2867 1930 2923 1980 et
2945 1924 3186 1996 speciali
3210 1924 3516 1996 privilegio
3547 1939 3671 1978 sua

2005 2016 2490 2089 nuncupationis.
2525 2016 2898 2071 Parcimonia
2926 2019 2984 2070 et
3011 2014 3317 2088 pudicitia,
3365 2019 3423 2069 et
3460 2013 3671 2068 volun-

2008 2107 2172 2163 taria
2193 2105 2561 2180 paupertatis
2587 2105 2961 2168 abundantia
3011 2104 3426 2160 Fiscannensis
3481 2103 3671 2159 Eccle-

2009 2197 2097 2253 sia
2126 2195 2302 2252 valde
2326 2195 2602 2251 radiabat
2637 2213 2650 2262 ;
2698 2194 3002 2260 virtutum,
3057 2210 3318 2266 quarum
3374 2192 3672 2249 evidentia

2005 2287 2289 2343 latentem
2323 2302 2448 2340 sua
2478 2284 2686 2340 forma
2713 2289 2990 2339 cateram
3019 2283 3526 2354 pulchritudinem
3569 2281 3672 2337 de-

2009 2375 2307 2446 signabat,
2332 2378 2511 2446 atque
2543 2373 2952 2428 contuentium
3000 2372 3304 2427 mentibus
3359 2388 3482 2426 sua
3532 2387 3672 2427 con-

2007 2465 2358 2522 versationis
2389 2463 2704 2519 consilium
2733 2462 2879 2517 inire
2931 2465 2988 2515 et
3033 2461 3269 2532 imitari,
3323 2466 3667 2534 apertarum

2010 2559 2364 2625 argumento
2413 2552 2697 2607 virtutum
2746 2549 3110 2606 ascendebat
3165 2556 3221 2605 et
3276 2551 3666 2622 provocabat.

2010 2642 2332 2712 Ignorabat
2355 2640 2454 2695 illo
2484 2645 2752 2711 tempore
2807 2637 3216 2694 Fiscannensis
3267 2637 3531 2692 Ecclesia
3585 2643 3671 2692 to-

2007 2732 2124 2788 tius
2182 2727 2560 2803 proprietatis
2619 2725 3116 2796 singularitatem,
3173 2723 3479 2796 soliusque
3515 2740 3674 2780 com-

2007 2818 2316 2876 munitatis
2337 2815 2744 2888 cognoscebat
2767 2814 3074 2870 unientem
3103 2812 3501 2880 dilectionem,
3534 2829 3671 2884 qua

2003 2911 2175 2982 juxta
2232 2905 2603 2963 diversitates
2664 2904 3062 2975 indigentium
3147 2905 3347 2974 partes
3401 2901 3671 2958 diversas

217 3008 553 3048 versorum
579 2993 915 3063 legatorum
941 2992 1227 3048 relatione
1258 2992 1382 3047 dux
1427 2992 1683 3064 inclytus
1737 3008 1898 3048 com-
1938 3028 1978 3083 C
2008 2997 2395 3064 distribuens,
2430 2998 2779 3050 sanctorum
2810 2991 3222 3066 apostolorum
3251 2990 3586 3047 renovabat
3614 2995 3672 3048 et

218 3081 493 3154 periens,
528 3081 836 3149 extimuit;
873 3081 1215 3154 multosque
1237 3097 1428 3152 equos
1455 3085 1513 3136 et
1563 3080 1897 3137 clitellarios

220 3169 485 3226 festinus
505 3170 883 3243 praparavit,
908 3186 1061 3242 quos
1090 3169 1522 3226 revertentibus
1537 3169 1747 3240 legatis
1761 3170 1901 3226 bea-

218 3264 310 3316 tEe
343 3260 649 3315 memoria
672 3260 878 3316 abbati
907 3259 1197 3315 Willelmo
1226 3259 1528 3315 humiliter
1554 3259 1798 3316 remisit.

836 3350 936 3405 Ex
965 3365 1095 3419 cap.
1141 3351 1297 3404 XXII.

306 3439 469 3493 Tunc
497 3437 710 3493 beatus
739 3437 931 3494 abbas
967 3437 1137 3493 ducis
1186 3438 1423 3494 intuens
1477 3437 1896 3510 importunita-

219 3533 357 3584 tem
388 3532 444 3582 et
472 3528 997 3600 perseverantiam,
1029 3532 1206 3601 atque
1246 3527 1320 3583 de
1347 3527 1792 3600 importunitate
1841 3531 1899 3584 et

220 3618 684 3692 perseverantia
713 3633 1117 3691 compensans
1174 3618 1359 3673 animi
1417 3617 1788 3674 voluntatem
1840 3621 1897 3674 et

221 3705 615 3763 devotionem
647 3712 938 3774 sanctam,
965 3707 1210 3763 collecta
1231 3707 1627 3779 spiritualium
1643 3706 1894 3762 fratrum

223 3793 616 3851 multitudine
645 3796 934 3863 maxima,
958 3795 1066 3850 iter
1096 3795 1361 3867 arripuit,
1402 3796 1731 3867 paucisque
1791 3794 1893 3850 de-

224 3884 426 3946 cursis
454 3884 666 3940 diebus
700 3885 1004 3941 aestuantis
1042 3884 1212 3938 ducis
1256 3883 1549 3939 desiderio
1607 3900 1784 3939 suam
1841 3888 1897 3940 et

225 3975 565 4034 multorum
613 3973 864 4030 fratrum
918 3971 1300 4045 prasentiam
1354 3972 1641 4029 exhibuit.
1703 3975 1893 4038 Quem

226 4068 360 4124 dux
383 4064 655 4134 egregius
683 4063 860 4119 totius
890 4062 1076 4118 animi
1095 4061 1426 4117 sinceritate
1445 4061 1697 4116 totiusve
1714 4061 1897 4116 since-

227 4155 424 4213 ritatis
447 4153 759 4210 dilectione
791 4152 1146 4225 suscipiens,
1179 4151 1342 4207 velut
1370 4139 1649 4224 suscepto
1706 4150 1896 4207 Chris-

230 4251 316 4315 to,
345 4243 476 4300 aliis
516 4243 731 4299 amotis
764 4241 1178 4313 servientibus,
1232 4241 1359 4314 ipse
1413 4241 1672 4314 propriis
1700 4241 1896 4297 mani-

230 4335 354 4390 bus
386 4331 643 4399 servivit,
677 4330 1001 4404 medioque
1029 4329 1229 4386 brevis
1252 4329 1538 4403 temporis
1589 4329 1894 4386 intervallo

233 4423 596 4480 Fiscannum
623 4422 890 4491 deduxit,
923 4425 980 4477 et
1006 4423 1234 4477 Sancta
1263 4419 1554 4476 Trinitatis
1580 4420 1895 4476 ecclesiam

238 4510 484 4566 donavit
512 4514 568 4566 et
596 4510 857 4572 tradidit,
888 4525 1145 4582 eamque
1183 4508 1472 4564 donatam
1504 4513 1561 4565 et
1617 4509 1896 4565 traditam

232 4601 408 4672 juxta
458 4599 646 4656 sancti
698 4598 996 4654 Benedicti
1048 4597 1320 4668 regulam
1370 4602 1426 4653 et
1467 4598 1898 4654 institutionem

239 4687 483 4760 disponi
504 4692 560 4743 et
591 4687 854 4742 ordinari
880 4687 1164 4742 exoravit.
1200 4687 1472 4753 Donavit,
1512 4686 1782 4759 inquam,
1842 4689 1896 4741 et

237 4776 484 4833 tradidit
511 4777 636 4832 dux
657 4777 932 4846 egregius
975 4775 1306 4832 Richardus
1361 4775 1551 4830 beata
1591 4791 1895 4830 memoria

237 4869 442 4925 abbati
470 4867 758 4924 Willelmo
809 4870 1040 4924 Sancta
1097 4867 1389 4924 Trinitatis
1439 4867 1895 4923 Fiscannensem

237 4959 573 5029 ecclesiam,
653 4957 1206 5030 canonicorumque
1283 4957 1614 5014 carnalium
1672 4956 1899 5028 expulit

239 5063 549 5103 enormem
607 5046 1096 5115 multitudinem;
1154 5062 1416 5118 quorum
1482 5045 1895 5119 possessiones

239 5135 498 5192 ecclesiae
528 5135 764 5208 penitus
810 5135 1069 5191 retinens
1113 5139 1170 5190 et
1193 5135 1472 5204 reddens,
1531 5134 1792 5208 expulsis
1843 5138 1900 5189 et

241 5224 506 5280 converti
556 5223 895 5280 nolentibus
953 5223 1278 5290 canonicis,
1330 5222 1535 5280 abbati
1563 5239 1897 5293 congruam

239 5313 492 5370 restituit
518 5312 1159 5386 recompensationem.

835 5404 935 5459 Ex
961 5417 1093 5471 cap.
1126 5401 1306 5456 XXIII.

312 5495 490 5549 Nocte
521 5494 698 5564 igitur
727 5494 900 5565 cujus
928 5490 1198 5564 sequenti
1228 5490 1323 5546 die
1355 5490 1766 5546 Fiscannensis
1805 5507 1901 5546 ec-

245 5582 423 5640 clesia
455 5583 792 5656 spirituales
837 5580 1100 5653 suscepit
1124 5580 1478 5648 monachos,
1513 5579 1902 5652 carnalesque

247 5672 472 5746 expulit
496 5673 838 5746 canonicos,
870 5670 1015 5744 ipsis
1044 5670 1347 5729 canonicis
1375 5669 1638 5726 ecclesiae
1666 5668 1904 5726 culmen

2006 3084 2478 3158 repraesentabat
2543 3083 2909 3156 primitivam
2983 3082 3329 3152 imaginem.
3399 3083 3668 3147 Quorum

2006 3175 2183 3245 igitur
2204 3174 2504 3229 bonorum
2541 3171 2822 3227 eminenti
2874 3171 3344 3244 perseverantia,
3403 3170 3527 3224 dux
3577 3170 3668 3225 Ri-

2008 3262 2270 3318 chardus
2336 3259 2717 3317 Fiscannensi
2746 3259 3009 3316 ecclesiae
3068 3262 3226 3314 totus
3285 3257 3666 3327 alligabatur,

2008 3358 2186 3425 atque
2219 3351 2569 3407 utilitatibus
2595 3350 2867 3421 ejusdem
2925 3347 3187 3404 ecclesia
3241 3346 3418 3402 totius
3475 3346 3672 3420 provi-

2006 3442 2221 3498 dentia
2254 3440 2562 3510 diligentia
2615 3437 3102 3495 transferebatur.
3156 3435 3319 3491 Adeo
3362 3435 3524 3491 enim
3555 3435 3670 3490 Fis-

2006 3531 2322 3588 cannensis
2352 3529 2614 3585 ecclesia
2643 3527 2963 3584 illustrium
3014 3525 3283 3582 virorum
3331 3524 3668 3595 regularem

2005 3622 2190 3678 vitam
2221 3626 2278 3677 et
2305 3620 2657 3691 religionem
2687 3634 2892 3674 veram
2951 3615 3257 3687 diligebat,
3309 3621 3364 3671 et
3414 3615 3668 3685 diligens

2003 3711 2442 3784 frequentabat,
2502 3713 2564 3764 ut
2621 3709 2800 3764 totius
2823 3707 2914 3762 sui
2946 3707 3202 3762 ducatus
3253 3704 3517 3773 collecta,
3549 3704 3665 3773 vel,

2003 3806 2069 3856 ut
2097 3800 2178 3856 ita
2197 3799 2416 3868 dicam,
2445 3797 2810 3870 pinguedine
2840 3795 3060 3850 calesti
3089 3792 3537 3863 congregationi
3565 3791 3666 3846 de-

2006 3889 2267 3954 serviret,
2318 3891 2496 3958 atque
2555 3883 2882 3956 epulaturis
2936 3880 3219 3936 fratribus
3277 3878 3664 3933 servientium

2006 3975 2440 4033 consuetudine
2461 3974 2802 4044 frequenter
2826 3971 2957 4042 ipse
3006 3967 3414 4032 ministraret;
3464 3969 3668 4020 tanta-

2005 4081 2122 4138 que
2152 4061 2506 4119 humilitatis
2538 4059 2834 4130 completo
2857 4054 3183 4112 ministerio
3231 4052 3483 4109 fratrum
3538 4069 3666 4108 om—

2005 4154 2175 4208 nium
2199 4149 2443 4205 ultimus
2472 4146 2777 4214 resideret,
2831 4148 2889 4200 et
2935 4141 3303 4212 regularium
3348 4139 3664 4214 epularum

2006 4238 2340 4298 delectabili
2367 4236 2591 4311 pabulo
2617 4233 2778 4291 reﬁci
2810 4233 3232 4304 congauderet.

2612 4325 2712 4382 Ex
2741 4340 2873 4395 cap.
2906 4326 3055 4380 XXV.

2083 4418 2278 4478 Sensit
2306 4417 2529 4473 interea
2562 4415 2685 4471 dux
2707 4414 2964 4487 inclytus
2993 4414 3402 4486 quorumdam
3427 4413 3665 4469 clerico-

2005 4527 2140 4566 rum
2154 4507 2526 4564 corrosiones
2545 4509 2602 4561 et
2617 4503 3032 4575 detractiones,
3051 4503 3443 4576 prasagiique
3459 4502 3553 4570 cuj
3562 4517 3662 4554 us-

2006 4602 2150 4657 dam
2181 4599 2412 4654 futuras
2443 4595 2830 4652 adversitates
2865 4613 2878 4662 ;
2908 4609 3063 4665 quos
3089 4593 3168 4648 ob
3199 4591 3368 4647 ducis
3411 4588 3662 4643 nimiam

2006 4690 2349 4746 charitatem
2365 4691 2422 4743 et
2445 4690 2662 4742 sanctae
2691 4683 2950 4739 ecclesia
2967 4681 3298 4736 maximam
3311 4676 3661 4746 religionem

2005 4776 2242 4831 invidia
2265 4775 2512 4830 morbus
2539 4787 2799 4842 magnus
2825 4769 3130 4835 infecerat,
3146 4767 3516 4836 infectosque
3534 4778 3662 4818 cru-

2004 4865 2122 4921 deli
2152 4863 2408 4920 intestini
2439 4862 2639 4917 livoris
2692 4857 2964 4914 molestia
3019 4855 3343 4912 cruciabat.
3396 4857 3661 4918 Quorum

2004 4971 2146 5025 ergo
2167 4950 2495 5009 detrahenti
2505 4966 2605 5004 um
2622 4944 3108 5003 malevolentiam
3128 4944 3252 4998 dux
3262 4940 3659 5013 comperiens,

2006 5043 2476 5111 clericorumque
2495 5034 2998 5110 prasumptiones
3022 5030 3312 5103 superbas
3340 5034 3397 5086 et
3433 5044 3660 5102 prasu-

2005 5135 2235 5186 mentes
2265 5126 2578 5198 superbias
2609 5136 3002 5194 cognoscens,
3050 5119 3229 5175 totius
3257 5116 3661 5174 Nortmannite

2007 5219 2321 5291 episcOpos
2350 5220 2406 5271 et
2432 5214 2591 5269 viros
2621 5211 2852 5268 nobiles
2867 5209 3117 5265 festinus
3140 5209 3497 5265 Fiscannum
3517 5221 3662 5263 con-

2007 5307 2265 5376 vocavit,
2288 5311 2344 5362 et
2373 5305 2834 5361 Fiscannensem
2866 5302 3095 5357 Sancta
3147 5299 3440 5357 Trinitatis
3481 5297 3664 5354 eccle-

2011 5399 2162 5456 siam
2190 5396 2268 5453 ab
2299 5395 2573 5452 omnium
2601 5392 3021 5466 episcoporum
3045 5391 3193 5462 jugo
3239 5395 3296 5448 et
3342 5393 3662 5447 consuetu-

2010 5489 2149 5545 dine
2169 5486 2334 5558 justa
2351 5483 2443 5540 vel
2467 5483 2691 5553 injusta
2720 5479 2933 5552 eripuit
2961 5484 3018 5536 et
3051 5479 3338 5535 liberavit.
3365 5477 3532 5533 Hanc
3552 5491 3661 5532 au-

2015 5584 2132 5635 tem
2155 5576 2487 5631 libertatem
2518 5571 2849 5627 Rodbertus
2891 5567 3386 5637 Rothomagensis
3443 5564 3666 5621 archie-

2012 5668 2297 5740 piscopus
2325 5662 2464 5720 fecit
2491 5665 2548 5720 et
2573 5659 2701 5717 ﬁeri
2725 5658 2932 5729 voluit,
2964 5662 3142 5732 atque
3172 5656 3318 5712 alias
3342 5654 3662 5712 duodecim
