3994 6166
397 185 494 241 8M
1339 179 1394 234 S.
1449 176 1824 232 GUILLELMI
1864 170 2160 230 ABBATI‘S
2202 171 2257 227 S.
2300 171 2579 233 BENIGNI
2617 175 2873 229 DIVION.
3657 192 3729 247 8η

399 303 685 365 ecclesias
710 303 791 361 ob
814 301 1002 375 patris
1024 300 1119 357 sui
1145 300 1505 358 memoriam
1562 304 1620 356 et
1676 297 1870 356 fratris
1911 312 2060 371 prte-
2094 297 2144 355 Α
2168 294 2283 349 sub
2306 294 2488 349 solius
2518 298 2798 352 Romanae
2833 295 3099 353 Ecclesia:
3128 297 3534 366 gubernatione
3573 311 3622 360 et
3665 325 3739 379 pa-

404 395 586 454 sentis
612 393 951 466 jussionem
981 395 1038 447 et
1056 390 1429 449 voluntatem
1454 390 1531 447 ab
1549 389 1715 447 omni
1732 386 2061 461 episcopali

407 483 837 544 consuetudine
858 486 916 539 et
944 481 1251 539 exactione
1281 480 1534 539 absolvit
1560 485 1617 537 et
1644 478 1934 546 liberavit,
1958 477 2062 533 do-

403 580 558 631 natae
610 572 901 631 libertatis
956 572 1228 629 chartam
1286 570 1771 643 archiepiscopus
1840 568 2059 640 aliique

400 662 670 737 episcopi
701 662 877 733 signo
908 665 964 717 et
994 675 1298 719 consensu
1318 660 2060 729 corroboraverunt,atque

402 750 921 809 corroborandam
935 749 1232 807 nobilium
1252 750 1519 807 virorum
1540 746 2059 820 astipulationibus

400 840 795 899 tradiderunt.
821 838 1080 911 Cupiens
1112 854 1254 909 ergo
1284 839 1409 897 dux
1452 837 1736 910 providus
1788 839 2061 891 sanctam

402 930 721 989 ecclesiam
749 929 952 986 modis
973 929 1259 985 omnibus
1309 928 1582 993 liberare,
1625 931 1681 984 et
1728 925 2061 982 libertatem

402 1020 627 1077 factam
652 1018 851 1077 modis
880 1018 1164 1075 omnibus
1194 1018 1552 1073 confirmare
1582 1020 1640 1072 et
1683 1030 2059 1088 permanere,

402 1109 728 1166 Robertum
755 1123 960 1176 regem
986 1110 1043 1161 et
1070 1105 1292 1163 multos
1323 1105 1645 1161 Galliarum
1676 1120 1953 1177 proceres
1975 1103 2063 1159 Fi-

405 1213 701 1255 scannum
726 1195 1051 1266 accersivit,
1084 1198 1263 1267 atque
1290 1194 1473 1263 regali
1503 1195 1710 1251 charta
1731 1199 1788 1251 et
1812 1193 2063 1250 auctori-

403 1291 541 1354 tate,
570 1300 943 1356 suorumque
964 1283 1293 1356 aequalium
1323 1299 1621 1340 consensu
1675 1288 1733 1340 et
1775 1282 2065 1356 astipula-

399 1376 578 1442 tione,
614 1374 691 1430 ab
717 1373 991 1429 omnium
1039 1374 1464 1447 episcoporum
1489 1375 1639 1445 jugo
1664 1378 1721 1431 et
1749 1377 2066 1430 consuetu-

398 1465 537 1520 dine
569 1464 1031 1520 Fiseannensem
1061 1462 1377 1520 ecclesiam
1401 1463 1618 1536 eripuit
1646 1467 1703 1519 et
1750 1462 2025 1519 liberavit
2049 1480 2062 1530 ;

399 1557 456 1609 et
485 1568 663 1609 suam
696 1567 1066 1623 suorumque
1121 1551 1417 1607 nobilium
1445 1551 1716 1607 chartam
1739 1554 1795 1607 et
1824 1550 2065 1607 ordina-

2172 383 2401 440 tricinio
2431 385 2733 441 constituit
2760 390 2816 441 et
2844 386 3123 475 suscepit.
3157 390 3473 455 Constituit,
3522 393 3740 467 inquam,

2172 475 2633 533 Fiscannensem
2682 476 3002 534 Ecclesiam
3054 477 3160 533 soli
3214 481 3481 536 Romanae
3526 485 3746 544 Ecclesia

2171 565 2503 637 subjacere,
2534 570 2713 639 atque
2742 566 2821 624 ab
2847 567 3118 623 omnium
3142 567 3390 625 aliarum
3420 571 3747 634 Ecclesiarum

2169 659 2458 728 potestate
2483 655 2838 719 immunem,
2867 656 3204 714 absolutam
3223 662 3280 715 et
3296 661 3527 717 omnino
3548 662 3750 723 liberam

2170 743 2367 801 forma
2393 744 2792 802 Cluniacensis
2816 746 3161 803 monasterii
3202 763 3552 820 permanere.
3581 756 3753 827 Accep«

2171 832 2244 888 tis
2272 832 2451 903 igitur
2487 833 2829 906 apostolicae
2860 835 3223 892 auctoritatis
3251 838 3540 909 exquisitis
3567 843 3751 913 privile-

2171 921 2304 992 giis,
2357 923 2547 980 beatae
2603 925 2907 981 memoriae
2962 924 3292 982 Willelmus
3335 928 3518 984 abbas
3582 929 3751 989 festino

2172 1023 2354 1065 cursu
2383 1013 2835 1070 Nortmanniam
2867 1014 3166 1082 remeavit,
3220 1019 3277 1072 et
3324 1016 3484 1073 ducis
3529 1019 3752 1076 Richardi

2172 1098 2467 1157 desiderio
2512 1119 2633 1159 suae
2685 1103 3011 1160 voluntatis
3071 1104 3363 1174 effectum,
3417 1106 3751 1181 injunctaaque

2171 1187 2486 1258 legationis
2526 1191 2792 1248 ofﬁcium
2842 1192 3084 1250 feliciter
3137 1200 3592 1253 consummatum
3641 1213 3749 1253 enu-

2174 1277 2464 1336 cleavitet
2494 1281 2769 1337 ostendit.
2807 1282 2972 1338 Unde
3000 1282 3126 1339 dux
3180 1282 3537 1340 ineffabiliter
3579 1286 3751 1341 exhila-

2172 1372 2365 1440 ratus,
2396 1370 2550 1426 trino
2581 1374 2637 1427 et
2687 1371 2793 1427 uni
2850 1375 2967 1427 Deo
3014 1373 3232 1442 gratias
3254 1374 3422 1429 totius
3475 1375 3751 1431 intentionis

2174 1455 2405 1514 fervore
2435 1459 2824 1532 reddidit,qui
2842 1460 3175 1528 ecclesiam,
3200 1478 3382 1533 quam
3406 1467 3559 1535 pater
3572 1464 3751 1519 Richar-

2174 1546 2289 1602 dus
2315 1547 2691 1617 fundaverat,
2724 1555 2904 1622 atque
2931 1550 3055 1623 ipse
3086 1551 3269 1623 patris
3297 1551 3555 1609 Richardi
3588 1558 3748 1623 rogatu

399 1642 625 1698 tionem
654 1639 915 1697 ﬁrmavit
935 1643 992 1695 et
1020 1639 1448 1696 corroboravit.
1479 1638 1749 1694 Ecclesiae
1776 1638 1953 1709 igitur
1975 1638 2061 1694 Fi-
2099 1654 2149 1710 Β
2176 1640 2233 1692 et
2242 1637 2511 1707 jussione
2529 1639 2934 1711 compleverat
2954 1646 3009 1697 et
3032 1641 3424 1708 ordinaverat,
3449 1642 3634 1697 divinae
3647 1658 3748 1715 pro-

400 1729 750 1786 scannensis
778 1728 1034 1785 libertati
1064 1728 1397 1784 constitutae
1427 1727 1552 1784 dux
1572 1728 1901 1785 Richardus
1922 1743 2061 1783 con-

402 1819 738 1890 gratulans,
766 1818 1152 1891 futuramque
1181 1833 1509 1891 perennem
1538 1817 1757 1874 mentis
1789 1817 2062 1873 vivacita-

401 1913 522 1966 tem
551 1908 899 1975 discutiens,
930 1907 1123 1964 beatze
1152 1907 1460 1963 memoriae
1480 1906 1850 1963 Willelmum
1877 1906 2063 1963 abba-

402 2003 523 2056 tem
553 1996 971 2070 compulsavit,
1004 2012 1248 2070 suaeque
1276 1996 1589 2067 legationis
1610 1998 1879 2068 injuncto
1937 1996 2062 2053 ofﬁ-

404 2089 497 2146 cio
525 2088 607 2145 ad
637 2091 918 2144 Romanae
980 2086 1141 2144 sedis
1198 2087 1592 2160 apostolicam
1649 2086 2060 2144 auctoritatem

402 2177 609 2234 multis
634 2181 921 2233 onustum
941 2175 1131 2233 xeniis
1160 2175 1391 2233 direxit.
1426 2174 1706 2234 Confecto
1733 2176 1933 2248 itaque
1971 2176 2062 2233 iti-

400 2280 542 2325 nere
569 2266 763 2324 abbas
812 2265 1136 2322 Willelmus
1194 2269 1448 2323 Romam
1491 2266 1781 2339 pervenit,
1834 2270 1892 2322 et
1948 2266 2062 2338 βίω

401 2357 705 2415 memoriae
737 2372 913 2431 papas
944 2356 1257 2413 Benedicto
1297 2357 1592 2413 adventus
1622 2356 1713 2413 sui
1770 2356 2064 2413 rationem

403 2452 461 2504 et
492 2446 776 2503 mittentis
832 2446 1001 2503 ducis
1049 2445 1421 2503 voluntatem
1473 2446 1723 2518 aperuit,
1783 2450 1840 2502 et
1893 2444 2065 2502 factae

403 2537 624 2593 chartae
650 2534 1189 2602 conﬁrmationem,
1214 2539 1272 2591 et
1301 2535 1611 2608 apostolici
1641 2534 1929 2608 privilegii
1962 2551 2065 2590 au-

402 2625 737 2683 ctoritatem
765 2640 1007 2695 magum
1020 2624 1369 2681 humilitatis
1389 2625 1655 2682 oratione
1672 2639 1941 2694 congrua
1961 2640 2067 2696 po-

404 2714 662 2772 stulavit.
688 2718 850 2788 Papa
873 2715 1053 2784 igitur
1078 2714 1428 2771 Benedictus
1478 2714 1650 2770 ducis
1693 2713 2067 2783 diligentiam

403 2804 735 2873 admirans,
768 2808 826 2861 et
852 2803 1119 2875 suscepti
1146 2803 1325 2859 amici
1348 2804 1663 2875 praesentia
1702 2819 1944 2859 summa
1974 2820 2069 2860 ex-

406 2894 725 2951 sultatione
756 2893 1171 2963 congaudens,
1195 2892 1445 2960 oblatas,
1467 2893 1706 2949 chartas
1725 2909 1848 2948 suae
1876 2894 2068 2964 sigillo

2169 1726 2448 1783 videntiaa
2489 1744 2712 1784 arcano
2764 1730 3013 1785 consilio
3072 1734 3370 1786 tantarum
3422 1746 3748 1802 personarum

2173 1817 2586 1874 convenientia
2610 1818 2689 1873 ab
2716 1820 2990 1875 omnium
3016 1820 3330 1876 hominum
3356 1821 3494 1891 jugo
3517 1825 3567 1876 et
3589 1820 3744 1892 prela-

2169 1904 2330 1961 tione
2359 1906 2712 1963 absolvebat
2741 1912 2799 1963 et
2824 1908 3138 1965 liberabat.
3156 1909 3375 1979 Magnis
3394 1908 3587 1965 deinde
3611 1909 3748 1965 xeniis

2173 2011 2351 2050 suum
2381 1995 2833 2069 dilectissimum
2864 1997 3145 2054 abbatem
3177 1998 3514 2054 Willelmum
3550 2000 3744 2055 honora-

2170 2085 2255 2140 vit
2280 2085 2768 2159 honoratumque
2802 2090 3032 2145 Sanctae
3084 2088 3375 2145 Trinitatis
3426 2087 3651 2144 ecclesiae
3692 2087 3747 2143 Fi-

2172 2176 2497 2231 scannensi
2550 2177 2798 2245 remisit,
2844 2178 3062 2234 iterum
3110 2182 3290 2250 atque
3336 2178 3531 2234 iterum
3571 2177 3744 2233 enixius

2171 2279 2430 2321 exorans
2439 2270 2738 2338 quatenus
2749 2266 3137 2323 commissam
3151 2264 3747 2338 Ecclesiamjuxtaowpti

2173 2355 2402 2411 ordinis
2433 2355 2781 2427 religionem
2808 2357 3151 2424 custodiret,
3181 2362 3239 2413 et
3266 2356 3617 2413 custodiendo
3655 2371 3745 2427 per-

2172 2446 2378 2501 ﬁceret
2398 2450 2456 2501 et
2482 2446 2885 2503 conﬁrmaret.
2941 2447 3125 2517 Cujus
3176 2447 3354 2517 igitur
3401 2450 3610 2502 sanctas
3654 2459 3742 2516 pre-

2176 2550 2274 2590 ces
2296 2538 2716 2592 sanctarumve
2746 2551 2996 2608 precum
3038 2536 3261 2593 nimias
3302 2535 3622 2591 humilitates
3641 2534 3741 2588 bea-

2175 2628 2272 2681 tus
2300 2624 2494 2680 abbas
2515 2625 2673 2681 velut
2700 2625 2944 2682 oracula
2972 2625 3182 2681 divina
3207 2626 3533 2700 suscipiens,
3568 2624 3743 2678 Fiscau-

2175 2730 2325 2771 num
2356 2714 2617 2781 intravit,
2651 2718 2708 2770 et
2728 2730 2834 2786 per
2852 2714 3111 2771 multam
3141 2730 3430 2772 annorum
3470 2713 3739 2783 vertiginem

2176 2820 2369 2877 usque
2395 2805 2473 2862 ad
2498 2804 2787 2861 ducatum
2814 2806 3286 2879 Hierosolymitie
3316 2804 3546 2863 Rotberti
3573 2803 3740 2859 Fiscan-

2176 2910 2429 2951 nensem
2453 2895 2774 2950 Eccleslam
2804 2896 2969 2957 rexit,
3001 2898 3414 2969 subjectosque
3449 2908 3569 2950 suos
3608 2889 3737 2947 verbo

403 2981 767 3039 excellentiae
795 2980 1188 3050 conﬁrmavit,
1208 2985 1265 3037 et
1282 2981 1590 3054 privilegia
1615 2972 1918 3055 p’ostulata
1968 3000 2069 3040 vo-
2108 3006 2150 3059 ο
2182 2987 2239 3040 et
2268 2984 2544 3057 exemplo
2573 2983 2880 3039 succendit
2908 2989 2966 3040 et
2991 2984 3355 3056 reformavit,
3384 2985 3455 3041 ad
3492 2981 3736 3050 imaginem

404 3071 703 3128 luntarius
734 3071 998 3140 tradidit,
1020 3075 1078 3127 et
1107 3073 1565 3129 Fiscannensem
1616 3074 1843 3129 Sanctae
1889 3074 2073 3130 Trini-

408 3161 545 3219 tatis
584 3162 901 3218 ecclesiam
964 3162 1044 3218 ab
1100 3162 1374 3220 omnium
1422 3163 1845 3237 episcoporum
1897 3165 2068 3237 jugo,

410 3252 783 3324 subjectione
814 3255 871 3309 et
899 3253 1335 3310 consuetudine
1364 3253 1628 3310 liberans
1679 3256 1737 3309 et
1788 3254 2066 3327 eripiens,

2182 3079 2239 3130 et
2268 3073 2736 3140 similitudinem,
2761 3075 3055 3130 honorem
3084 3081 3143 3130 et
3172 3073 3415 3145 gloriam
3452 3069 3737 3140 omnipoten-

2180 3164 2251 3220 tis
2275 3164 2395 3231 Dei,
2425 3164 2530 3237 qui
2558 3163 2702 3219 vivit
2725 3169 2784 3220 et
2809 3169 3020 3233 regnat
3048 3180 3160 3237 per
3214 3164 3411 3220 omnia
3454 3159 3632 3217 secula
3667 3169 3734 3208 se

2178 3254 2473 3311 culorum.
2496 3258 2704 3310 Amen.

2764 3384 3712 3426 —__.__-————____————-—'—'_==

1201 3527 1540 3647 VITA
1645 3530 2163 3652 SANCTI
2261 3532 3060 3654 GUiLLlZLMI

1629 3780 1953 3838 AUCTORE
1992 3780 2269 3837 GLABRO
2310 3782 2636 3838 RODULFO

1471 3957 1647 4027 (Vide
1665 3958 2033 4030 Patrotogiaa
2063 3964 2200 4016 tom.
2232 3958 2475 4026 CXLII,
2499 3960 2607 4015 col.
2637 3962 2788 4032 697.)

426 4127 3719 4161 _______________________________________________________

1594 4272 2166 4391 ALTERA
2277 4268 2655 4393 ViTA.

1129 4519 1212 4573 EX
1253 4516 1603 4576 CHRONICO
1645 4520 1887 4577 SANCTI
1928 4521 2205 4576 BENIGNI
2244 4521 2682 4578 DIVIONENSIS
2722 4520 3097 4578 EXCEBPTA.

1545 4697 1794 4769 (MAEILL.
1826 4699 1981 4755 Acta
2000 4699 2106 4756 SS.
2139 4700 2361 4757 Bened.
2392 4703 2527 4770 VII],
2561 4700 2709 4771 335.]

1916 4883 2324 4901 Ἀ

486 5016 536 5069 t.
558 5014 735 5069 Anno
763 5007 842 5069 ab
872 5008 1286 5067 Incarnatione
1334 5008 1568 5067 Domini
1613 5010 2070 5081 nongentesimo
2109 5014 2153 5068 D
2184 5013 2409 5086 quitate
2439 5011 2972 5084 consanguinitatis
2999 5010 3284 5080 existenti,
3324 4997 3608 5086 Lingonicaa
3630 4981 3725 5086 οἱτίς

407 5098 796 5171 octogesimo,
824 5096 1148 5157 indictione
1178 5102 1407 5167 octava,
1440 5097 1611 5169 regni
1636 5099 1890 5157 Lotharii
1911 5101 2067 5171 regis

406 5186 697 5256 vigesimo
718 5186 927 5258 quinto
950 5186 1029 5260 ('2)
1051 5186 1401 5259 anno,dedit
1415 5187 1576 5244 idem
1597 5204 1701 5244 rex
1712 5189 1973 5246 Brunoni
1991 5190 2066 5262 (3)

404 5275 717 5333 Bernensis
730 5274 1004 5333 Ecclesiae
1021 5276 1253 5344 clerico,
1281 5294 1389 5333 suo
1412 5293 1550 5334 vero
1566 5278 1800 5350 parenti
1825 5279 2066 5354 propin-

497 5414 553 5483 2)
582 5414 737 5488 Lege
764 5418 853 5473 2‘7.
1037 5414 1040 5417 ’

499 5494 547 5563 3)
580 5489 763 5565 Hujus
790 5489 1396 5565 Brunonispreeclare
1452 5496 1617 5559 gesta
1662 5494 1892 5565 passim
1942 5509 2063 5548 me-

402 5559 599 5617 morat
628 5559 810 5634 hujus
836 5559 1313 5634 Chroniciactor.
1350 5565 1485 5634 Ejus
1534 5559 1681 5620 vero
1704 5564 1964 5632 elogium
1988 5580 2061 5620 ex

400 5632 816 5704 Martyrologio
844 5632 1025 5690 veteri
1056 5632 1401 5691 monasterii
1433 5634 1777 5705 Benigniani
1808 5636 2063 5691 habetur

2176 5083 2312 5159 tatis
2328 5083 2765 5176 episcopatum.
2790 5100 3107 5158 Ordinatus
3127 5105 3212 5157 est
3235 5102 3418 5155 autem
3433 5090 3567 5176 idem
3585 5083 3726 5176 Βτιξίξο

2176 5161 2497 5265 episcopus
2520 5161 2626 5264 per
2641 5206 2862 5247 manus
2883 5189 3177 5248 Bucbardi
3203 5174 3570 5265 Lugdunensis
3584 5161 3725 5265 “lem:

2175 5256 2782 5352 episcopiinecclesia
2812 5278 3010 5335 Sancti
3028 5274 3323 5353 Stephani,
3342 5263 3518 5339 viginti
3532 5256 3724 5332 quatuor

2171 5423 2381 5478 tomoI
2410 5422 2787 5478 Bibliotheca:
2816 5420 3162 5487 Labber’i‘me,
3194 5427 3325 5490 pag.
3353 5415 3459 5467 657.
3506 5401 3623 5490 Erat
3652 5393 3721 5490 Lg:

2176 5455 2381 5505 ιυωξζι
2410 5455 2786 5505 υιιγιιυιιιῠυαῐ
2819 5455 3162 5487 ιλιιυυσιιιιισ)
3198 5455 3325 5490 μηδ.
3355 5455 3459 5467 νυ.-
3506 5455 3533 5457 η
3666 5455 3721 5511 ΑΙ.

2171 5492 2345 5565 tharu
2376 5509 2532 5563 1‘6ng
2554 5509 2626 5548 ex
2659 5509 2863 5549 sorore
2893 5506 3100 5565 nepos,
3129 5495 3307 5565 natus
3336 5481 3721 5565 nempsi‘exnéﬁ.

2169 5564 2363 5691 gratia
2392 5540 2677 5622 Ladovici
2708 5566 2726 5621 1
2751 5566 2893 5635 tilia,
2936 5540 3235 5637 Reginaldi
3276 5540 3571 5614 Boceiehsis
3588 5540 3721 5593 οοῐω·

2215 5652 2241 5691 s
2272 5652 2475 5691 uxore.

2215 5652 2241 5691 S
2272 5652 2475 5694 uxore.
