3994 6166
170 159 278 213 853

1820 158 1998 212 VITA.

3534 168 3636 221 854

163 295 376 337 annos
409 291 628 350 gerens
655 273 874 330 aetatis:
910 277 966 330 et
996 274 1206 330 eodem
1238 289 1399 329 anno
1422 281 1740 350 susceptus
1771 283 1863 334 est
1887 286 1934 338 A
1980 282 2283 356 episcopo,
2318 302 2478 342 anno
2527 289 2987 360 nongentesimo
3017 289 3436 362 nonagesimo,
3480 289 3635 346 indi-

162 386 203 425 a
238 369 406 425 clero
439 364 784 435 Lingonicae
819 362 1000 429 urbis,
1034 363 1110 419 ab
1144 362 1559 420 lncarnatione
1589 365 1862 424 videlicet

163 459 388 517 Christi
418 452 891 526 nongentesimo
933 452 1295 523 octogesimo
1339 451 1559 524 primo.
1604 460 1677 525 Is,
1707 473 1863 512 asse-

161 554 346 606 cutus
382 547 838 621 episcopatum,
879 541 1043 598 omni
1100 559 1222 616 quo
1269 542 1466 616 potuit
1494 543 1635 600 nisu
1690 544 1860 618 sequi

159 637 400 696 studuit
425 633 784 708 exemplum
817 630 959 688 boni
989 631 1262 705 pastoris.
1298 634 1655 691 Monasteria
1684 634 1862 705 igitur

156 728 356 802 ipsius
391 727 472 782 ad
496 723 822 781 dioecesim
856 721 1208 796 pertinentia
1239 721 1300 778 in
1333 720 1745 794 spiritualibus
1774 741 1860 778 re-

154 815 476 887 ligione,in
513 809 959 887 temporalibus
986 810 1326 867 necessaria
1356 827 1515 884 pene
1549 812 1858 869 adnullata

157 905 615 979 gubernatiOne
651 901 1062 969 considerans,
1107 901 1286 975 coepit
1335 918 1609 974 quaerere
1662 908 1863 976 quate-

155 1015 268 1054 nus
296 997 401 1053 Dei
435 996 844 1068 dispensante
876 995 1024 1046 nutu
1056 1009 1232 1047 suum
1263 991 1323 1047 in
1354 997 1580 1049 statum
1621 1011 1691 1049 ea
1736 993 1863 1066 qui-

153 1088 329 1144 visset
349 1098 680 1158 reparare.
702 1087 1001 1137 Amovens
1031 1096 1172 1152 ergo
1205 1083 1544 1138 Manassem
1576 1082 1860 1138 abbatem

153 1178 334 1248 hujus
368 1174 495 1231 loci
557 1173 800 1247 (Sancti
842 1171 1105 1239 Beniyni
1151 1171 1429 1244 Divione)
1499 1189 1535 1228 a
1588 1171 1861 1228 domina-

158 1268 334 1338 tione,
367 1281 503 1340 qua
535 1279 669 1320 non
699 1261 854 1317 bene
886 1259 1184 1328 utebatur,
1240 1261 1500 1317 instituit
1549 1261 1609 1317 in
1657 1260 1858 1317 locum

159 1359 287 1428 ejus
315 1355 617 1413 abbatem
651 1350 980 1424 quemdam
1026 1367 1099 1405 ex
1144 1349 1519 1407 monasterio
1555 1351 1856 1419 Dervensi,

160 1452 422 1502 Azonem
448 1441 726 1500 nomine.
762 1443 896 1496 Erat
924 1439 972 1494 is
1005 1440 1399 1512 Aquitanieus
1423 1456 1664 1510 genere.
1686 1456 1856 1497 orna-

165 1542 260 1593 tus
289 1535 468 1592 bonis
497 1531 774 1589 moribus
805 1534 862 1585 et
891 1528 1178 1600 religiosa
1226 1531 1710 1586 conversatione.
1759 1529 1860 1585 Hic

1978 371 2172 428 ctione
2205 375 2390 430 tertia.
2427 376 2631 432 Officio
2662 395 2803 434 vero
2835 377 3070 436 abbatis
3102 383 3368 454 accepto,
3416 379 3634 435 divinis

1977 460 2244 533 seipsum
2274 465 2451 536 coepit
2482 481 2752 522 exercere
2789 467 3126 525 virtutibus.
3162 471 3295 525 Erat
3325 467 3484 525 enim
3514 485 3638 524 cor-

1974 565 2121 620 pore
2171 556 2394 622 castus,
2454 558 2652 612 mente
2703 555 2974 624 devotus,
3035 556 3291 613 affabilis
3349 557 3634 632 alloquio,

1972 640 2293 712 prudentia
2348 645 2655 717 praeditus,
2717 645 3111 718 temperantia
3155 647 3372 718 clarus,
3404 649 3636 706 interna

1973 728 2315 787 fortitudine
2345 731 2575 802 ﬁrmus,
2611 750 2864 790 censura
2886 733 3126 806 justitiaa
3155 736 3399 810 stabilis,
3429 737 3636 809 longa-

1970 815 2240 874 nimitate
2273 820 2572 890 assiduus,
2629 821 2915 894 patientia
2960 819 3264 891 robustus,
3305 821 3634 882 humilitate

1970 913 2345 976 mansuetus,
2374 908 2676 966 bonorum
2708 927 2962 985 operum
2993 912 3183 981 gratia
3207 911 3444 985 plenus,
3493 912 3633 968 cha-

1968 993 2158 1049 ritatis
2191 996 2472 1068 equidem
2504 997 2757 1055 affluens
2786 997 3139 1056 visceribus.
3196 1002 3305 1055 Pro
3358 1000 3637 1073 pauperi-

1967 1082 2085 1138 bus
2118 1101 2356 1158 semper
2381 1091 2507 1143 erat
2537 1088 2838 1155 sollicitus,
2876 1087 3173 1145 Christum
3200 1105 3339 1145 vero
3383 1089 3635 1159 diligens

1968 1173 2105 1228 totis
2130 1173 2480 1244 visceribus,
2529 1175 2698 1249 dum,
2755 1177 2906 1232 sicut
2960 1175 3196 1234 Martha
3252 1177 3637 1251 corporaliter

1968 1280 2092 1320 non
2117 1264 2376 1334 valebat,
2435 1267 2495 1322 in
2544 1267 2747 1336 egenis
2800 1266 2968 1324 illum
2998 1266 3264 1341 quotidie
3309 1267 3630 1324 reficiebat.

1968 1354 2262 1410 Omnibus
2286 1356 2532 1429 hospitii
2555 1356 2899 1428 perlargum
2929 1356 3186 1429 praebuit
3210 1374 3422 1425 usum;
3452 1372 3633 1412 nemo

1966 1449 2055 1499 est
2080 1449 2384 1518 exceptus,
2424 1461 2744 1518 perpessus
2793 1462 2972 1502 nemo
3019 1446 3344 1520 repulsam.
3393 1444 3631 1502 Divino-

1964 1549 2101 1588 rum
2133 1539 2572 1607 praeceptorum
2600 1533 3008 1611 delectabatur
3056 1534 3326 1609 eloquiis,
3377 1533 3517 1608 quia
3558 1552 3632 1592 ex

163 1625 408 1680 duobus
446 1621 623 1678 annis
673 1619 732 1676 in
784 1615 1073 1688 regimine
1128 1618 1387 1692 peractis
1442 1618 1753 1693 repedavit
1781 1616 1858 1674 ad
1890 1640 1930 1693 Β
1965 1623 2058 1678 his
2089 1628 2144 1679 et
2176 1640 2315 1679 suos
2343 1641 2541 1680 mores
2573 1640 2956 1698 componere,
3010 1630 3067 1682 et
3115 1624 3227 1681 sibi
3273 1624 3631 1682 commissos

163 1731 354 1770 suum
378 1708 832 1778 monasterium,
874 1705 1131 1763 dimissa
1181 1707 1365 1780 hujus
1416 1703 1537 1763 loci
1565 1707 1860 1776 guberna-

161 1803 357 1872 tione,
381 1805 552 1874 atque
582 1799 802 1855 iterum
832 1798 1134 1853 Manasses
1165 1795 1358 1853 abbas
1401 1813 1594 1852 suum
1637 1796 1858 1870 recepit

165 1891 459 1947 ofﬁcium.

247 1984 306 2035 2.
348 1977 546 2034 Videns
575 1975 759 2047 igitur
790 1974 1055 2030 domnus
1105 1973 1432 2047 episcopus
1496 1977 1696 2030 Bruno
1740 1977 1853 2031 sta-

166 2076 307 2127 tum
339 2067 518 2124 lociin
549 2063 846 2137 ambiguo
876 2063 1162 2136 positum,
1196 2064 1462 2138 supplex
1493 2063 1641 2120 adiit
1681 2063 1852 2119 dom-

159 2175 319 2215 num
381 2156 646 2214 Maiolum
698 2153 1112 2211 Cluniacensis
1149 2153 1509 2210 monasterii
1541 2152 1847 2222 abbatem,

155 2245 476 2318 multaque
526 2259 697 2318 prece
770 2241 1051 2316 poposcit
1101 2245 1403 2315 quatenus
1450 2242 1584 2313 ejus
1626 2241 1849 2298 auxilio

152 2335 454 2410 quivisset
478 2349 756 2407 reparare
809 2331 870 2388 in
924 2331 1138 2388 melius
1186 2331 1439 2388 interius
1474 2331 1847 2401 religionem,

152 2429 214 2482 et
245 2423 502 2480 exterius
530 2417 968 2496 possessiones.
1005 2420 1188 2491 Cujus
1219 2419 1507 2493 precibus
1542 2419 1734 2475 ﬂexus
1764 2436 1850 2476 re-

149 2511 460 2571 verendus
489 2510 678 2568 abbas
717 2507 1001 2580 Maiolus,
1042 2504 1209 2564 dedit
1240 2508 1293 2564 ei
1347 2507 1675 2564 duodecim
1724 2524 1849 2565 mo-

151 2603 395 2660 nachos
425 2615 494 2657 ex
524 2599 688 2657 omni
718 2596 1189 2670 congregatione
1224 2597 1473 2666 electos,
1517 2594 1847 2671 disciplinis

150 2695 385 2750 sancta:
407 2689 703 2761 religionis
735 2687 1074 2755 instructos,
1121 2684 1336 2742 divina
1368 2689 1427 2742 et
1453 2685 1727 2742 humana
1754 2703 1846 2743 sa-

148 2781 391 2857 pientia
420 2777 643 2844 doctos,
676 2774 985 2834 nobilitate
1047 2772 1278 2832 carnali
1333 2774 1551 2830 claros.
1617 2774 1846 2843 Quibus

151 2869 619 2931 advenientibus
647 2867 730 2924 ita
759 2863 1058 2922 ordinavit
1087 2862 1362 2921 domnus
1411 2863 1733 2938 episcopus
1782 2863 1845 2922 ut

149 2964 259 3020 die
305 2958 709 3017 translationis
763 2954 954 3012 sancti
1001 2953 1274 3026 Benigni,
1333 2953 1652 3010 monachis
1705 2968 1844 3010 cum

150 3049 278 3109 sibi
343 3043 627 3120 subjectis
673 3042 900 3102 clericis
959 3046 1095 3099 ante
1163 3043 1519 3117 sepulcrum
1579 3041 1845 3116 smpefati

151 3139 452 3212 martyris
482 3137 543 3193 in
568 3139 781 3209 crypta
808 3129 1143 3190 nocturnali
1175 3131 1448 3188 ofﬁcium
1497 3133 1842 3205 paragenti-

151 3230 306 3300 bus,
337 3225 453 3299 ipsi
479 3227 538 3282 in
567 3223 858 3300 superiori
887 3219 1071 3279 choro
1112 3226 1249 3278 ante
1280 3220 1612 3296 principale
1646 3224 1844 3280 Sancti

152 3314 430 3377 Mauricii
480 3314 663 3373 altare
703 3313 1119 3371 matutinalem
1158 3309 1489 3386 inciperent
1539 3314 1837 3386 synaxim.

159 3405 352 3479 Quod
389 3409 591 3480 utique
625 3403 1046 3462 convenienter
1076 3404 1278 3459 actum
1327 3404 1435 3472 est,
1498 3407 1564 3460 ut
1611 3401 1715 3477 qui
1752 3405 1840 3460 lu-

155 3515 312 3556 men
339 3497 639 3568 religionis
669 3494 983 3551 ostendere
1007 3493 1332 3550 veniebant
1376 3492 1666 3550 intrarent
1705 3488 1836 3546 luce

155 3585 289 3645 diei
319 3584 866 3659 appropinquante.
928 3580 1178 3639 Proinde
1242 3579 1356 3637 illis
1408 3582 1522 3639 hac
1565 3580 1658 3637 vel
1705 3579 1838 3636 illac

157 3673 686 3752 pergentibus,isti
711 3673 773 3729 in
810 3673 944 3728 loco
969 3673 1253 3742 degentes
1286 3674 1596 3744 coeperunt
1627 3669 1836 3726 sancta

157 3765 620 3826 conversatione
645 3759 1048 3836 resplendere,
1082 3765 1140 3818 et
1174 3759 1344 3817 locus
1375 3762 1478 3834 qui
1505 3765 1683 3817 antea
1703 3776 1837 3833 pra-

156 3860 257 3914 vis
290 3853 520 3912 actibus
550 3853 607 3910 et
643 3848 931 3908 ineffabili
955 3848 1317 3921 negligentia
1347 3866 1383 3906 a
1422 3849 1652 3906 cunctis
1679 3847 1839 3905 vide-

156 3950 350 4004 batur
378 3943 684 4009 confusus,
717 3958 880 3998 nunc
911 3938 1061 3996 felici
1093 3938 1507 3997 exercitatione
1548 3937 1835 3996 virtutum

157 4029 444 4095 omnium
473 4029 772 4088 videretur
802 4047 933 4088 esse
962 4027 1231 4086 ﬂoridus.
1685 4103 1695 4107 _

240 4129 291 4180 3.
333 4124 554 4178 Verum
593 4122 734 4194 quia
799 4118 1065 4193 praedicti
1113 4117 1303 4174 Patris
1351 4111 1643 4175 industria
1683 4115 1831 4173 locis

158 4215 300 4272 aliis
331 4215 557 4269 intenta
577 4215 720 4280 erat,
749 4214 806 4265 et
832 4209 928 4265 hic
952 4207 1120 4265 locus
1153 4207 1277 4264 sine
1307 4205 1527 4264 abbate
1556 4223 1688 4264 esse
1712 4220 1833 4267 non

159 4304 421 4377 poterat,
449 4301 663 4355 iterum
694 4297 902 4354 domni
934 4296 1223 4400 Brunonis
1258 4295 1527 4396 praesulis
1557 4293 1830 4396 pulsatus
1862 4347 1906 4400 Π

159 4389 470 4466 precibus,
504 4388 832 4462 quemdam
891 4385 1124 4456 fatrem,
1175 4383 1678 4442 ferventissimum
1737 4385 1830 4441 sui

160 4479 400 4537 ordinis
429 4482 856 4543 exsecutorem,
890 4480 946 4532 et
977 4475 1152 4532 totius
1194 4473 1516 4531 nobilitatis
1543 4473 1827 4546 lampade

160 4568 610 4644 praefulgidum,
644 4572 821 4641 atque
848 4567 907 4622 in
930 4582 1073 4622 vero.
1100 4565 1431 4622 humilitate
1458 4569 1516 4621 et
1551 4563 1827 4621 fraternae

159 4659 502 4717 dilectionis
533 4657 835 4726 charitate,
876 4671 1114 4712 necnon
1153 4671 1407 4710 summae
1433 4653 1825 4722 discretionis,

159 4767 303 4824 quae
353 4749 637 4805 virtutum
699 4747 971 4803 omnium
1024 4748 1214 4800 mater
1265 4761 1392 4800 esse
1433 4745 1825 4816 dignoscitur,

159 4842 479 4897 honestate
505 4837 881 4895 laudabiliter
910 4835 1242 4892 radicatum
1271 4839 1328 4890 et
1353 4834 1690 4904 fundatum,
1722 4851 1827 4891 no-

161 4932 328 4988 mine
364 4929 754 4990 Willelmum,
783 4928 962 4998 hujus
987 4925 1332 4981 monasterii
1357 4926 1519 4995 gregi
1541 4925 1821 4998 prcefecit,

160 5027 220 5078 et
245 5023 486 5094 patrem
521 5018 847 5092 spiritalem
894 5015 1004 5073 sibi
1050 5015 1435 5088 poscentibus
1486 5013 1620 5072 filiis
1658 5013 1824 5073 insti-

161 5112 296 5168 tuit.
330 5110 431 5165 Hic
454 5108 620 5165 Italia
645 5107 864 5163 exstitit
889 5105 1198 5173 oriundus,
1231 5104 1353 5161 alto
1382 5105 1524 5161 satis
1554 5106 1824 5176 germine

159 5205 220 5257 et
248 5198 441 5255 nobili
472 5197 760 5270 prosapia
786 5195 999 5251 editus.
1025 5196 1215 5259 Quem
1245 5195 1624 5266 supradictus
1653 5195 1822 5253 dom-

157 5307 283 5347 nus
313 5288 558 5345 Maiolus
583 5289 772 5342 Roma
798 5285 1042 5341 veniens
1068 5281 1294 5340 invenit
1347 5283 1408 5340 in
1456 5285 1822 5345 monasterio

158 5377 422 5438 Lauceio
450 5377 609 5433 dicto
665 5375 766 5431 ubi
796 5392 832 5431 a
861 5390 1046 5448 puero
1076 5373 1363 5431 educatus
1400 5369 1610 5434 fuerat.
1644 5381 1824 5435 Assu-

158 5484 463 5540 mensque
522 5483 661 5522 eum
719 5466 849 5538 ipso
889 5465 1264 5538 deprecante,
1326 5481 1529 5522 secum
1571 5466 1824 5524 adduxit

161 5558 544 5623 Cluniacum,
578 5559 747 5611 astate
771 5553 1019 5626 juvenili
1051 5554 1380 5611 florentem.

234 5651 292 5705 4.
337 5643 660 5704 Ordinatus
691 5641 964 5717 estigitur
979 5641 1170 5704 abbas
1196 5659 1232 5703 a
1279 5644 1505 5705 domno
1549 5649 1823 5706 Brunone

1965 1712 2374 1768 instruebatur
2404 1713 2618 1769 docere
2651 1717 2706 1770 et
2734 1714 3048 1784 corrigere.
3091 1712 3328 1771 Cunctis
3362 1715 3630 1787 seipsum

1965 1801 2276 1873 praebebat
2304 1802 2458 1858 bene
2490 1802 2729 1860 vivendi
2757 1803 3121 1878 exemplum.
3170 1805 3239 1860 Et
3267 1803 3420 1861 sicut
3449 1802 3511 1860 in
3539 1820 3632 1860 or-

1963 1891 2124 1961 dine,
2154 1892 2235 1949 ita
2261 1891 2495 1967 primus
2525 1892 2804 1951 studebat
2831 1897 2896 1951 ut
2923 1899 3078 1951 esset
3119 1893 3179 1950 in
3208 1910 3412 1967 opere,
3456 1893 3632 1965 juxta

1961 1979 2112 2037 illud
2158 1981 2533 2054 evangelista;
2568 2001 2580 2038 :
2613 1982 2806 2054 Caspii
2859 1985 3030 2042 Jesus
3073 1985 3281 2056 facere
3321 1989 3377 2041 et
3420 1980 3632 2040 docere

1960 2070 2118 2142 (Act.
2151 2089 2189 2140 1,
2222 2073 2292 2144 1).
2321 2074 2638 2129 Peccantes
2674 2089 2818 2130 vero
2849 2073 2972 2131 zelo
3024 2072 3108 2148 pii
3147 2072 3371 2130 amoris
3419 2089 3629 2130 coram

1959 2162 2246 2217 omnibus
2276 2162 2586 2232 arguebat,
2631 2167 2696 2220 ut
2749 2164 2944 2222 caeteri
2987 2163 3264 2220 timorem
3311 2163 3622 2221 haberent.

1962 2251 2078 2307 Sed
2110 2257 2166 2308 et
2193 2251 2378 2308 verba
2404 2267 2540 2324 qua:
2567 2253 2680 2309 sub
2704 2253 3109 2326 increpatione
3155 2251 3516 2329 proierebat,
3561 2257 3628 2309 ut

1957 2339 2459 2414 reprehendenda
2484 2342 2965 2417 reprehenderet,
2995 2342 3170 2418 quasi
3200 2344 3447 2402 stumuli
3469 2343 3628 2402 dura

1957 2429 2318 2487 videbantur
2369 2433 2426 2488 et
2480 2447 2714 2506 aspera,
2775 2436 2841 2490 ut
2894 2448 3048 2507 pene
3092 2432 3441 2490 timerentur
3485 2433 3625 2506 plus

1955 2535 2148 2592 quam
2175 2517 2444 2590 verbera,
2462 2520 2638 2592 juxta
2662 2520 2809 2578 illud
2839 2539 2852 2577 :
2900 2521 3090 2578 Verba
3133 2523 3418 2592 sapientis
3448 2520 3628 2594 quasi

1955 2611 2207 2678 stimuli,
2239 2615 2293 2666 et
2315 2609 2491 2682 quasi
2517 2611 2680 2668 clavi
2707 2612 2770 2667 in
2801 2611 2995 2668 altum
3020 2611 3205 2681 deﬁxi
3245 2611 3467 2678 (Eccle.
3516 2627 3619 2677 xu,

1959 2701 2068 2767 H).
2104 2695 2264 2754 Alios
2296 2697 2546 2771 quidem
2590 2699 3038 2770 blandimentis,
3089 2698 3237 2756 alios
3265 2699 3622 2757 admonitio-

1953 2787 2156 2860 nibus,
2189 2787 2336 2845 alios
2366 2789 2710 2858 terroribus,
2766 2794 2824 2847 et
2857 2790 2962 2862 ita,
3013 2791 3186 2863 juxta
3239 2790 3617 2864 Apostolum',

1954 2878 2294 2950 praedicans
2344 2878 2594 2936 verbum
2667 2880 2930 2937 instabat
2974 2883 3332 2954 opportune,
3389 2880 3618 2955 impor-

1884 2991 1924 3046 ρ
1955 2972 2117 3036 tune,
2151 2985 2431 3041 arguens,
2463 2969 2808 3042 obsecrans,
2838 2970 3156 3044 increpans
3209 2970 3271 3026 in
3313 2969 3479 3028 omni
3507 2985 3618 3044 pa-

1955 3057 2160 3115 tientia
2188 3062 2245 3114 et
2267 3059 2540 3116 doctrina
2566 3061 2656 3132 (II
2684 3062 2829 3116 Tim.
2862 3077 2943 3127 rv,
2975 3061 3049 3133 2).
3074 3060 3418 3119 Miserorum
3453 3075 3614 3131 vero,

1953 3147 2121 3204 haud
2147 3163 2320 3204 secus
2352 3164 2424 3204 ac
2455 3149 2504 3203 si
2532 3153 2833 3222 pateretur
2862 3149 3008 3223 ipse,
3060 3148 3433 3206 afﬁciebatur
3462 3149 3620 3206 cala-

1951 3235 2280 3292 mitatibus.
2316 3238 2391 3294 Os
2422 3237 2554 3308 ejus
2580 3237 2662 3292 ita
2689 3237 3034 3310 replebatur
3081 3253 3155 3293 ex
3201 3235 3398 3294 cordis
3427 3237 3617 3294 abun-

1949 3322 2176 3391 dantia,
2208 3327 2274 3380 ut
2301 3324 2362 3379 in
2389 3323 2603 3380 eodem
2631 3341 2733 3381 ore
2762 3340 2916 3398 pene
2945 3324 3092 3382 nihil
3138 3323 3302 3382 aliud
3349 3324 3468 3381 nisi
3517 3325 3616 3382 lex

1946 3416 2256 3469 resonaret
2310 3413 2554 3482 divina;
2603 3418 2661 3471 et
2713 3413 2859 3490 quia
2916 3415 3218 3489 Scriptura
3267 3413 3455 3471 dicit:
3499 3413 3617 3483 Qui

1947 3501 2140 3571 audit,
2173 3502 2333 3559 dicat
2362 3518 2385 3559 .'
2427 3503 2573 3559 Veni
2597 3504 2803 3574 (Apoc.
2825 3519 2968 3573 mi,
2992 3504 3100 3575 l7),
3128 3503 3262 3560 ideo
3304 3517 3614 3576 quoscun-

1945 3606 2064 3663 que
2095 3595 2346 3664 poterat,
2379 3607 2414 3646 a
2433 3591 2637 3648 saeculi
2660 3593 2926 3666 nequitia
2953 3593 3268 3650 suadendo
3297 3592 3614 3649 subtrahe-

1944 3680 2069 3736 bat.
2097 3684 2161 3736 Et
2181 3681 2331 3737 sicut
2355 3680 2594 3738 cmleste
2619 3699 2726 3755 per
2752 3682 3119 3740 desiderium
3146 3683 3283 3739 totis
3316 3683 3446 3757 ipse
3475 3682 3612 3740 viri-

1943 3768 2060 3824 bus
2089 3769 2168 3825 ad
2199 3786 2532 3842 supernum
2588 3787 2843 3842 regnum
2897 3772 3240 3840 anhelabat,
3289 3771 3367 3828 ita
3407 3788 3612 3831 secum

1945 3873 2190 3932 pergere
2221 3875 2432 3915 omnes
2461 3859 2756 3926 homines,
2787 3860 2836 3916 si
2863 3861 2993 3916 ﬁeri
3013 3865 3240 3933 posset,
3258 3862 3606 3934 exoptabat.

1948 3947 2061 4004 Sed
2085 3947 2427 4004 nullatenus
2455 3952 2545 4005 est
2570 3948 2886 4005 fraudatus
2933 3964 2970 4005 a
3015 3948 3312 4005 desiderio
3349 3950 3516 4022 quod
3543 3951 3606 4008 in

1945 4051 2006 4092 se
2033 4040 2391 4108 conceperat
2419 4052 2560 4092 vera
2589 4036 2848 4093 dilectio.
2878 4035 2975 4093 Ille
3002 4037 3166 4094 enim
3211 4036 3317 4109 qui
3345 4038 3604 4096 charitas

1942 4129 2047 4193 est,
2076 4125 2182 4198 qui
2211 4142 2273 4181 se
2304 4124 2645 4182 timentium
2670 4125 2929 4199 complet
2952 4126 3346 4195 voluntatem,
3363 4127 3471 4186 viri
3501 4128 3602 4188 Dei

1940 4215 2266 4271 ferventem
2293 4214 2576 4270 affectum
2605 4213 2882 4287 perduxit
2909 4215 2989 4272 ad
3017 4215 3315 4274 effectum.
3346 4217 3440 4274 Ad
3469 4218 3602 4290 ejus

1938 4305 2164 4378 quippe
2188 4303 2418 4360 monita
2442 4303 2614 4360 multi
2643 4319 2780 4376 quas
2817 4306 3214 4377 possederant
3257 4305 3600 4383 relinquen-

1938 4395 2043 4460 tes,
2073 4392 2330 4463 regulari
2374 4409 2436 4450 se
2495 4393 2826 4466 disciplina:
2884 4395 3301 4462 subdiderunt,
3355 4403 3414 4456 et
3438 4399 3600 4458 beati

1937 4483 2236 4539 Benedicti
2265 4487 2581 4556 sequentes
2608 4483 2882 4555 vestigia,
2911 4486 3265 4559 semetipsos
3285 4486 3595 4557 abnegan-

1934 4578 2045 4642 tes,
2077 4589 2216 4629 vero
2254 4573 2396 4644 Regi
2450 4573 2585 4630 totis
2613 4573 2841 4630 viribus
2869 4575 3288 4634 militaverunt.
3322 4577 3594 4636 Partibus

1934 4678 2198 4736 namque
2228 4678 2302 4718 ex
2329 4662 2581 4720 diversis
2602 4663 2681 4720 ad
2710 4664 2840 4735 ejus
2883 4665 3227 4722 coenobium
3271 4665 3592 4723 multitudo

1933 4752 2220 4810 conﬂuxit
2274 4752 2748 4810 innumerabilis.
2805 4753 2919 4810 Sed
2974 4754 3317 4812 nationibus
3343 4755 3480 4813 licet
3504 4755 3593 4813 di-

1931 4843 2106 4915 versi,
2189 4846 2388 4899 mente
2435 4847 2638 4899 tamen
2693 4845 2864 4898 erant
2912 4843 3061 4898 uniti
3090 4883 3108 4914 ,
3189 4848 3254 4900 ut
3303 4843 3453 4902 illud
3507 4847 3590 4903 ad

1930 4932 2185 4990 litteram
2233 4932 2296 4988 in
2351 4932 2435 4988 eis
2485 4931 2800 5004 impletum
2875 4931 3172 4988 videretur
3197 4972 3219 5003 ,
3286 4935 3456 5005 quod
3510 4936 3587 4994 de

1930 5021 2100 5078 initio
2126 5021 2426 5077 nascentis
2457 5019 2729 5076 Ecclesiae
2779 5019 2843 5076 in
2895 5019 3306 5093 apostolorum
3353 5023 3587 5081 actibus

1929 5110 2143 5181 legitur
2175 5126 2188 5165 :
2218 5110 2376 5166 Erat
2401 5109 2525 5166 illis
2549 5121 2656 5165 cor
2680 5122 2867 5165 unum
2911 5115 2966 5166 et
2993 5108 3199 5168 anima
3253 5123 3380 5170 una
3425 5112 3583 5184 (Act.

1930 5215 2005 5268 IV,
2035 5199 2144 5270 32).

2004 5289 2054 5342 ξ’).
2099 5288 2405 5344 Crescente
2454 5287 2657 5343 autem
2710 5283 2955 5344 interius
3007 5285 3310 5360 religionis
3363 5291 3584 5364 studio.

1932 5375 2234 5435 exterioris
2265 5375 2613 5433 substantias
2643 5375 3134 5449 supplementum
3173 5379 3355 5453 coepit
3387 5381 3586 5438 abun-

1931 5468 2075 5525 dare
2100 5481 2223 5523 non
2251 5465 2508 5533 modice,
2541 5470 2720 5540 prout
2751 5466 3036 5522 Dominus
3064 5468 3336 5542 promisit
3362 5471 3486 5527 suis
3521 5469 3585 5528 in

1933 5556 2252 5629 Evangelio
2281 5574 2292 5612 :
2328 5557 2586 5625 Quaerite
2607 5557 2872 5628 primum
2913 5571 3164 5629 regnum
3190 5561 3301 5617 Dei
3313 5565 3372 5616 et
3407 5562 3588 5630 justi-

1935 5650 2080 5708 tiam
2102 5652 2252 5722 eius,
2286 5653 2341 5707 et
2367 5648 2493 5707 haec
2517 5647 2723 5707 omnia
2745 5647 3113 5719 adficientur
3133 5650 3297 5712 vobis
3338 5650 3581 5724 (Μααι.
