3994 6166
329 190 435 243 855

1280 177 1336 230 S.
1379 171 1747 232 GUILLELMI
1787 161 2084 222 ABBATIS
2125 161 2188 218 S.‘
2224 159 2506 216 BENIGNI
2545 159 2805 215 DIVION.

3662 159 3789 212 856

323 327 398 377 v1,
428 311 538 380 23).
571 310 836 362 Domnus
862 316 1127 373 namque
1175 296 1505 372 episcopus'
1532 285 1755 361 Bruno,
1807 287 1985 344 nimi-
2016 289 2065 340 A
2100 283 2180 339 ad
2206 299 2345 338 eum
2375 281 2690 338 convenire
2721 298 2734 347 ;
2763 278 2944 352 aliqui
2973 277 3178 378 litteris
3206 277 3365 378 bene
3397 275 3654 380 eruditi,

324 415 462 454 rum
479 379 842 453 exhilaratus
875 389 1053 446 corde
1081 405 1290 444 eorum
1311 389 1474 444 bona
1513 379 1984 442 conversatione,

327 487 492 544 omni
520 483 718 540 studio
744 495 954 537 eorum
984 478 1119 534 usui
1170 476 1512 533 necessaria
1553 471 1806 528 curabat
1843 466 1986 522 sub-

324 575 680 632 ministrare.
715 568 991 627 Reddidit
1012 568 1191 638 igitur
1218 569 1432 624 Sancto
1462 563 1728 632 Benigno
1777 563 1831 614 et
1857 557 1986 628 ejus

324 661 638 719 monachis
669 656 982 716 ecclesiam
1008 655 1069 710 in
1098 655 1341 710 Saciaco
1374 653 1566 718 sitam,
1596 654 1704 705 etc.
1757 645 1986 717 Ubique

324 769 466 822 ergo
495 749 865 818 investigans
917 745 1182 802 ablatam
1229 742 1596 807 restituebat,
1649 743 1704 795 et
1749 738 1823 793 de
1879 751 1988 790 suo

323 844 453 914 jure
485 838 893 912 quodcunque
924 834 1330 891 necessarium
1379 836 1434 887 et
1491 829 1629 885 utile
1687 829 1770 882 eis
1816 825 1984 891 foret,

324 929 531 987 libenti
566 927 772 983 animo
790 924 1108 982 tribuebat.
1141 923 1409 994 Utrisque
1433 936 1594 989 vero,
1625 919 1851 974 domno
1871 914 1985 970 sci-

324 1021 458 1076 licet
514 1015 770 1091 przesule
826 1018 1098 1070 Brunone
1155 1016 1334 1084 atque
1377 1009 1723 1065 venerando
1768 1005 1986 1061 abbate

326 1107 635 1174 Willelmo,
669 1104 730 1158 in
753 1100 1184 1158 restauratione
1214 1100 1397 1169 hujus
1427 1097 1542 1153 loci
1575 1097 1839 1153 studiose
1891 1095 1988 1150 de—

326 1193 713 1259 certantibus,
745 1189 922 1263 ccepit
973 1203 1238 1244 crescere
1270 1191 1327 1243 et
1365 1186 1539 1260 quasi
1571 1186 1771 1241 denuo
1821 1184 1990 1238 reﬂo-

325 1301 475 1352 rere,
521 1287 630 1338 etc.

396 1380 446 1429 6.
468 1377 595 1446 Ipse
629 1370 917 1426 Henricus
942 1368 1067 1423 dux
1086 1367 1483 1440 (Burgundice
1499 1365 1774 1435 Hugonis
1798 1365 1990 1419 Fran-

328 1479 530 1519 corum
563 1461 718 1530 regz‘s
735 1461 961 1529 frater)
1002 1456 1206 1513 audita
1241 1456 1405 1510 fama
1434 1454 1736 1523 religionis
1791 1453 1991 1509 eximii

334 1551 518 1609 Patris
549 1549 822 1605 Willelmi
871 1546 1170 1604 commisit
1199 1546 1250 1601 ei
1308 1544 1618 1600 abbatiam
1647 1543 1991 1598 Versiacen-

2095 373 2471 428 diversorum
2497 387 2749 443 operum
2780 367 3124 438 magisterio
3155 367 3334 433 docti,
3383 366 3486 422 alii
3518 365 3802 435 agricul-

2094 465 2240 518 tura?
2271 460 2514 517 scientia
2554 457 2806 532 praediti,
2863 473 3125 530 quorum
3181 472 3276 511 ars
3336 460 3396 511 et
3455 454 3803 524 ingenium

2095 551 2236 606 huic
2262 550 2394 607 loco
2426 549 2648 623 profuit
2677 547 3026 621 plurimum.
3075 546 3394 603 Crescebat
3422 559 3575 613 ergo
3633 560 3803 616 quo-

2097 639 2237 695 tidie
2269 638 2584 694 multitudo
2614 636 3059 693 monachorum
3091 635 3204 690 sub
3233 636 3366 706 ejus
3420 632 3803 702 magisterio

2098 729 2464 797 degentium,
2498 732 2562 783 ut
2589 726 2871 799 (exceptis
2900 726 2993 781 his
3033 725 3136 797 qui
3154 741 3259 797 per
3289 723 3412 779 alia
3444 727 3633 778 erant
3662 738 3805 776 mo-

2097 818 2381 888 nasteria)
2430 816 2492 872 in
2550 818 2662 873 hac
2713 815 3173 886 congregatione
3225 813 3534 887 quotidie-
3567 812 3803 869 fratres

2097 911 2293 963 essent
2323 905 2706 978 septuaginta
2743 909 2848 961 aut
2875 906 3193 974 octoginta.

2170 1019 2221 1071 8.
2265 1019 2418 1070 lnter
2443 1017 2654 1070 caetera
2684 1029 2821 1085 quae
2862 1013 3127 1068 domnus
3185 1014 3387 1067 Bruno
3448 1010 3806 1082 episcopus

2095 1106 2160 1161 in
2186 1105 2302 1160 hoc
2326 1103 2458 1159 loco
2490 1103 2608 1172 egit
2636 1101 3082 1172 bona,longum
3103 1105 3190 1157 est
3218 1100 3384 1156 enim
3415 1115 3805 1155 enumerare

2100 1191 2336 1263 singula
2365 1192 2494 1262 ejus
2525 1195 2712 1261 gesta,
2745 1190 2851 1246 sed
2878 1191 2992 1246 hoc
3021 1189 3277 1245 breviter
3307 1204 3663 1262 possumus
3713 1188 3806 1242 di-

2099 1297 2230 1338 cere
2261 1299 2272 1336 :
2300 1284 2522 1338 Cuncta
2551 1280 2628 1336 ab
2655 1279 2915 1353 antiquis
2945 1279 3083 1335 huic
3114 1279 3246 1334 loco
3275 1277 3520 1345 collata,
3548 1283 3806 1350 postea-

2098 1387 2216 1445 que
2249 1387 2285 1427 a
2312 1370 2591 1440 malignis
2621 1369 2874 1442 direpta,
2934 1368 3022 1424 vel
3089 1386 3125 1425 a
3181 1367 3388 1441 pravis
3439 1367 3804 1423 rectoribus

2099 1459 2430 1533 dispertita,
2459 1474 2495 1514 a
2526 1460 2802 1513 Brunone
2835 1457 3115 1531 episcopo
3148 1460 3292 1512 sunt
3338 1456 3637 1511 restituta
3674 1475 3687 1522 ;
3747 1460 3806 1510 et

2099 1548 2235 1605 licet
2263 1548 2344 1603 illi
2373 1563 2494 1602 non
2521 1547 2798 1602 amittant
2821 1546 3159 1602 mercedem
3191 1563 3312 1600 suae
3346 1544 3801 1616 eleemosynse,

329 1658 455 1696 sem
490 1641 587 1712 (4),
621 1655 774 1711 pene
807 1637 886 1693 ad
915 1635 1169 1692 nihilum
1224 1635 1552 1702 redactam,
1615 1637 1680 1687 ut
1730 1631 1807 1687 ab
1861 1631 1991 1703 ipso
2024 1642 2063 1696 Β
2100 1637 2195 1692 hic
2227 1641 2428 1692 tamen
2457 1651 2580 1691 non
2611 1634 2874 1690 inferiori
2917 1635 3131 1704 dignus
3187 1639 3276 1689 est
3323 1634 3678 1703 gratiarum
3709 1650 3806 1688 ac-

328 1727 733 1784 restitueretur
762 1725 821 1780 in
851 1724 1172 1797 pristinum
1231 1727 1452 1778 statum
1481 1740 1494 1790 ;
1553 1721 1719 1794 quod
1749 1725 1804 1776 et
1861 1719 1995 1774 fecit

331 1817 651 1873 auxiliante
684 1817 1122 1881 Deo(Domnus
1178 1817 1378 1868 autem
1426 1811 1743 1884 episcopus
1799 1812 1993 1865 Bruno

332 1904 726 1962 considerans
759 1907 989 1958 Patrem
1038 1901 1398 1956 Willelmum
1451 1899 1531 1956 ita
1580 1900 1903 1956 ferventem
1935 1898 1996 1954 in

332 1995 615 2064 religione
681 2010 750 2049 ac
809 1991 1142 2048 monastica
1194 1990 1581 2060 institutione,
1650 1994 1707 2046 et
1757 1989 1891 2044 loca
1943 1989 1996 2044 ei

335 2083 659 2139 commissa
684 2081 759 2137 de
785 2080 881 2136 die
909 2081 968 2135 in
995 2079 1155 2135 diem
1184 2079 1244 2134 in
1286 2078 1500 2134 melius
1523 2077 1832 2152 proﬁcere,
1866 2094 1996 2132 om-

333 2173 435 2228 nia
455 2173 517 2228 in
548 2188 656 2227 suo
687 2170 995 2244 episcopio
1043 2167 1409 2224 monasteria
1464 2167 1653 2240 ipsius
1704 2167 2000 2237 delegavit

334 2259 748 2334 providentiae,
782 2258 1090 2314 abbatiam
1110 2256 1330 2312 scilicet
1349 2258 1715 2321 Besuensem‘
1731 2255 1831 2327 (ὅ),
1857 2271 1998 2328 apo-

336 2349 626 2406 stolorum
657 2347 804 2403 Petri
833 2351 890 2403 et
914 2346 1078 2402 Pauli
1102 2346 1330 2400 honore
1360 2345 1644 2414 dicatam,
1701 2348 2000 2401 monaste-

333 2438 490 2494 rium
516 2437 712 2493 Sancti
765 2435 1028 2501 Joannis,
1061 2433 1229 2508 quod
1281 2437 1578 2489 Reomaus
1627 2432 1862 2504 dicitur,
1910 2431 1999 2488 lo-

335 2545 474 2586 cum
507 2526 704 2584 Sancti
762 2525 1056 2582 Michaelis
1114 2522 1460 2593 archangeli
1511 2523 1686 2594 juxta
1734 2526 1998 2578 castrum

333 2615 770 2684 Tornodorum,
795 2613 1105 2670 abbatiam
1132 2611 1604 2684 Molundensem,
1631 2611 1737 2667 ubi
1757 2615 2000 2668 sanctus

334 2703 599 2760 Valerius
626 2705 702 2774 (6)
735 2701 1196 2758 archidiaconus
1217 2705 1274 2756 et
1292 2705 1520 2772 martyr
1544 2699 1814 2772 quiescit.
1841 2701 2000 2766 Quas

333 2809 546 2850 omnes
583 2793 665 2848 ita
696 2796 933 2847 strenue
966 2789 1344 2860 gubernavit,
1380 2793 1444 2845 ut
1467 2793 1605 2862 post
1633 2805 1773 2845 eum
1801 2789 2002 2859 singu-

333 2882 406 2937 lae
439 2881 691 2951 singulis
721 2879 1046 2935 abbatibus
1068 2879 1418 2949 distributae,
1462 2878 1640 2934 statui
1668 2878 1825 2934 illius
1857 2883 2002 2935 tem-

2103 1727 2285 1782 tione.
2320 1728 2399 1781 De
2429 1723 2715 1781 emortuis
2748 1724 2912 1779 enim
2943 1723 3262 1790 cineribus,
3313 1723 3375 1778 in
3402 1723 3807 1778 excellentio-

2103 1831 2232 1870 rem
2271 1830 2458 1887 quam
2488 1829 2762 1886 unquam
2809 1817 2947 1869 ante
3004 1811 3200 1868 fuerat
3241 1817 3472 1868 statum
3506 1828 3624 1884 per
3653 1829 3802 1868 eum

2105 1904 2463 1960 sublimatus
2484 1908 2572 1958 est
2594 1902 2689 1958 hic
2719 1903 2909 1958 locus.
2943 1904 2990 1956 A
3021 1906 3231 1957 sancto
3262 1901 3446 1971 igitur
3501 1902 3800 1972 Gregorio

2108 1991 2470 2062 Lingonensi
2499 1991 2782 2065 episcopo
2803 1991 3053 2047 fundata
3081 1991 3208 2046 haec
3237 1989 3512 2057 abbatia,
3569 2007 3610 2046 a
3642 1993 3802 2046 Gun-

2106 2087 2278 2138 trano
2308 2097 2446 2151 rege
2475 2080 2736 2136 stabilita
2769 2084 2826 2136 et
2854 2080 3054 2143 ditata.
3090 2096 3126 2135 a
3157 2079 3368 2136 Carolo
3393 2079 3795 2152 imperatore,

2107 2175 2507 2243 cognomento
2536 2170 2736 2242 Calvo,
2766 2174 2821 2226 et
2859 2169 3084 2225 domno
3134 2173 3303 2225 lsaac
3358 2170 3440 2240 (7)
3496 2170 3797 2242 episcopo

2108 2264 2461 2332 restaurata,
2514 2259 2594 2315 ab
2661 2258 3020 2315 honorando
3074 2258 3328 2332 praesule
3387 2261 3680 2315 Brunone
3741 2265 3798 2315 et

2107 2348 2412 2404 Willelmo
2457 2347 2783 2404 venerabili
2813 2347 3054 2415 abbate,
3108 2363 3233 2403 non
3285 2347 3688 2404 solummodo
3733 2349 3794 2404 in

2112 2439 2243 2494 aliis
2268 2438 2470 2508 rebus,
2503 2454 2712 2493 verum
2738 2437 2917 2493 etiam
2948 2437 3009 2492 in
3036 2453 3195 2493 nova
3233 2437 3505 2493 ecclesiae
3557 2437 3793 2493 fabrica

2111 2532 2200 2584 est
2228 2532 2534 2584 renovata.
2569 2531 2634 2582 1n
2665 2527 2838 2598 cujus
2864 2526 3124 2582 basilicae
3155 2526 3308 2582 miro
3360 2543 3546 2599 opere
3601 2528 3786 2582 dom-

2110 2634 2227 2673 nus
2249 2615 2471 2690 praesul
2491 2631 2789 2688 expensas
2820 2615 3158 2683 tribuendo,
3183 2631 3252 2670 ac
3283 2615 3615 2672 columnas
3639 2633 3789 2672 mar-

2110 2721 2351 2762 moreas
2379 2721 2449 2760 ac
2473 2704 2745 2777 lapideas
2770 2707 3173 2777 undecunque
3203 2704 3599 2775 adducenda,
3628 2713 3685 2761 et
3706 2723 3791 2762 re-

2110 2795 2411 2851 verendus
2443 2793 2638 2850 abbas
2671 2793 2989 2864 magistros
3018 2793 3441 2864 conducendo,
3492 2801 3550 2851 et
3582 2794 3786 2868 ipsum

2111 2901 2266 2958 opus
2288 2883 2569 2940 dictando
2609 2883 2980 2953 insudantes,
3031 2883 3286 2953 dignum
3344 2883 3555 2940 divino
3603 2885 3785 2940 cultui

333 2966 499 3038 poris
529 2981 653 3038 quo
684 2965 763 3020 ab
796 2979 867 3019 eo
898 2963 1280 3034 regebantur,
1306 2979 1427 3019 non
1459 2963 1717 3052 quierint
1751 2963 1996 3052 aequari.
2037 2999 2079 3052 C
2111 2973 2405 3046 templum
2457 2976 2936 3028 construxerunt.
2998 2973 3100 3044 Cuj
3113 2989 3179 3027 us
3228 2972 3538 3029 artiﬁciosi
3588 2976 3784 3047 operis

407 3061 459 3109 7.
492 3053 668 3108 Anno
693 3058 859 3109 sexto
887 3070 1009 3108 suae
1037 3051 1432 3108 ordinationis
1466 3051 1787 3107 Willelmus
1809 3051 2000 3108 abbas

340 3146 595 3199 Romam
625 3142 884 3216 perrexit
913 3143 991 3198 ad
1035 3141 1447 3214 apostolorum
1503 3141 1730 3208 limina,
1793 3159 2002 3198 eorum

337 3232 672 3305 patrocinia
729 3247 1062 3304 exposcens
1121 3247 1298 3304 prece
1344 3231 1579 3294 devota.
1610 3231 1872 3304 indeque
1924 3231 2004 3287 ad

342 3323 628 3378 Sanctum
660 3321 956 3391 Angelum
988 3325 1253 3377 montem
1279 3320 1862 3393 petivitGarganum.
1890 3321 2004 3376 Sed

335 3413 742 3467 Beneventum
769 3411 1015 3466 veniens
1043 3410 1412 3479 gravissima:
1444 3408 1807 3466 lnﬁrmitatis
1832 3410 2003 3466 astri-

335 3503 465 3555 ctus
496 3503 583 3554 est
614 3499 927 3570 compede.
956 3499 1137 3568 Cujus
1159 3498 1520 3554 inﬁrmitatis
1553 3498 1838 3554 diuturno
1861 3498 2006 3554 aﬂli~

335 3591 466 3642 ctus
494 3586 808 3656 languore,
841 3603 981 3642 cum
1004 3587 1131 3657 jam
1163 3603 1199 3643 a
1221 3587 1342 3641 suis
1369 3587 1788 3660 desperaretur
1825 3604 2005 3660 posse

335 3674 610 3741 evadere,
635 3675 903 3748 quadam
946 3680 1120 3732 nocte
1146 3680 1352 3748 raptus
1392 3675 1454 3730 in
1487 3676 1695 3749 spiritu
1725 3676 2006 3734 tribunali

337 3763 646 3820 metuendi
673 3764 895 3820 Iudicis
927 3765 1149 3823 sistitur
1183 3783 1195 3831 ;
1242 3764 1346 3820 ubi
1380 3781 1519 3820 cum
1548 3781 1659 3838 pro
1705 3765 2006 3838 aliquibus

335 3847 747 3920 increparetur
776 3848 1145 3918 excessibus,
1179 3853 1237 3904 et
1257 3849 1519 3905 maxime
1550 3864 1659 3921 pro
1685 3849 2008 3908 indiscreta

339 3937 671 4008 severitate,
700 3953 811 4010 pro
841 3937 934 3993 his
965 3937 1157 4010 culpis
1188 3943 1476 3993 metueret
1515 3938 1795 3995 damnari
1837 3944 2006 3996 aeter-

335 4025 428 4080 nis
462 4026 752 4095 gehennae
778 4025 1106 4099 suppliciis,
1140 4030 1205 4081 ut
1243 4026 1355 4082 sibi
1384 4026 1580 4083 visum
1604 4031 1711 4095 est,
1765 4033 2009 4085 sanctus

336 4130 500 4186 papa
530 4115 846 4184 Gregorius
884 4116 946 4171 in
977 4133 1088 4172 sua
1119 4131 1259 4172 eum
1286 4117 1548 4190 suscepit
1580 4116 1720 4187 ﬁde,
1755 4118 2008 4188 diligen-

338 4201 473 4256 tiori
501 4201 785 4276 deinceps
813 4203 1113 4260 victurum
1139 4205 1556 4276 sollicitudine,
1588 4210 1643 4262 et
1692 4208 1895 4280 priora
1925 4225 2010 4264 er-

337 4293 472 4345 rata
507 4289 742 4361 pietatis
785 4296 842 4347 et
888 4293 1310 4352 misericordia:
1370 4295 1654 4368 operibus
1708 4298 2011 4370 expianda

343 4383 751 4436 correcturum
771 4382 915 4438 fore.
939 4386 1074 4440 Post
1092 4383 1388 4442 visionem
1415 4386 1477 4442 in
1501 4393 1687 4443 semet
1712 4405 2008 4458 reversus,

343 4473 402 4525 et
425 4468 505 4525 ab
532 4468 875 4528 inﬁrmitate
906 4473 1120 4529 eadem
1147 4475 1325 4548 coepit
1354 4476 1775 4534 convalescere
1806 4479 1921 4547 die,
1955 4484 2013 4536 et

342 4556 607 4629 priorem
624 4559 1029 4616 austeritatem
1055 4563 1421 4635 permutavit
1439 4563 1502 4618 in
1524 4565 1854 4622 maximam
1883 4567 2009 4640 pie-

343 4649 548 4702 tatem.
598 4646 810 4720 Sicque
866 4654 1076 4722 postea
1131 4651 1296 4706 omni
1348 4651 1484 4707 vitea
1544 4669 1669 4708 suae
1741 4658 2010 4728 tempore

346 4739 626 4791 sanctum
645 4737 994 4806 Gregorium
1025 4738 1270 4811 speciali
1299 4739 1480 4795 coluit
1512 4740 1847 4800 dilectione.
1881 4747 2010 4801 Coe-

343 4828 563 4897 perunt
586 4825 847 4899 denique
879 4843 952 4882 ex
982 4844 1094 4884 sua
1122 4828 1318 4900 patria
1346 4829 1459 4884 hoc
1490 4835 1577 4886 est
1603 4831 1786 4904 italia,
1839 4834 2012 4891 multi

419 4923 489 5003 (4)
521 4921 851 5003 Αξὶᾶηζθᾳῒὶο
877 4924 1060 4981 habet
1086 4926 1582 5003 ‘Vezelz'qcensem,
1604 5000 1617 5003 Α
1641 4929 1736 5003 cui
1794 4947 2007 4987 mona-

347 4994 524 5050 sterio
551 4994 934 5074 quillelrnum
951 5000 1238 5074 nostrum
1259 4997 1442 5074 etiam
1466 4994 1774 5074 prmfuisse
1799 5003 2011 5060 volunt

345 5064 640 5145 nonnulli,
665 5066 923 5145 ‘forte_ex
949 5067 1066 5145 hoc
1097 5067 1249 5145 loco,
1318 5064 1573 5145 Abbatia
1616 5070 1729 5145 _fuit
1778 5074 2006 5130 ordinis

345 5137 556 5216 postri,
578 5137 762 5208 yulgo
806 5139 1074 5216 Vezetay,
1096 5139 1284 5216 _hodie
1320 5140 1383 5196 in
1413 5143 1842 5216 canonicorum
1883 5145 2005 5202 col-

344 5203 912 5288 legium'coiiversat
940 5203 1656 5288 Vergiacumgperseverat
1681 5215 1809 5288 sub,
1852 5217 2009 5288 prio-

345 5276 738 5360 reiiltuz-‘Lti‘tulo'1
765 5279 946 5360 vulgo
976 5297 1014 5360 a
1042 5276 1258 5339 Sancto
1286 5276 1572 5360 Viventio,
1606 5286 1711 5359 qui
1732 5286 1815 5342 ibi
1843 5276 2006 5360 quie-

346 5344 452 5413 vit,
478 5344 672 5400 dictus
689 5348 750 5404 S.
795 5344 1018 5419 Vident,
1059 5369 1249 5426 prope
1295 5344 1591 5427 oppidum
1626 5344 1705 5414 ‘S.
1757 5344 2004 5416 Joannis

348 5415 425 5472 de
455 5419 699 5473 Latona.
779 5427 786 5432 ‘

645 5433 699 5474 8..

420 5488 498 5572 (5)
522 5489 602 5544 De
627 5489 741 5547 hoc
771 5494 1131 5572 monasterio
1173 5494 1328 5552 infra
1380 5497 1680 5567 sigillatim
1730 5515 2000 5572 agemus,

345 5558 637 5640 hactenus
666 5563 1132 5640 perseveraisud
1163 5573 1371 5640 nostra
1418 5558 1471 5625 S1.
1531 5573 1711 5626 Mauri
1756 5558 2000 5640 congrc:

346 5632 606 5704 satione,
632 5632 816 5706 vulgo
844 5634 1016 5708 Beze,
1049 5636 1199 5696 sicut
1225 5644 1282 5694 et
1305 5639 1417 5696 tria
1461 5643 1790 5714 sequentia.
1858 5632 2000 5701 Reo-

2043 4358 2085 4411 D

2109 3064 2307 3119 forma
2331 3067 2388 3118 et
2407 3061 2700 3118 subtilitas
2729 3077 2854 3118 non
2881 3061 3137 3116 inaniter
3185 3061 3534 3136 quibusque
3587 3064 3783 3120 minus

2110 3152 2337 3209 edoctis
2367 3151 2698 3208 ostenditur
2726 3166 2832 3223 per
2847 3151 3088 3218 litteras,
3119 3151 3416 3223 quoniam
3449 3152 3511 3208 in
3532 3169 3607 3209 eo
3643 3153 3784 3208 mul-

2111 3245 2172 3298 ta
2199 3240 2479 3297 videntur
2503 3239 2758 3312 mystico
2789 3255 2970 3294 sensu
2994 3239 3170 3307 facta,
3198 3257 3336 3314 quae
3392 3242 3593 3311 magis
3640 3243 3781 3298 divi-

2111 3346 2206 3386 nae
2258 3328 2636 3402 inspirationi
2691 3344 2877 3402 quam
2932 3328 3183 3400 alicujus
3229 3329 3514 3402 deputari
3566 3331 3781 3386 debent

2114 3417 2338 3492 peritiae
2369 3417 2660 3488 magistri.

2189 3513 2242 3564 9.
2285 3506 2624 3564 Fundatum
2655 3510 2742 3562 est
2771 3511 2973 3562 autem
3003 3506 3116 3561 hoc
3147 3506 3442 3579 templum
3485 3524 3650 3564 anno
3681 3512 3782 3564 Do-

2113 3595 2351 3652 minicee
2384 3595 2815 3652 lncarnationis
2848 3595 3163 3651 millesimo
3193 3595 3411 3666 primo,
3460 3596 3777 3653 indictione

2113 3684 2350 3741 decima
2380 3689 2618 3758 quarta,
2651 3684 2884 3740 decimo
2917 3689 3080 3739 sexto
3112 3684 3413 3740 Kalendas
3444 3687 3651 3742 Martii.
3678 3689 3782 3743 Cu-

2111 3773 2210 3845 jus
2239 3773 2554 3843 longitudo
2586 3773 2983 3829 ducentorum
3013 3773 3197 3828 ferme
3245 3773 3616 3841 cubitorum,
3665 3775 3782 3830 lati-

2114 3863 2261 3919 tudo
2291 3866 2494 3918 autem
2546 3862 2986 3936 quinquaginta
3029 3862 3204 3918 trium
3261 3863 3782 3930 exstitit;altitudo

2113 3967 2252 4007 vero
2309 3951 2372 4006 in
2428 3952 2818 4024 sequentibus
2869 3958 3205 4024 opportune
3233 3951 3487 4008 dicetur.
3542 3954 3786 4010 Inferior

2114 4039 2317 4113 itaque
2373 4039 2593 4096 domus
2650 4040 2956 4104 orationis,
3015 4040 3077 4096 in
3128 4057 3252 4113 qua
3305 4042 3783 4098 sacratissimum

2117 4144 2338 4202 corpus
2368 4128 2558 4184 sancti
2590 4128 2832 4200 Benigni
2889 4128 3169 4200 martyris
3226 4135 3564 4196 veneratur,
3623 4147 3785 4186 eum-

2117 4219 2256 4275 dem
2321 4235 2474 4292 pene
2531 4219 2783 4274 modum
2840 4206 3072 4274 habens
3121 4218 3495 4292 quantitatis,
3541 4219 3786 4276 fulcitur

2117 4307 2360 4359 centum
2410 4307 2672 4376 quatuor
2724 4302 3040 4359 columnis.
3113 4303 3250 4358 Haec
3307 4303 3369 4358 in
3423 4304 3670 4372 ﬁguram
3734 4307 3779 4359 Τ

2117 4388 2318 4444 litterae
2371 4387 2544 4456 facta,
2609 4391 2866 4461 quatuor
2914 4387 3152 4443 ordines
3183 4387 3596 4444 columnarum
3628 4387 3784 4444 duo-

2117 4473 2276 4529 deno
2327 4471 2754 4545 dispositarum
2809 4487 3063 4527 numero
3093 4517 3106 4540 ,
3170 4472 3388 4545 aequali
3445 4472 3787 4529 extenditur

2117 4558 2178 4612 in
2220 4556 2592 4628 longitudine
2644 4561 2701 4613 et
2751 4555 3106 4625 latitudine;
3150 4557 3361 4612 decem
3423 4573 3569 4612 vero
3618 4558 3784 4614 cubi-

2121 4647 2194 4704 tis
2220 4648 2462 4719 erigitur
2503 4646 2564 4702 in
2606 4646 2936 4717 altitudine,
2970 4651 3196 4702 secreta
3226 4663 3299 4702 ex
3328 4653 3590 4720 utraque
3621 4654 3786 4720 parte

2116 4737 2349 4798 habens
2399 4735 2712 4792 vestibula.
2767 4735 3038 4809 Quinque
3111 4751 3258 4790 sane
3322 4736 3385 4792 in
3459 4753 3533 4792 ea
3600 4739 3784 4793 conti-

2119 4831 2336 4882 nentur
2362 4825 2570 4882 altaria
2599 4844 2612 4882 :
2646 4825 2909 4899 primum
2935 4826 2996 4881 in
3025 4826 3316 4881 honorem
3359 4825 3553 4898 ipsius
3600 4829 3787 4884 sancti

2116 4949 2307 5001 maus,
2339 4933 2520 5006 vulgo
2568 4935 3251 5006 Moutiers-Saint-Jean,
3304 4934 3785 5006 Tornodorense,

2118 5010 2174 5061 et
2201 5005 2605 5073 Molundense,
2637 5005 2821 5074 vulgo
2848 5007 3120 5068 Motome,
3143 5004 3205 5058 in
3226 5003 3568 5074 prioratum
3592 5003 3787 5064 Sancti

2117 5076 2363 5157 martini,
2395 5076 2502 5157 qui
2527 5076 2777 5157 sibi‘ipsi
2805 5077 3053 5157 parebat
3077 5076 3456 5157 translatum.

2185 5149 2263 5275 (16)
2313 5153 2368 5204 1s
2399 5147 2510 5204 fuit
2537 5147 2994 5204 archidiaconus
3034 5147 3452 5219 Lingonensis,
3496 5148 3615 5205 sub
3645 5151 3789 5207 Van-

2185 5239 2196 5275 L
2220 5235 2394 5275 orum
2421 5219 2746 5275 irruntione
2790 5219 3040 5274 occisus.

2115 5218 2394 5275 daldrum
2421 5219 2746 5275 irruntione
2790 5219 3040 5274 occisus.

2122 5235 2394 5275 natorum
2421 5235 2540 5274 irru
2588 5235 2746 5275 none
2790 5235 3040 5274 occrsus.

2122 5360 2133 5372 ο
2191 5291 2264 5363 (7)
2308 5290 2499 5372 Oaroli
2527 5235 2796 5372 diploma
2826 5305 2896 5372 ea
2925 5289 2999 5372 de
3023 5304 3105 5368 re,
3138 5287 3304 5370 quod
3333 5292 3501 5344 Isaac
3526 5289 3789 5372 obtinuit

2117 5360 2180 5416 in
2237 5359 2491 5430 gratiam
2545 5359 2892 5418 monasterii
2949 5359 3297 5430 Benigniani
3323 5401 3338 5426 ,
3404 5375 3442 5414 a
3524 5363 3786 5419 Perardo

2117 5429 2344 5488 editum
2374 5438 2498 5489 est:
2531 5432 2674 5488 sicut
2705 5438 2763 5489 et
2786 5431 3036 5488 alterum
3073 5429 3308 5502 Rodulﬁ
3337 5431 3516 5500 regis,
3571 5440 3785 5502 rogatu

2118 5504 2434 5558 Gzamrm‘ini
2492 5505 2828 5575 Lingonum
2885 5501 3192 5576 episcopi,
3263 5501 3323 5556 in
3407 5519 3534 5576 quo
3597 5501 3776 5567 Isaac,

2115 5595 2227 5702 .otci
2275 5581 2669 5643 restaurator,
2725 5577 2891 5632 mirae
2929 5575 3275 5633 sanctitatis
3327 5575 3646 5646 episcopus
3695 5577 3780 5634 di-

2116 5661 2167 5702 Cl
2196 5661 2285 5702 ur.

2116 5661 2285 5703 cuur.
