3976 6180
204 176 314 230 857

1823 189 2004 245 νιΤΑ.

3523 215 3629 270 858

201 299 456 368 Benigni
481 307 568 358 est
584 313 995 364 consecratum
1021 329 1033 379 ;
1067 313 1400 370 secundum
1426 315 1486 370 in
1509 313 1865 370 memoriam
1898 315 1946 368 A
1977 313 2276 372 schemate
2306 317 2551 388 factum,
2610 337 3013 394 senarumque
3043 324 3398 387 illustratum
3430 336 3625 407 splen-

203 389 396 443 sancti
427 391 646 448 Nicolai
676 400 732 450 et
752 398 1020 454 omnium
1052 402 1465 459 confessorum
1499 425 1512 471 ;
1547 405 1782 461 tertium
1805 406 1866 461 in

200 475 650 532 venerationem
673 486 889 537 sancta
906 483 1197 541 Pascasiae
1221 489 1619 563 virginis,quae
1641 491 1865 546 ibidem

199 561 474 632 quiescit,
499 570 555 621 et
583 569 852 626 omnium
879 573 1183 643 virginum
1216 596 1231 645 ;
1265 561 1568 650 quartum,
1594 580 1655 635 in
1678 581 1866 636 sancti

200 652 410 707 lrenzei
433 658 488 709 et
508 658 778 714 omnium
806 666 1137 734 martyrum
1173 684 1185 734 ;
1219 670 1497 739 quintum
1530 669 1645 724 sub
1669 670 1864 725 nomi-

199 739 386 796 nibus
418 749 763 802 sanctorum
785 750 1200 810 confessorum
1222 761 1278 811 et
1303 757 1593 813 abbatum
1634 764 1866 815 sancto-

197 844 340 885 rum
395 832 640 889 Joannis
694 841 752 892 et
807 841 1086 912 Sequani,
1138 849 1315 916 atque
1361 847 1550 903 sancti
1599 849 1864 905 Eustadii

195 919 533 992 presbyteri
561 923 785 982 ibidem
804 929 1181 1000 quiescentis.

281 1013 365 1064 10.
398 1015 462 1066 In
491 1013 604 1069 hac
653 1032 796 1088 ergo
826 1036 1080 1092 corpora
1127 1029 1469 1082 sanctorum
1497 1027 1863 1100 quiescentia

201 1100 511 1171 saepedicti
544 1105 707 1160 testis
765 1109 973 1165 Christi
1021 1111 1197 1168 beata
1244 1115 1520 1171 ambiunt
1565 1119 1858 1189 membra,

200 1203 467 1259 quorum
490 1191 550 1247 in
581 1194 874 1269 principio
913 1199 1095 1270 hujus
1151 1202 1284 1258 libri
1315 1205 1392 1276 (8)
1424 1207 1671 1264 nomina
1725 1215 1861 1266 sunt

198 1277 510 1346 adnotata.
545 1284 899 1342 Sanctorum
929 1305 1070 1346 vero
1099 1292 1512 1352 confessorum
1544 1303 1600 1354 et
1627 1300 1860 1372 episco-

197 1382 420 1438 porum
449 1371 666 1428 Urbani
697 1380 754 1431 et
781 1379 1042 1448 Gregorii
1071 1397 1325 1454 corpora
1349 1385 1408 1440 in
1437 1371 1682 1444 ecclesia
1712 1391 1858 1446 San-

199 1456 277 1512 cti
301 1461 544 1548 Joannis
598 1464 872 1536 Baptistae
930 1469 1204 1540 primitus
1251 1473 1488 1532 fuerunt
1525 1478 1852 1548 tumulata;

194 1551 338 1640 post
354 1546 538 1618 longa
566 1567 709 1607 vero
744 1558 1032 1628 tempora,
1059 1558 1199 1616 inde
1224 1561 1472 1621 elevata.
1509 1568 1704 1623 Sancti
1723 1546 1857 1640 qui;

1975 403 2118 458 dore
2144 403 2555 476 fenestrarum,
2603 411 2843 480 triginta
2871 418 3100 484 septem
3141 415 3373 472 cubitos
3398 403 3625 481 habens

1973 490 2035 546 in
2065 492 2373 563 diametro,
2424 498 2632 554 decem
2685 500 2746 555 in
2785 500 2923 557 alto.
2986 505 3103 557 Hoc
3131 519 3274 559 sane
3307 511 3627 568 oratorium

1976 584 2140 637 terno
2171 584 2588 644 columnarum
2611 589 2818 646 ordine
2848 591 2908 646 in
2937 596 3124 647 semet
3152 600 3454 666 regyrato,
3488 615 3629 668 qua-

1974 670 2251 742 draginta
2275 675 2548 734 videlicet
2576 684 2754 751 atque
2807 685 2959 747 octo,
2994 683 3399 750 geometricali
3429 685 3630 758 dispo-

1976 759 2183 816 sitione
2216 763 2476 820 ambitur
2510 785 2522 833 ;
2555 768 2736 838 hujus
2767 769 3029 842 desuper
3059 772 3298 828 culmen
3329 774 3487 831 celso
3504 793 3630 831 ere-

1975 853 2135 904 ctum
2159 850 2395 921 fastigio
2429 854 2635 924 viginti
2663 862 2923 928 quatuor
2966 860 3406 930 columnarum,
3435 881 3502 920 ac
3535 866 3630 921 tri-

1973 938 2136 1006 ginta
2161 940 2421 996 duorum
2442 959 2712 1012 arcuum,
2745 947 3027 1019 tripertita
3053 953 3353 1024 comparis
3391 955 3627 1011 numeri

1970 1028 2274 1097 machina,
2351 1031 2668 1103 divisione,
2725 1035 2977 1106 eleganti
3043 1043 3479 1099 transvolutum
3538 1050 3627 1101 est

1969 1132 2170 1188 opere.
2213 1121 2332 1174 Hoc
2364 1136 2507 1176 sane
2539 1124 2864 1179 oratorium
2913 1129 3098 1183 sancti
3122 1131 3362 1185 Joannis
3394 1133 3623 1204 Baptis-

1971 1208 2042 1260 tae
2075 1213 2374 1263 sacratum
2427 1215 2516 1265 est
2543 1211 2791 1279 honore,
2840 1215 3010 1285 cujus
3066 1215 3246 1272 altare
3303 1218 3624 1276 illustratur

1970 1293 2148 1348 trium
2177 1295 2571 1353 fenestrarum
2623 1299 2869 1356 lumine.
2927 1302 3015 1356 Ab
3060 1304 3173 1360 hac
3203 1305 3450 1361 ecclesia
3489 1312 3625 1362 sunt

1970 1398 2078 1454 per
2109 1383 2416 1440 cochleam
2449 1387 2658 1444 dextra
2673 1389 2946 1463 laevaque
2973 1391 3210 1461 triginta
3241 1398 3465 1466 septem
3499 1412 3626 1465 gra-

1969 1472 2102 1539 dus,
2157 1474 2380 1530 crebris
2427 1476 2786 1534 sufﬁcienter
2838 1480 3110 1538 illustrati
3183 1483 3475 1551 fenestris,
3521 1501 3627 1557 per

1967 1577 2120 1633 quos
2158 1562 2454 1620 inoffenso
2502 1568 2840 1623 ascenditur
2894 1572 3125 1626 tramite
3180 1573 3258 1628 ad
3314 1573 3625 1629 basilicam

195 1634 339 1691 dem
370 1640 632 1708 Gregorii
663 1644 951 1701 medietas
983 1651 1247 1722 corporis
1277 1653 1336 1708 in
1389 1656 1637 1712 ecclesia
1663 1659 1845 1714 Sancti

2031 1655 2195 1707 motae
2224 1653 2324 1707 Dei
2365 1655 2664 1723 genitricis
2715 1657 2926 1713 Mariae.
2989 1660 3127 1731 Ipsa
3179 1678 3321 1718 vero
3375 1663 3627 1719 ecclesia

199 1725 447 1795 Benigni
473 1733 561 1784 est
578 1733 904 1804 recondita,
926 1741 1192 1811 tempore
1220 1757 1342 1813 quo
1366 1749 1610 1817 prOpter
1629 1754 1857 1804 metum

193 1829 584 1885 paganorum
611 1821 882 1890 ejusdem
910 1829 1098 1883 sancti
1125 1832 1403 1903 martyris
1427 1834 1712 1891 effossum
1736 1854 1859 1892 cor-

195 1917 315 1992 pus
345 1903 614 1963 delatum
640 1908 750 1965 fuit
772 1912 849 1967 ad
900 1915 1197 1974 civitatem
1251 1921 1550 1991 Lingonas
1589 1943 1601 1992 ;
1631 1929 1687 1980 et
1715 1930 1855 1981 tunc

198 1990 318 2046 alia
348 1994 635 2052 medietas
662 2002 925 2072 corporis
955 2005 1181 2075 praefati
1221 1990 1577 2067 confessoris
1623 2013 1738 2069 illic
1768 2020 1854 2072 est

197 2084 443 2171 retenta.
471 2085 664 2141 Sancti
690 2087 948 2162 denique
984 2095 1200 2151 Urbani
1234 2114 1450 2171 corpus
1489 2101 1772 2170 levatum,
1798 2110 1854 2160 et

187 2166 251 2221 in
278 2168 478 2226 loculo
505 2175 787 2248 positum,
823 2181 1022 2237 multis
1062 2185 1492 2245 miraculorum
1532 2191 1717 2261 signis
1747 2211 1854 2266 per

185 2271 331 2340 eum
361 2261 650 2319 Dominus
669 2265 984 2327 lzetiﬁcavit
1005 2275 1188 2330 corda
1214 2277 1578 2336 famulorum
1604 2261 1852 2340 suorum

181 2339 248 2395 in
281 2343 396 2399 hoc
424 2344 558 2402 loco
585 2347 950 2420 degentium.
984 2359 1345 2417 Venerabilis
1376 2381 1518 2420 vero
1548 2369 1712 2422 Isaac
1743 2385 1852 2424 an-

179 2426 382 2517 tistitis
409 2445 650 2504 corpus,
665 2439 1112 2510 cum,exigente
1144 2446 1349 2517 templi
1375 2448 1646 2517 aedificio,
1667 2457 1852 2508 trans-

179 2516 440 2574 ferretur
466 2521 582 2578 alio
613 2541 648 2580 a
695 2527 1068 2597 quibusdam
1127 2516 1557 2608 sacerdotibus,
1588 2543 1855 2600 maxima

180 2621 263 2661 ex
293 2612 460 2679 parte
506 2609 805 2684 integrum
863 2617 1043 2673 simul
1095 2637 1232 2676 cum
1291 2625 1481 2696 capite
1521 2627 1852 2686 clericalem

177 2695 393 2751 adhuc
416 2699 767 2770 praeferente
809 2704 1078 2762 habitam
1111 2709 1292 2765 fertur
1320 2695 1650 2772 inventum.
1688 2719 1852 2774 Simi—

172 2783 322 2839 liter
345 2789 402 2840 et
424 2786 634 2844 domni
661 2791 916 2861 Argrimi
940 2796 1239 2866 pontificis
1267 2816 1338 2855 ac
1360 2805 1642 2860 monachi
1663 2823 1852 2863 sacer-

173 2873 414 2930 dotalia
442 2893 582 2933 cum
636 2881 870 2938 cucullo
900 2900 1135 2942 necnon
1162 2889 1438 2948 interiore
1469 2893 1656 2951 cilicio
1684 2898 1853 2953 vesti-

174 2967 415 3034 menta,
445 2964 506 3020 in
527 2967 934 3028 testimonium
954 2973 1143 3046 ipsius
1173 2980 1644 3054 sanctimonniae,
1663 2987 1853 3042 incor-

173 3058 369 3125 rupta
399 3065 538 3146 sunt
566 3064 818 3130 reperta.
852 3063 940 3118 Ad
967 3064 1081 3121 hoc
1107 3067 1269 3124 haud
1299 3071 1475 3141 longe
1506 3081 1738 3146 reperta
1764 3081 1850 3134 est

176 3148 403 3199 sancta
427 3145 833 3218 Radegundis,
861 3151 1092 3210 habens
1148 3159 1225 3213 ad
1257 3167 1441 3232 caput
1494 3145 1726 3220 titulum
1759 3167 1850 3222 sui

172 3233 452 3289 nominis
479 3235 540 3290 in
565 3236 793 3295 lamina
821 3241 1106 3313 plumbea
1131 3265 1143 3315 ;
1177 3250 1350 3320 cujus
1379 3268 1520 3308 ossa
1541 3260 1736 3311 cerato
1758 3257 1846 3312 in-

174 3321 393 3378 voluta
420 3323 600 3380 linteo
630 3332 770 3383 sunt
793 3331 1035 3388 inventa
1071 3335 1133 3389 in
1164 3353 1348 3410 capsa
1374 3339 1574 3410 lignea
1601 3343 1664 3398 in
1696 3350 1850 3402 terra

174 3412 514 3469 recondita.
547 3416 906 3475 Caeterorum
937 3428 1221 3493 prieterea
1278 3435 1642 3500 sanctorum,
1695 3451 1848 3506 quo-

175 3517 326 3557 rum
357 3518 609 3575 corpora
638 3506 735 3562 hic
766 3517 1097 3568 noscuntur
1122 3517 1434 3589 tumulata,
1466 3521 1678 3578 beatus
1709 3527 1846 3580 Gre-

177 3590 394 3660 gorius
464 3594 837 3652 Turonorum
887 3601 1205 3675 episcopus
1263 3609 1628 3666 mentionem
1686 3613 1844 3687 facit,

179 3696 401 3736 eorum
432 3680 775 3740 describens
819 3689 1100 3759 quaedam
1153 3695 1442 3753 miracula
1473 3700 1568 3770 t9),
1606 3680 1847 3773 Benigni

177 3768 463 3825 videlicet
510 3775 810 3846 martyris,
861 3780 1046 3834 nostri
1078 3783 1348 3853 specialis
1387 3768 1642 3858 patroni,
1675 3768 1850 3847 Tran-

177 3857 358 3930 quilli
409 3876 652 3933 quoque
710 3866 1085 3940 confessoris,
1145 3857 1405 3930 necnoni
1438 3876 1640 3934 Hilarii
1683 3897 1850 3937 sena-

179 3945 355 4015 toris,
380 3952 437 4003 et
461 3949 590 4020 ejus
617 3953 892 4024 conjugis
919 3964 1139 4014 sanctae
1168 3960 1411 4018 Floridaa
1430 3968 1848 4025 sanctimonia-

180 4037 274 4107 lis,
311 4042 492 4110 atque
544 4043 830 4098 Pascasiae
889 4046 1134 4117 virginis
1191 4055 1248 4106 et
1302 4056 1602 4126 martyris.
1656 4059 1788 4114 Haec
1815 4053 1852 4115 ἑ).

185 4133 399 4184 sancto
429 4129 690 4200 Benigno
721 4133 933 4192 edocta
959 4141 1016 4192 et
1040 4137 1357 4211 baptizata,
1391 4150 1525 4216 post
1547 4146 1676 4216 ejus
1698 4163 1851 4203 mar-

185 4218 430 4288 tyrium,
465 4221 1118 4295 saavitiapaganorum
1163 4235 1336 4302 rapta
1384 4237 1471 4288 est
1518 4234 1596 4289 ad
1630 4237 1850 4309 suppli-

181 4305 363 4361 cium.
399 4310 667 4381 Cumque
720 4311 1044 4369 immobilis
1074 4315 1132 4370 in
1177 4317 1296 4374 ﬁde
1329 4320 1537 4377 Christi
1564 4305 1843 4395 persiste-

185 4402 297 4456 ret,
325 4397 521 4468 primo
579 4402 832 4456 carceris
890 4402 1109 4461 afﬂicta
1167 4409 1468 4480 squalore,
1502 4419 1711 4483 postea
1740 4431 1849 4487 pro

189 4483 564 4543 confessione
591 4489 828 4545 Deitatis
859 4495 1147 4550 sententia
1176 4496 1286 4552 fuit
1310 4499 1560 4556 multata
1590 4483 1847 4576 capitali,

188 4577 253 4626 ut
296 4575 576 4645 quzedam
631 4578 816 4636 vitrea
861 4582 1187 4654 antiquitus
1243 4586 1398 4643 facta
1451 4594 1506 4645 et
1555 4607 1746 4664 usque
1772 4575 1850 4650 ad

185 4669 391 4720 nostra
420 4667 754 4737 perdurans
793 4676 1063 4744 tempora
1118 4674 1372 4745 eleganti
1426 4689 1848 4751 pramonstra-

186 4750 288 4806 hat
312 4752 564 4825 pictura.
594 4759 914 4833 Tantorum
948 4776 1092 4831 ergo
1119 4750 1474 4822 venerandis
1497 4771 1848 4842 corporibus

189 4847 535 4900 sanctorum
565 4845 996 4905 honorabiliter
1044 4851 1172 4906 haec
1197 4852 1271 4908 de
1296 4871 1417 4926 qua
1447 4858 1630 4913 modo
1653 4862 1848 4929 agitur

189 4930 435 4986 ecclesia
464 4949 587 4989 non
617 4935 994 4993 mediocriter
1023 4944 1110 4995 est
1147 4941 1354 5014 ditata,
1395 4948 1655 5019 exceptis
1703 4948 1846 5004 alio-

188 5034 320 5075 rum
351 5021 616 5095 reliquiis
644 5031 1008 5097 sanctorum,
1041 5046 1195 5102 quos
1248 5048 1600 5092 enumerare
1642 5054 1845 5110 super-

187 5107 374 5166 ﬂuum
405 5111 658 5169 videtur.

261 5205 342 5255 Η.
378 5201 523 5257 Huic
552 5203 737 5275 paulo
759 5207 1032 5278 superius
1056 5207 1366 5283 descriptae
1395 5212 1844 5288 inferioricryp-

191 5290 258 5343 tte
282 5291 667 5362 conjungitur
695 5295 1023 5351 oratorium
1062 5297 1141 5352 ad
1165 5297 1305 5354 solis
1334 5304 1552 5370 ortum,
1584 5304 1844 5360 rotundo

260 5432 347 5512 (8).
368 5434 445 5513 De
598 5436 975 5518 sanctis.fus_e
1022 5440 1165 5520 agit.
1196 5441 1692 5522 chronographus
1753 5445 1840 5522 sui

193 5503 382 5583 operis
408 5504 604 5583 initio,
627 5523 760 5578 quae
794 5508 842 5562 si
884 5509 971 5583 vis
1001 5503 1259 5583 i'equirei
1291 5503 1585 5583 Spicilegii
1616 5518 1777 5569 tomo
1800 5520 1840 5581 1,

193 5585 324 5642 pag.
354 5578 477 5631 353.
514 5577 786 5633 Urbanus
818 5577 1400 5656 e_t_Gr_ego_riusAfue're
1421 5577 1683 5656 episcopi
1718 5577 1844 5640 LinQ

196 5657 485 5715 gonenses
511 5653 864 5711 monasterii
883 5653 1064 5725 hujus
1081 5653 1436 5725 conditores,
1455 5653 1645 5729 quod
1658 5655 1736 5713 ad
1751 5656 1842 5715 ni-

1883 4371 1930 4427 D

1967 1741 2277 1811 sexaginta
2335 1747 2470 1798 octo
2525 1745 2780 1801 subnixa
2836 1751 2924 1803 est
2982 1751 3297 1822 columnis,
3342 1753 3624 1807 eumdem

1965 1828 2083 1884 fere
2108 1830 2341 1886 habens
2380 1833 2632 1888 modum
2660 1839 2715 1890 et
2746 1836 3004 1892 formam
3062 1839 3120 1893 in
3158 1840 3451 1896 diametro
3501 1842 3623 1898 sive

1962 1918 2023 1973 in
2051 1918 2380 1991 altitudine,
2413 1938 2594 1993 quem
2648 1928 2703 1978 et
2747 1925 3005 1992 inferior,
3068 1929 3443 2001 undenisque
3481 1931 3625 1986 irra-

1963 2006 2162 2061 diatur
2186 2007 2397 2062 vitreis.
2432 2009 2518 2063 Ad
2552 2009 2733 2066 altare
2765 2018 2966 2068 autem
3020 2014 3289 2084 ejusdem
3317 2022 3619 2088 perpetuae

1962 2095 2212 2164 Virginis
2236 2112 2645 2152 marmoreum
2677 2115 2783 2171 per
2803 2105 3062 2172 quatuor
3076 2103 3394 2175 tripertitos
3417 2121 3621 2161 ascen-

1962 2182 2120 2238 ditur
2151 2185 2393 2253 gradus,
2421 2186 2594 2254 juxta
2623 2204 2776 2259 quos
2808 2189 2946 2244 hinc
2978 2195 3033 2244 et
3058 2190 3193 2246 inde
3216 2197 3354 2247 sunt
3375 2192 3617 2261 altaria;

1963 2273 2040 2327 ad
2071 2273 2343 2329 dextram
2366 2275 2613 2346 quidem
2633 2278 2876 2331 Joannis
2906 2279 3286 2348 Evangelistae
3318 2298 3387 2336 ac
3417 2282 3620 2338 Jacobi

1962 2360 2157 2416 fratris
2187 2363 2340 2432 ejus,
2399 2364 2714 2436 Sanctique
2767 2365 3006 2421 Thomaz
3063 2370 3368 2440 Apostoli;
3411 2371 3490 2426 ad
3518 2371 3620 2427 lae-

1961 2465 2103 2504 vam
2133 2467 2276 2506 vero
2316 2452 2504 2506 sancti
2534 2453 2799 2520 Matthsei,
2827 2455 3032 2510 Jacobi
3063 2461 3118 2511 et
3164 2458 3414 2531 Philippi
3441 2477 3618 2532 apos-

1961 2537 2239 2593 tolorum.

2038 2632 2119 2681 t2.
2173 2626 2318 2682 Huic
2365 2627 2580 2683 iterum
2641 2631 3076 2686 concordantes
3127 2637 3183 2688 et
3237 2634 3382 2689 satis
3438 2635 3620 2691 lucidi

1960 2716 2239 2788 utrinque
2269 2732 2376 2788 per
2404 2717 2711 2774 cochleam
2743 2720 2820 2775 ad
2851 2720 3160 2778 ecclesiam
3194 2724 3422 2779 Sanctae
3453 2729 3510 2779 et
3537 2724 3620 2780 in-

1961 2803 2222 2859 dividua:
2273 2805 2564 2861 Trinitatis
2635 2807 2872 2877 triginta
2930 2810 3153 2879 gradus
3229 2813 3620 2870 continuatim

1960 2898 2246 2965 praestant
2275 2910 2612 2951 ascensum.
2648 2899 2780 2953 Haec
2809 2897 2869 2953 in
2918 2900 3169 2956 modum
3195 2918 3430 2959 coronae
3453 2920 3620 2959 cons-

1962 2985 2171 3052 tructa,
2204 2982 2442 3051 triginta
2470 3001 2712 3058 quoque
2743 2991 2798 3041 et
2823 3003 2924 3042 sex
2953 2987 3160 3045 innixa
3192 2991 3505 3064 columnis,
3538 2993 3619 3048 fe-

1959 3072 2172 3126 nestris
2204 3072 2493 3144 undique,
2519 3090 2588 3129 ac
2615 3074 2872 3148 desuper
2894 3079 3102 3150 patulo
3123 3080 3272 3136 ccelo
3300 3081 3503 3137 lumen
3534 3083 3617 3138 in-

1960 3158 2371 3227 fundentibus,
2404 3161 2588 3218 micat
2640 3164 2858 3219 eximia
2909 3165 3191 3235 claritate,
3227 3170 3618 3240 amplitudine

1959 3248 2220 3304 inferiori
2250 3250 2460 3305 domui
2491 3251 2838 3318 consimilis,
2871 3255 2975 3309 sed
3033 3255 3239 3325 viginti
3279 3257 3617 3314 cubitorum

1958 3337 2302 3393 altitudinis.
2334 3339 2529 3395 Altare
2563 3342 2790 3397 Sanctae
2820 3343 3111 3399 Trinitatis
3135 3344 3214 3400 ita
3245 3351 3332 3400 est
3355 3347 3617 3418 positum

1958 3432 2022 3482 ut
2049 3428 2448 3501 undecunque
2477 3429 2971 3502 ingredientibus,
3001 3449 3070 3488 ac
3111 3433 3455 3508 ubicunque
3513 3452 3620 3508 per

1956 3517 2269 3572 ecclesiam
2300 3519 2780 3587 consistentibus,
2815 3521 2889 3576 sit
2916 3523 3323 3594 perspicuum.
3351 3524 3490 3580 inde
3513 3541 3620 3598 per

1955 3605 2445 3678 quadrigeminas
2468 3608 2661 3664 scalas
2710 3609 3057 3666 altrinsecus
3078 3611 3265 3668 factas
3297 3613 3372 3668 ad
3406 3630 3617 3686 supre-

1954 3711 2055 3750 ma
2109 3700 2270 3768 patet
2315 3713 2647 3765 ascensus;
2701 3716 2959 3771 quarum
2984 3701 3120 3756 duae
3163 3703 3379 3774 aequali
3433 3704 3618 3760 modo

1954 3785 2161 3857 positae
2192 3802 2298 3858 per
2322 3787 2667 3858 quindecim
2698 3791 2922 3857 gradus
2956 3807 3146 3860 usque
3196 3792 3275 3846 ad
3304 3794 3500 3847 Sancti
3527 3795 3620 3849 Mi-

1957 3874 2179 3942 chaelis
2210 3875 2649 3945 protenduntur
2685 3878 3033 3942 oratorium,
3064 3879 3297 3933 habens
3326 3879 3387 3932 in
3425 3879 3619 3947 longi-

1960 3961 2163 4016 tudine
2196 3961 2432 4016 cubitos
2462 3961 2701 4030 triginta
2751 3968 2890 4031 tres,
2923 3963 2984 4016 in
3016 3963 3324 4018 altitudine
3383 3965 3615 4033 decem,

1960 4050 2058 4105 vili
2088 4051 2243 4106 facta
2285 4052 2406 4120 (sic)
2437 4051 2706 4106 chemate
2738 4069 2750 4118 ;
2813 4053 3098 4107 fenestras
3147 4053 3327 4108 habet
3367 4060 3614 4127 septem.

1959 4139 2098 4194 Aliae
2128 4155 2271 4194 vero
2302 4139 2437 4193 duas
2469 4154 2576 4211 per
2627 4139 3066 4212 quinquaginta
3103 4141 3324 4212 gradus
3377 4161 3617 4202 sursum

1959 4227 2222 4299 dirigunt
2251 4243 2543 4297 gressum.
2563 4229 2655 4284 Ad
2680 4229 2802 4284 ima
2828 4234 3028 4285 autem
3055 4231 3273 4287 harum
3295 4233 3614 4304 scalarum,

1957 4316 2103 4372 bina
2132 4332 2314 4388 super
2339 4332 2580 4372 murum
2613 4317 3088 4376 deambulatoria
3111 4325 3249 4376 sunt
3280 4321 3455 4390 facta,
3481 4340 3616 4396 quae

1960 4406 2176 4478 aequali
2208 4405 2402 4478 spatio
2434 4406 2512 4460 ab
2543 4406 2812 4462 orientali
2839 4412 3007 4480 parte
3027 4426 3216 4483 usque
3247 4413 3324 4466 ad
3347 4412 3620 4467 occiden-

1960 4496 2162 4566 talem,
2193 4500 2250 4551 et
2277 4495 2434 4551 infra
2483 4495 2794 4568 templum,
2821 4512 2928 4569 per
2981 4514 3155 4553 arcus
3203 4499 3617 4553 deambulato-

1958 4586 2097 4656 rios,
2117 4591 2173 4642 et
2194 4602 2376 4658 supra
2408 4591 2623 4642 tectum
2638 4586 2857 4642 domus
2881 4603 3055 4642 muro
3082 4586 3408 4641 altitudinis
3438 4586 3616 4642 trium

1958 4676 2142 4731 ferme
2173 4675 2511 4731 cubitorum
2539 4677 3009 4747 circumquaque
3041 4674 3419 4746 pergentium
3445 4689 3478 4728 a
3495 4675 3614 4729 rui-

1957 4781 2036 4820 na
2066 4769 2386 4838 protegunt
2433 4765 2756 4819 incessum.
2790 4760 2921 4819 Haec
2975 4768 3179 4818 tamen
3201 4763 3280 4818 ad
3309 4763 3615 4818 dexteram

1959 4855 2330 4910 sinistramve
2356 4860 2588 4927 partem
2621 4852 2825 4925 templi
2856 4852 3226 4923 incipientes,
3285 4851 3530 4905 interius
3561 4856 3617 4907 et

1959 4945 2168 5000 subtus
2196 4944 2322 5000 alas
2359 4945 2488 5014 ejus
2541 4958 2814 5011 gressum
2867 4956 2975 5013 per
3018 4939 3320 5012 quosdam
3351 4939 3615 4995 occultos

1956 5035 2151 5090 aditus
2177 5033 2254 5088 ad
2288 5048 2564 5104 suprema
2585 5031 2718 5086 tecti
2744 5030 3080 5100 dirigentes,
3101 5028 3614 5100 plavo,utdictum

1955 5129 2061 5187 est,
2085 5121 2232 5177 calle
2262 5120 2569 5175 deducunt
2612 5120 2903 5174 introrsus
2959 5117 3244 5188 undique,
3279 5118 3470 5173 donec
3520 5135 3616 5174 su-

1955 5209 2335 5284 perliminare
2365 5207 2823 5263 occidentalium
2875 5212 3184 5279 portarum
3233 5207 3611 5281 attingentes,

1955 5315 2062 5373 per
2090 5296 2309 5370 pariles
2341 5296 2534 5352 scalas
2556 5295 2765 5367 viginti
2805 5296 3103 5365 graduum
3131 5296 3192 5351 in
3223 5297 3486 5370 porticus
3513 5302 3614 5354 Ec-

1955 5442 2145 5498 hilum
2176 5457 2328 5513 pene
2370 5440 2940 5520 prolapsum_lsaac
2995 5440 3287 5520 ⁸Βῐξιιηοῃίε
3339 5440 3616 5520 decessor

1955 5511 2222 5569 restituit.
2255 5516 2331 5568 Dc
2357 5511 2630 5590 [\rgrimo
2670 5515 2870 5590 actum
2924 5515 3010 5565 est
3042 5511 3268 5590 StPCtllO
3300 5511 3607 5590 superiori.

2025 5588 2102 5655 (9)
2137 5590 2198 5640 In
2219 5585 2370 5640 libro
2403 5580 2554 5638 1.7De
2578 5581 2765 5651 gloria
2794 5587 2991 5651 mart.,
3019 5599 3150 5654 cap.
3169 5586 3254 5636 50.
3286 5586 3341 5636 et
3370 5580 3430 5635 in
3459 5580 3612 5637 libro

1957 5660 2036 5712 De
2065 5657 2255 5729 gloria
2283 5655 2561 5725 confess,
2593 5668 2725 5727 cap.
2757 5656 2826 5710 42
2852 5657 2909 5710 et
2937 5669 3103 5724 seqq.
