3976 6180
380 196 485 250 859

381 317 573 374 clesiaa
626 315 871 386 majoris
922 313 1253 384 deponunt.
1311 315 1452 378 Quae
1501 311 1578 367 ad
1632 311 1818 366 instar
1847 306 2038 364 crucis
2073 317 2121 368 Α

381 407 673 465 aedificata
697 403 879 459 habet
905 402 967 457 in
1019 401 1392 470 longitudine
1420 401 1654 457 cubitos
1693 403 1934 455 centum
1959 395 2040 451 vi-

383 494 526 564 ginti
555 496 707 558 octo,
764 490 826 548 in
879 489 1210 557 latitudine,
1265 489 1418 546 sicut
1469 488 1882 562 praescriptum
1929 489 2035 552 est,

380 579 821 655 quinquaginta
875 584 1012 653 tres,
1069 579 1131 636 in
1179 579 1487 636 altitudine
1545 591 2038 652 quaquaversum

379 669 789 745 permaximos
821 669 1062 740 triginta
1109 673 1165 725 et
1196 685 1388 725 unum
1441 669 1692 736 cubitos,
1717 676 1719 678 '
1746 667 1808 723 in
1839 664 2039 722 medio

380 764 581 816 autem
610 758 1060 834 quadraginta;
1117 757 1488 814 illuminatur
1533 755 1909 832 septuaginta
1958 753 2039 809 vi-

379 849 538 918 treis,
569 849 926 923 fulciturque
973 851 1210 905 centum
1243 848 1451 919 viginti
1490 853 1546 904 ct
1570 863 1696 903 una
1723 843 2039 916 columnis,

380 955 641 1014 quarum
665 938 968 996 nonnullae
989 939 1163 1010 juxta
1193 938 1388 1012 capita
1404 937 1885 1005 fortissimarum,
1903 949 2039 1006 quae

381 1032 520 1085 sunt
547 1029 972 1102 quadraginta,
1006 1029 1266 1101 pilarum
1294 1026 1827 1101 quadrangulatim
1854 1028 2038 1080 statu-

380 1122 475 1190 tm,
534 1133 656 1173 una
713 1118 888 1191 quasi
936 1117 1115 1172 simul
1159 1117 1434 1174 coronari
1487 1117 1765 1172 videntur
1795 1128 2036 1180 corona,

379 1208 659 1280 quamvis
687 1223 810 1264 non
837 1207 1015 1263 unius
1042 1207 1115 1264 sit
1161 1207 1591 1279 magnitudinis
1617 1205 1889 1262 omnium
1920 1203 2039 1258 for-

379 1313 499 1352 ma.
533 1296 725 1352 Habet
749 1297 889 1352 hinc
920 1300 977 1352 et
1004 1296 1143 1352 inde
1184 1297 1456 1367 geminas
1488 1295 1752 1368 porticus
1784 1290 2037 1364 duplici-

378 1389 464 1442 ter
494 1385 910 1454 transvolutas,
941 1386 1002 1440 in
1033 1386 1254 1458 quibus
1309 1385 1403 1440 bis
1459 1384 1603 1440 bina
1663 1383 2039 1439 continentur

377 1475 606 1530 altaria.
639 1479 685 1530 A
715 1479 882 1548 parte
911 1475 1156 1548 quidem
1205 1474 1503 1546 aquilonis
1535 1491 1724 1529 unum
1753 1473 1814 1527 in
1843 1473 2036 1526 hono-

376 1579 504 1619 rem
533 1568 874 1619 sanctorum
907 1563 1317 1636 apostolorum
1347 1563 1496 1618 Petri
1524 1568 1581 1618 et
1600 1561 1870 1629 Andreae,
1902 1560 2039 1615 alte-

1375 229 1386 242 .
1430 184 1799 243 GUILLELMI
1837 181 2130 238 ABBATIS
2171 180 2227 238 Β.
2270 183 2547 238 BENIGNI
2588 184 2844 240 DIVION.

3703 187 3802 241 860

2151 306 2292 375 gnia
2317 313 2691 377 ornamenta,
2709 307 2981 364 videlicet
3006 322 3282 378 gemmae,
3311 306 3499 380 pallia
3526 308 3801 380 pretiosa,

2149 411 2364 468 capsae,
2398 397 2634 468 tabulae,
2659 414 2914 464 coronae,
2942 413 3089 453 vasa
3115 412 3359 470 quoque
3382 397 3803 464 ecclesiastica.

2148 500 2254 539 seu
2281 485 2645 542 candelabra
2671 502 2744 542 ex
2791 485 2920 542 auri
2949 485 3297 558 argentique
3327 485 3586 542 metallo
3644 485 3807 543 fabri-

2148 578 2298 642 cata,
2333 592 2472 630 cum
2526 576 2789 648 imagine
2837 576 3154 633 Salvatoris
3205 575 3437 632 Domini
3499 577 3700 632 nostri
3747 594 3805 634 ex

2149 680 2318 734 auro,
2346 665 2505 720 fusili
2535 682 2714 740 opere
2741 665 2916 732 facta,
2943 666 3244 722 latronum
3274 665 3514 737 fraude,
3540 665 3609 720 in
3637 665 3807 738 ipsius

2149 753 2335 809 sancti
2361 754 2695 824 festivitate,
2723 755 2933 812 occisis
2961 755 3332 822 custodibus,
3364 754 3535 810 furto
3581 755 3806 812 fuerunt

2148 848 2475 918 asportata.
2534 849 2666 902 Haec
2704 850 3062 902 ornamenta
3115 861 3152 900 a
3202 847 3593 902 Guntramno
3623 850 3682 902 et
3717 862 3807 901 cte-

2147 934 2285 991 teris
2315 935 2548 1004 legibus
2573 936 2712 992 huic
2737 936 2890 1004 loco,
2923 951 3034 1008 pro
3071 935 3454 991 veneratione
3485 938 3550 991 et
3592 935 3804 993 honore

2149 1013 2251 1080 Dei
2281 1024 2591 1097 sanctique
2622 1025 2862 1096 Benigni
2905 1025 3186 1098 martyris
3212 1025 3553 1097 antiquitus
3585 1025 3803 1093 collata,

2148 1113 2255 1168 sed
2317 1114 2529 1188 priscis
2595 1114 2965 1188 temporibus
3036 1114 3328 1184 sacrilega
3394 1114 3803 1186 pessimorum

2147 1218 2337 1258 manu
2385 1202 2643 1273 sublata,
2699 1204 2897 1259 nullus
2939 1206 3149 1276 postea
3202 1201 3422 1258 exstitit
3468 1203 3802 1275 principum

2147 1292 2251 1365 qui
2283 1297 2514 1348 tantum
2545 1292 2836 1366 potuisset
2859 1308 3212 1365 recuperare
3242 1293 3628 1348 thesaurum.
3690 1295 3800 1349 Haec

2147 1381 2226 1438 ad
2254 1381 2686 1438 notiﬁcandam
2739 1381 3108 1438 Divionensis
3150 1381 3267 1437 loci
3313 1381 3738 1453 antiquitatem
3758 1387 3801 1438 et

2149 1471 2401 1540 gloriam
2427 1472 2636 1544 paucis
2666 1472 2824 1527 dicta
2854 1476 3010 1526 sunt.
3065 1470 3215 1526 Illud
3244 1469 3306 1526 in
3336 1470 3464 1526 ﬁne
3511 1471 3796 1527 notiﬁcan-

2150 1559 2296 1615 dum
2326 1565 2432 1630 est,
2464 1561 2525 1615 in
2550 1559 2755 1632 templi
2809 1559 2976 1615 istius
3019 1557 3271 1614 aediﬁcio
3325 1575 3464 1614 esse
3505 1559 3795 1614 columnas

376 1669 510 1708 rum
540 1652 603 1707 in
652 1653 945 1708 honorem
999 1654 1185 1708 sancti
1233 1651 1647 1707 Bartholomaei
1695 1656 1752 1706 et
1782 1649 2038 1707 Simonis
2067 1678 2109 1732 Β
2153 1654 2442 1706 trecentas
2468 1649 2847 1723 septuaginta
2877 1654 2934 1706 et
2961 1665 3168 1721 unam,
3199 1649 3471 1722 exceptis
3526 1649 3640 1704 illis
3683 1665 3793 1722 qua:

383 1746 562 1815 atque
611 1741 893 1798 Thaddaei
938 1742 1366 1814 apostolorum.
1431 1741 1624 1798 Sancti
1679 1756 1821 1796 vero
1879 1738 2038 1794 Pauli

377 1830 559 1886 altare
589 1835 678 1886 est
705 1829 767 1885 in
798 1830 1088 1902 superiori
1114 1830 1384 1897 ecclesia,
1420 1835 1556 1886 ante
1607 1846 1776 1886 aram
1809 1831 2041 1884 Sanctae

375 1917 688 1988 Trinitatis,
720 1934 792 1974 eo
847 1918 1014 1990 quod
1063 1918 1190 1990 ipse
1238 1922 1402 1974 ratus
1431 1917 1510 1973 ad
1555 1917 1789 1973 tertium
1819 1915 2038 1972 coelum

376 2006 522 2062 vidit
547 2004 916 2062 secreta‘Dei.
977 2010 1021 2061 A
1061 2006 1308 2062 meridie
1339 2011 1478 2062 sunt
1499 2006 1728 2076 altaria,
1760 2021 1951 2061 unum
1976 2004 2038 2059 in

375 2095 667 2151 honorem
699 2098 1044 2150 sanctorum
1075 2094 1486 2167 apostolorum
1521 2095 1771 2152 Matthaei
1809 2098 1865 2149 et
1894 2096 2036 2150 Bar-

375 2183 570 2253 nabas,
603 2201 673 2240 ac
733 2186 902 2240 Lucae
954 2184 1381 2255 evangelistee;
1432 2185 1594 2240 aliud
1629 2184 1687 2240 in
1743 2185 2035 2240 honorem

377 2278 720 2329 sanctorum
769 2277 1108 2346 martyrum
1157 2274 1459 2346 Stephani,
1517 2274 1809 2330 Laurentii
1857 2278 2035 2346 atque

374 2363 679 2419 Vincentii.
713 2367 810 2419 Est
838 2364 999 2419 aliud
1021 2365 1204 2420 altare
1227 2365 1305 2420 ad
1330 2365 1761 2421 occidentalem
1790 2364 2034 2438 plagam

376 2449 657 2519 ecclesiae,
689 2451 750 2506 in
781 2451 994 2508 eodem
1041 2453 1221 2510 latere
1271 2454 1606 2510 meridiano
1636 2454 1695 2508 in
1741 2454 2034 2510 honorem

376 2543 722 2595 sanctorum
752 2543 1100 2610 Mammetis,
1150 2543 1452 2612 Desiderii,
1514 2543 1876 2612 Leodegarii,
1931 2546 2032 2599 Se-

373 2629 658 2698 bastiani,
691 2630 962 2701 Gengulﬁ
1015 2636 1372 2704 martyrum.
1431 2635 1498 2688 Et
1552 2648 1624 2687 ex
1650 2636 1819 2704 parte
1849 2630 2034 2686 altera

375 2723 718 2775 sanctorum
751 2725 1084 2792 martyrum
1107 2720 1439 2793 Polycarpi,
1463 2720 1775 2782 Audochii,
1803 2718 2030 2790 Thyrsi,

372 2808 642 2877 Andeoli,
693 2808 1113 2881 Simphoriani,
1184 2809 1434 2878 Georgii,
1494 2808 1918 2880 Christophori,
1977 2811 2034 2863 et

375 2901 719 2952 sanctorum
796 2896 1206 2952 confessorum
1287 2897 1508 2953 Urbani
1591 2903 1648 2954 et
1735 2895 2030 2967 Gregorii,

373 3000 635 3056 quorum
688 2985 1041 3057 corporibus
1085 2986 1413 3042 adornatur
1476 3003 1740 3060 praesens
1785 2987 2028 3042 domus.

373 3071 702 3145 Princrpale
731 3073 914 3130 altare
939 3078 1026 3130 est
1055 3081 1354 3132 sacratum
1382 3077 1444 3131 in
1475 3077 1769 3133 honorem
1797 3081 2030 3132 sancto-

371 3177 508 3217 rum
553 3164 810 3220 Mauricii
858 3169 1037 3238 atque
1077 3166 1340 3237 Benigni,
1400 3166 1700 3238 simulque
1748 3166 2030 3223 Omnium

374 3253 729 3310 Sanctorum
763 3273 775 3322 ;
817 3255 1002 3312 altare
1029 3256 1107 3312 ad
1136 3256 1445 3312 dexteram
1467 3258 1599 3328 ejus
1628 3257 1688 3312 in
1734 3257 2029 3313 honorem

373 3343 562 3400 sancti
592 3345 906 3418 Raphaelis
935 3346 1279 3416 archangeli
1328 3351 1385 3403 et
1409 3347 1684 3403 omnium
1713 3347 2028 3404 beatorum

328 3481 338 3490 .
370 3431 688 3504 spirituum
721 3451 735 3501 ;
762 3434 840 3488 ad
860 3433 1078 3489 laevam
1107 3450 1244 3489 vero
1269 3435 1329 3489 in
1362 3436 1653 3490 honorem
1682 3435 1870 3490 sancti
1885 3437 2029 3491 Mar-

370 3520 422 3574 ci
452 3520 880 3589 evangelistte;
935 3527 1112 3594 atque
1169 3523 1229 3578 in
1281 3523 1481 3579 medio
1536 3524 1726 3596 ipsius
1764 3522 2026 3580 ecclesiae

368 3605 552 3662 altare
573 3608 800 3663 Sanctae
825 3610 1042 3677 Crucis,
1065 3611 1468 3683 Omniumque
1498 3615 2026 3669 Sanctorum.Ante

367 3695 482 3750 hoc
508 3694 692 3750 altare
720 3695 934 3768 triplex
965 3704 1200 3754 constat
1223 3699 1496 3754 introitus
1537 3705 1780 3772 cryptae,
1812 3700 1872 3756 in
1899 3701 2026 3773 qui-

367 3783 560 3840 decim
584 3784 877 3853 gradibus
901 3787 1243 3844 ascenditur
1270 3788 1349 3846 ab
1378 3788 1510 3861 ipsa
1538 3789 1612 3846 ad
1656 3791 2020 3862 superiorem

367 3873 704 3932 ecclesiam.
1917 3943 1928 3954 δ

441 3969 526 4023 13.
557 3967 909 4038 Sepulcrum
956 3983 1099 4024 vero
1156 3969 1344 4026 sancti
1392 3973 1449 4025 et
1473 3969 1717 4039 gloriosi
1747 3971 2024 4043 martyris

362 4054 444 4110 ita
474 4060 563 4112 est
587 4061 994 4114 constructum
1025 4075 1037 4114 :
1067 4064 1156 4116 est
1201 4059 1410 4116 tumba
1447 4075 1521 4115 ex
1575 4061 1822 4132 quadris
1845 4061 2027 4116 aediﬁ-

365 4145 498 4196 cata
526 4142 850 4213 lapidibus,
875 4162 1010 4216 qum
1041 4151 1176 4203 octo
1207 4147 1439 4203 cubitos
1470 4148 1532 4202 in
1559 4147 1833 4219 longum,
1858 4149 2023 4221 quin-

365 4243 483 4300 que
514 4233 715 4286 autem
747 4237 904 4289 tenet
946 4234 1006 4289 in
1054 4235 1262 4292 latum.
1319 4237 1501 4307 Cujus
1561 4253 1849 4294 cacumen
1879 4238 2025 4310 lapi-

363 4315 546 4372 deum
577 4323 836 4388 quatuor
867 4322 1189 4380 sustinetur
1220 4324 1505 4396 suffragio
1549 4326 1968 4383 columnarum
2001 4347 2013 4396 ;

362 4405 622 4478 desuper
651 4411 851 4463 autem
904 4414 1166 4481 quatuor
1215 4412 1511 4469 columnis
1558 4431 1912 4472 marmoreae
1942 4417 2018 4473 lo-

361 4499 511 4552 catae
533 4501 703 4552 erant
733 4497 1083 4570 antiquitus.
1120 4500 1270 4558 Olim
1299 4517 1479 4574 super
1519 4503 1790 4576 lapideos
1847 4522 2020 4563 arcus

361 4584 467 4656 qui
495 4585 902 4654 continebant,
962 4588 1241 4646 absidam
1298 4590 1567 4648 ferebant
1611 4593 1872 4663 ligneam
1919 4613 2020 4652 sex

362 4673 700 4730 cubitorum
748 4675 1158 4749 longitudinis,
1191 4683 1248 4736 et
1285 4680 1463 4736 trium
1513 4680 1859 4752 latitudinis,
1894 4701 2015 4757 sep-

360 4766 602 4837 temque
631 4780 701 4822 ac
720 4765 898 4821 semis
928 4767 1276 4837 altitudinis,
1305 4786 1439 4842 quae
1464 4771 1730 4844 undique
1787 4788 1936 4830 auro
1965 4780 2021 4831 et

361 4858 608 4922 argento
633 4855 842 4911 vestita
865 4856 1174 4915 historiam
1235 4860 1552 4916 Dominicae
1591 4862 1908 4919 nativitatis
1965 4869 2021 4920 et

358 4944 657 5016 passionis
677 4947 1198 5018 praemonstrabat,
1243 4950 1590 5023 anaglypho
1621 4951 2015 5023 prominente,

360 5047 542 5105 opere
571 5034 807 5105 pictura
854 5036 997 5092 satis
1035 5037 1281 5110 optima.
1316 5041 1528 5094 Verum
1577 5041 1691 5095 hoc
1733 5041 2020 5097 decentis-

363 5120 605 5190 simum,
637 5123 712 5178 de
763 5141 885 5196 quo
933 5125 1258 5198 loquimur,
1314 5133 1759 5199 ornamentum,
1813 5130 1892 5187 ob
1935 5148 2020 5188 re-

362 5209 723 5264 creationem
753 5228 1089 5286 pauperum
1116 5219 1383 5287 tempore
1405 5216 1582 5272 famis
1627 5217 1736 5275 fuit
1771 5220 2020 5294 dissipa-

361 5298 491 5351 tum
519 5311 555 5351 a
583 5295 808 5354 domno
835 5301 1052 5360 abbate
1089 5303 1395 5369 Willelmo,
1427 5309 1483 5361 et
1534 5322 1672 5362 cum
1703 5325 1887 5382 capsa
1914 5328 2018 5367 au-

361 5400 465 5441 rea
493 5384 738 5442 miriﬁce
774 5393 1026 5457 gemmis
1084 5402 1389 5465 exornata,
1448 5397 1785 5470 pariterque
1828 5401 2017 5455 tribus

362 5475 584 5531 tabulis
617 5492 685 5533 ac
712 5476 951 5534 duobus
998 5483 1314 5540 thuribulis
1368 5487 1680 5556 argenteis,
1714 5489 2018 5545 crucibus-

362 5579 500 5638 que,
534 5581 604 5622 ac
643 5583 824 5624 omne
878 5579 1298 5630 ornamentum
1356 5575 1417 5630 in
1475 5592 1622 5633 auro
1665 5583 1721 5635 et
1769 5584 2015 5650 argento

361 5656 800 5714 venumdatam
855 5662 961 5717 est.
1006 5663 1156 5722 Ante
1197 5663 1328 5723 haec
1356 5681 1499 5723 vero
1553 5670 1849 5742 tempore,
1877 5669 2016 5730 insi-

2148 1739 2209 1794 in
2237 1738 2499 1794 turribus
2526 1743 2583 1795 et
2608 1739 2899 1794 altaribus
2931 1742 3088 1793 sunt.
3145 1741 3438 1793 Fenestrm
3473 1737 3694 1793 clausa:
3721 1736 3791 1792 vel

2147 1827 2498 1886 claudenda
2528 1829 2680 1885 vitro
2705 1833 2947 1886 centum
2971 1827 3404 1898 viginti,turres
3437 1831 3604 1895 octo,
3634 1832 3790 1900 porte

2146 1923 2287 1988 tres,
2317 1919 2468 1974 ostia
2496 1919 2704 1988 viginti
2741 1922 3018 1991 quatuor.

2221 2011 2305 2064 14.
2341 2012 2506 2064 Nunc
2527 2008 2605 2064 ad
2621 2024 2693 2064 ea
2721 2024 2854 2080 quae
2883 2006 3282 2063 omiseramus
3310 2007 3508 2079 patris
3537 2005 3786 2062 Willelmi

2146 2097 2501 2170 explicanda
2529 2101 2700 2167 gesta
2741 2096 2962 2168 stylum
3017 2101 3342 2153 vertamus.
3395 2098 3781 2166 Augustorum

2147 2202 2251 2241 seu
2281 2201 2492 2256 regum
2518 2185 2744 2259 palatia
2804 2201 2944 2240 cum
2973 2185 3139 2250 adiit,
3188 2186 3252 2240 in
3280 2184 3350 2240 iis
3375 2200 3512 2241 non
3541 2185 3782 2258 qum—sivit

2143 2292 2275 2347 quae
2305 2290 2416 2329 sua
2455 2278 2612 2342 sunt,
2643 2273 2749 2330 sed
2769 2290 2905 2347 quae
2934 2277 3074 2329 Jesu
3121 2273 3353 2342 Christi,
3406 2279 3482 2330 ut
3506 2290 3579 2330 ex
3602 2291 3777 2330 eorum

2145 2364 2363 2420 scilicet
2385 2363 2662 2419 familiari
2690 2363 3082 2420 collocutione
3109 2363 3459 2419 subveniret
3511 2364 3777 2436 oppressis

2145 2470 2254 2509 sua
2282 2453 2712 2509 interventione
2746 2471 2759 2522 ;
2808 2457 2912 2509 aut
2953 2457 3108 2508 certe
3137 2468 3213 2508 ex
3269 2451 3550 2509 saeculari
3579 2450 3664 2506 vel
3687 2449 3772 2504 cle-

2140 2542 2303 2598 ricali
2330 2543 2542 2598 habitu
2599 2545 2720 2598 Deo
2777 2541 3151 2610 lucriﬁcaret,
3211 2545 3296 2613 ut,
3339 2541 3522 2612 juxta
3575 2538 3771 2596 Domini

2141 2636 2530 2705 praeceptum,
2562 2632 2806 2704 propria
2851 2631 3275 2703 relinquerent,
3305 2633 3364 2686 et
3412 2628 3768 2686 meularibus

2142 2721 2300 2776 curis
2333 2719 2575 2776 semotis
2619 2723 2739 2776 Deo
2784 2720 2846 2776 in
2894 2719 3312 2792 tranquillitate
3333 2719 3559 2776 servire
3607 2717 3769 2774 stude—

2140 2812 2289 2865 rent.
2316 2808 2764 2865 Conveniebant
2793 2808 2971 2879 igitur
2999 2808 3078 2864 ad
3107 2823 3247 2882 eum
3276 2808 3543 2881 plurimi,
3575 2811 3634 2863 ut
3649 2805 3766 2862 dixi-

2142 2915 2298 2966 mus,
2330 2901 2388 2952 et
2413 2897 2548 2953 licet
2569 2897 2788 2953 diversi
2803 2896 3166 2966 nationibus,
3194 2900 3395 2954 mente
3411 2902 3610 2953 tamen
3626 2895 3762 2950 uniti.

2145 2988 2476 3044 Laetabatur
2501 2991 2704 3060 pastor
2723 2988 2784 3044 in
2815 2987 2907 3043 sui
2937 2987 3130 3057 gregis
3182 2992 3533 3058 augmento,
3581 2984 3764 3056 magis-

2141 3093 2258 3149 que
2290 3077 2595 3146 gaudebat
2616 3077 2782 3149 quod
2802 3092 3016 3132 omnes
3046 3075 3355 3134 instabant
3381 3076 3541 3148 Operi
3577 3089 3761 3146 propo-

2142 3166 2270 3222 sito.
2306 3169 2522 3222 Verum
2553 3166 2695 3239 quia
2721 3182 2900 3238 super
2951 3181 3197 3236 gregem
3248 3165 3366 3221 sibi
3399 3164 3756 3223 commissum

2142 3256 2342 3312 solerti
2373 3257 2635 3328 vigilavit
2665 3273 2829 3326 cura,
2879 3256 3085 3312 divina
3113 3255 3443 3328 promeruit
3481 3253 3653 3325 gratia
3691 3251 3753 3305 de

2139 3344 2335 3401 fructu
2364 3345 2642 3400 laborum
2673 3361 2922 3400 suorum
2952 3346 3014 3399 in
3041 3345 3154 3399 hac
3176 3343 3437 3414 gaudere
3461 3343 3586 3398 vita.
3623 3343 3750 3396 Nam

2137 3435 2430 3505 regularis
2460 3435 2589 3490 vitae
2619 3433 3022 3507 disciplinam,
3066 3449 3204 3506 quae
3226 3433 3354 3504 jam
3378 3447 3518 3505 pene
3541 3427 3748 3485 decide-

2135 3527 2229 3579 rat
2254 3539 2363 3597 per
2389 3527 2653 3579 veterum
2676 3522 3121 3592 negligentiam,
3154 3526 3327 3595 prout
3363 3521 3554 3576 beatus
3581 3519 3737 3571 Bene-

2135 3613 2329 3668 dictus
2354 3628 2489 3668 eam
2515 3613 2873 3685 composuit,
2923 3611 2985 3667 in
3010 3611 3325 3684 pristinum
3358 3614 3550 3666 statum
3577 3603 3729 3662 corri-

2137 3702 2334 3773 gendo
2366 3701 2737 3770 restauravit,
2771 3717 2841 3757 ac
2867 3717 2974 3774 per
3001 3701 3272 3758 diversas
3319 3698 3514 3756 mundi
3541 3698 3734 3769 partes,

2135 3809 2241 3866 per
2266 3792 2439 3865 plura
2459 3791 2824 3848 monasteria
2852 3807 2889 3848 a
2915 3790 3174 3862 regulari
3194 3791 3424 3847 tramite
3445 3788 3620 3852 devia,
3638 3789 3744 3841 tam

2133 3897 2241 3954 per
2270 3896 2331 3936 se
2360 3896 2545 3954 quam
2575 3896 2684 3952 per
2722 3897 2884 3951 suos,
2911 3897 3065 3954 quos
3107 3879 3358 3936 abbates
3387 3877 3746 3938 ordinaverat,

2135 3971 2468 4028 monastico
2515 3971 2710 4028 ordini
2748 3970 3029 4027 subdidit.
3072 3975 3136 4027 In
3178 3971 3296 4027 hoc
3348 3987 3489 4027 vero
3517 3965 3753 4038 gaudens

2135 4060 2546 4132 gratulabatur
2578 4063 2714 4127 Deo,
2751 4059 2917 4132 quod
2947 4075 3156 4116 eorum
3182 4076 3338 4132 quos
3365 4075 3478 4117 sua
3504 4057 3610 4114 sub
3636 4067 3756 4110 cura

2133 4151 2511 4218 educaverat,
2561 4149 2641 4206 ad
2696 4149 3097 4205 monasticam
3143 4149 3482 4219 regendum
3518 4145 3755 4204 ordinem

2132 4237 2256 4292 fore
2287 4237 2506 4294 multos
2565 4237 2816 4294 idoneos
2863 4238 3146 4307 videbat;
3197 4253 3271 4295 ex
3295 4238 3522 4311 quibus
3562 4251 3662 4292 nos
3677 4231 3758 4288 ali-

2133 4344 2286 4399 quos
2325 4328 2576 4398 dignum
2611 4327 3020 4399 judicavimus
3065 4329 3205 4384 huic
3241 4327 3396 4384 libro
3449 4328 3669 4388 indere.
3707 4325 3760 4376 ut

2134 4417 2326 4473 sciant
2352 4417 2571 4490 posteri
2600 4433 2787 4490 quam
2828 4417 3052 4473 strenui
3079 4434 3153 4474 ex
3172 4419 3286 4474 hac
3324 4414 3758 4488 congregatione

2129 4506 2461 4580 prodierint
2514 4507 2815 4576 monachi,
2861 4523 3193 4580 eorumque
3221 4509 3520 4566 memoria
3557 4518 3760 4580 perma-

2128 4601 2266 4653 neat
2294 4597 2354 4652 in
2375 4596 2572 4653 laude.

2347 4689 2492 4742 Cum
2562 4686 2828 4759 primum
2896 4685 3133 4742 abbatis
3196 4687 3462 4759 suscepit
3523 4684 3758 4744 ofﬁcium

2128 4775 2483 4832 venerabilis
2536 4775 2892 4844 Willelmus,
2946 4777 3098 4833 inter
3153 4777 3491 4834 monachos
3547 4777 3604 4832 in
3667 4774 3761 4829 hoc

2124 4865 2258 4921 loco
2316 4864 2599 4933 degentes
2649 4865 2756 4921 fuit
2803 4866 3053 4938 quidam
3101 4866 3486 4938 juvenculus,
3541 4868 3760 4922 vocatus

2128 4954 2457 5025 Hunaldus,
2530 4971 2712 5028 quem
2773 4957 3091 5028 praedictus
3158 4961 3352 5014 Patsr-
3405 4958 3616 5014 videns
3686 4969 3762 5009 so-

2126 5045 2287 5102 lertis
2352 5045 2594 5116 ingenii,
2652 5046 2891 5102 retinuit
2957 5047 3070 5105 sibi
3118 5048 3345 5105 caeteris
3397 5046 3758 5105 abeuntibus.

2128 5138 2315 5201 Hunc,
2392 5135 2691 5208 praecipue
2750 5135 2915 5191 omni
2981 5137 3178 5194 studio
3247 5138 3536 5194 doctrina:
3592 5134 3761 5192 imbu-

2126 5229 2275 5292 tum,
2324 5224 2384 5278 in
2441 5223 2625 5280 domo
2678 5225 2779 5281 Dei
2819 5226 3122 5284 constituit
3179 5244 3290 5284 vas
3347 5227 3622 5285 electum.
3686 5219 3759 5277 Ad

2126 5313 2331 5370 omnia
2361 5313 2586 5386 quippe
2617 5331 2753 5386 quas
2780 5315 2895 5373 sibi
2941 5321 3112 5374 erant
3136 5317 3471 5374 necessaria
3515 5311 3760 5390 praedicti

2127 5403 2320 5458 fratris
2369 5403 2695 5473 juvabatur
2747 5406 3001 5463 solertia.
3069 5407 3334 5481 Denique
3391 5407 3644 5478 injunxit
3694 5401 3759 5458 illi

2125 5508 2333 5549 curam
2380 5493 2562 5565 hujus
2607 5495 2759 5551 sacri
2811 5496 3109 5569 periboli;
3169 5513 3358 5571 quam
3387 5499 3549 5554 tanta
3578 5507 3762 5569 prose-

2124 5586 2296 5638 cutus
2344 5587 2431 5639 est
2473 5599 2616 5640 cura
2661 5589 2723 5640 ut
2753 5601 2905 5660 pene
2937 5590 3128 5644 totum
3151 5587 3447 5661 quidquid
3474 5586 3585 5644 fuit
3607 5597 3760 5641 orna-

2121 5676 2466 5732 mentorum
2489 5672 2551 5732 in
2604 5673 2720 5734 hac
2746 5673 3016 5748 basilica,
3046 5676 3179 5748 ejus
3206 5676 3405 5736 studio
3449 5676 3524 5733 sit
3569 5686 3758 5744 aggre-
