3994 6166
100 164 203 216 861

1735 164 1915 222 ἮΤΔ.
2006 204 2009 213 .

3440 176 3547 239 861

100 287 338 353 gatum.
356 284 446 342 Ad
468 285 743 342 ultimum
764 290 901 360 post
919 286 1159 345 obitum
1177 288 1445 362 praedicti
1464 288 1652 346 Patris
1673 286 1774 344 ab—
1801 290 1851 344 A
1884 286 1990 343 fati
2020 286 2257 345 abbatis
2284 288 2554 347 Willelmi
2579 310 2593 361 ;
2638 293 2700 349 in
2730 293 2902 365 cuius
2931 294 3130 352 verbis
3156 296 3544 356 considerans

99 373 340 431 batiam
366 377 874 434 Tornodorensem
906 381 1245 446 assecutus,
1270 378 1497 436 ibidem
1526 377 1770 452 quievit,

97 463 283 520 annis
313 464 520 535 viginti
550 470 775 539 septem
820 466 884 523 in
914 467 1207 536 regimine
1237 469 1578 525 transactis.
1614 465 1774 523 Alter

97 554 362 627 quidam
390 555 570 626 hujus
596 556 770 613 castri
800 556 1180 613 Divionensis
1200 556 1371 627 civis,
1395 558 1584 615 nobili
1607 561 1773 615 ortus

96 658 327 712 genere
358 642 663 709 Bodulfus,
693 644 879 701 Albus
908 649 1162 702 vocatus
1195 647 1581 719 cognomine,
1611 646 1774 704 venit

98 732 187 789 ad
216 732 670 790 conversionem
715 733 867 791 inter
913 734 1052 808 ipsa
1077 734 1415 807 primordia
1442 737 1574 809 ejus
1600 752 1773 792 novae

97 820 520 892 ordinationis,
545 824 716 894 cujus
746 824 1017 897 pecuniis
1047 825 1316 883 relevata
1337 830 1427 884 est
1444 829 1770 900 paupertas

99 910 374 985 praedicti
417 913 624 981 Patris,
655 917 709 969 et
745 914 993 972 consilio
1023 919 1211 988 atque
1251 917 1552 990 adjutorio
1579 916 1773 973 suble-

96 1006 245 1058 vata
275 1000 614 1059 sollicitudo
657 1005 961 1074 regiminis
991 1006 1175 1077 hujus
1202 1006 1345 1078 loci,
1375 1012 1432 1064 et
1461 1006 1771 1064 Besuensis

94 1090 468 1158 monasterii,
503 1091 727 1163 (adhuc
755 1093 977 1167 quippe
1007 1098 1132 1151 erat
1157 1095 1217 1152 ei
1249 1096 1524 1168 paucitas
1558 1112 1769 1153 mona-

97 1182 373 1253 chorum)
398 1196 590 1253 quem
616 1181 934 1255 praadictus
966 1183 1144 1241 frater
1176 1184 1265 1241 ita
1285 1186 1544 1256 juvabat
1577 1186 1646 1241 in
1669 1202 1769 1243 ex-

96 1268 411 1325 terioribus
440 1269 629 1341 curis,
660 1275 723 1327 ut
768 1272 930 1328 solus
973 1272 1260 1346 supplere
1290 1274 1588 1332 videretur
1619 1276 1771 1333 sola-

96 1374 241 1415 men
269 1358 628 1432 plurimum,
660 1360 767 1417 sed
796 1366 1008 1434 praeter
1036 1362 1085 1434 ej
1097 1379 1167 1418 us
1198 1368 1433 1435 votum,
1465 1365 1580 1421 hoc
1612 1365 1769 1422 sola-

95 1448 243 1504 tium
276 1448 404 1504 tulit
446 1448 536 1504 illi
580 1450 854 1523 paucitas
882 1450 1136 1509 dierum.
1169 1454 1314 1510 Ater
1358 1470 1602 1527 quoque
1627 1455 1768 1512 sub-

93 1538 333 1608 junctus
370 1541 466 1594 est
512 1544 852 1596 memorato
892 1540 1065 1612 Patri,
1098 1542 1509 1600 Theodericus
1552 1542 1766 1612 dictus,

1880 375 2309 435 inconcussam
2339 377 2834 456 inadulatamque
2863 385 3262 443 constantiam
3298 385 3540 457 mentis,

1880 470 2213 542 caeteraque
2243 469 2503 539 insignia
2531 471 2817 528 virtutum
2845 472 2907 528 in
2937 476 3066 548 ejus
3096 477 3244 535 actis
3279 481 3337 534 et
3365 477 3544 535 mori-

1877 555 1997 614 bus
2029 557 2474 632 resplendentia
2500 559 2849 630 admiratus,
2876 564 3109 622 monuit
3133 565 3377 624 instanti
3404 582 3541 641 pre-

1879 661 1947 702 ce
1978 650 2047 705 ut
2090 647 2401 707 abbatiam
2448 648 2648 707 Sancti
2671 650 2815 724 Apri
2845 653 3179 726 suscipiens
3219 656 3542 714 emendare

1879 744 2114 795 curaret
2159 740 2496 797 secundum
2545 741 2743 798 Sancti
2796 743 3041 814 Benigni
3085 744 3537 804 institutionem.

1880 826 2063 898 Cujus
2093 842 2369 885 annuens
2399 829 2704 902 precibus,
2738 831 2901 888 idem
2931 832 3277 890 ccenobium
3303 834 3367 890 in
3395 851 3543 907 pau-

1880 915 1964 971 cis
1993 915 2167 972 annis
2198 916 2279 973 ad
2306 918 2645 988 regularem
2683 922 3075 979 commutavit
3104 926 3347 980 statum.
3380 927 3545 980 Inve-

1878 1004 1968 1061 nit
1995 1004 2221 1063 ibidem
2253 1011 2526 1066 strenuos
2572 1010 2924 1080 monachos,
2957 1027 3030 1067 ex
3066 1012 3289 1086 quibus
3327 1027 3539 1081 unum,

1880 1094 2219 1153 Widricum
2274 1099 2540 1172 nomine,
2582 1102 2730 1172 .post
2780 1116 2905 1157 non
2961 1101 3182 1158 multos
3234 1117 3427 1160 annos
3478 1103 3543 1158 in

1878 1183 2095 1240 eodem
2159 1187 2524 1244 monasterio
2570 1187 2874 1245 constituit
2921 1191 3152 1246 Patrem
3206 1190 3541 1247 monacho-

1878 1289 2035 1329 rum.
2079 1274 2191 1341 Qui
2237 1276 2459 1346 egregii
2500 1277 2770 1347 magistri
2820 1278 3029 1335 docilis
3076 1279 3406 1352 discipulus
3456 1279 3541 1336 ita

1879 1378 2022 1417 eum
2051 1363 2277 1420 studuit
2301 1364 2519 1422 imitari
2562 1365 2623 1421 in
2654 1366 2958 1435 omnibus,
2992 1372 3057 1424 ut
3095 1368 3157 1424 in
3188 1350 3310 1424 suis
3339 1350 3538 1423 oinni-

1876 1451 1995 1507 bus
2023 1452 2119 1508 vel
2146 1453 2345 1509 verbis
2386 1454 2482 1510 vel
2525 1456 2756 1513 actibus
2798 1457 3209 1530 repraesentari
3235 1456 3539 1530 quodamé

1877 1541 2064 1597 modo
2094 1540 2393 1598 videretur
2430 1547 2596 1600 Pater
2625 1544 2980 1602 Willelmus.
3030 1545 3237 1602 Multos
3275 1545 3540 1618 denique

98 1627 281 1699 hujus
303 1628 513 1701 patrias
544 1628 713 1699 civis,
737 1646 919 1703 quem
948 1635 1086 1703 post
1110 1631 1465 1689 diuturnam
1494 1633 1771 1690 eruditio-
1800 1648 1843 1702 Β
1877 1631 2157 1687 erudiens
2186 1631 2248 1686 in
2280 1638 2486 1689 sancta
2516 1634 2986 1703 conversatione,
3019 1634 3359 1707 aliquantos
3388 1634 3539 1691 alio-

94 1732 244 1773 nem
286 1716 671 1773 Fiscannensi
720 1718 992 1775 coenobio
1044 1719 1350 1778 constituit
1375 1722 1657 1795 priorem,
1691 1723 1770 1781 ad

96 1804 383 1861 ultimum
402 1806 965 1864 Gemmeticensium
991 1807 1260 1880 praefecit
1278 1809 1582 1867 abbatem.
1606 1811 1769 1867 Alius

95 1911 176 1951 ex
208 1899 410 1952 castro
451 1895 629 1952 Belno
675 1896 855 1966 dicto,
896 1897 1088 1969 miles,
1125 1897 1466 1954 Ledbaldus
1497 1905 1766 1972 vocatus,

95 1989 158 2039 et
190 2000 231 2040 a
262 1984 458 2040 studio
488 1985 737 2058 Sapiens
780 1986 1263 2057 cognominatus,
1298 1988 1451 2060 patri
1479 1989 1769 2046 Willelmo

96 2078 195 2129 est
240 2073 597 2144 adjunctus;
651 2076 823 2146 cujus
874 2075 1143 2133 imbutus
1197 2077 1470 2133 doctrina
1521 2080 1769 2152 spiritali

93 2178 210 2235 per
232 2162 483 2235 aliquod
510 2167 749 2236 tempus
777 2164 1249 2223 archimandrita
1272 2164 1333 2222 in
1361 2167 1771 2225 Tornodoren—

94 2252 141 2307 si
170 2251 315 2308 loco
349 2256 439 2308 est
462 2252 835 2308 substitutus.

168 2346 258 2401 16.
306 2344 494 2398 Fama
522 2358 709 2399 sacrae
733 2342 1036 2414 religionis
1061 2342 1262 2399 eximii
1288 2344 1475 2401 Patris
1496 2345 1771 2404 Willelmi

91 2431 365 2505 percitus
396 2432 649 2504 quidam
676 2433 944 2488 Metensis
969 2432 1239 2503 clericus,
1267 2435 1573 2504 generosis
1604 2441 1770 2494 ortus

92 2520 433 2591 natalibus,
460 2521 709 2578 nomine
731 2521 1100 2591 Benedictus,
1126 2523 1258 2593 ejus
1286 2522 1665 2596 discipulatui
1683 2530 1770 2583 est

91 2614 510 2682 aggregatus;
562 2610 849 2684 brevique
888 2611 950 2667 in
977 2615 1269 2685 tempore,
1300 2611 1598 2669 studendo
1627 2630 1767 2671 eum

89 2700 343 2767 imitari,
390 2699 666 2756 doctrina
717 2705 774 2756 et
828 2700 1281 2757 conversatione
1341 2700 1766 2773 perfectionem

89 2789 295 2859 attigit
324 2788 680 2846 monasticae
709 2788 859 2847 vitae.
889 2792 996 2845 Per
1021 2789 1152 2861 ejus
1202 2788 1381 2859 igitur
1419 2789 1767 2848 relationem

91 2878 399 2952 comperit
438 2878 703 2935 domnus
731 2878 1024 2935 Adelbero
1054 2878 1322 2937 Metensis
1361 2879 1627 2951 pontifex
1657 2897 1766 2953 pa-

88 2970 192 3026 tris
230 2967 508 3024 Willelmi
552 2967 895 3039 religiosam
946 2969 1506 3038 conversationem;
1555 2986 1590 3026 a
1642 2987 1767 3043 quo

87 3055 452 3129 suppliciter
494 3060 804 3130 evocatus,
830 3061 1010 3131 atque
1042 3056 1232 3114 sancti
1260 3057 1488 3114 Arnulﬁ
1522 3058 1767 3118 abbatia

86 3147 390 3214 donatus,
421 3146 704 3203 eumdem
760 3148 1140 3205 Benedictum
1192 3147 1417 3205 ibidem
1467 3149 1767 3207 constituit

86 3239 370 3304 Patrem;
425 3235 530 3292 ubi
582 3251 690 3308 per
743 3237 963 3294 multos
1017 3253 1210 3294 annos
1269 3238 1451 3295 sacris
1506 3238 1768 3296 intentus

86 3325 363 3395 actibus,
393 3324 513 3381 vita
541 3324 780 3382 functus
818 3326 1021 3384 multis
1065 3326 1277 3384 claruit
1321 3327 1657 3384 virtutibus.
1688 3333 1768 3386 Ne

86 3430 245 3471 vero
271 3429 312 3470 a
338 3418 502 3470 tanto
531 3414 812 3488 pontiﬁce
838 3415 1200 3473 reverendus
1230 3416 1422 3473 abbas
1445 3417 1767 3475 Willelmus

84 3504 323 3561 rediret
370 3520 599 3560 vacuus
651 3521 687 3561 a
732 3521 1002 3573 munere,
1061 3504 1277 3562 stolam
1328 3522 1477 3563 auro
1522 3511 1765 3579 textam,

86 3594 381 3668 duasque
430 3609 657 3667 cappas
684 3610 1021 3669 purpureas
1068 3610 1252 3651 aureo
1302 3593 1492 3652 limbo
1524 3596 1764 3654 decora-

88 3688 199 3753 tas,
269 3682 359 3740 ab
414 3682 628 3741 eodem
680 3684 941 3758 percepit
1004 3683 1280 3757 praesule.
1347 3684 1462 3741 Sed
1515 3691 1571 3743 et
1619 3702 1768 3758 pree-

88 3773 252 3829 fatus
291 3764 652 3829 Benedictus
694 3771 886 3830 abbas
938 3772 1252 3830 ordinatus
1299 3772 1568 3831 casulam
1618 3792 1767 3831 auro

88 3862 387 3920 decenter
414 3864 712 3932 ornatam,
743 3865 923 3936 atque
949 3861 1067 3919 alia
1096 3866 1452 3921 ornamenta
1477 3863 1691 3921 obtulit
1714 3864 1770 3921 ei

86 3969 195 4024 pro
249 3948 699 4019 benedictione,
739 3967 875 4025 quae
928 3950 1214 4024 praefatus
1269 3954 1438 4007 Pater
1485 3957 1608 4010 tam
1652 3955 1768 4009 hoc

87 4041 145 4099 in
174 4043 329 4100 loco
358 4056 548 4113 quam
582 4040 1013 4098 Fructuariensi
1043 4056 1080 4098 a
1108 4057 1171 4097 se
1203 4040 1431 4098 noviter
1456 4047 1651 4116 coepto
1681 4042 1766 4097 di-

86 4133 251 4201 visit,
330 4136 397 4186 ut
462 4130 574 4187 sibi
638 4131 879 4204 placuit.
949 4130 1305 4187 Praedictam
1364 4147 1504 4188 vero
1570 4131 1768 4189 Sancti

88 4219 331 4278 Arnulﬁ
375 4219 687 4277 abbatiam
735 4224 871 4294 post
897 4224 1156 4277 mortem
1199 4224 1335 4277 ante
1362 4220 1501 4278 dicti
1528 4221 1767 4279 abbatis

87 4313 242 4369 rexit
278 4309 459 4366 annis
489 4310 713 4367 multis.

161 4406 256 4457 17.
310 4402 391 4454 Ex
417 4398 680 4456 Tullensi
709 4415 953 4472 quoque
985 4399 1142 4456 clero
1172 4398 1333 4455 venit
1359 4398 1440 4454 ad
1468 4415 1607 4457 eum
1631 4400 1763 4473 qui-

84 4488 270 4553 dam,
312 4487 587 4544 Amulius
616 4488 937 4561 vocabulo,
967 4488 1171 4546 litteris
1198 4487 1470 4562 apprime
1497 4489 1764 4546 eruditus

84 4575 400 4649 omnique
414 4577 723 4634 mundana
744 4576 1036 4651 sapientia
1050 4577 1283 4634 doctus.
1300 4577 1405 4633 Hic
1420 4577 1481 4635 in
1490 4578 1658 4635 brevi
1674 4595 1764 4637 as-

86 4670 347 4722 secutus
389 4665 753 4739 perfectioris
781 4665 915 4724 vita:
959 4665 1410 4735 institutionem,
1442 4667 1765 4725 commissa

86 4761 176 4812 est
206 4755 267 4812 ei
299 4770 447 4812 cura
468 4771 507 4812 a
525 4756 753 4812 domno
782 4759 951 4831 patre
964 4753 1268 4813 Willelmo
1297 4772 1421 4813 non
1442 4757 1638 4813 solum
1660 4758 1766 4814 hu-

82 4846 209 4918 jus,
240 4845 359 4903 sed
390 4849 446 4902 et
472 4846 746 4903 omnium
774 4862 911 4920 quae
940 4846 1054 4903 sub
1078 4847 1209 4918 ejus
1236 4852 1404 4904 erant
1422 4848 1764 4921 provisione

85 4935 398 4992 locorum.
431 4935 542 5002 Qui
571 4939 797 5009 quanta
825 4937 887 4992 in
925 4936 1040 4993 hoc
1068 4935 1201 4992 loco
1227 4937 1412 5007 egerit
1438 4937 1602 4994 bona
1629 4943 1767 5010 post

88 5024 453 5093 referemus,
489 5028 599 5081 etc.
654 5028 921 5081 Domnus
967 5024 1147 5094 igitur
1193 5025 1498 5082 Bertoldus
1548 5029 1763 5083 Leuco-

87 5128 253 5185 rum,
284 5113 395 5188 qui
415 5112 582 5170 Tullo
607 5113 843 5186 dicitur,
856 5115 1177 5188 episcopus
1198 5129 1306 5187 per
1321 5114 1764 5189 querimoniam

90 5218 126 5257 a
155 5219 223 5257 se
247 5201 489 5274 delapsi
510 5201 703 5259 clerici
726 5202 1275 5262 contabulationem
1291 5203 1563 5275 quaesivit
1584 5221 1765 5279 saepe-

162 5361 266 5441 (9‘2
315 5363 381 5415 In
398 5361 760 5441 ‘Necrologio
790 5361 1154 5441 Benigniano
1199 5360 1294 5417 alii
1327 5361 1467 5441 item
1497 5363 1763 5436 episcopi

88 5431 380 5517 ejusdem
398 5431 513 5487 loci
524 5434 807 5517 monachi
822 5431 1140 5517 habentur,
1154 5431 1657 5517 nempe'Joariue's
1666 5431 1765 5517 φ’-

88 5505 516 5587 εήέςρὼςοῃιιξ
566 5506 859 5576 Corinthi,
898 5505 1128 5587 idibus.
1144 5505 1505 5587 Decembris,
1524 5508 1593 5587 .et
1621 5505 1762 5560 Pibo

87 5574 393 5633 Tullensis
424 5574 762 5648 episcopus,
797 5574 854 5632 1x
883 5577 1193 5633 Kalendas
1222 5576 1579 5633 Decembris.

161 5646 287 5715 (ιο)
319 5646 692 5704 Romualdus
732 5646 1286 5706 Camaldulensium
1315 5649 1520 5717 Pater;
1551 5642 1761 5703 Willel-

1876 1735 2015 1775 rum
2059 1722 2563 1778 monasteriorum
2611 1725 2811 1779 Patres
2856 1724 3299 1779 monachorum
3323 1739 3395 1780 BI
3424 1737 3539 1779 sua

1877 1806 2125 1880 protulit
2154 1810 2635 1880 congregatione.

1954 1897 2037 1953 l8.
2078 1895 2279 1954 Plures
2325 1899 2503 1968 igitur
2541 1901 2920 1958 sacerdotum
2946 1900 3041 1956 vel
3078 1899 3390 1968 abbatum,
3422 1898 3540 1957 sibi

1877 1987 2341 2044 commissorum
2364 1988 2638 2047 locorum
2668 1991 2760 2048 vel
2786 1990 3173 2047 ecclesiarum
3198 1989 3539 2062 relinquen-

1876 2082 1965 2134 tes
2009 2093 2238 2148 euram,
2269 2077 2348 2135 ad
2376 2080 2560 2137 Patris
2589 2081 2873 2137 Willelmi
2903 2080 3289 2137 conﬂuebant
3314 2078 3536 2135 doctri-

1876 2182 2042 2222 nam.
2078 2165 2335 2233 Quidam
2379 2167 2698 2243 episcopus
2728 2168 2980 2225 civitatis
3008 2167 3362 2236 Albingatas,
3394 2183 3533 2239 quin

1876 2259 1964 2311 est
1999 2255 2174 2327 juxta
2204 2256 2473 2312 Genuam
2516 2257 2834 2326 civitatem,
2867 2272 3046 2329 super
3073 2270 3239 2311 mare
3269 2254 3443 2310 sitam
3471 2255 3535 2311 in

1877 2343 2061 2412 Italia,
2095 2344 2296 2401 relicto
2326 2345 2655 2420 episcopio,
2677 2345 2945 2421 praedicti
2970 2343 3156 2401 Patris
3179 2360 3243 2400 se
3266 2343 3535 2400 subdidit

1876 2434 2149 2508 imperio.
2183 2434 2344 2490 Alter
2371 2451 2617 2509 quoque
2655 2436 2994 2510 episcopus,
3023 2433 3328 2492 Barnabas
3352 2449 3534 2491 voca-

1875 2528 1989 2591 tus,
2025 2539 2238 2593 genere
2283 2526 2538 2595 Graecus,
2571 2525 2634 2581 in
2681 2527 2797 2581 hoc
2843 2523 3207 2580 monasterio
3260 2522 3373 2578 sub
3402 2523 3534 2595 ejus

1874 2612 2217 2683 magisterio
2267 2612 2541 2686 plurimis
2590 2613 2764 2670 annis
2815 2616 2901 2669 est
2931 2614 3336 2673 conversatus.
3370 2610 3534 2667 Alius

1874 2718 2037 2769 vero,
2085 2701 2380 2773 Benignus
2428 2702 2646 2773 dictus,
2697 2703 3041 2776 episcopus,
3082 2716 3118 2756 a
3170 2703 3359 2756 Roma
3414 2700 3533 2756 huc

1875 2790 2218 2861 adveniens,
2246 2807 2353 2863 per
2379 2791 2609 2864 aliquot
2638 2806 2830 2848 annos
2867 2807 3008 2847 cum
3035 2790 3167 2864 ipso
3198 2804 3535 2846 commora-

1876 2886 1972 2936 tus
2017 2880 2144 2952 fuit,
2177 2880 2481 2951 subjectus
2526 2885 2581 2938 et
2609 2880 2900 2937 obediens
2933 2882 3029 2953 (9).
3060 2878 3323 2936 Abbates
3351 2878 3535 2935 etiam

1798 3005 1841 3061 0
1875 2970 2184 3044 perplures
2215 2986 2287 3061 ex
2316 2970 2566 3027 diversis
2595 2970 2867 3061 partibus
2891 2971 3193 3061 venientes
3222 2972 3437 3061 sponte
3471 2985 3537 3025 se
3612 2960 3619 2969 ’

1874 3061 1989 3134 ipsi
2018 3060 2435 3132 subjiciebant,
2469 3060 2711 3117 obedire
2762 3060 2957 3133 parati
2982 3078 2996 3129 ;
3050 3059 3201 3116 inter
3228 3074 3382 3132 quos
3411 3057 3538 3114 fue-

1878 3154 2019 3206 runt
2049 3148 2242 3206 abbas
2291 3151 2570 3218 Joannes,
2599 3149 2795 3205 dictus
2826 3149 3179 3222 Capuanus;
3209 3147 3357 3204 alter
3383 3163 3539 3219 quo-

1875 3256 1994 3312 que
2021 3243 2300 3309 Joannes,
2332 3238 2525 3295 abbas
2551 3236 2901 3294 monasterii
2950 3237 3148 3294 Sancti
3175 3235 3535 3308 Apollinaris

1873 3328 1936 3384 in
1966 3328 2113 3384 urbe
2145 3329 2432 3385 Ravenna
2458 3346 2471 3396 ;
2505 3325 2851 3383 Benedictus
2882 3341 3147 3399 quoque,
3178 3323 3372 3380 abbas
3401 3339 3535 3380 mo-

1874 3416 2114 3475 nasterii
2175 3416 2373 3474 Sancti
2422 3415 2621 3473 Severi
2671 3414 2837 3471 urbis
2893 3414 3131 3483 Classis,
3181 3412 3534 3470 Anastasius

1875 3507 2053 3564 etiam
2085 3511 2142 3563 et
2167 3510 2419 3577 Marcus,
2450 3510 2508 3562 et
2533 3505 2630 3562 alii
2664 3503 2916 3561 abbates
2945 3504 3184 3578 plures;
3216 3518 3372 3576 quos
3402 3502 3536 3563 lon-

1876 3613 2023 3668 gum
2074 3600 2162 3652 est
2208 3610 2583 3652 enumerare.
2616 3593 3046 3651 Monachorum
3089 3608 3233 3648 vero
3276 3606 3402 3648 non
3450 3594 3538 3648 est

1874 3702 2184 3756 numerus,
2215 3686 2321 3759 qui
2350 3686 2428 3743 ab
2457 3684 2569 3742 illis
2599 3687 2893 3740 venerunt
2916 3683 3210 3757 partibus.
3236 3680 3540 3737 Archidia-

1875 3792 2065 3832 conus
2097 3776 2279 3831 etiam
2307 3775 2558 3848 quidam
2586 3773 3062 3843 Medionalensis,
3089 3772 3333 3829 nomine
3373 3773 3539 3827 Gote-

1875 3864 2099 3933 fredus,
2130 3869 2197 3920 ut
2223 3864 2491 3920 nobilem
2521 3861 2795 3933 decebat,
2826 3861 3103 3918 nobiliter
3124 3861 3368 3916 veniens
3396 3875 3538 3915 cum

1875 3953 2076 4009 multis
2129 3953 2446 4024 thesauris,
2495 3953 2648 4009 inter
2697 3967 2853 4024 quos
2906 3950 3091 4007 altare
3137 3948 3532 4021 onychinum,

1876 4057 2024 4100 auro
2055 4046 2113 4098 et
2140 4046 2387 4113 argento
2417 4042 2694 4097 decenter
2722 4042 3027 4107 ornatum,
3059 4042 3117 4095 et
3135 4036 3434 4111 quidquid
3454 4034 3536 4093 ad

1876 4130 2174 4205 capellam
2221 4130 2573 4204 pertinebat,
2607 4132 3034 4185 ornamentum
3084 4125 3304 4183 scilicet
3354 4124 3536 4182 eccle-

1878 4221 2207 4293 siasticum,
2242 4236 2450 4278 secum
2497 4218 2724 4275 detulit.
2775 4217 3048 4276 Pluribus
3096 4216 3271 4273 annis
3312 4215 3374 4271 in
3419 4215 3536 4273 hoc

1877 4310 2241 4369 monasterio
2287 4309 2623 4367 monachus
2667 4307 3016 4382 permansit,
3062 4323 3133 4364 ac
3173 4309 3389 4383 postea
3428 4321 3537 4379 per

1877 4415 2243 4456 consensum
2291 4397 2531 4455 abbatis
2562 4396 2847 4454 Willelmi
2885 4396 3143 4473 patriam
3198 4397 3532 4464 revocatus,

1874 4489 2068 4547 abbas
2094 4488 2260 4564 apud
2287 4487 2688 4547 Mediolanum
2716 4492 2807 4545 est
2833 4487 3210 4544 constitutus.

1950 4581 2033 4635 19.
2075 4579 2192 4652 Ipsi
2236 4578 2494 4651 denique
2545 4577 2733 4634 sancti
2762 4576 2873 4633 viri
2919 4579 3120 4649 patres
3158 4578 3213 4630 et
3255 4571 3533 4628 doctores

1873 4667 2260 4724 eremitarum
2284 4666 2622 4736 existentes,
2642 4666 2807 4723 fama
2840 4663 3168 4724 sanctitatis
3196 4662 3374 4733 longe
3393 4660 3534 4718 late-

1871 4773 1991 4829 que
2015 4756 2323 4827 notiﬁcati,
2353 4756 2677 4813 Romaldus
2707 4755 2822 4827 (10)
2853 4754 3092 4824 scilicet,
3116 4750 3439 4808 Willelmus
3460 4765 3531 4805 ac

1870 4846 2171 4915 Martinus,
2220 4862 2376 4921 quos
2421 4846 2485 4902 in
2532 4862 2756 4917 magna
2818 4842 3202 4899 veneratione
3266 4837 3534 4895 habebat

1871 4936 2015 4991 urbs
2048 4939 2350 5005 Ravenna,
2381 4934 2695 5007 casterique
2723 4948 2878 5006 quos
2925 4932 3082 4987 intra
3125 4946 3190 4986 se
3230 4927 3533 4986 concludit

1874 5023 2059 5096 Italia,
2088 5023 2275 5097 patris
2296 5021 2576 5078 Willelmi
2606 5020 2965 5094 expetebant
2994 5018 3358 5085 societatem,
3385 5015 3532 5088 quia

1874 5117 2220 5169 sanctorum
2250 5113 2381 5182 conj
2394 5110 2591 5166 unctio
2631 5114 2800 5180 grata
2826 5113 2881 5165 et
2904 5107 3195 5181 jucunda,
3229 5104 3528 5170 Ecclesiae-

1872 5219 1992 5276 que
2020 5201 2507 5275 pernecessaria;
2557 5204 2615 5255 et
2643 5202 2886 5256 econtra
2936 5198 3187 5255 societas
3229 5195 3529 5253 malorum

1872 5378 2010 5419 mus
2044 5361 2173 5431 ejus
2201 5358 2554 5431 discipulus,
2588 5359 2693 5430 qui
2719 5358 3000 5431 laudatur
3029 5373 3064 5413 a
3093 5360 3259 5431 Petro
3289 5356 3526 5412 Damia-

1872 5434 1933 5489 ni
1966 5433 2024 5488 in
2056 5428 2325 5502 ejusdem
2353 5428 2495 5502 vita,
2530 5428 2811 5502 num.3l,
2840 5434 2897 5502 et
2920 5428 3066 5485 forte
3098 5429 3529 5502 Martinus,_seu

1873 5498 2149 5571 Marinus,
2198 5501 2312 5558 sub
2342 5501 2513 5572 cujus
2553 5500 2895 5568 magisterio
2934 5499 3303 5558 Romualdus
3332 5498 3528 5572 prima

1870 5574 2078 5634 didicit
2104 5572 2239 5634 vitae
2264 5570 2579 5631 eremiticaa
2609 5576 2929 5645 praecepta.
