3994 6166
421 189 522 243 863

1365 185 1420 242 8.
1463 183 1834 241 GUILLELMI
1872 181 2167 239 ABBATIS
2207 183 2266 240 S.
2306 182 2586 240 BENIGNI
2623 185 2889 241 DIVION.

3767 190 3893 244 864

437 309 914 384 mpedimentum
964 309 1284 365 bonorum.
1320 309 1436 382 ipsi
1463 325 1605 365 vero
1650 308 1904 364 cultores
1953 323 2074 363 ere-
2105 310 2152 363 Α
2189 323 2407 363 norum
2439 324 2639 364 comes
2675 308 3003 363 Richardus
3044 308 3206 364 misit
3231 309 3310 365 ad
3341 315 3895 380 eum,reverenter

423 399 526 468 mi,
563 399 763 454 relicta
791 398 986 469 quiete
1037 398 1395 467 solitudinis,
1428 397 1774 467 gaudebant
1803 397 1916 452 sub
1945 396 2076 466 ejus

422 487 764 556 magisterio
789 487 1078 542 associari
1105 487 1436 542 cmnobitis.
1467 490 1548 542 Ex
1568 503 1776 542 eorum
1800 501 1942 555 ergo
1970 500 2079 540 nu-

421 592 587 632 mero
637 576 905 646 adjuncti
949 576 1189 631 fuerunt
1219 577 1271 632 ei
1302 577 1443 643 duo,
1471 581 1730 632 Joannes
1755 580 1813 632 et
1842 574 2078 644 Paulus,

419 665 624 720 litteris
650 665 883 733 eruditi,
918 681 1177 736 quorum
1210 666 1500 738 sapientia
1529 665 1607 720 ad
1646 664 1898 720 salutem
1929 662 2078 718 mul-

421 758 618 810 tarum
647 753 897 824 profecit
935 753 1294 809 animarum.
1331 757 1550 809 Horum
1597 759 1845 825 uterque
1876 768 2081 808 mona-

422 843 582 899 sticee
608 842 908 912 religionis
935 843 1372 910 ferventissimi,
1403 848 1458 899 et
1486 844 1546 898 in
1597 843 1913 899 crenobiali
1945 859 2081 898 con-

423 932 753 987 versatione
784 932 1006 987 czeteris
1035 938 1204 988 erant
1224 933 1520 1001 imitandi,
1540 937 1596 988 et
1624 933 1683 988 in
1711 932 2080 1004 contempla-

429 1021 544 1076 tiva
571 1021 688 1075 vita
721 1020 955 1075 lectioni
985 1024 1040 1075 et
1087 1021 1336 1075 orationi
1367 1021 1606 1076 assidue
1639 1021 1968 1090 studentes,
1999 1020 2082 1075 vi-

423 1109 702 1164 dentibus
732 1108 1006 1180 exemplo
1052 1109 1290 1164 fuerunt
1320 1111 1538 1182 pariter
1576 1115 1632 1166 et
1678 1110 2077 1166 admirationi.

425 1195 778 1251 Reverendae
808 1195 1114 1251 memoriae
1144 1197 1360 1252 Paulus
1384 1199 1498 1269 (ll)
1529 1198 1692 1270 apud
1716 1214 1826 1254 nos
1846 1198 1907 1252 in
1933 1213 2082 1270 pace

423 1285 679 1357 quievit;
729 1288 986 1340 Joannes
1031 1287 1141 1357 (l2)
1183 1303 1325 1342 vero
1357 1288 1542 1343 homo
1567 1288 1668 1343 Dei
1701 1293 1972 1343 sanctam
2003 1287 2083 1342 ob

425 1373 938 1430 conversationem
964 1379 1214 1430 vocatus
1245 1393 1280 1431 a
1310 1376 1538 1432 domno
1586 1381 1748 1433 Patre
1775 1377 2082 1444 Willelmo,

425 1463 861 1518 Fructuariensi
902 1464 1181 1520 coenobio
1231 1464 1422 1520 abbas
1499 1470 1586 1521 est
1642 1466 1962 1522 institutus.
2011 1469 2086 1520 De

425 1567 547 1622 quo
593 1551 746 1618 loco,
779 1552 924 1624 quia
973 1553 1209 1608 occasio
1261 1569 1322 1607 se
1368 1554 1640 1625 praebuit,
1681 1555 2087 1610 intimandum

423 1640 632 1712 paucis
652 1641 887 1696 videtur
912 1641 1167 1713 qualiter
1192 1641 1479 1698 fundatus
1512 1643 1702 1699 fuerit.

495 1753 582 1803 20.
616 1751 740 1803 Duo
767 1750 1038 1817 germani
1064 1749 1274 1804 fratres
1305 1749 1543 1806 fuerunt
1567 1767 1725 1823 saepe
1746 1751 1883 1806 dicti
1909 1751 2088 1807 abba-

425 1838 497 1894 tis
528 1837 818 1903 Willelmi,
852 1855 1006 1892 unus
1037 1843 1280 1893 vocatus
1311 1845 1398 1894 est
1428 1840 1774 1908 Nithardus,
1805 1841 1952 1896 alter
1981 1844 2089 1897 Go-

427 1926 746 1981 thefredus.
775 1927 1008 1981 Primus
1027 1943 1234 1982 eorum
1261 1928 1577 1984 comitatus
1599 1930 1826 1986 honore
1858 1930 2086 1998 enituit,

427 2015 577 2070 alius
610 2014 829 2070 militias
883 2016 1190 2088 stipendiis
1231 2023 1544 2074 contentus
1575 2019 1718 2086 fuit;
1751 2037 1906 2092 quos
1934 2037 2086 2092 prae-

426 2103 618 2159 dictus
660 2107 828 2158 Pater
868 2121 1026 2177 saepe
1076 2107 1462 2162 admonendo
1494 2125 1530 2162 a
1561 2109 1772 2163 mundi
1800 2108 2090 2164 illecebris

427 2194 696 2261 abduxit,
729 2198 787 2249 et
816 2195 893 2250 ad
927 2195 1224 2251 Christum
1256 2198 1558 2253 convertit.
1593 2198 1901 2254 Venientes
1945 2215 2088 2268 ergo

426 2287 675 2354 uterque
723 2282 801 2338 ad
853 2282 968 2337 hoc
1021 2283 1370 2340 Divionense
1422 2287 1785 2357 coenobium,
1826 2288 2089 2360 exceptis

428 2372 554 2428 aliis
585 2371 786 2441 rebus,
819 2371 1115 2428 dederunt
1154 2378 1359 2429 sancto
1405 2376 1723 2447 protectori
1752 2383 1956 2432 nostro
1987 2379 2088 2432 Be-

425 2461 608 2530 nigno
667 2460 980 2532 quoddam
1030 2461 1182 2532 juris
1233 2463 1323 2517 sui
1374 2464 1688 2535 praedium,
1740 2465 2089 2537 Wlpianum

425 2555 728 2616 vocatum,
779 2550 1051 2622 quodam
1102 2553 1403 2624 praesagio
1453 2553 1808 2610 futurorum.
1855 2555 1917 2610 In
1966 2573 2089 2628 quo

424 2639 558 2695 loco
587 2638 850 2694 domnus
882 2639 1220 2694 Willelmus
1251 2641 1524 2697 fundavit
1553 2643 1868 2699 ecclesiam
1900 2644 1961 2700 in
1986 2646 2090 2700 ho-

425 2745 568 2784 nore
601 2728 791 2784 sancti
817 2729 1085 2798 Benigni,
1113 2734 1176 2785 ut
1199 2731 1407 2786 notitia
1432 2737 1488 2787 et
1517 2734 1710 2789 honor
1737 2734 1927 2807 ipsius
1950 2752 2087 2790 sau-

426 2817 501 2872 cti
549 2819 609 2871 in
652 2816 752 2871 illa
792 2817 986 2888 patria
1016 2824 1394 2888 accresceret,
1429 2824 1484 2875 et
1522 2826 1584 2876 ut
1635 2821 1694 2876 in
1745 2823 2088 2879 haereditate

368 2951 386 2968 ,
426 2907 743 2973 parentum
777 2920 1026 2960 suorum
1056 2905 1281 2978 aliquid
1331 2914 1644 2981 acceptum
1677 2911 1794 2964 Deo
1825 2911 2085 2966 aedifica»

427 2995 541 3056 ret;
575 2991 792 3048 deinde
818 2998 882 3048 ut
906 2995 1130 3050 oblatio
1174 3013 1382 3052 eorum
1423 2997 1499 3053 ad
1540 2998 1881 3055 animarum
1913 3001 2090 3072 proti-
2118 3020 2159 3077 ρ

428 3085 582 3135 ceret
611 3080 867 3149 lucrum,
899 3088 1079 3156 atque
1109 3089 1172 3140 ut
1213 3085 1438 3141 fructus
1488 3087 1787 3144 bonorum
1835 3105 2087 3162 operum

427 3185 560 3241 quae
591 3169 674 3224 ibi
701 3175 1005 3239 geruntur,
1039 3173 1150 3228 sibi
1180 3178 1236 3229 et
1267 3174 1379 3228 illis
1427 3181 1580 3230 esset
1606 3176 1848 3232 abolitio
1879 3195 2088 3250 pecca-

426 3263 644 3326 torum,
676 3263 742 3315 ut
769 3264 1002 3316 aeternae
1030 3263 1161 3317 vitae
1205 3263 1389 3333 digna
1428 3266 1910 3338 recompensatio
1941 3284 2088 3340 prae-

424 3348 705 3404 miorum.
743 3350 908 3406 Unde
937 3355 992 3406 et
1025 3353 1488 3409 Fructuariensis
1532 3354 1625 3410 ille
1674 3355 1842 3410 locus
1873 3362 1962 3412 est
1984 3374 2087 3412 vo-

426 3441 612 3492 catus.
637 3441 697 3492 In
724 3437 887 3492 brevi
919 3454 1060 3509 ergo
1088 3443 1354 3512 tempore
1376 3441 1600 3498 factum
1631 3447 1718 3498 est
1743 3444 1943 3500 nobile
1973 3462 2088 3500 caa-

423 3524 697 3591 nobium,
731 3525 833 3580 ubi
858 3526 931 3580 de
961 3527 1075 3582 hoc
1101 3527 1231 3584 loco
1264 3533 1320 3585 et
1349 3531 1679 3602 spiritualia
1704 3536 1762 3587 et
1789 3536 2088 3606 tempora-

424 3611 504 3668 lia
546 3614 817 3669 subsidia
861 3620 1015 3671 sunt
1045 3617 1280 3686 delata;
1327 3619 1589 3692 reliquiae
1639 3620 1857 3676 scilicet
1883 3623 2085 3678 multae

426 3717 564 3756 cum
615 3703 966 3774 corporibus
1011 3710 1378 3774 sanctorum,
1411 3708 1723 3764 volumina
1768 3708 2084 3781 librorum,

424 3791 748 3864 omniaque
807 3793 1201 3850 ecclesiastica
1267 3801 1640 3863 ornamenta,
1697 3801 1754 3852 et
1804 3799 2087 3855 monachi

422 3881 664 3954 plurimi
693 3883 912 3954 pariter
953 3883 1090 3940 illuc
1122 3885 1417 3940 abierunt.
1451 3886 1563 3941 Sed
1594 3892 1650 3942 et
1694 3887 1768 3942 de
1799 3887 1928 3943 aliis
1961 3905 2084 3943 sum

423 3971 632 4026 ditioni
663 3971 945 4042 subjectis
970 3973 1136 4041 locis,
1172 3979 1228 4029 et
1261 3974 1660 4049 undecunque
1691 3976 1908 4033 oblatis
1939 3994 2085 4050 sup-

422 4060 756 4131 plementis,
790 4063 1210 4131 magniﬁcatus
1255 4068 1340 4119 est
1388 4064 1556 4120 locus
1599 4066 2086 4137 possessionibus

424 4154 480 4202 et
499 4148 715 4203 divitiis
740 4167 752 4215 ;
784 4150 865 4206 ita
896 4155 958 4206 ut
987 4152 1047 4206 in
1067 4153 1189 4208 vita
1219 4155 1346 4223 ejus
1367 4156 1752 4225 congregatio
1784 4155 1940 4210 illius
1973 4155 2066 4212 loc

424 4240 666 4291 centum
696 4253 948 4295 numero
978 4246 1276 4296 constaret
1294 4244 1908 4318 monachis,exceptis
1937 4245 2085 4301 locis

425 4323 711 4380 cellarum
729 4325 780 4380 ei
800 4326 932 4382 loco
955 4328 1225 4394 subditis,
1242 4346 1376 4402 quae
1398 4330 1516 4387 fere
1543 4333 1779 4404 triginta
1804 4333 2081 4388 existunt.

426 4413 780 4470 Convocatis
839 4432 980 4486 ergo
1037 4417 1333 4490 episcopis
1379 4421 1603 4491 patriae,
1652 4438 1788 4492 rege
1841 4438 2085 4494 quoque

424 4500 714 4568 Arduino,
737 4503 841 4574 qui
864 4503 946 4558 ibi
972 4506 1360 4576 postmodum
1381 4509 1620 4579 quievit,
1647 4527 1756 4565 sua
1783 4526 1921 4565 cum
1948 4526 2086 4565 con-

418 4590 583 4660 juge,
618 4595 674 4645 et
699 4591 900 4646 multis
939 4593 1240 4649 nobilibus
1294 4595 1484 4667 ipsius
1532 4598 1719 4666 regni,
1753 4598 1811 4652 in
1856 4599 2084 4653 honore

425 4683 646 4733 sanctae
676 4680 772 4735 Dei
805 4681 1102 4750 genitricis
1134 4683 1343 4749 Mariae,
1380 4685 1691 4757 sanctique
1731 4686 1980 4757 Benigni
2028 4690 2086 4742 et

424 4768 699 4823 omnium
727 4775 1071 4826 sanctorum
1100 4772 1235 4826 fecit
1259 4772 1458 4827 locum
1479 4773 1648 4829 illum
1671 4775 1912 4830 sacrari.
1939 4778 2087 4832 Con-

425 4856 610 4911 stituit
638 4861 695 4912 et
723 4857 839 4912 alia
868 4860 1233 4914 monasteria
1281 4860 1340 4914 in
1371 4861 1583 4917 eadem
1613 4863 1826 4934 patria,
1858 4864 1958 4919 ubi
1985 4864 2085 4920 de-

425 4944 646 5016 putatis
689 4946 1024 5012 monachis,
1065 4951 1122 5001 et
1167 4946 1494 5003 abbatibus
1542 4950 1832 5006 ordinatis
1883 4952 2083 5007 adhuc

425 5033 575 5089 ordo
600 5033 755 5103 viget
785 5035 1176 5091 monasticus.
1209 5037 1763 5095 Sanctimonialium
1792 5040 1972 5096 etiam
2001 5041 2086 5096 in-

428 5121 581 5177 tituit
608 5124 1061 5179 monasterium.

497 5211 586 5266 21.
629 5211 847 5269 Audita
877 5213 977 5269 Dei
1007 5213 1118 5270 viri
1147 5214 1311 5271 fama
1339 5215 1753 5272 nobilissimus
1777 5221 2087 5274 Nortman—

1412 5331 1438 5360 Ω

502 5440 606 5511 (ll)
647 5446 735 5522 A_n
790 5443 1172 5522 hic‘Paulus,
1223 5446 1328 5522 qui
1379 5447 1444 5522 in
1493 5449 1838 5520 Necrologio
1897 5449 2086 5505 sancti

429 5513 708 5567 Germani
757 5513 839 5569 sic
886 5513 1262 5583 designatur,—
1287 5520 1519 5575 Paulus
1565 5513 1870 5576 solitarius
1895 5522 2092 5576 sancti

428 5586 692 5651 Bem’gnz’
737 5602 796 5640 v1
841 5587 984 5641 Kal.
1016 5590 1204 5645 Junii.
1253 5589 1336 5644 lbi
1383 5591 1561 5647 etiam
1608 5593 1869 5647 reclusos
1905 5590 2087 5648 fuisse

429 5654 726 5722 colligitur
789 5672 861 5714 ex
927 5656 1059 5730 ipso
1122 5660 1470 5731 Necrologio
1535 5662 1925 5736 Benigniano,
1981 5662 2088 5720 ubi

2188 397 2535 470 supplicans
2561 403 2625 454 ut
2656 399 2733 454 ad
2758 414 2821 452 se
2845 399 3086 454 veniret.
3105 399 3216 464 Qui
3245 399 3493 454 tandem
3523 399 3809 454 libenter
3836 408 3896 456 ut

2187 488 2432 551 rogatus
2462 483 2654 538 fuerat
2671 498 2948 555 pergens,
2973 484 3131 538 venit
3151 483 3229 538 ad
3248 499 3423 552 eum;
3459 501 3497 540 a
3523 500 3681 556 quo,
3703 484 3893 538 sicuti

2187 571 2458 638 decebat,
2508 570 2837 626 honorifice
2871 576 3192 644 susceptus
3224 576 3334 638 est,
3371 571 3724 645 multisque
3759 573 3890 642 ejus

2187 661 2470 734 precibus
2500 666 2777 717 exoratus
2807 667 2900 717 est
2924 666 2987 717 ut
3017 663 3334 718 ecclesiam
3369 665 3612 719 Sancta:
3641 668 3713 718 et
3742 663 3893 718 indi-

2189 750 2386 806 viduae
2412 750 2701 806 Trinitatis
2729 751 2972 806 nomine
2997 756 3054 807 et
3078 752 3304 808 honore
3335 751 3638 818 dicatam,
3667 751 3739 806 in
3763 751 3890 806 loco

2187 840 2293 914 qui
2325 839 2648 895 Fiscannus
2673 840 2889 895 dicitur
2919 840 3061 897 olim
3090 847 3526 910 constructam,
3567 846 3629 896 et
3663 858 3708 896 a
3747 857 3813 896 se
3837 842 3890 896 in

2190 928 2543 1002 ampliorem
2566 933 2786 986 statum
2799 930 3078 986 decenter
3095 930 3487 986 reformatam
3517 931 3887 1003 susciperet.

2191 1024 2370 1091 atque
2392 1020 2834 1074 monachorum
2855 1019 3104 1090 collegio
3119 1020 3452 1076 decoraret.
3471 1021 3679 1091 Cujus
3705 1023 3891 1091 preci-

2191 1109 2306 1164 bus
2333 1125 2625 1175 annuens,
2644 1109 2724 1165 ita
2751 1109 3068 1181 praefatum
3098 1110 3302 1164 locum
3325 1109 3632 1164 omnibus
3653 1109 3891 1178 religio-

2193 1197 2272 1252 sis
2291 1195 2524 1263 studiis,
2543 1196 2890 1268 ceeterisque
2906 1196 3203 1252 bonorum
3226 1197 3417 1269 copiis
3441 1197 3818 1266 adornavit,
3839 1202 3893 1251 ut

2193 1303 2318 1359 pra;
2347 1285 2572 1341 cunctis
2600 1286 2754 1341 illius
2782 1285 3104 1358 provinciae
3135 1286 3305 1351 locis,
3326 1285 3618 1341 felicibus
3645 1302 3894 1358 semper

2193 1375 2404 1432 ﬂoreat
2432 1375 2831 1430 incrementis.
2853 1379 2915 1430 In
2945 1391 3066 1448 quo
3095 1375 3228 1430 loco
3254 1375 3429 1430 multi
3455 1380 3892 1431 convenerunt

2196 1464 2426 1520 nobiles
2452 1463 2578 1534 viri,
2611 1469 2733 1519 tam
2779 1463 2971 1519 clerici
3001 1479 3187 1536 quam
3231 1463 3388 1527 laici,
3419 1465 3560 1534 ejus
3592 1463 3892 1519 doctrinis

2198 1554 2504 1626 cupientes
2523 1552 2781 1621 institui;
2815 1553 2966 1609 inter
2990 1569 3143 1625 quos
3171 1553 3531 1608 Osmundus
3555 1554 3890 1626 episcopus

2117 1667 2158 1721 Β
2199 1650 2418 1700 sanctae
2473 1648 2530 1699 et
2577 1643 2871 1712 religiosae
2902 1643 3030 1698 vitae
3072 1643 3291 1698 exstitit
3340 1643 3734 1698 monachus.
3773 1647 3891 1698 Duo

2197 1750 2440 1807 quoque
2468 1733 2661 1788 clerici
2688 1732 3037 1788 liberalibus
3070 1732 3299 1788 artibus
3330 1733 3626 1806 apprime
3651 1733 3888 1800 eruditi,

2198 1824 2340 1880 aula
2377 1823 2531 1892 regis
2556 1823 2908 1896 postposita,
2943 1823 3313 1878 Willelmum
3342 1826 3591 1878 Patrem
3628 1825 3885 1896 expetie-

2195 1918 2336 1968 runt
2364 1917 2562 1968 mente
2592 1913 2828 1968 devota.
2864 1914 3024 1968 Unus
3062 1927 3273 1967 eorum
3304 1911 3658 1967 vocabatur
3689 1913 3890 1967 Joceli-

2196 2019 2333 2069 nus,
2367 2001 2514 2058 alter
2540 2001 2930 2071 Beringerius,
2964 2017 2995 2056 e
3025 2001 3248 2072 quibus
3279 2000 3444 2072 prior
3469 2001 3884 2074 postmodum

2198 2093 2390 2148 abbas
2421 2091 2654 2157 exstitit,
2688 2107 2947 2163 sequens
2977 2090 3035 2145 in
3069 2090 3285 2145 eodem
3334 2089 3472 2145 loco
3507 2091 3661 2146 vitae
3711 2092 3886 2146 ﬁnem

2198 2184 2444 2256 accepit.
2480 2185 2558 2237 De
2586 2181 3007 2236 transmarinis
3059 2180 3238 2235 etiam
3289 2179 3598 2252 partibus,
3638 2181 3764 2236 hoc
3810 2187 3886 2235 est

2198 2271 2525 2342 Anglorum
2557 2275 2733 2340 terra,
2765 2269 2855 2324 vir
2884 2269 3134 2341 quidam
3163 2267 3383 2323 nobilis
3429 2268 3632 2337 regali
3679 2285 3885 2342 prosa-

2197 2361 2299 2434 pia
2329 2360 2542 2428 clarus,
2569 2359 2842 2414 Clemens
2870 2358 3132 2425 nomine,
3155 2358 3374 2413 relictis
3402 2358 3621 2412 saeculi
3647 2359 3883 2431 pompis

2199 2451 2277 2507 ad
2306 2450 2466 2506 idem
2492 2449 2925 2505 monasterium
2951 2449 3130 2513 venit,
3153 2451 3272 2503 Deo
3299 2447 3445 2503 inibi
3483 2450 3759 2520 cupiens
3786 2450 3882 2504 mi-

2197 2540 2365 2595 litare
2391 2558 2403 2607 ;
2439 2539 2545 2594 sed
2565 2555 2705 2593 cum
2727 2538 2805 2594 ab
2837 2537 3184 2593 hominibus
3206 2553 3278 2592 ex
3302 2553 3412 2592 sua
3425 2538 3641 2610 patria
3669 2538 3881 2594 adven-

2199 2629 2462 2684 tantibus
2514 2627 2724 2682 crebro
2777 2626 3147 2696 inviseretur,
3198 2626 3394 2696 magis
3445 2629 3572 2682 Deo
3633 2627 3880 2696 diligens

2199 2716 2417 2771 servire
2466 2732 2605 2770 cum
2659 2715 2876 2787 quiete,
2927 2730 3116 2786 quam
3160 2714 3454 2770 vanitates
3503 2716 3741 2771 mundi
3787 2716 3881 2770 fre-

2198 2809 2450 2877 quenter
2489 2803 2718 2871 audire,
2770 2803 3125 2858 Divionense
3179 2803 3463 2875 expetivit
3501 2805 3874 2860 cmnobium.

2198 2894 2303 2949 ubi
2332 2892 2651 2949 laudabilis
2679 2892 2813 2948 vitae
2845 2891 3167 2964 complevit
3195 2908 3462 2947 cursum.
3494 2894 3635 2948 Fuit
3658 2893 3872 2966 itaque,

2199 2983 2534 3040 secundum
2559 2982 2986 3056 etymologiam
3021 2982 3112 3037 sui
3141 2982 3422 3049 nominis,
3451 2982 3736 3038 clemens
3766 2984 3875 3037 ani-

2197 3090 2321 3142 mo,
2355 3073 2638 3128 omnibus
2682 3071 2994 3129 virtutibus
3043 3071 3394 3135 adornatus.
3426 3071 3749 3143 praecipue
3780 3070 3872 3123 hu-

2197 3163 2464 3231 militate,
2489 3179 2610 3235 qua
2641 3161 2703 3217 in
2728 3166 2962 3217 tantum
2996 3177 3058 3215 se
3089 3160 3394 3231 abjectum
3420 3166 3479 3216 et
3506 3160 3700 3215 vilem
3723 3175 3867 3215 asse-

2194 3253 2384 3320 rebat,
2417 3257 2500 3323 ut,
2534 3267 2673 3306 cum
2723 3249 3036 3306 sacerdotii
3087 3250 3281 3320 gradu
3311 3249 3697 3318 fungeretur,
3732 3263 3867 3304 nun-

2195 3357 2383 3414 quam
2412 3342 2472 3397 in
2503 3341 2668 3397 omni
2700 3341 2819 3396 vita
2850 3356 2982 3408 sua,
3016 3340 3129 3395 nisi
3161 3339 3367 3409 semel,
3401 3339 3482 3395 ad
3530 3339 3661 3395 hoc
3713 3337 3866 3394 mini-

2197 3431 2443 3486 sterium
2475 3429 2758 3486 accedere
2789 3428 3262 3502 praesumpserit.

2266 3543 2356 3594 22.
2399 3541 2536 3594 Post
2563 3553 2750 3610 quam
2779 3537 2960 3606 igitur
3010 3553 3117 3610 per
3163 3553 3360 3593 annos
3410 3536 3534 3592 fere
3592 3536 3863 3607 tringinta

2197 3627 2524 3682 Willelmus
2580 3626 2772 3682 abbas
2822 3626 3214 3682 Fiscannense
3267 3625 3418 3681 rexit
3499 3625 3860 3692 cmnobium,

2195 3733 2336 3772 cum
2357 3719 2487 3788 jam
2519 3720 2816 3772 senectute
2846 3716 3024 3771 simul
3081 3721 3137 3772 et
3178 3715 3538 3784 (egritudine
3597 3729 3858 3785 gravare-

2195 3810 2308 3872 tur,
2339 3812 2395 3862 et
2423 3806 2697 3874 elegisset
2727 3805 2838 3860 sibi
2871 3805 3386 3861 Fructuariensein
3415 3804 3625 3860 locum
3667 3803 3751 3859 ad
3786 3803 3858 3856 in-

2193 3893 2616 3960 habitandum,
2651 3893 3004 3949 desiderans
3034 3893 3108 3948 de
3138 3893 3332 3966 patrio
3360 3893 3491 3948 solo
3523 3894 3855 3966 quiescere;

2195 3982 2585 4038 considerans
2636 3983 2914 4054 princeps
2963 3983 3130 4054 regni
3180 3983 3520 4046 Rotbertus,
3581 3982 3688 4054 qui
3717 3973 3861 4054 'post

2198 4075 2428 4143 patrem
2480 4074 2537 4125 et
2586 4069 2829 4126 fratrem
2884 4070 3196 4126 defunctos
3247 4071 3582 4143 primatum
3633 4069 3861 4125 tenebat

2195 4163 2698 4226 Normannorum,
2755 4160 2920 4233 petiit
2973 4176 3078 4232 per
3120 4160 3350 4229 legatos
3407 4159 3699 4214 eumdem
3770 4161 3862 4213 Pa-

2194 4254 2366 4317 trem,
2424 4254 2489 4304 ut
2532 4249 2818 4306 abbatem
2870 4250 2983 4306 sibi
3055 4249 3456 4316 substitueret,
3529 4249 3673 4319 quia
3756 4245 3868 4302 loci

2194 4341 2382 4393 status
2436 4337 2602 4392 aliter
2654 4336 2780 4392 sine
2838 4338 3194 4394 detrimento
3250 4353 3489 4392 manere
3535 4349 3657 4388 non
3723 4349 3872 4405 pos-

2193 4432 2299 4483 set.
2361 4426 2451 4483 Ad
2502 4427 2674 4497 cujus
2729 4427 3096 4498 petitionem,
3142 4427 3468 4498 quemdam
3513 4422 3628 4478 sibi
3688 4423 3866 4479 vales

2191 4515 2476 4571 dilectum
2527 4516 2917 4594 monachum,
2965 4516 3235 4586 ejusdem
3281 4515 3396 4570 loci
3421 4514 3710 4588 priorem,
3768 4529 3863 4568 no-

2192 4605 2353 4660 mine
2372 4608 2683 4670 Joannem,
2720 4604 3021 4660 constituit
3052 4603 3374 4671 abbatem;
3409 4603 3543 4658 licet
3581 4618 3730 4658 eum
3773 4601 3862 4657 ali-

2190 4693 2254 4748 bi
2283 4693 2477 4763 magis
2507 4697 2776 4764 optasset
2819 4693 3141 4765 praeﬁcere.
3199 4691 3303 4747 Hic
3360 4691 3540 4747 Italiae
3592 4691 3860 4764 partibus

2193 4784 2491 4838 Ravennae
2522 4786 2707 4848 ortus,
2737 4780 2942 4837 litteris
2976 4781 3262 4844 eruditus,
3291 4797 3362 4837 ac
3390 4780 3747 4836 medicinali
3785 4795 3864 4834 ar-

2192 4876 2248 4927 te
2277 4888 2385 4944 per
2414 4872 2601 4944 ipsius
2631 4871 2822 4926 Patris
2862 4871 3197 4941 jussionem
3252 4870 3520 4942 edectus,
3571 4869 3860 4941 religiosae

2193 4960 2664 5018 conversationis
2691 4961 2843 5031 ejus,
2877 4959 3162 5016 doctrinae
3193 4975 3441 5032 quoque
3486 4976 3558 5016 ac
3593 4959 3858 5015 omnium

2192 5049 2478 5106 virtutum
2511 5049 2697 5122 ipsius
2726 5066 2850 5122 prae.
2881 5049 3106 5105 cunctis
3142 5048 3271 5104 aliis
3326 5049 3555 5105 exstitit
3607 5049 3860 5105 imitator

2196 5139 2521 5194 studiosus.
2553 5139 2684 5208 Qui,
2713 5139 2792 5194 ab
2823 5138 3077 5194 exilitate
3117 5138 3410 5210 corporis,
3467 5138 3855 5193 Joannelinus

2195 5227 2552 5284 diminutive
2583 5227 2826 5282 nomine
2851 5231 2942 5283 est
2965 5226 3188 5288 dictus;
3232 5226 3338 5282 sed
3365 5226 3751 5292 humilitatis,
3783 5239 3859 5278 sa-

2195 5449 2501 5507 Johannes
2531 5451 2799 5505 reclusus
2835 5449 3030 5505 Idibus
3057 5449 3231 5504 Julii.

2270 5521 2384 5592 (12)
2435 5524 2511 5576 De
2541 5521 2979 5594 Frtictuaricnsi
3009 5518 3371 5594 monasterio
3400 5517 3578 5594 infra,
3613 5518 3859 5594 seorsim

2199 5589 2470 5664 agemus,
2504 5591 2606 5646 ubi
2638 5593 2862 5659 charta,
2909 5592 2968 5646 in
3019 5607 3143 5664 qua
3184 5593 3447 5648 Joannes
3487 5593 3731 5664 primus
3756 5589 3858 5645 loci

2200 5663 2370 5720 istius
2399 5663 2591 5723 abbas
2613 5667 3001 5720 memoratur.
