3994 6166
131 175 235 229 865

1806 165 1966 221 VITA

3503 195 3607 250 866

129 292 392 368 pientiae,
421 289 822 357 discretionis,
854 305 926 345 ac
958 294 1322 348 caeterarum
1347 292 1632 349 virtutum
1666 293 1827 345 tanta
1853 290 1900 340 A
1941 292 2208 349 Domino
2239 300 2329 352 est
2358 299 2434 353 ad
2457 301 2714 360 coelestia
2743 321 2946 376 regna,
2990 310 3298 383 sanctique
3359 315 3605 384 Benigni

128 379 191 439 in
214 399 289 438 eo
320 379 553 436 refulsit
585 379 774 449 gratia
808 383 872 434 ut
899 378 1080 450 (sicut
1113 385 1369 435 sanctus
1393 381 1568 436 refert
1613 381 1826 447 Grego-

129 471 260 527 rius
291 470 354 524 in
379 468 535 524 libro
569 467 954 538 Dialogorum
988 466 1064 523 de
1097 466 1460 525 Constantio
1479 467 1830 541 presbytero

134 561 266 632 (lib.
301 576 336 625 ι,
370 575 420 613 c.
458 563 514 620 ὅ)
540 557 602 612 in
629 557 741 612 hoc
772 556 992 613 mirum
1020 559 1183 613 esset
1213 556 1590 614 intuentibus
1616 557 1675 612 in
1707 561 1830 612 tam

132 665 331 722 parvo
355 663 609 719 corpore
641 646 837 714 gratiae
871 647 972 702 Dei
1033 647 1216 702 tanta
1268 647 1433 704 dona
1479 647 1825 703 exuberare.

133 737 256 794 Sed
285 737 432 810 quia
459 735 660 790 adhuc
708 734 957 790 domum
1005 731 1257 791 habitat
1310 737 1555 804 luteam,
1615 735 1832 791 sufﬁcit

133 829 258 884 hoc
301 829 538 880 tantum
598 823 836 879 dixisse.
887 824 1032 880 Dicit
1071 820 1251 878 enim
1304 825 1650 898 Scriptura:
1695 847 1721 874 ‹‹
1753 828 1831 880 Ne

136 914 356 971 laudes
380 913 693 969 hominem
723 912 781 967 in
811 911 938 967 vita
964 929 1071 967 sua
1105 909 1332 980 (Eccli.
1367 915 1508 984 x1).»

219 1080 310 1131 23.
337 1073 650 1130 Commisit
674 1078 729 1128 et
757 1071 872 1128 alia
900 1072 1037 1128 loca
1074 1079 1457 1131 memoratus
1489 1091 1691 1130 comes
1741 1075 1830 1130 Ri-

144 1164 413 1221 chardus
447 1163 728 1236 saepefato
754 1161 966 1218 abbati
1014 1161 1342 1233 Willelmo,
1395 1165 1611 1220 scilicet
1665 1168 1832 1220 Gem-

144 1254 457 1319 meticum,
495 1257 562 1307 ut
619 1253 745 1323 jam
798 1251 1087 1320 diximus,
1137 1254 1578 1310 monasterium
1625 1254 1824 1312 Sancti

142 1342 445 1411 Audoeni,
477 1346 750 1397 montem
783 1342 986 1398 Sancti
1012 1341 1310 1399 Michaelis
1339 1344 1706 1415 archangeli,
1765 1343 1827 1398 in

145 1449 276 1506 quo
308 1431 442 1487 loco
484 1435 627 1504 post
655 1435 910 1486 mortem
944 1431 1130 1486 Patris
1169 1432 1454 1504 praedicti,
1517 1433 1828 1506 supradic-

149 1527 249 1576 tus
297 1523 563 1576 Joannes
615 1519 808 1575 abbas
867 1521 1175 1576 constituit
1223 1525 1454 1578 Patrem
1498 1523 1830 1595 quemdam

153 1609 532 1665 monachum
560 1608 983 1680 praenominati
1017 1611 1206 1666 Patris
1232 1611 1517 1667 Willelmi.
1577 1614 1829 1668 Vocatus

150 1704 240 1755 est
269 1703 475 1754 autem
520 1697 716 1753 isdem
767 1699 944 1754 frater
1002 1699 1230 1772 Subpo,
1263 1703 1672 1757 Romanorum
1729 1717 1832 1774 pa-

148 1789 265 1845 tria
319 1793 586 1854 exortus,
651 1793 708 1843 et
765 1789 890 1858 jam
967 1788 1110 1844 dicti
1168 1790 1438 1860 magistri
1514 1791 1830 1848 institutio-

147 1894 228 1933 ne
275 1878 339 1932 in
391 1876 557 1932 omni
639 1877 949 1932 sanctitate
998 1877 1314 1934 educatus.
1393 1878 1504 1944 Qui
1561 1885 1829 1951 postmo-

155 1966 313 2021 dum
344 1965 714 2038 quibusdam
758 1965 1281 2021 contrarietatibus
1335 1967 1576 2034 exortis,
1629 1968 1830 2025 relicto

151 2056 294 2129 ipso
334 2055 484 2123 loco,
520 2056 1041 2112 Fructuariensem
1073 2061 1188 2123 (l3)
1217 2056 1523 2113 abbatiam
1557 2056 1831 2129 pluribus

149 2145 332 2201 annis
363 2145 532 2200 rexit.
563 2144 877 2200 Rotbertus
909 2147 1093 2200 etiam
1138 2161 1242 2200 rex
1281 2146 1592 2201 abbatiam
1634 2148 1832 2203 Sancti

148 2233 434 2290 Germani
479 2233 646 2306 apud
703 2233 955 2289 Parisius
1008 2239 1288 2307 precatus
1341 2239 1429 2291 est
1475 2235 1831 2308 praedictum

149 2327 385 2380 Patrem
419 2327 487 2379 ut
527 2322 870 2396 susciperet,
896 2329 953 2380 et
978 2323 1316 2380 secundum
1343 2323 1682 2395 regularem
1739 2326 1830 2380 in-

150 2413 529 2470 stitutionem
558 2411 879 2469 ordinaret.
931 2412 1108 2480 Quod
1153 2417 1211 2468 et
1264 2413 1416 2469 fecit.
1476 2417 1716 2469 Necnon
1774 2419 1832 2470 et

151 2503 326 2561 Oddo
358 2519 568 2559 comes
596 2503 728 2576 pari
755 2502 1074 2559 devotione
1102 2502 1308 2560 locum
1340 2503 1532 2560 sancti
1578 2504 1828 2560 Faronis

144 2596 215 2651 in
241 2594 394 2650 urbe
416 2593 747 2651 Meldorum
777 2593 972 2650 eidem
1003 2594 1305 2650 commisit
1351 2593 1677 2651 venerabili
1724 2595 1831 2650 Pa-

148 2683 248 2739 tri.
282 2683 401 2739 Sed
432 2688 490 2739 et
517 2682 888 2738 honorabilis
947 2681 1171 2756 praesul
1219 2683 1510 2739 Mettensis
1557 2682 1828 2739 Ecclesiae

146 2771 560 2830 Theodericus
619 2771 996 2828 Gorziensem
1052 2771 1362 2828 abbatiam
1442 2772 1656 2828 eodem
1704 2771 1829 2828 zelo

151 2862 262 2919 Dei
293 2860 745 2918 commendavit
773 2860 875 2928 illi,
907 2861 1190 2917 defuncto
1216 2861 1372 2917 illius
1417 2860 1532 2916 loci
1561 2860 1780 2917 abbate
1808 2880 1820 2928 ;

149 2951 266 3024 qui
295 2951 444 3007 dum
477 2949 794 3023 praefatum
821 2954 1051 3018 regeret
1074 2949 1294 3016 locum,
1324 2966 1397 3006 ex
1413 2949 1569 3006 clero
1592 2949 1828 3006 Metensi

151 3038 495 3112 quemdam
527 3038 830 3104 clericum,
873 3037 1232 3107 Sigifredum
1262 3043 1567 3106 vocatum,
1626 3039 1828 3096 litteris

153 3128 318 3183 bene
347 3127 617 3195 doctum,
651 3127 729 3182 ad
779 3126 1185 3183 monasticum
1238 3127 1477 3184 attraxit
1531 3127 1826 3184 ordinem.

155 3218 274 3284 Qui
305 3222 441 3290 post
466 3217 598 3288 ejus
625 3217 946 3273 decessum
995 3217 1276 3273 eamdem
1306 3217 1454 3273 rexit
1505 3233 1829 3288 congrega-

154 3307 408 3362 tionem.

234 3453 324 3506 24.
356 3451 624 3506 Domnus
653 3465 795 3506 vero
824 3448 1110 3504 Arnulfus
1152 3449 1322 3505 istius
1367 3448 1480 3506 loci
1520 3449 1704 3522 prior,
1762 3455 1828 3507 ut

151 3542 291 3612 jam
321 3539 604 3604 diximus,
635 3555 775 3594 cum
805 3538 994 3610 patris
1026 3539 1307 3594 Willelmi
1337 3543 1392 3593 et
1418 3539 1643 3610 priefati
1675 3556 1826 3612 pras-

164 3629 316 3685 sulis
345 3628 769 3684 admoneretur
787 3628 1068 3702 precibus
1100 3633 1164 3684 ut
1189 3629 1317 3700 jam
1364 3628 1502 3684 dicti
1548 3629 1664 3686 loci
1695 3648 1827 3686 sus-

160 3719 385 3792 ciperet
416 3734 646 3786 curam,
669 3722 848 3790 atque
879 3717 1117 3773 abbatis
1148 3717 1433 3786 officium,
1481 3718 1606 3792 ipse
1637 3720 1829 3776 humi-

156 3807 344 3863 litatis
375 3813 607 3864 amator
632 3806 797 3862 nullo
827 3807 1012 3862 modo
1057 3807 1327 3878 assensit,
1367 3809 1680 3881 magisque
1711 3810 1827 3865 ele-

163 3897 251 3968 git
281 3897 525 3953 subesse
551 3912 739 3968 quam
769 3912 1051 3969 praeesse,
1085 3896 1469 3952 solummodo
1510 3897 1827 3968 cujusdam

161 3987 333 4060 parvi
354 3986 469 4042 loci
501 4002 538 4042 a
562 3990 892 4058 przrtaxato
922 3991 1089 4060 patre
1121 3985 1410 4042 Willelmo
1441 3986 1551 4042 sibi
1577 3988 1830 4059 expecti-

161 4077 252 4132 vit
279 4093 485 4132 curam
512 4080 568 4131 et
599 4075 955 4131 dominium.
991 4079 1088 4131 Est
1115 4080 1316 4131 autem
1345 4075 1512 4131 locus
1551 4075 1644 4131 ille
1682 4076 1828 4133 situs

163 4167 225 4222 in
254 4165 516 4222 conﬁnio
547 4165 834 4222 Tullensis
863 4170 921 4221 et
944 4165 1331 4235 Lingonensis
1381 4165 1826 4238 parochiarum,

164 4255 226 4311 in
255 4254 389 4311 loco
415 4256 517 4327 qui
551 4259 798 4310 vocatur
829 4255 1182 4312 Brittaniaca
1211 4254 1392 4311 curtis
1426 4257 1828 4327 (14).Quomo-

1937 378 2192 448 adjutus
2219 385 2516 456 precibus,
2551 393 2605 444 et
2635 391 2696 445 in
2722 394 2883 466 caelis
2904 413 3040 452 cum
3072 414 3142 454 eo
3170 378 3421 468 gloriam
3463 378 3532 458 et
3543 404 3606 458 in

1938 471 2093 564 terra
2102 469 2288 564 juxta
2305 475 2433 546 ejus
2455 479 2754 535 tumulum
2781 484 3142 553 condignam
3161 491 3387 562 accepit
3413 492 3609 564 sepul-

1937 561 2164 646 turam.
2204 563 2384 634 Cujus
2417 582 2605 637 soror,
2638 571 2878 627 nomine
2912 573 3140 646 Liliosa,
3182 579 3258 634 ad
3291 561 3607 637 sancti—Be-

1938 645 2108 715 nigni
2139 651 2386 708 veniens
2424 653 2652 726 limina,
2686 658 3036 728 praedictum
3077 665 3369 733 praedium
3424 685 3603 724 suum

1939 734 2197 794 donavit
2221 742 2432 798 Sancto
2469 744 2726 814 Benigno
2755 749 3002 818 martyri
3030 767 3139 822 pro
3178 752 3373 810 fratris
3396 758 3486 812 sui
3510 774 3602 813 se-

1940 823 2221 896 pultura;
2251 828 2310 883 in
2340 847 2462 902 quo
2499 831 2631 887 loco
2672 833 3117 893 aediﬁcaverunt
3165 841 3478 898 ecclesiam
3538 845 3601 900 in

1940 912 2174 969 honore
2214 918 2402 973 sancti
2434 920 2700 989 Benigni,
2735 927 2845 978 etc.
2879 927 3042 980 Hunc
3073 941 3216 995 ergo
3247 927 3450 984 locum
3505 947 3600 986 su-

1939 1002 2249 1074 pradictus
2280 1006 2542 1062 domnus
2573 1011 2852 1066 Arnulfus
2869 1013 2980 1068 sibi
3012 1015 3234 1086 eligens
3264 1019 3430 1074 omni
3461 1037 3606 1076 cura

1941 1091 2170 1148 studuit
2198 1110 2336 1150 eum
2382 1104 2772 1166 augmentare
2807 1120 2820 1168 ;
2857 1118 2929 1157 ac
2973 1104 3232 1175 primam
3288 1107 3606 1165 basilicam

2038 1198 2328 1252 magnam
2351 1191 2725 1254 construens,
2747 1189 3139 1265 ofﬁcinasque
3159 1212 3228 1251 ac
3252 1197 3484 1270 reliqua
3504 1200 3611 1256 ha-

1938 1269 2203 1326 bitacula
2233 1275 2546 1330 monachis
2570 1277 2756 1347 utilia,
2784 1279 2984 1336 nobile
3012 1284 3356 1341 coenobium
3380 1269 3605 1343 consti-

1941 1359 2067 1428 tuit,
2088 1362 2692 1438 possessionibusque
2707 1384 2777 1423 ac
2807 1370 2973 1425 terris
2994 1388 3212 1442 augere
3231 1377 3594 1446 procuravit.

2010 1468 2207 1522 Multa
2236 1469 2545 1542 subjungit
2568 1481 2782 1530 auctor
2824 1477 2898 1533 de
2948 1481 3132 1535 variis
3181 1483 3604 1540 donationibus

1941 1563 2084 1614 tunc
2112 1562 2392 1628 temporis
2421 1568 2779 1622 monasterio
2809 1569 3187 1640 Benigniano
3212 1575 3416 1644 factis,
3461 1593 3594 1647 qua?

1861 1647 1900 1701 Β
1942 1647 2060 1702 huc
2106 1651 2335 1718 referre
2361 1667 2556 1720 operte
2579 1659 2841 1724 pretium
2875 1661 3062 1715 visum
3094 1679 3212 1718 non
3242 1671 3344 1728 est,
3395 1667 3498 1722 sed
3548 1673 3606 1723 et

1941 1740 2276 1806 complures
2295 1750 2553 1798 recenset
2567 1747 2969 1815 cellas,seu,ut
2990 1752 3166 1821 vulgo
3183 1757 3598 1825 appellantur,

1931 1827 2268 1895 prioratus,
2302 1845 2433 1899 quae
2462 1833 2658 1888 eodem
2693 1841 2953 1905 tempore
2993 1839 3064 1893 de
3114 1856 3262 1896 novo
3311 1849 3604 1900 extructa:

1939 1921 2048 1971 aut
2098 1923 2254 1973 certe
2307 1925 2667 1979 monasterio
2718 1926 2932 1981 Sancti
2973 1928 3235 1999 Benigni
3289 1933 3599 1988 attributae

1937 2005 2211 2073 fuerunt.
2247 2007 2416 2062 Tales
2446 2016 2584 2064 sunt
2615 2011 3063 2069 Wulnonisvilla
3093 2016 3154 2071 in
3195 2033 3353 2089 pago
3378 2019 3604 2075 Tricas-

1941 2091 2093 2159 sino,
2122 2093 2182 2148 in
2214 2110 2371 2165 pago
2400 2096 2706 2155 Pertuensi
2743 2101 3139 2172 Albiniacum,
3202 2108 3374 2175 cujus
3416 2111 3601 2165 eccle—

1939 2182 2090 2236 siam
2120 2182 2425 2252 Arnulfus
2447 2201 2587 2242 mox
2616 2189 2900 2244 laudatus
2921 2190 3213 2247 librorum
3243 2201 3599 2254 ornamento

1941 2269 2264 2337 decoravit,
2299 2271 2603 2344 impensas
2631 2277 2972 2348 tribuendo,
2997 2284 3053 2334 et
3085 2280 3306 2337 domus
3365 2284 3600 2340 Girber-

1940 2361 2035 2413 tus
2092 2359 2427 2416 scribendo.
2473 2365 2532 2418 Is
2561 2379 2744 2435 porro
2785 2366 3085 2423 Girbertus
3112 2371 3326 2428 ibidem
3377 2375 3602 2431 dicitur

1939 2464 2013 2503 ex
2045 2447 2252 2520 primis
2279 2467 2432 2523 quos
2454 2454 2700 2510 nutrivit
2722 2457 2986 2510 domnus
3013 2457 3207 2515 abbas
3237 2461 3594 2532 Willelmus,

1939 2542 1997 2594 et
2025 2537 2104 2594 ab
2135 2538 2330 2595 ofﬁcio
2365 2543 2624 2614 Scriptor
2653 2548 2742 2600 est
2768 2544 3124 2617 appellatus.
3167 2550 3343 2605 Anno
3397 2559 3597 2611 autem

1942 2630 2078 2681 1005
2103 2632 2445 2685 restaurata
2473 2637 2555 2686 est
2585 2638 2642 2686 et
2699 2633 2865 2688 novis
2911 2635 3159 2702 praediis
3186 2637 3393 2694 dotata
3450 2639 3601 2696 cella

1941 2714 2136 2772 Sancti
2173 2717 2457 2789 Stephani
2486 2736 2672 2793 prope
2698 2721 2964 2787 Belnam,
3015 2739 3084 2779 ac
3135 2725 3402 2782 Willelmi
3458 2745 3598 2800 pro-

1936 2804 2214 2861 videntiae
2255 2811 2580 2866 commissa.
2614 2812 2792 2866 Anno
2823 2816 2978 2879 1023,
3012 2815 3198 2870 eidem
3225 2815 3449 2874 donata
3477 2820 3601 2888 fuit

1938 2895 2092 2951 cella
2125 2897 2315 2951 Beata:
2342 2898 2532 2953 Mariae
2573 2899 2647 2955 de
2703 2900 3018 2973 Salmacia,
3063 2908 3126 2959 ut
3182 2907 3465 2962 monachi
3516 2909 3599 2965 ibi

1858 2999 1899 3056 α
1938 2983 2311 3040 mitterentur
2334 2991 2444 3042 etc.
2467 2989 2553 3044 De
2574 2990 2642 3044 iis
2669 2991 2842 3045 rebus
2875 2993 3206 3061 complures
3242 2994 3469 3052 chartae
3495 2997 3600 3054 ha-

1941 3073 2158 3129 bentur
2177 3075 2345 3144 apud
2390 3076 2726 3134 Perardum
2759 3092 2780 3147 ;
2809 3080 2914 3134 ubi
2941 3082 3114 3137 etiam
3138 3083 3467 3142 Lethaldus
3487 3089 3598 3143 mi-

1941 3164 2022 3218 les
2040 3163 2146 3218 dat
2166 3179 2326 3219 anno
2355 3168 2490 3220 1006
2514 3169 2819 3223 ecclesiam
2834 3170 3043 3226 Sancti
3057 3173 3230 3227 Petri
3247 3175 3306 3230 in
3331 3176 3456 3231 loco
3479 3179 3600 3232 Pu-

1939 3253 2128 3323 teolis,
2156 3259 2220 3308 ut
2252 3254 2334 3310 ibi
2361 3257 2644 3312 monachi
2670 3258 3088 3328 instituantur,
3114 3267 3168 3317 et
3195 3264 3411 3320 Haimo
3467 3281 3600 3322 con-

1937 3343 2072 3397 silio
2108 3343 2418 3400 Lamberti
2461 3348 2722 3416 episcopi
2770 3349 2984 3404 Sancti
3033 3351 3320 3408 Flaviani
3358 3338 3592 3423 'locum,

1937 3447 2098 3487 anno
2133 3435 2270 3488 1030
2314 3433 2614 3491 Willelmo
2655 3435 2925 3506 subjecit,
2968 3444 3034 3494 ut
3075 3439 3158 3494 ibi
3204 3445 3596 3501 monasticam

1937 3522 2204 3578 ordinem
2224 3532 2559 3593 repararet.
2589 3525 2880 3582 lmbertus
2922 3533 3066 3584 tunc
3112 3531 3447 3602 Lingonum
3493 3551 3594 3591 ar-

1937 3611 2343 3678 chidiaconus,
2377 3615 2483 3684 qui
2507 3619 2713 3684 postea
2743 3616 3118 3673 Parisiorum
3151 3622 3455 3690 episcopus
3469 3624 3599 3693 fac-

1937 3706 2031 3754 tus
2059 3702 2201 3770 fuit,
2232 3701 2445 3758 obtulit
2474 3721 2582 3776 per
2637 3703 2866 3759 donum
2917 3711 2974 3761 et
3014 3707 3256 3765 laudem
3303 3713 3599 3770 Lamberti

1937 3787 2221 3860 episcopi,
2265 3797 2472 3847 sancto
2508 3792 2767 3861 Benigno
2824 3793 3132 3851 abbatiam
3190 3800 3384 3855 Sancti
3427 3807 3599 3859 Ama-

1936 3877 2080 3932 toris
2113 3894 2301 3951 prope
2335 3879 2654 3951 Lingonas.
2689 3887 2751 3936 ut
2781 3882 2862 3936 ibi
2892 3886 3174 3940 monachi
3230 3888 3592 3958 sisterentur,

1935 3967 2040 4039 qui
2067 3970 2184 4022 Deo
2210 3969 2454 4040 hymnis
2485 3976 2541 4026 et
2563 3971 2846 4026 laudibus
2895 3972 2988 4026 die
3043 3979 3340 4048 noctuque
3395 3979 3596 4035 deser-

1934 4056 2144 4112 virent.
2205 4058 2429 4114 Eodem
2460 4059 2776 4115 Lamberto
2818 4060 3102 4116 laudante
3150 4069 3341 4136 Aymo
3393 4084 3595 4125 comes

1935 4145 2097 4201 dedit
2127 4146 2414 4203 Willelmo
2446 4148 2754 4205 abbatiam
2783 4149 2842 4205 in
2872 4151 3164 4208 honorem
3214 4161 3433 4213 sanctae
3495 4158 3595 4215 Dei

1937 4236 2234 4306 genitricis
2263 4237 2454 4293 Mariae
2486 4245 2806 4305 sacratam,
2839 4245 2896 4296 et
2943 4246 3078 4298 ante
3102 4260 3277 4300 suum
3309 4252 3592 4322 castrum,

162 4345 246 4401 do
271 4361 411 4400 vero
435 4325 646 4400 sancto
676 4345 943 4414 Benigno
969 4345 1136 4401 istius
1180 4344 1294 4400 loci
1352 4325 1604 4416 patrono
1658 4345 1830 4401 fuerit
1860 4356 1904 4409 Ι)
1935 4325 2101 4416 (ἰυφά
2157 4327 2408 4383 Simonis
2464 4332 2612 4384 F005
2667 4329 2898 4399 dieitur:
2955 4333 3234 4406 Ροδίίδω,
3296 4345 3594 4410 quatenus

161 4433 368 4498 datus,
390 4449 552 4488 nunc
582 4433 927 4489 referemus.
957 4434 1141 4490 Jacob
1169 4433 1456 4490 Tullensis
1479 4433 1644 4488 urbis
1675 4435 1830 4506 epis-

165 4519 363 4592 co'pus
392 4521 536 4578 dum
557 4521 774 4578 rediret
794 4525 1001 4590 Roma,
1031 4523 1307 4579 incitatus
1330 4521 1491 4578 fama
1513 4522 1828 4579 miraculo-

160 4626 307 4667 rum
362 4627 493 4683 quze
544 4611 604 4666 in
655 4611 767 4667 hoc
822 4612 954 4668 loco
983 4613 1079 4668 Dei
1103 4613 1467 4685 operabatur
1515 4611 1830 4668 clementia

161 4701 464 4775 peristius
497 4701 688 4757 sancti
720 4702 954 4769 merita,
990 4703 1066 4758 ad
1097 4702 1286 4775 ipsius
1309 4701 1588 4773 martyris
1620 4702 1830 4758 Christi

160 4790 413 4846 advenit
440 4789 762 4860 tumulum,
791 4791 1040 4862 cupiens
1072 4807 1107 4845 a
1136 4792 1255 4846 Deo
1289 4791 1525 4846 veniam
1579 4789 1829 4862 adipisci

160 4877 524 4935 delictorum
553 4894 658 4951 per
714 4879 896 4950 hujus
950 4878 1191 4949 gloriosi
1228 4878 1504 4950 martyris
1535 4877 1828 4932 interven-

160 4973 316 5025 tum.
355 4969 627 5040 Dumque
653 4984 760 5040 per
791 4968 1018 5041 aliquot
1033 4967 1159 5024 dies
1188 4967 1548 5023 remorando
1571 4965 1649 5022 ad
1671 4971 1827 5022 tum-

158 5059 312 5115 bam
338 5060 468 5130 ejus
501 5057 789 5114 ccelorum
826 5063 1162 5132 penetraret
1218 5058 1446 5125 intima,
1479 5061 1726 5113 vocatus
1791 5074 1830 5114 a

237 5219 617 5301 (l3).Aliquot
637 5235 782 5275 vasa
830 5235 1002 5301 sacra
1051 5234 1088 5301 _a
1145 5221 1427 5301 Suppone
1467 5218 1825 5301 Michaelinae

158 5290 430 5346 ecclesiae
457 5290 598 5347 data
628 5294 923 5347 memorat
964 5290 1327 5362 Arturus’in
1385 5291 1656 5346 Neustria
1701 5290 1822 5362 pia,

255 5362 586 5418 ieumdem
645 5361 1053 5418 Fructuarium
1109 5361 1392 5418 recessise
1449 5376 1610 5416 anno
1662 5361 1820 5431 1048,

158 5378 269 5488 $11
302 5378 586 5418 eumdem
647 5378 1053 5418 [fructuarium
1109 5378 1206 5417 rec

163 5435 173 5444 '
230 5449 373 5505 :que
403 5433 591 5505 obiise
621 5449 783 5488 anno
817 5438 943 5505 1061
983 5433 1206 5505 scribit.

237 5501 351 5574 (14)
382 5504 529 5560 Huic
554 5504 688 5560 loco
717 5505 839 5560 duo
871 5503 1079 5560 altaria
1104 5503 1268 5560 dedit
1306 5501 1652 5559 Bertholdus
1708 5502 1824 5574 epi-

160 5592 393 5702 scppus
414 5575 703 5658 Tullensis
733 5591 894 5657 anno
928 5580 1158 5644 1005,ut
1183 5575 1516 5658 gnonastica
1535 5575 1826 5702 religione

160 5663 199 5703 a
311 5646 535 5704 ιΗθΙωο
564 5651 962 5704 insigniretur.
985 5649 1332 5704 Donationis
1352 5647 1622 5703 chartam
1690 5643 1828 5702 abet

160 5663 199 5703 a
227 5649 535 5704 Willelmo
564 5649 962 5719 insigniretur.
985 5649 1332 5704 Donationis
1352 5649 1622 5703 chartam

1936 4415 2086 4471 ordo
2115 4416 2507 4484 monasticus,
2543 4419 2644 4490 qui
2671 4419 2752 4474 ibi
2783 4421 3094 4492 quondam
3124 4423 3315 4482 fuerat
3371 4429 3597 4486 institu-

1935 4510 2053 4572 tus,
2077 4505 2266 4578 ipsius
2306 4513 2681 4577 repararetur
2707 4511 2925 4567 studio.
2961 4512 3216 4571 Caeteras
3245 4517 3594 4577 donationes

1936 4595 2279 4650 omittimus.
2327 4597 2446 4651 Sed
2497 4600 2958 4666 praetermittere
3013 4618 3131 4656 non
3189 4605 3322 4659 licet
3374 4609 3596 4676 egregii

1932 4684 2234 4752 pontiﬁcis
2286 4684 2592 4740 Brunonis
2643 4690 2991 4755 encomium,
3043 4691 3204 4760 quod
3248 4691 3338 4746 his
3400 4692 3590 4748 verbis

1928 4774 2318 4844 prosequitur
2342 4774 2839 4845 chronographus
2860 4792 2881 4830 .·

2005 4884 2094 4935 25.
2132 4880 2281 4946 Quia
2311 4881 2558 4950 longum
2587 4887 2674 4937 est
2699 4899 2974 4939 enarrare
3006 4891 3219 4942 cuncta
3257 4903 3394 4959 quae
3451 4888 3589 4945 huic

1938 4969 2300 5024 monasterio
2331 4969 2545 5025 collata
2575 4974 2712 5025 sunt
2739 4971 2868 5042 (15),
2901 4975 3167 5042 tempore
3215 4974 3422 5030 domni
3455 4979 3589 5032 Bru-

1935 5058 2110 5114 nonis
2131 5058 2413 5130 episcopi,
2444 5062 2500 5112 et
2527 5059 2748 5130 quibus
2770 5075 2876 5130 per
2899 5059 3098 5131 ipsum
3127 5062 3217 5118 vel
3237 5069 3480 5136 propter
3506 5065 3591 5138 ip-

1934 5214 2244 5270 Perardus.
2280 5214 2561 5285 Ejusdem
2590 5215 2703 5270 loci
2733 5215 3044 5273 ecclesiam
3071 5218 3367 5279 dedicavit
3396 5228 3454 5280 et
3477 5223 3586 5280 do-

1935 5286 2079 5360 tavit
2102 5289 2317 5360 Bruno,
2341 5290 2553 5360 postea
2594 5289 2706 5342 Leo
2737 5290 2797 5342 IX
2824 5303 2984 5360 papa
3014 5290 3226 5349 factus.

2008 5329 2473 5440 (l5)ﬁPrivilergia,
2502 5361 2612 5440 etc,
2637 5329 3411 5440 monaste'riiBenilgiiiania
3441 5385 3588 5440 pon-

1935 5428 2089 5485 tifice
2111 5431 2382 5483 Romano
2411 5428 2752 5500 conﬁrmari
2787 5433 3017 5488 curavit
3045 5428 3260 5500 Bru'no,
3293 5437 3374 5492 ad
3403 5428 3586 5500 quem

1936 5499 2796 5577 Benedictuspapa_ca_de___re_
2834 5501 3007 5559 binas
3064 5499 3341 5577 epistolas
3399 5499 3580 5576 dedit,

1937 5515 2285 5556 benedicms
2309 5515 2669 5626 Sapacaae
2719 5515 2781 5555 re
2834 5515 3007 5559 ninas
3064 5515 3341 5577 epistolas
3399 5515 3580 5576 dedit,

1935 5589 2090 5654 quas
2120 5576 2177 5628 et
2208 5572 2303 5628 toti
2352 5588 2445 5654 em
2476 5587 2588 5654 ipSI
2617 5572 2905 5654 Willelmo
2939 5577 3211 5654 scriptas
3223 5578 3461 5654 exhibet
3486 5583 3584 5634 Pe-

1933 5642 2170 5714 fardus,
2189 5660 2327 5701 cum
2352 5642 2480 5701 aliis
2498 5642 2891 5704 donationum
2917 5642 3153 5704 chartis.
3178 5648 3467 5708 Robertus
3481 5667 3585 5709 rex
