3994 6166
540 190 643 248 867

1483 182 1543 239 S.
1598 177 1967 239 GUlLLELMl
2004 162 2308 228 ABBATIS
2349 172 2406 228 S.
2448 173 2731 231 BENIGNI
2772 175 3031 233 DIVION.
3760 184 3825 249 διε

544 331 681 372 sum
707 313 785 370 ab
806 310 936 367 aliis
961 309 1422 378 augmentatum
1475 309 1562 363 est
1616 304 1815 370 bonis,
1878 298 1955 357 ad
1992 296 2200 389 ipsius
2238 298 2284 352 Α
2313 296 2523 389 multis
2542 302 2951 372 praegravatus
2980 302 3183 374 optare
3211 300 3442 357 dissolvi
3464 307 3643 362 etcum
3675 310 3823 369 Christo
3854 310 3855 389 ᾗ

542 404 672 461 vita:
701 401 907 468 ﬁnem,
933 395 1371 454 habitatoribus
1422 395 1604 466 hujus
1632 392 1852 449 domus
1907 388 2006 445 Dei
2035 386 2202 443 omni

542 497 810 563 tempore
839 486 1170 545 dolendum
1196 490 1252 542 et
1280 483 1650 551 deﬂendum,
1705 480 2036 537 veniamus.
2091 475 2205 533 Sed

543 583 679 637 ante
708 577 919 652 paucis
932 575 1269 633 describere
1297 573 1645 630 curabimus
1656 571 1761 647 qui
1779 567 1953 625 fuerit
1981 565 2203 622 modus

539 669 675 726 vitae
707 668 855 741 ejus.
881 666 1013 723 Fuit
1049 666 1249 738 itaque
1307 663 1368 720 in
1416 658 1815 734 eleemosynls
1870 657 2095 726 largus,
2142 655 2205 711 in

539 758 755 829 vigiliis
784 755 1048 823 sedulus,
1077 755 1139 811 in
1196 754 1464 810 oratione
1524 752 1796 820 devotus,
1828 747 1889 802 in
1915 745 2203 802 charitate

539 847 859 921 perfectus,
888 843 949 901 in
977 843 1350 899 humanitate
1377 841 1661 915 profusus
1686 838 1747 895 in
1779 850 2055 892 sermone
2102 850 2207 909 pa-

538 941 724 1007 ratus,
756 935 817 991 in
847 933 1295 990 conversatione
1327 929 1740 988 sanctissimus
1773 945 1785 983 :
1816 931 1943 983 erat
1986 925 2203 981 irreve-

540 1025 807 1082 rentibus
838 1022 1111 1081 terribilis
1142 1026 1408 1095 aspectu,
1442 1018 1803 1076 metuendus
1863 1017 2199 1084 severitate,

538 1113 903 1171 reverendus
973 1112 1234 1182 incessu,
1319 1108 1702 1167 venerandus
1797 1105 2189 1177 benignitate.

541 1206 867 1261 Censuram
923 1199 1289 1257 auctoritatis
1350 1195 1724 1272 temperabat
1796 1193 2198 1251 mansuetudo

539 1290 927 1359 humilitatis;
952 1305 1074 1346 non
1100 1304 1374 1362 personae
1425 1286 1777 1363 potentiam,
1810 1285 1915 1341 sed
1960 1300 2200 1340 morum

540 1379 898 1451 elegantiam
929 1378 1274 1434 attendebat
1293 1377 1355 1432 in
1373 1375 1622 1445 singulis
1643 1393 1655 1443 ;
1675 1380 1733 1431 et
1752 1379 1919 1431 tanto
1942 1374 2206 1430 eminen-

538 1470 658 1528 tius
705 1484 1207 1541 unumquemque
1262 1466 1599 1523 honorabat
1649 1469 1879 1538 quanto
1937 1463 2201 1521 sanctius

538 1560 736 1615 vivere
783 1557 1104 1615 didicisset.
1168 1555 1530 1613 Clericorum
1589 1570 1659 1609 ac
1735 1554 2198 1621 monachorum,

541 1646 1085 1705 sanctimonialium
1131 1660 1397 1718 quoque,
1443 1658 1679 1699 necnon
1731 1642 2055 1698 viduarum
2132 1657 2201 1697 ac
2231 1652 2271 1716 Β

539 1738 908 1813 pupillorum
937 1740 1107 1809 pater
1127 1739 1272 1804 erat,
1318 1738 1496 1806 atque
1542 1733 1693 1788 inter
1721 1731 1930 1788 divites
1972 1736 2029 1788 et
2053 1747 2201 1804 pau-

541 1842 716 1901 peres
746 1826 828 1881 ita
850 1824 1108 1891 medius,
1138 1826 1203 1877 ut
1237 1836 1536 1895 pauperes
1566 1820 1732 1876 illum
1763 1820 1938 1893 quasi
1968 1825 2200 1892 patrem

542 1912 894 1984 aspicerent,
927 1908 1139 1966 divites
1162 1923 1306 1964 vero
1330 1906 1509 1980 quasi
1549 1905 1918 1979 superiorem
1952 1905 2066 1961 sibi
2117 1905 2205 1961 di-

540 2000 725 2055 vitem
748 1994 1043 2055 tiinerent.
1105 1996 1382 2061 Quandiu
1434 1994 1599 2063 vixit,
1657 1995 1737 2051 ita
1793 1994 2201 2065 Burgundiam

540 2086 980 2163 patrocinando
999 2085 1257 2159 protexit
1285 2089 1466 2157 atque
1495 2083 1780 2150 defendit,
1832 2098 1957 2140 non
1987 2083 2200 2157 clypeo

543 2181 603 2235 et
628 2178 858 2244 lancea,
882 2175 987 2231 sed
1003 2173 1233 2230 consilii
1248 2173 1587 2246 prudentia,
1619 2188 1743 2245 quo
1769 2172 1881 2228 sibi
1902 2172 2202 2245 principes

541 2266 751 2341 patriae
780 2280 992 2322 omnes
1022 2263 1390 2330 devinxerat,
1414 2265 1481 2318 ut
1510 2278 1648 2319 cum
1676 2278 1782 2318 rex
1840 2264 2203 2319 Francorum

542 2355 859 2413 Rotbertus
874 2369 1014 2411 cum
1032 2351 1292 2409 exercitu
1306 2352 1574 2407 maximo
1588 2352 1748 2407 hanc
1769 2351 2024 2424 patriam
2047 2368 2204 2425 saepe

516 2446 778 2507 .intrans
806 2441 1099 2501 incendiis
1121 2446 1178 2497 et
1201 2440 1427 2514 rapinis
1455 2440 1718 2513 plurima
1744 2441 1879 2497 loca
1933 2444 2204 2498 vastave-

543 2534 637 2602 rit,
669 2533 817 2591 nihil
845 2533 907 2589 in
935 2548 1009 2589 ea
1030 2530 1281 2588 retinere
1304 2530 1515 2603 potuit,
1540 2529 1814 2603 quandiu
1853 2531 2053 2586 Bruno
2079 2530 2205 2604 epi—

544 2637 765 2695 scopus
789 2620 967 2689 vixit;
998 2623 1072 2688 et,
1099 2618 1245 2692 quia
1273 2618 1326 2674 ei
1347 2632 1565 2673 nocere
1598 2633 1721 2674 non
1747 2622 1999 2690 poterat,
2023 2620 2204 2691 hujus

544 2710 690 2769 mali
712 2708 1004 2767 violentiae
1030 2723 1219 2764 causa
1249 2708 1478 2763 domno
1503 2706 1708 2764 abbati
1738 2706 2047 2763 Vuillelmo
2078 2707 2207 2764 tulit

548 2799 859 2857 abbatiam
894 2798 1091 2856 Sancti
1106 2797 1351 2854 Joannis
1367 2796 1716 2853 monasterii
1742 2798 2109 2865 Reomensis,
2133 2813 2204 2853 eo

544 2889 713 2962 quod
731 2887 1003 2961 partibus
1032 2885 1289 2955 favebat,
1321 2889 1387 2941 ut
1408 2886 1639 2957 justum
1668 2890 1813 2956 erat,
1843 2887 1935 2942 sui
1963 2887 2204 2959 pontifi-

2312 402 2461 454 esse,
2508 387 2735 444 bonam
2766 389 3333 447 consummationem
3382 390 3623 451 laborum
3661 415 3821 458 suorum
3854 438 3855 441 η

2311 476 2642 551 adimplere
2669 478 2937 552 cupiens,
2963 495 3068 552 per
3092 480 3293 537 omnia
3311 484 3631 539 monasteria
3646 494 3820 558 quasi}.

2311 566 2443 637 ejus
2473 566 2710 624 fuerant
2737 568 3101 640 magisterio,
3144 570 3420 644 incipiens
3458 571 3527 627 ab
3573 574 3721 641 Italia,
3762 582 3820 633 cir-

2310 655 2569 712 cuiendo
2599 662 2654 713 et
2684 658 2895 714 fratres
2919 659 3302 728 exhortando,
3326 664 3386 717 ut
3403 677 3467 717 ea
3508 678 3623 735 quae
3650 664 3709 719 ab
3748 667 3820 738 ipse,

2312 744 2649 802 didicerant
2679 753 2876 803 mente
2923 746 3237 805 retinerent
3290 753 3343 805 et
3390 766 3550 823 opere
3597 751 3817 825 adimplere

2314 838 2673 905 satagerent.
2710 836 2767 894 Si
2795 836 3040 911 quidem
3071 839 3194 911 ejus
3243 838 3497 895 doctrina
3524 839 3701 907 fuitut,
3723 846 3819 914 juris

2313 924 2481 996 quod
2502 925 2768 998 praecipit
2789 927 2979 983 sancti
3008 927 3296 983 Benedicti
3323 926 3531 1000 regula,
3554 929 3606 985 in
3631 932 3818 999 velim

2314 1012 2483 1069 omni
2510 1014 2762 1085 actione,
2794 1015 2855 1072 in
2896 1019 3093 1071 vestus
3143 1017 3493 1089 qualitatem,
3539 1018 3819 1079 humilitatrm

2314 1100 2654 1159 videntibus
2686 1120 2747 1158 se
2778 1119 3014 1176 semper
3051 1104 3436 1174 ostenderent,
3483 1110 3534 1162 et
3579 1111 3648 1177 ut,
3683 1109 3820 1165 honor»

2315 1206 2375 1245 se
2406 1188 2664 1247 invicem
2692 1192 3136 1266 praevenientes,
3186 1193 3539 1251 dilectionem
3580 1196 3683 1251 sine
3718 1198 3821 1253 simu-

2312 1277 2534 1335 latione
2558 1281 2923 1337 exhiberent.
2952 1282 3050 1338 His
3089 1288 3145 1339 et
3190 1281 3315 1339 aliis
3364 1283 3613 1340 virtutum
3639 1286 3820 1357 operibus

2316 1368 2591 1435 intentos,
2626 1370 2806 1426 etiam
2832 1371 3104 1428 distincte
3145 1370 3375 1441 legendi
3428 1377 3586 1445 atque
3630 1374 3821 1446 psallendi

2312 1457 2662 1527 magisterio
2702 1457 2974 1516 erudivit.
3005 1463 3136 1517 Haec
3157 1460 3420 1516 docendo
3466 1461 3663 1518 caeteris
3699 1479 3822 1517 mons

2315 1547 2505 1602 steriis
2537 1548 2893 1620 peragratis,
2925 1549 3193 1622 pervenit
3215 1550 3293 1606 ad
3320 1550 3645 1620 coenobium,
3671 1552 3821 1607 nomine

2317 1635 2711 1705 Fiscannum;
2747 1636 2849 1693 ubi
2878 1637 3014 1709 plus
3042 1637 3209 1694 solito
3246 1637 3559 1695 inﬁrmitate
3599 1656 3822 1713 praegrava-

2313 1729 2428 1795 tus,
2465 1726 2723 1783 sentiens
2781 1726 2894 1783 sibi
2940 1728 3251 1785 imminere
3302 1728 3556 1786 ultimum
3602 1730 3818 1786 vocationi.‘

2314 1834 2439 1873 suae
2472 1817 2652 1885 diem,
2683 1819 3026 1876 convocatis
3052 1818 3328 1875 fratribus
3372 1836 3472 1892 per
3515 1824 3626 1879 octo
3668 1819 3820 1875 dicsex-

2311 1906 2560 1963 hortans
2583 1923 2706 1979 eos,
2761 1912 2943 1982 atque
2996 1908 3364 1965 absolutione
3412 1914 3463 1965 et
3511 1909 3719 1967 oratione
3756 1912 3817 1963 Deo

2310 1994 2769 2064 commendans,
2802 1999 3011 2055 octavo
3033 1996 3127 2053 die
3171 1996 3384 2053 Natalis
3416 1996 3632 2066 Domini,
3670 2001 3818 2067 sumpto

2311 2083 2524 2140 Christi
2554 2086 2823 2158 corporis
2852 2091 2910 2143 et
2938 2086 3246 2157 sanguinis
3287 2090 3639 2155 sacramento,
3659 2085 3817 2141 reddidit

2312 2174 2432 2229 Deo
2463 2174 2755 2248 spiritum.
2783 2175 2963 2247 Cujus
2994 2192 3236 2249 corpus,
3263 2192 3299 2235 a
3325 2175 3548 2233 medicis
3567 2174 3816 2249 quiibiade

2309 2267 2448 2318 rant
2491 2263 2802 2320 conditum
2856 2262 3254 2334 aromatibus,
3295 2264 3600 2325 honorificus
3639 2263 3813 2319 traditum

2311 2356 2398 2408 est
2430 2351 2751 2426 sepulturas
2779 2354 2840 2410 in
2866 2354 2996 2427 ipso
3027 2355 3384 2413 monasterio
3409 2359 3530 2413 ante
3543 2353 3686 2410 altare
3708 2350 3813 2407 sancti

2312 2440 2552 2498 Taurini
2582 2440 2958 2499 confessoris.
3017 2446 3159 2501 Post
3210 2446 3375 2517 cujus
3427 2444 3623 2503 obitum
3653 2442 3811 2499 domnus

2313 2528 2667 2585 Halinardus
2689 2530 2802 2601 (l6)
2837 2531 3095 2605 suscepit
3131 2549 3334 2590 curam
3382 2531 3642 2602 regiminis
3679 2528 3812 2587 anima-

2311 2634 2471 2688 rum,
2502 2635 2685 2691 quem
2714 2620 3000 2693 praefatus
3023 2623 3195 2677 Pater
3234 2637 3601 2678 successorem
3640 2617 3720 2674 sibi
3754 2614 3813 2669 εἰει

2312 2711 2479 2777 gerat
2508 2724 2647 2763 cum
2672 2706 2920 2764 consrlio
2942 2712 2998 2765 et
3022 2708 3202 2767 laude
3233 2710 3486 2779 fratrum,
3535 2706 3810 2779 baculumque

2310 2796 2677 2869 pastoralem
2707 2797 2760 2853 ei
2792 2798 3224 2858 transmiserat.
3276 2800 3422 2857 Obiit
3446 2814 3565 2855 vero
3603 2794 3809 2869 pradictui

2311 2888 2480 2942 Pater
2499 2890 2703 2943 noster
2728 2887 3073 2944 Wuillemus
3096 2905 3258 2947 anno
3297 2889 3371 2945 ab
3400 2885 3721 2945 lncarnatione
3746 2884 3809 2934 Do-

547 2976 651 3032 cis.
686 2977 952 3049 Denique
972 2975 1241 3049 quodam
1266 2978 1533 3047 tempore
1558 2979 1926 3033 memoratus
1945 2992 2050 3032 rex
2066 2993 2201 3033 cum
2232 3009 2271 3065 ρ
2312 2975 2459 3030 mini
2484 2975 2801 3032 millesimo
2832 2976 3140 3047 trigesimo
3189 2995 3327 3035 uno.
3378 2979 3495 3033 Duo
3541 2976 3615 3030 hic
3647 2972 3809 3041 adiice”

547 3066 810 3139 plurimo
840 3066 1100 3122 exercitu
1132 3066 1441 3121 Div10nem
1462 3070 1726 3121 castrum
1783 3066 2040 3137 advenit,
2093 3067 2203 3122 cir-

545 3156 951 3230 cumpositum
975 3154 1283 3225 regionem
1303 3154 1627 3210 devastans
1678 3170 1748 3211 ac
1789 3155 2201 3229 depopulans;

545 3245 719 3317 cujus
736 3245 889 3302 iram
918 3244 1135 3301 timens
1162 3244 1448 3319 praefatus
1469 3243 1661 3301 abbas
1679 3243 2048 3313 Vuillelmus,
2081 3261 2205 3301 om-

543 3349 654 3391 nes
676 3332 1012 3393 monachos
1041 3335 1120 3391 ab
1152 3334 1268 3390 hoc
1306 3349 1414 3407 per
1458 3333 1577 3391 alia
1624 3334 1989 3391 monasteria
2027 3335 2205 3406 jussit

545 3424 845 3493 secedere,
877 3424 1219 3497 aliquantos
1247 3438 1391 3479 vero
1418 3437 1557 3478 cum
1588 3422 1754 3478 libris
1783 3426 1841 3479 et
1885 3424 2052 3479 omni
2106 3440 2202 3480 or-

544 3519 692 3570 natu
718 3513 983 3569 ecclesias
1010 3512 1168 3569 intra
1192 3516 1460 3568 castrum
1488 3511 1859 3581 Divionense,
1892 3529 1961 3569 ac
1991 3514 2053 3569 in
2107 3531 2203 3571 ec-

546 3601 731 3658 clesia
761 3602 960 3659 Sancti
1014 3600 1323 3669 Vincentii,
1382 3616 1568 3672 quam
1626 3606 1767 3657 tunc
1820 3602 2021 3675 quieto
2069 3604 2202 3674 jure

544 3692 830 3749 monachi
881 3691 1051 3748 istius
1111 3691 1226 3747 loci
1278 3690 1690 3764 possidebant,
1750 3692 1886 3749 fecit
1921 3693 2199 3763 residere,

544 3781 756 3857 paucis
786 3779 1171 3838 solummodo
1195 3779 1477 3837 fratribus
1506 3781 1587 3837 ob
1617 3781 1954 3839 custodiam
2003 3783 2118 3840 loci
2147 3788 2203 3843 et

544 3871 736 3930 sancti
765 3870 1011 3943 Benigni
1041 3869 1347 3927 servitium
1376 3886 1516 3927 cum
1545 3870 1774 3927 domno
1799 3871 2017 3929 abbate
2067 3873 2202 3931 0di-

540 3960 897 4020 loneinhoc
912 3959 1048 4018 loco
1076 3958 1338 4015 dimissis
1372 3975 1386 4015 :
1418 3974 1603 4032 quem
1654 3959 1735 4016 ad
1779 3960 1895 4018 hoc
1946 3962 2200 4019 accersi-

539 4053 729 4120 verat,
770 4053 833 4106 ut
861 4050 915 4106 si
944 4050 1093 4107 forte
1120 4065 1225 4106 rex
1253 4048 1483 4123 aliquid
1510 4049 1655 4106 mali
1685 4054 1892 4108 contra
1916 4052 2078 4110 hunc
2110 4052 2200 4111 lo-

540 4154 684 4197 cum
713 4138 1040 4208 moliretur,
1072 4138 1228 4196 illius
1257 4140 1539 4213 precibus
1556 4144 1836 4197 exoratus
1860 4141 2196 4201 dimitteret.

544 4230 667 4284 Rex
695 4242 861 4297 vero,
890 4232 957 4285 ut
976 4231 1102 4285 erat
1130 4228 1332 4287 mente
1358 4229 1678 4302 benignus,
1738 4248 1879 4287 eum
1917 4233 2203 4304 cognovit

539 4320 788 4390 propter
808 4333 870 4374 se
894 4319 1228 4374 monachos
1257 4317 1579 4392 dispersos,
1612 4320 1787 4376 valde
1816 4321 2023 4379 doluit.
2056 4325 2201 4379 Pau-

542 4405 628 4463 cis
659 4406 863 4479 itaque
907 4406 1220 4465 transactis
1273 4407 1487 4464 diebus
1536 4410 1848 4467 Franciam
1893 4413 2201 4485 repedavit

540 4494 711 4553 nullo
734 4496 974 4567 negotio
1005 4500 1268 4570 peracto.
1303 4500 1438 4569 Ipso
1464 4498 1723 4572 denique
1753 4514 1935 4571 anno,
1959 4502 2063 4576 qui
2093 4502 2200 4559 fuit

540 4587 620 4646 ab
651 4587 1067 4644 Incarnatione
1098 4585 1333 4643 Domini
1361 4587 1713 4646 millesimus
1742 4590 2013 4648 decimus
2063 4609 2196 4650 sex-

538 4680 657 4747 tus,
689 4676 954 4733 domnus
987 4676 1312 4751 episcopus
1337 4677 1537 4734 Bruno
1566 4678 1712 4736 obiit
1764 4681 2030 4739 secundo
2080 4683 2199 4740 Ka-

537 4766 752 4824 lendas
784 4765 1104 4835 Februarii,
1128 4766 1385 4840 peractis
1412 4767 1476 4824 in
1504 4767 1855 4843 episcopatu
1881 4769 2055 4828 annis
2099 4772 2199 4830 tri-

537 4852 706 4919 ginta
731 4852 1024 4925 quinque,
1054 4855 1164 4910 etc.

609 4945 700 4999 26.
733 4942 1034 5008 Quoniam
1064 4941 1144 5000 ad
1171 4942 1357 5000 ﬁnem
1405 4943 1541 5001 libri
1584 4945 1905 5012 tendimus,
1962 4947 2197 5005 obitum

537 5030 725 5090 Patris
766 5030 1014 5089 Villelmi
1039 5031 1316 5089 intimare
1355 5048 1658 5089 curamus.
1716 5035 2041 5107 Potquam
2093 5053 2201 5110 per

540 5135 733 5177 annos
757 5120 1162 5192 quadraginta
1188 5120 1367 5190 duos,
1393 5120 1581 5177 vineae
1602 5122 1923 5180 Dominicm
1953 5125 2197 5182 sedulus

540 5208 751 5279 cultor,
783 5223 919 5265 eam
938 5209 1269 5268 excolendo
1293 5208 1515 5282 jugiter
1550 5226 1888 5286 propagare
1944 5214 2200 5289 ampliﬁ-

2314 3066 2504 3121 visum
2535 3071 2619 3121 est
2643 3081 2775 3137 quze
2803 3067 2884 3122 ad
2911 3067 3267 3125 Divionense
3290 3066 3650 3124 monasterium
3677 3058 3809 3129 εΡθίίθ·

2314 3159 2421 3210 tim
2452 3156 2731 3211 attinent.
2763 3157 3038 3212 Primum
3066 3159 3297 3229 insigne
3327 3154 3597 3213 Guitletmi
3617 3162 3805 3221 ergapau-

2301 3258 2477 3312 peres
2504 3244 2823 3299 charitatis
2854 3246 3195 3315 exemptum
3212 3246 3367 3317 quod
3393 3246 3450 3300 in
3472 3245 3576 3313 ipso
3596 3237 3730 3296 sancti
3744 3234 3804 3289 Be-

2307 3332 2485 3402 nigni
2508 3334 2865 3389 monasterio
2895 3333 3105 3402 edidit,
3137 3350 3213 3391 ex
3236 3334 3509 3390 Chronico
3558 3320 3801 3384 Virduneui.

2310 3426 2467 3477 tome
2490 3423 2524 3476 Ι
2561 3420 2950 3478 Bibliotheca?
2974 3423 3301 3495 Labeanm;
3348 3424 3573 3480 alterum
3611 3407 3804 3471 Emedittf

2320 3511 2466 3566 VIII
2486 3524 2662 3580 papae
2690 3512 3001 3580 epistolam
3027 3513 3110 3569 ad
3155 3514 3411 3570 eumdem
3453 3509 3723 3567 Guitlemum
3736 3511 3800 3567 β’)

2306 3601 2671 3657 monasterio
2726 3601 3130 3673 Benigniano,
3184 3605 3248 3658 in
3300 3616 3414 3675 qua
3451 3597 3629 3656 mentio
3648 3589 3801 3647 Ιωόειισ

2306 3690 2571 3761 Benigni
2606 3692 2884 3761 episcopi,
2916 3707 3104 3762 supra
3125 3707 3270 3763 pag.
3298 3695 3396 3748 340
3422 3683 3797 3748 νηοπιοναιὶισυατλ

2307 3794 2385 3837 ea:
2414 3780 2677 3851 ejusdem
2709 3781 2825 3837 loci
2855 3781 3110 3839 historia
3133 3798 3243 3839 ms.
3273 3782 3587 3850 descriptam
3608 3770 3792 3829 Ιιιιὺειυι

2304 3870 2409 3927 Sic
2438 3871 2640 3943 itaque
2671 3870 2847 3929 habet
2874 3872 3054 3943 Hugo
3079 3873 3144 3929 in
3175 3872 3456 3929 Chronico
3472 3867 3561 3925 sub
3578 3865 3796 3934 ﬂuentia”

2309 3960 2386 4015 tis
2416 3976 2456 4031 ι,
2487 3974 2621 4030 cap.
2653 3964 2720 4017 27
2757 3976 2772 4016 :

2379 4030 2469 4105 27.
2502 4050 2618 4105 Nec
2647 4046 2827 4105 debet
2842 4048 3072 4106 reticeri
3092 4048 3380 4107 Vuillelmi
3400 4030 3797 4125 εηρηηϐυη

2305 4140 2438 4194 tum
2467 4136 2880 4195 memorabile.
2905 4140 3057 4195 Cum
3086 4153 3125 4195 ει
3175 4118 3564 4195 Fructuariensi
3603 4118 3797 4211 cenabit}

2304 4227 2475 4299 quod
2487 4226 2639 4298 juris
2653 4231 2781 4284 erat
2808 4226 3183 4285 Divionensis
3203 4226 3464 4294 ecclesiis,
3484 4207 3802 4307 τεάϋεεεξρέίθίς

2305 4316 2492 4385 vioni,
2525 4319 2592 4374 ut
2617 4317 2890 4389 decebat,
2919 4322 3254 4391 susceptus,
3275 4317 3335 4374 in
3350 4299 3801 4391 οαρίῒωοιῖυβίίίθῗπ

2306 4404 2521 4463 fratres
2534 4405 2904 4478 haberent,si
2918 4389 3258 4464 necessaria
3271 4422 3388 4463 non
3399 4389 3805 4478 deessenth

2304 4501 2422 4566 ret;
2449 4500 2512 4553 ut
2540 4496 2768 4553 audivit
2787 4476 2993 4553 omnia
3010 4513 3142 4554 esse
3159 4497 3354 4571 plena,
3371 4476 3801 4575 ηυυιιωιιιιεὲίξθῗυξι

2304 4585 2670 4657 indigentiae,
2690 4586 2795 4659 qui
2810 4602 2934 4643 non
2953 4566 3299 4659 posset—levi
3316 4584 3467 4642 obice
3494 4568 3683 4638 obstrui,
3695 4566 3802 4620 inter

2305 4681 2481 4747 rogat
2489 4676 2565 4733 de
2577 4676 2963 4748 eleemosyna
2976 4693 2991 4737 ε
3015 4677 3401 4749 cognovitqlw
3414 4660 3802 4749 παίδ,θιείωη³“θ”

2305 4745 2606 4823 tudinaria
2625 4745 3035 4836 dabatur,non
3054 4745 3255 4823 tamen
3265 4745 3801 4840 pauperibuspmum

2304 4858 2500 4912 terant
2508 4837 3799 4925 ethabebant,sufi’ragabantm'#1310inﬁcw’nieo

2302 4946 2412 5019 qui
2426 4961 2636 5003 carnes
2657 4949 3003 5002 sanctorum
3023 4945 3235 5012 exedit,
3264 4940 3537 5013 increpata

2304 5006 2458 5108 ritis,
2491 5053 2530 5094 a
2553 5036 2693 5093 sede
2708 5035 2975 5093 concitus
2990 5052 3130 5092 cum
3147 5006 3306 5091 bona
3322 5006 3576 5098 indit!!!“ti

2304 5126 2684 5184 machatione
2702 5124 3038 5193 surrexit,et
3056 5122 3328 5197 imposita
3347 5113 3627 5230 antiphoga
3635 5102 3797 5230 ἂνξ.ωέ

2322 5215 2338 5230 τ
2390 5220 2400 5230 -
2511 5214 2620 5230 ηιμ
2687 5220 2727 5230 μ.
2777 5213 3202 5230 νιμηιμηηᾴ-Αμ
3237 5209 3551 5230 ηιμ-..-Λη-
3612 5207 3755 5230 mut

2302 5215 2478 5272 dato:
2508 5214 2620 5272 Ubi
2642 5220 2729 5272 est
2759 5213 3025 5271 Charitas
3042 5216 3071 5269 γ
3088 5193 3209 5268 non
3237 5209 3379 5266 ultra
3392 5193 3755 5279 progredievas

540 5277 796 5369 careque
817 5297 1062 5369 curavit,
1094 5315 1235 5357 cum
1258 5277 1394 5372 jam
1418 5277 1585 5358 senio
1628 5277 2197 5379 inﬁrmitatibusque
2299 5303 2416 5365 hoc
2436 5305 2567 5379 ejus
2593 5303 2831 5362 initium
2853 5316 3093 5376 semper
3112 5277 3487 5373 repetens,vad
3502 5278 3735 5346 cellarium
3745 5277 3799 5322 ‘9“

536 5439 756 5523 postea.
766 5442 1026 5523 rogante
1051 5441 1371 5523 Lamberto
1388 5443 1683 5523 Brunonis
1709 5462 2051 5523 successore
2067 5463 2196 5504 mo-
2301 5448 2806 5523 archiepiscopus,
2838 5447 3029 5523 Vitam
3050 5460 3121 5502 ex
3149 5443 3257 5499 hoc
3289 5429 3537 5523 Churgniﬁ

536 5491 781 5567 Basterii
819 5491 1166 5592 Βῖηἱςῠῖᾶρὶ
1196 5517 1629 5592 possessiones,
1653 5589 1662 5592 _
1683 5491 2194 5592 efﬁr‘é‘aé‘c'e‘s‘éé-
2882 5491 3235 5577 ’3“&"a£3um
3291 5514 3412 5569 1052
3438 5518 3543 5580 quo
3561 5514 3588 5555 θ
3611 5491 3724 5549 Vim
3740 5491 3784 5536 ⁸³

536 5596 949 5668 rumAsugrum
976 5582 1285 5668 privilegia
1315 5582 1692 5668 conﬁrmavit
1719 5582 1881 5668 δτῃὶιο
1914 5593 2069 5668 4015.
2146 5661 2156 5668 _
2294 5592 2490 5651 cessit.

611 5652 720 5727 (l6)
750 5652 1074 5725 Halinafdi,
1107 5652 1217 5730 qui
1237 5663 1447 5731 postea
1466 5659 1660 5717 factus
1673 5660 2190 5733 estLugdunensis
