3994 6166
1387 120 1732 181 EPISTULA
1771 122 1869 180 AD
1908 121 2291 190 ODILONEM.

3525 145 3630 201 870

153 253 270 322 nit,
302 254 363 308 et
386 247 641 306 missilia
673 247 999 321 quodlibet
1026 248 1191 323 quod
1220 247 1507 306 manibus
1530 249 1734 306 Finees
1757 265 1853 306 oc-
1891 250 1941 303 A
1968 250 2290 312 WILLELMO
2315 258 2639 316 venerabili
2665 260 2871 319 abbati
2901 265 2958 319 et
2986 262 3047 320 in
3080 264 3309 323 Christo
3362 265 3488 330 illia
3543 266 3629 331 di-

152 341 346 399 currit
373 337 705 413 arripiens,
733 353 877 394 cum
902 337 964 393 in
1004 354 1106 395 ore
1137 342 1192 396 et
1222 338 1428 396 animo
1459 338 1590 410 ejus
1622 355 1858 412 semper

153 433 503 488 versaretur
536 445 551 484 :
588 429 709 486 Ubi
728 433 815 484 est
844 426 1136 498 charitas,
1183 445 1333 486 vasa
1363 427 1423 483 in
1471 428 1695 502 quibus
1734 429 1854 485 fru-

157 526 453 587 mentum,
486 517 823 586 hordeum,
858 520 916 573 et
940 516 1153 575 vinum
1183 517 1565 591 servabatur,
1580 518 1853 593 disrupit,

157 615 217 667 et
268 609 479 667 accitis
536 605 925 682 pauperibus
978 608 1228 665 vascula
1294 623 1508 665 eorum
1566 608 1853 682 implevit,

157 698 300 755 illud
355 713 610 772 semper
668 696 854 754 corde
907 698 966 753 et
1019 712 1122 753 ore
1174 697 1545 771 depromens
1579 715 1591 753 :
1629 696 1738 755 Ubi
1772 702 1855 753 est

155 789 424 846 charitas
448 792 479 844 7
504 792 567 846 et
596 787 801 862 operis
831 785 1205 845 exhibitione
1252 791 1618 844 contestans.
1676 788 1856 859 Cujus

152 879 333 934 animi
366 876 805 948 indignitatem
830 876 930 933 vix
964 875 1307 950 aliquando
1365 880 1430 932 ut
1477 878 1648 951 quod
1691 892 1855 947 agre-

152 973 354 1039 gatum
384 972 523 1023 erat
552 967 1022 1042 expenderetur,
1060 966 1334 1039 mitigare
1362 970 1856 1040 potuerunt,cum

156 1057 258 1113 Ubi
285 1063 375 1113 est
407 1056 718 1127 charitas,
751 1070 995 1128 semper
1037 1059 1431 1129 repeteretur,
1493 1060 1553 1113 et
1601 1056 1716 1131 ipsi
1770 1056 1857 1112 in-

151 1144 421 1212 crassati,
454 1145 845 1219 impinguati,
877 1141 1126 1200 dilatati
1152 1144 1683 1217 exprobrarentur.
1741 1149 1855 1202 Nec

152 1239 325 1291 antea
354 1240 686 1292 cessatum
737 1239 823 1291 est
877 1232 1087 1290 donec
1136 1249 1315 1290 omne
1343 1233 1495 1292 illud
1525 1236 1857 1310 repositum

151 1324 538 1398 pauperibus
570 1325 866 1381 donatum
893 1326 985 1379 est
1021 1340 1037 1378 :
1074 1328 1133 1380 et
1182 1324 1313 1397 ipse
1361 1324 1441 1381 ad
1490 1326 1721 1383 Italiam
1762 1341 1855 1380 re-

154 1429 385 1481 means,
419 1428 576 1470 cum
604 1412 847 1470 biennio
877 1429 1064 1470 suum
1116 1429 1153 1471 a
1198 1414 1419 1471 saeculo
1479 1418 1859 1490 expectasset

155 1517 496 1570 excessum,
531 1502 789 1559 tandem
813 1502 1005 1559 redire
1038 1504 1410 1578 compulsus,
1465 1510 1607 1562 ante
1660 1504 1855 1561 Divic-

1968 339 2142 412 lecto,
2199 345 2452 402 salutem
2524 349 2950 422 sempiternam
3016 370 3155 410 cum
3212 354 3629 417 benedictione

1967 434 2327 526 apostolica.
2356 436 2572 492 Audita
2603 438 2905 508 vigilantia
2936 444 3112 500 studii
3142 445 3227 501 tui
3252 461 3375 526 qua
3413 444 3627 516 invigi-

1966 521 2057 579 las
2083 540 2262 597 super
2291 525 2446 582 ﬁlios
2491 529 2846 586 commissos
2885 529 3010 603 tibi,
3062 521 3372 599 referimus
3402 536 3627 609 gratias

1968 614 2089 703 Deo
2118 614 2531 687 omnipotenti.
2563 617 2826 693 Denique
2854 621 3257 694 comperimus
3294 628 3350 681 te
3389 623 3631 703 jamdiu

1965 700 2243 758 laborare
2274 703 2646 761 creberrimis
2675 711 2914 763 tuorum
2957 708 3220 768 hostium
3265 700 3626 781 incursibus,

1967 796 2023 846 et
2046 807 2201 864 pene
2226 792 2351 863 jam
2385 793 2728 852 destitutam
2759 796 3082 855 Ecclesiam
3098 800 3263 856 tuam
3286 815 3323 858 a
3351 800 3631 877 diripien-

1970 881 2127 937 tibus
2175 885 2231 937 et
2263 880 2600 940 infortuniis
2646 886 2786 957 tuis,
2836 878 2985 959 quas
3024 886 3357 947 forinsecus
3410 892 3632 965 pateris

1969 970 2401 1041 condolemus;
2436 988 2702 1050 namque
2733 991 2843 1050 pro
2890 975 3346 1047 longanimitate
3403 979 3634 1046 patien-

1968 1058 2058 1114 tiae
2090 1075 2277 1132 quam
2302 1059 2419 1117 huc
2452 1079 2642 1137 usque
2671 1062 2947 1121 exibuisti
2978 1066 3340 1124 adversariis
3362 1067 3631 1125 ecclesias

1967 1151 2080 1203 tuw
2110 1148 2279 1204 decet
2303 1166 2415 1206 nos
2438 1151 2720 1225 gaudere,
2736 1158 2793 1209 et
2812 1153 3145 1211 bonitatem
3172 1160 3333 1212 tuam
3357 1156 3630 1214 laudare.

1968 1239 2258 1294 Caeterum
2306 1239 2560 1297 sufﬁciat
2598 1241 2888 1299 hactenus
2934 1243 3094 1300 hanc
3148 1246 3498 1320 patientiam
3549 1246 3635 1303 ita

1967 1324 2309 1382 exhibuisse
2340 1332 2405 1383 ut
2431 1328 2681 1403 impune
2711 1329 2790 1387 ad
2826 1330 3084 1391 nihilum
3134 1332 3482 1406 redigantur
3535 1349 3634 1389 res

1967 1413 2225 1470 ecclesiae
2255 1414 2511 1487 penitus,
2546 1422 2602 1474 et
2629 1435 2753 1492 prae
2796 1418 3052 1493 penuria
3101 1419 3319 1499 inopiae
3366 1421 3633 1479 labefac-

1968 1507 2120 1559 tetur
2171 1505 2320 1560 ordo
2375 1506 2675 1578 religionis
2731 1509 3102 1577 monasticae,
3157 1526 3293 1585 quin
3337 1510 3485 1567 inibi
3514 1510 3633 1567 sub

152 1609 286 1649 nem
318 1592 647 1649 transiens
675 1591 808 1650 loca
838 1593 949 1649 sibi
995 1594 1327 1651 commissa
1374 1595 1710 1664 circuibat;
1751 1595 1855 1651 de-
1895 1600 1942 1657 Β
1970 1596 2024 1649 te
2081 1592 2450 1663 dignoscitur
2500 1597 2869 1671 praeponere.
2938 1596 3137 1654 Habes
3184 1604 3382 1656 tecum
3434 1599 3633 1657 ﬁlium

147 1682 285 1738 hinc
313 1680 710 1738 Fiscannum
739 1697 802 1738 se
829 1680 1095 1747 contulit,
1127 1682 1232 1739 ubi
1281 1683 1643 1740 imminente
1695 1700 1857 1740 anno

150 1771 487 1829 Dominicm
526 1774 664 1827 1021
697 1772 839 1844 [leg.
877 1771 1033 1844 1031]
1063 1774 1533 1831 incarnationis.
1590 1773 1859 1829 Indictio-

157 1877 235 1917 ne
264 1877 361 1918 xiv
386 1860 545 1918 obiit
572 1860 883 1919 Kalendas
921 1863 1184 1920 Januarii
1220 1882 1233 1932 ;
1295 1863 1372 1920 ad
1421 1863 1607 1935 cujus
1664 1862 1859 1935 sepul-

167 1966 338 2006 crum
360 1950 657 2024 puerulus
684 1950 978 2008 decennis
1008 1968 1044 2008 a
1073 1952 1343 2009 maxima
1380 1951 1745 2023 aegritudine
1770 1967 1861 2007 sa-

170 2044 346 2096 natus
372 2042 477 2096 est.
505 2039 886 2110 Scrupulum
919 2042 1017 2098 hic
1052 2041 1116 2097 V.
1153 2041 1219 2098 C.
1248 2042 1528 2098 Danielis
1560 2040 1863 2111 Papebro—

174 2130 296 2187 ehii
321 2131 523 2187 levare
555 2131 750 2200 liceat,
786 2131 900 2202 qui
925 2131 989 2187 in
1021 2132 1179 2188 notis
1208 2130 1290 2189 ad
1318 2131 1483 2189 hunc
1528 2131 1745 2202 locum,
1797 2132 1860 2187 in

180 2222 314 2277 Vita
338 2222 542 2277 sancti
578 2220 896 2289 Richardi,
952 2220 1053 2277 die
1106 2222 1173 2277 14
1228 2222 1403 2276 Junii
1453 2219 1866 2277 Bollandiani

158 2326 311 2385 pag.
338 2314 468 2379 997,
489 2325 552 2367 se
577 2308 945 2380 perlibenter
963 2309 1333 2367 disciturum
1354 2311 1465 2380 ait,
1480 2325 1604 2383 quo
1634 2308 1697 2364 in
1725 2308 1862 2365 loco

168 2400 434 2459 Ritualia
458 2399 725 2457 habeant
746 2400 910 2456 hanc
940 2399 1373 2474 antiphonam.
1436 2400 1556 2456 Cui
1602 2399 1864 2455 breviter

168 2491 603 2562 respondemus
630 2490 783 2545 hanc
814 2487 1113 2561 hodieque
1144 2490 1207 2545 in
1236 2488 1622 2545 monasteriis
1648 2492 1860 2543 canta-

171 2585 236 2639 ri
263 2584 426 2654 feria
455 2582 589 2636 vin
619 2580 801 2637 Coma
859 2580 1107 2635 Domini
1165 2579 1247 2635 ad
1303 2578 1685 2657 Mandatum,
1746 2594 1862 2649 quo

171 2673 443 2737 nomine,
485 2670 578 2725 uti
606 2670 781 2725 etiam
815 2668 1135 2724 Guillelmi
1164 2673 1449 2740 tempore,
1495 2667 1865 2737 intelligitur

178 2762 331 2818 lotio
347 2758 596 2830 pedum,
628 2773 755 2829 quae
786 2756 900 2813 hac
928 2757 1062 2827 ipsa
1094 2756 1193 2812 die
1213 2772 1334 2812 non
1391 2756 1585 2811 solum
1638 2772 1697 2810 ιη
1745 2772 1866 2811 mo-

178 2850 492 2916 nasteriis,
522 2847 625 2904 sed
653 2849 830 2904 etiam
858 2848 922 2903 in
949 2848 1259 2918 plerisque
1287 2846 1714 2902 canonicorum
1748 2847 1867 2905 col-

1967 1685 2237 1739 nostrum
2300 1685 2630 1757 Benignum
2688 1687 3041 1762 episcopum
3102 1688 3320 1759 gratias
3369 1691 3489 1746 Deo
3542 1687 3631 1746 ef-

1967 1770 2191 1829 fectum
2230 1775 2619 1843 monachum,
2649 1792 2833 1853 quem
2862 1776 3266 1834 admonemus
3295 1779 3542 1836 honeste
3571 1783 3633 1835 et

1968 1860 2241 1931 religiose
2266 1865 2626 1934 conversari,
2655 1865 3091 1939 professionem
3118 1866 3473 1923 obedientiae
3494 1884 3630 1925 mo-

1969 1949 2136 2006 ribus
2157 1954 2212 2007 et
2241 1967 2419 2025 opere
2450 1954 2752 2011 attendere
2776 1973 2789 2023 ;
2822 1955 2884 2011 in
2904 1971 3027 2030 qua
3047 1956 3357 2013 vocatione
3382 1960 3631 2013 vocatus

1970 2042 2082 2107 est,
2107 2038 2168 2095 in
2196 2040 2328 2114 ipsa
2355 2057 2744 2115 permanere;
2778 2043 2996 2101 deinde
3051 2043 3134 2103 illi
3172 2044 3458 2118 jubemus
3487 2062 3630 2102 cum

1971 2128 2138 2185 omni
2161 2130 2433 2205 imperio,
2466 2136 2530 2188 ut
2558 2132 2832 2190 inimicos
2862 2134 3055 2190 sancti
3080 2132 3359 2207 martyris
3388 2134 3632 2207 Benigni

1969 2217 2320 2292 insequatur
2344 2221 2509 2278 omni
2534 2222 2775 2293 justiﬁes
2801 2222 2923 2279 zelo
2949 2238 3021 2286 ac
3041 2240 3180 2280 cum
3205 2222 3410 2280 divina
3430 2228 3632 2281 aucto-

1970 2308 2139 2364 ritate
2169 2307 2339 2366 feriat
2367 2326 2468 2366 eos
2507 2312 2906 2379 anathemate,
2969 2311 3074 2368 tibi
3126 2313 3304 2369 etiam
3361 2311 3630 2388 praecipi-

1972 2414 2108 2453 mus
2138 2413 2211 2453 ne
2243 2398 2498 2455 absistas
2524 2399 2576 2455 ei
2605 2400 2665 2459 in
2687 2401 2824 2466 hoc,
2858 2399 2964 2457 sed
2995 2400 3146 2459 sicut
3191 2401 3275 2457 illi
3312 2400 3630 2460 auctorita-

1972 2489 2092 2542 tem
2130 2502 2477 2559 pervasores
2533 2491 2665 2545 tuos
2713 2487 2960 2546 feriendi
3002 2490 3411 2562 concedimus,
3456 2489 3630 2562 jube-

1972 2593 2109 2633 mus
2137 2580 2193 2631 et
2220 2575 2632 2650 imperamus;
2665 2577 2746 2633 ita
2775 2576 2879 2633 tibi
2926 2593 3034 2651 per
3088 2576 3292 2634 veiam
3342 2577 3628 2635 obedien-

1971 2668 2114 2723 tiam
2147 2666 2514 2723 mandamus
2551 2683 2627 2727 ne
2664 2666 2958 2743 impedias
2981 2666 3148 2727 illum
3169 2683 3280 2725 nec
3303 2667 3628 2740 prohibeas

1970 2756 2119 2830 quin
2146 2755 2309 2828 ipsos
2338 2755 2753 2811 malefactores
2784 2755 3019 2812 Domini
3040 2755 3207 2811 verbi
3236 2755 3436 2826 gladio
3467 2772 3630 2812 coer-

1971 2850 2121 2911 ceat,
2148 2860 2221 2903 ac
2253 2844 2336 2900 sic
2362 2843 2516 2901 bene
2545 2843 2858 2901 roboretur
2900 2848 3105 2901 nostra
3153 2844 3514 2913 auctoritas;
3573 2850 3631 2902 et

182 2941 362 3011 legiis
389 2938 529 3007 ﬁeri
553 2938 718 2993 solet.
744 2937 1017 2993 Habetur
1044 2940 1249 2993 autem
1278 2935 1483 2992 eadem
1523 2933 1862 3004 antiphona
1902 2958 1941 3015 ο
1971 2951 2127 3009 quos
2170 2949 2435 3007 namque
2459 2933 2554 2990 ille
2600 2933 2890 3004 ligaverit,
2941 2934 3272 3007 apostolica
3322 2938 3378 2991 et
3423 2938 3630 2992 nostra

180 3047 253 3086 ιη
303 3028 752 3083 Processionali
776 3027 1125 3092 monastico,
1177 3030 1231 3081 et
1284 3026 1348 3080 in
1407 3024 1627 3081 libellis
1676 3025 1865 3094 ofﬁcii

182 3116 1047 3188 hebdomadzsancta’quibus
1070 3116 1250 3186 vulgo
1283 3131 1401 3170 non
1434 3116 1646 3172 clerici
1668 3115 1859 3183 modo,

178 3208 296 3265 sed
326 3212 380 3263 et
409 3207 624 3279 quique
644 3206 851 3275 ﬁdeles
878 3207 995 3264 hac
1021 3204 1395 3262 hebdomade
1417 3209 1703 3262 utuntur.
1723 3205 1861 3263 Jam

174 3295 554 3369 preferenda
574 3300 659 3352 est
687 3294 1003 3351 Benedicti
1018 3308 1201 3363 papa:
1229 3293 1502 3362 epistola.

260 3388 354 3441 28.
400 3384 733 3442 BENBDICTUS
762 3383 1082 3456 episcopus
1113 3397 1322 3438 servus
1362 3396 1688 3440 servorum
1737 3382 1858 3451 Dei,

183 3557 2339 3591 Μ

1970 3023 2317 3082 auctoritate
2345 3023 2462 3079 sint
2482 3023 2668 3093 ligati,
2700 3028 2757 3079 et
2792 3040 2947 3096 quos
3004 3023 3327 3080 absolverit
3371 3024 3488 3080 sint
3526 3042 3632 3083 no-

1973 3120 2098 3170 stra
2126 3112 2346 3185 pariter
2374 3112 2749 3167 absolutione
2780 3112 3057 3168 absoluti.
3091 3116 3314 3169 Damus
3339 3114 3521 3170 etiam
3547 3114 3630 3170 illi

1971 3205 2324 3277 potestatem
2372 3199 2777 3267 inordinandi,
2818 3216 3080 3273 cumque
3103 3201 3261 3272 juste
3292 3202 3629 3274 postulatus

1970 3291 2146 3349 fuerit
2172 3290 2235 3346 in
2261 3293 2468 3346 sancta
2498 3290 2755 3347 Ecclesia
2785 3291 3085 3359 ordinare,
3114 3295 3530 3349 verumtamen
3574 3296 3629 3349 te

1968 3382 2237 3456 jubente.

2346 3557 3620 3593 mm

1051 3691 1692 3809 SANCTI
1792 3691 2775 3814 GUILLELMI

1554 3890 1852 3951 ABBATIS
1894 3893 1951 3950 S.
1996 3891 2280 3950 BENIGNI

924 4029 1398 4103 EPISTOLIE
1450 4030 1667 4103 DUIE
1709 4032 1833 4101 AD
1880 4031 2306 4108 JOANNEM
2357 4029 2661 4101 I’APAM
2707 4028 2896 4099 XIX.

1481 4174 1656 4247 (Vide
1682 4177 1853 4249 infra
1880 4180 1945 4237 in
1972 4180 2187 4238 Jonas
2214 4174 2366 4247 ω).

1065 4488 1697 4608 SANCTI
1800 4489 2778 4611 GUILLELMI

1576 4689 1869 4747 ABBATIS
1908 4691 1965 4749 S.
2007 4691 2284 4747 BENIGNI

730 4831 1172 4903 EPISTOLA
1223 4830 1343 4898 AD
1390 4829 1859 4900 ODILONEM
1908 4830 2606 4904 CLUNIACENSEM
2656 4828 3108 4900 ABBATEM.

202 4986 315 5053 De
348 4978 543 5051 obitu
569 4976 909 5049 Willelmi
930 4972 1339 5066 Burgundii?
1370 4974 1627 5066 comitis
1644 4996 1682 5066 A;
1736 4973 1818 5066 de
1867 4987 2089 5045 morte
2141 4972 2466 5066 Hie/tardi
2503 4977 3063 5066 Nummorum
3090 4970 3373 5055 comitis,
3422 4985 3493 5042 et
3545 4973 3631 5043 de

894 5061 1097 5134 rebus
1124 5062 1425 5133 maxime
1447 5062 1543 5133 ad
1578 5063 2014 5135 Vizeliacense
2043 5062 2417 5133 coenobium
2437 5061 2944 5152 pertinentibus.

1213 5205 1463 5279 (Μαίη.
1494 5206 1723 5266 Annal.
1742 5204 1990 5276 Bened.,
2023 5210 2167 5263 tom.
2199 5206 2288 5277 IV,
2318 5220 2458 5279 pag.
2490 5202 2635 5279 333).

279 5438 454 5503 Melle
478 5437 735 5512 {avoque
764 5432 1016 5492 dulciori
1033 5431 1262 5489 domno
1294 5430 1447 5489 Patri
1485 5432 1550 5488 0.
1572 5429 1751 5489 frater
1776 5433 1861 5485 Ψ.
1904 5432 1949 5486 D
1977 5427 2120 5486 certi
2146 5442 2276 5484 esse
2302 5427 2630 5500 cupientes,
2659 5425 2944 5484 litterulas
2971 5426 3146 5512 vobis
3180 5427 3478 5499 misimus,
3525 5429 3630 5489 ho-

196 5550 359 5595 cum
391 5528 616 5589 caeteris
643 5525 949 5594 fratribus,
990 5538 1247 5581 summa:
1294 5519 1583 5579 felicitatis
1626 5535 1869 5577 munus.

1977 5535 2116 5576 rum
2143 5534 2280 5591 qua:
2308 5517 2475 5591 apud
2502 5532 2615 5575 nos
2633 5520 2921 5588 geruntur
2947 5508 3192 5575 indices.
3225 5519 3471 5575 Interius
3495 5517 3629 5592 qui-

282 5627 517 5683 Omnes
568 5633 703 5693 quae
730 5616 889 5674 circa
912 5630 1023 5671 vos
1081 5617 1221 5671 sunt
1261 5609 1537 5684 ﬂagranti
1578 5608 1873 5668 desiderio
1981 5608 2141 5679 dem,
2173 5607 2376 5667 divina
2404 5608 2614 5681 gratia,
2643 5606 2979 5683 vestrisque
3002 5609 3227 5669 meritis
3253 5608 3632 5683 suifraganti-
