3994 6166
471 119 570 176 871

1364 112 1420 167 s.
1463 71 1833 166 GUILLELMI
1869 103 2176 162 ABBATIS
2216 105 2272 161 s.
2315 105 2588 162 BENlGNl
2627 105 2886 160 DIVION.
3693 123 3770 177 δη

469 241 606 311 bus,
636 239 792 294 bene
845 235 1116 291 valemus
1142 252 1154 297 ;
1183 232 1438 288 exterius
1470 248 1610 287 vero
1641 229 2036 302 7quibusdam
2082 228 2138 282 in
2171 230 2216 281 A
2243 226 2467 298 spectui
2498 226 2806 294 habentes,
2838 223 2897 279 in
2930 227 3143 280 terram
3171 226 3411 297 pedibus
3429 232 3773 294 conculcandas

475 327 748 385 fortuniis
782 324 1038 396 graviter
1063 321 1404 392 fatigamur.
1434 320 1693 376 Audistis
1718 320 1866 390 jam,
1919 322 1981 373 ut
2011 333 2132 371 cre-

475 418 697 484 dimus,
729 414 908 470 rebus
939 411 1221 467 humanis
1247 411 1569 467 excessisse
1597 409 1875 465 comitem
1926 405 2134 461 Willel-

474 523 666 571 mum,
693 508 751 558 et
779 501 943 576 apud
976 500 1280 557 Divionem
1306 499 1626 572 sepultum.
1655 499 1732 553 De
1756 497 1922 552 obitu
1947 495 2132 551 comi—

475 594 546 649 tis
577 591 854 648 Richardi
883 589 1135 646 missum
1174 603 1296 643 non
1341 587 1685 653 habuimus,
1738 603 1847 640 nec
1905 583 2134 657 aliquid

474 681 816 749 didicimus,
857 679 969 734 nisi
995 682 1290 750 quantum
1321 693 1357 732 a
1385 675 1719 731 dicentibus
1769 673 2130 729 audivimus.

474 773 687 827 Praeter
742 785 812 824 ea
864 766 1292 823 innotescimus
1347 763 1683 837 paternitati
1728 768 1936 818 vestrae
1967 761 2134 835 quod

476 857 909 914 monasterium
937 855 1334 920 Viziliacense,
1365 859 1576 922 agente
1610 851 1898 908 Landrico
1947 850 2134 906 comi-

476 952 553 1013 te,
587 946 899 1003 monachis
931 945 1198 1016 ejusdem
1256 942 1369 998 loci
1426 959 1563 997 cum
1621 940 1838 997 abbate
1893 939 2136 1012 turpiter

477 1035 696 1106 ejectis,
730 1033 991 1089 domnus
1024 1031 1193 1088 Oddo
1224 1033 1482 1102 suscepit
1534 1029 1657 1083 sine
1707 1026 1983 1083 consultu
2012 1023 2135 1097 epi-

479 1123 644 1196 scopi
666 1119 1243 1192 Augustodunensis.
1280 1121 1396 1173 Hac
1429 1117 1501 1172 de
1530 1133 1714 1172 causa
1751 1116 1812 1171 in
1843 1119 2008 1171 tanta
2048 1114 2136 1170 ira

480 1218 684 1267 contra
712 1228 820 1266 vos
850 1216 907 1265 et
944 1225 1053 1264 nos
1100 1209 1420 1280 locumque
1475 1211 1752 1261 nostrum
1810 1205 2137 1261 concitatus

479 1305 586 1370 est,
639 1305 703 1355 ut
734 1315 856 1354 non
889 1298 1083 1354 solum
1115 1296 1275 1352 mala
1306 1313 1441 1368 quae
1471 1312 1578 1368 per
1616 1312 1676 1350 se
1726 1311 1988 1368 suosque
2037 1311 2141 1367 po-

479 1390 609 1444 terit
637 1389 898 1444 minatur
926 1387 1101 1442 nobis
1131 1386 1413 1455 irrogare,
1463 1385 1894 1440 monasterium
1937 1383 2140 1439 videli-

480 1483 570 1536 cet
598 1477 979 1548 Magabrense
1010 1475 1357 1544 auferendo,
1399 1479 1454 1530 et
1501 1475 1705 1530 omnia
1749 1474 1958 1530 altaria
2003 1491 2139 1546 quae

480 1571 540 1624 in
591 1585 702 1624 suo
757 1567 1106 1640 episcopatu
1155 1565 1472 1633 habemus,
1521 1563 2138 1624 excommunicando:

483 1658 586 1713 sed
617 1661 673 1712 et
701 1673 932 1724 omnes,
963 1659 1259 1728 quotquot
1298 1658 1508 1725 potest,
1569 1653 1910 1725 episcopos,
1972 1653 2138 1708 cleri-

483 1764 604 1814 cos,
631 1746 835 1814 laicos,
869 1745 1283 1815 cujuscunque
1315 1741 1540 1797 ordinis
1570 1747 1671 1798 aut
1700 1742 2024 1811 dignitatis,
2079 1743 2140 1798 in

483 1840 718 1892 nostras
744 1833 1082 1889 inimicitias
1109 1830 1571 1887 commovendo.
1593 1831 2143 1887 Excommunicavit

485 1924 662 1980 etiam
722 1927 939 1978 nostrae
998 1919 1480 1990 congregationis
1532 1919 1764 1986 fratres,
1817 1925 1881 1975 ut
1943 1920 2142 1976 nullus

481 2013 609 2084 jam
639 2011 796 2066 dioto
825 2011 958 2066 loco
987 2007 1736 2080 inhabitet,ecclesiamque
1753 2008 2139 2077 ingrediatur,

485 2101 581 2156 vel
609 2099 855 2172 aliquod
885 2099 1153 2153 divinum
1206 2096 1564 2169 obsequium
1617 2097 1678 2151 in
1735 2113 1806 2152 ea
1845 2097 2144 2154 celebrare

487 2193 831 2263 praesumat.
868 2185 1422 2260 lpsivero,ﬁdentes
1453 2185 1791 2259 apostolicis
1820 2187 2142 2259 privilegiis

487 2280 708 2353 quibus
765 2278 1004 2334 libertas
1055 2275 1327 2347 ejusdem
1382 2276 1495 2331 loci
1549 2276 1625 2331 ab
1665 2277 2143 2333 antecessoribus

488 2369 728 2442 provisa
759 2372 866 2435 est,
898 2383 1007 2440 pro
1039 2365 1223 2420 nihilo
1255 2365 1383 2436 ejus
1429 2365 1784 2420 sententiam
1841 2371 2147 2438 computa-

491 2462 719 2528 verunt,
772 2461 829 2512 et
858 2455 1004 2511 nihil
1054 2454 1128 2509 de
1181 2453 1503 2509 interdictis
1556 2453 1849 2510 dimittere
1907 2471 2149 2511 curave-

489 2549 660 2614 runt;
694 2545 803 2600 sed
830 2545 1054 2601 litteras
1085 2545 1197 2600 hac
1224 2543 1298 2599 de
1329 2560 1513 2600 causa
1543 2543 1623 2598 ab
1653 2559 1723 2599 eo
1753 2544 2009 2601 directas
2041 2545 2146 2601 de-

2241 315 2635 387 projecerunt.
2673 313 2837 370 Unde
2865 328 2984 368 non
3011 313 3202 369 solum
3231 314 3351 387 ipse
3383 319 3569 388 majori
3605 322 3674 378 ira
3709 343 3776 381 ac-

2241 420 2458 460 census
2487 409 2592 467 est,
2627 403 2730 459 sed
2763 407 2820 458 et
2849 402 3010 474 apud
3039 419 3244 459 omnes
3273 405 3436 476 longe
3461 407 3658 482 lateque
3695 415 3778 470 haec

2243 494 2548 550 audientes
2608 493 2854 563 grandis
2903 491 3200 549 calumnia
3262 501 3452 552 contra
3498 513 3593 554 nos
3635 511 3780 560 exorta

2242 587 2346 639 est.
2384 583 2646 638 Universi
2673 582 2835 638 enim
2889 581 2992 654 qui
3043 582 3169 638 haec
3212 583 3465 654 audiunt,
3508 601 3612 642 non
3645 591 3781 647 solum

2242 672 2484 737 inimici,
2520 676 2608 728 set
2636 676 2692 728 et
2719 671 2825 744 qui
2855 675 2990 726 ante
3016 671 3359 728 videbantur
3385 674 3559 741 amici,
3587 677 3709 733 illius
3731 681 3783 735 in-

2238 761 2528 832 justitiam
2556 765 2762 816 contra
2787 775 2899 814 nos
2931 760 3306 831 auctorizant,
3337 778 3542 836 nosque
3576 764 3782 823 inaudita

2243 848 2727 922 praesumptionis
2753 853 2808 904 et
2834 848 3012 903 etiam
3043 849 3204 921 apud
3233 850 3522 906 saeculares
3554 853 3782 909 horrenda

2245 938 2584 1012 cupiditatis
2613 938 2944 1010 inculpant,
2978 938 3234 995 dicentes
3260 956 3375 996 non
3410 940 3563 998 licere
3585 945 3783 1015 qualem-

2245 1044 2482 1101 cunque
2512 1027 2794 1083 abbatem
2847 1044 2884 1083 a
2939 1029 3178 1100 proprio
3230 1029 3443 1086 honore
3493 1032 3710 1103 qualibet
3741 1051 3784 1088 ex

2246 1135 2430 1174 causa
2457 1133 2733 1173 amovere
2764 1117 2890 1172 sine
2923 1118 3208 1172 canonica
3233 1120 3631 1176 examinatione
3671 1126 3713 1176 et
3729 1123 3786 1191 ju-

2247 1206 2403 1262 dicio
2425 1206 2688 1279 episcopi
2720 1205 2798 1261 ad
2837 1206 3009 1277 cujus
3067 1206 3363 1262 dioecesim
3399 1209 3627 1264 noscitur
3667 1211 3786 1282 perti-

2248 1312 2407 1352 nere.
2445 1296 2580 1350 Hmc
2610 1301 2665 1350 et
2693 1295 2990 1365 ejusmodi
3017 1296 3370 1368 quamplura
3407 1313 3517 1352 non
3560 1297 3706 1353 modo
3739 1299 3785 1353 ab

2248 1385 2499 1452 aemulis,
2529 1401 2736 1440 verum
2761 1389 2818 1440 et
2848 1401 2884 1440 a
2909 1386 3315 1442 consentaneis
3344 1385 3634 1454 audientes,
3679 1394 3720 1443 et
3739 1388 3786 1442 ab

2249 1473 2534 1547 episcopo
2568 1473 2809 1529 vinculo
2838 1474 3230 1530 anathematis
3275 1491 3390 1546 quo
3427 1475 3609 1530 fratres
3640 1475 3785 1546 ligave-

2180 1583 2223 1636 Β
2254 1569 2364 1630 rat,
2394 1568 2458 1618 ut
2485 1562 2842 1632 absolveret,
2902 1563 3065 1619 nullo
3109 1565 3289 1620 modo
3335 1569 3621 1638 antequam
3654 1566 3786 1621 relicto

2246 1652 2380 1707 loco
2410 1669 2548 1706 cum
2581 1651 2702 1706 suis
2733 1651 3014 1707 omnibus
3045 1652 3123 1708 ad
3161 1669 3265 1708 vos
3303 1659 3689 1721 reverterentur,
3720 1654 3787 1708 im-

2246 1745 2478 1813 petrare
2499 1740 2957 1809 valentes,aliud
2982 1741 3291 1798 consilium
3309 1742 3578 1798 salubrius
3598 1743 3783 1798 invenire

2250 1831 2649 1903 nequivimus,
2679 1837 2892 1903 prteter
2920 1832 3084 1904 quod
3114 1849 3186 1887 ex
3214 1839 3400 1889 vestra
3421 1838 3566 1905 parte
3589 1833 3655 1888 eis
3675 1848 3784 1887 man-

2250 1920 2530 1977 davimus
2561 1926 2620 1977 ut
2650 1921 2726 1977 ad
2750 1939 2856 1978 vos
2889 1927 3256 1979 revertantur
3283 1923 3620 1996 quantocius,
3643 1939 3696 1978 ne
3724 1921 3786 1976 ali-

2250 2010 2386 2082 quis
2412 2010 2677 2083 periculo
2707 2012 3341 2068 excommunicationis
3369 2013 3636 2083 subjaceat
3658 2013 3784 2066 subita

2253 2106 2442 2156 morte
2469 2107 2823 2173 praeventus.
2859 2105 2990 2158 Haec
3018 2119 3160 2158 vero
3208 2119 3285 2159 an
3331 2119 3514 2159 comes
3559 2101 3785 2158 Landricus

2253 2191 2572 2263 permittat,
2608 2191 2700 2246 vel
2726 2192 2840 2264 ipsi
2873 2192 3053 2248 velint
3085 2193 3294 2262 facere,
3345 2193 3505 2249 nobis
3548 2198 3704 2247 manet
3729 2191 3784 2244 in-

2254 2287 2501 2335 certum.
2562 2282 2703 2346 Quae
2758 2287 2974 2338 cuncta
3023 2283 3196 2338 vobis
3239 2283 3495 2338 intimare
3526 2280 3782 2338 curavimus.

2255 2369 2560 2441 cupientes
2617 2375 2878 2428 vestram
2930 2373 3300 2429 voluntatem
3352 2379 3404 2430 et
3450 2373 3713 2444 jussionem
3741 2368 3784 2422 de

2255 2457 2348 2513 his
2377 2459 2660 2515 omnibus
2688 2460 2882 2518 littera
2910 2469 3106 2518 vestra
3135 2479 3476 2535 cognoscere
3513 2459 3782 2536 quantocius.

2259 2548 2473 2604 Valete.

1355 2856 1983 2971 SANCTI
2088 2857 3064 2977 GUILLELMI

1859 3054 2148 3108 ABBATIS
2190 3056 2245 3111 S.
2289 3056 2565 3112 BENIGNI

1088 3195 1681 3265 PRIVILEGIUM
1731 3193 1904 3263 PRO
1953 3194 2532 3266 MONASTERIO
2581 3200 3334 3279 FRUCTUARIENSI.

1455 3356 1712 3424 (MABILL.
1742 3355 1898 3411 Acta
1925 3354 2035 3410 SS.
2069 3355 2291 3411 Bened.
2328 3357 2470 3414 Saec.
2504 3361 2591 3428 Vl,
2637 3376 2776 3432 pag.
2809 3366 2956 3432 347).

569 3560 633 3614 In
664 3558 926 3614 nominas
956 3561 1174 3646 sanctae
1204 3561 1259 3612 et
1289 3556 1547 3612 inviduae
1580 3557 1890 3614 Trinitatis.
1934 3561 2150 3615 Notum
2190 3562 2229 3617 C
2261 3564 2353 3616 tus
2406 3567 2493 3618 est
2547 3562 2789 3622 fratrem
2850 3585 3029 3626 suum
3082 3571 3143 3628 in
3195 3577 3525 3646 praetitulato
3552 3568 3778 3632 Diviouensi

499 3647 625 3702 fieri
656 3647 932 3702 volumus
965 3645 1244 3700 fratribus
1292 3646 1530 3716 nostris,
1583 3650 1702 3701 tam
1762 3647 2154 3718 praesentibus

497 3753 685 3810 quam
712 3736 941 3803 futuris,
998 3741 1051 3791 et
1083 3735 1365 3791 omnibus
1411 3740 1629 3792 sancta-2.
1680 3735 1950 3791 Ecclesiae
1993 3736 2152 3806 ﬁliis,

498 3828 912 3899 cujuscunque
939 3825 1186 3892 ordinis,
1219 3825 1464 3881 honoris
1502 3829 1559 3881 et
1606 3825 1930 3895 dignitatis,
1989 3827 2156 3898 quod

497 3917 929 3974 monasterium
984 3916 1215 3971 noviter
1264 3920 1669 3971 constructum
1741 3916 1799 3971 in
1852 3916 1985 3971 loco
2051 3917 2157 3990 qui

500 4007 838 4063 Fructuaria
868 4005 1115 4078 antiquo
1141 4011 1524 4078 nuncupatur
1570 4005 1882 4073 vocabulo,
1939 4005 2162 4062 liberri-

496 4114 666 4152 mum
723 4103 901 4168 atque
957 4096 1470 4152 absolutissimum
1524 4096 1809 4152 consistat
1863 4096 1942 4151 ab
1991 4096 2155 4152 omni

498 4185 865 4254 subjectione
890 4185 1091 4240 debita
1122 4185 1337 4256 cuique
1363 4184 1606 4240 dioecesi
1635 4185 1729 4240 vel
1768 4186 2152 4255 monasterio,

499 4274 672 4343 cujus
719 4273 802 4327 rei
845 4289 1058 4328 causas
1108 4288 1406 4345 exponere
1462 4278 1518 4329 et
1557 4274 1936 4330 manifestare
1991 4291 2157 4331 cura-

497 4377 654 4427 mus,
689 4375 763 4415 ne
793 4361 1077 4433 cuiquam
1108 4361 1394 4432 subrepat
1419 4361 1592 4417 malae
1619 4367 1676 4418 et
1703 4362 2154 4420 inconsideratae

497 4449 830 4507 occasionis
860 4449 1171 4505 tumultus.
1202 4449 1457 4514 Quidam
1491 4451 1668 4506 frater
1697 4456 1898 4507 noster
1927 4453 2156 4508 carnali

498 4539 910 4612 germanitate,
945 4539 1318 4595 Gottofredus
1355 4540 1620 4609 nomine,
1675 4557 1814 4596 cum
1857 4547 2014 4597 esset
2041 4543 2155 4598 sub

496 4630 706 4687 habitu
737 4628 1028 4694 saeculari,
1061 4633 1117 4684 et
1143 4628 1324 4684 libere
1353 4629 1593 4698 degeret
1641 4629 1704 4684 in
1750 4634 1999 4702 paterna
2038 4632 2155 4686 hae-

495 4719 763 4784 reditate,
816 4717 976 4789 eligit
1025 4717 1291 4772 funditus
1345 4718 1632 4774 saeculum
1689 4719 2042 4791 relinquere,
2102 4724 2158 4775 et

495 4813 633 4882 post
660 4811 845 4863 Deum
875 4807 976 4862 ire.
1012 4806 1275 4879 Denique
1307 4814 1589 4880 expetens
1634 4813 1910 4864 sanctum
1968 4809 2158 4864 Divio-

2263 3652 2644 3708 monasterio.
2675 3655 2935 3729 Denique
2969 3660 3279 3734 Robertus,
3311 3667 3407 3738 qui
3437 3667 3577 3722 solus
3595 3681 3647 3720 ex
3665 3656 3780 3716 fratri-

2262 3739 2378 3794 bus
2405 3743 2528 3796 suis
2561 3747 2848 3801 remansit
2873 3746 3083 3814 laicus,
3116 3752 3267 3809 inter
3295 3761 3487 3812 caatera
3512 3769 3610 3810 suae
3633 3762 3777 3825 posses-

2265 3830 2450 3886 sionis
2478 3832 2659 3900 dona,
2690 3835 2839 3906 ipse,
2868 3841 2924 3893 et
2946 3841 3269 3911 praedictus
3324 3845 3485 3902 frater
3531 3845 3632 3916 ejus
3671 3839 3782 3896 Nitar-

2263 3919 2398 3989 dus,
2431 3936 2565 3992 qum
2599 3924 2850 3980 Domino
2888 3929 3267 3989 contulerunt
3317 3935 3390 3991 ad
3440 3927 3780 3990 construendum

2264 4010 2694 4066 monasterium
2722 4015 3052 4086 specialiter
3075 4019 3599 4094 locum,Fructuaria
3617 4019 3780 4075 dictum.

2263 4097 2345 4153 ita
2371 4105 2435 4154 ut
2456 4101 2846 4174 possidebant
2883 4107 3154 4178 quietum
3203 4117 3259 4169 et
3314 4114 3539 4170 solidum
3579 4101 3784 4166 Goutardo

2264 4189 2587 4245 venerabili
2637 4191 2760 4248 viro
2806 4197 3152 4256 Taurinensi
3202 4203 3579 4259 archidiacono
3612 4191 3786 4253 tradide-

2263 4281 2422 4345 runt,
2474 4284 2534 4335 ut
2563 4280 2702 4336 inde
2745 4281 2963 4342 faceret
3015 4287 3207 4360 legale
3257 4297 3626 4353 testamentum,
3665 4275 3784 4352 φλοδ

2265 4365 2601 4437 appellatur
2623 4369 2926 4427 Judicatus
2953 4375 3056 4444 [αι.
3101 4378 3438 4452 Indicatus].
3485 4372 3611 4442 Quod
3645 4373 3687 4424 et
3704 4365 3789 4420 fac-

2265 4457 2393 4510 tum
2421 4459 2509 4511 est
2536 4472 2607 4512 eo
2637 4457 2880 4515 rationis
2913 4467 3113 4520 tenore
3146 4473 3228 4534 ut,
3279 4475 3561 4541 postquam
3597 4455 3790 4534 ρτίεῐᾶίίν

2264 4559 2401 4599 rum
2432 4544 2676 4603 fratrum
2703 4551 3006 4619 possessio
3038 4557 3314 4613 transiret
3341 4558 3395 4614 in
3421 4551 3610 4614 Domini
3631 4558 3789 4622 posses-

2267 4632 2520 4704 sionem,
2554 4635 2718 4692 nullo
2745 4639 2928 4696 modo
2949 4642 3209 4714 primam
3236 4652 3292 4703 et
3310 4647 3580 4718 antiquam
3604 4633 3790 4712 perdePet

2264 4720 2552 4780 libertatis
2581 4725 2952 4796 dignitatem.
2986 4735 3138 4803 Ergo
3169 4737 3444 4808 quoniam
3471 4734 3532 4790 de
3550 4723 3788 4787 haereditate

2264 4818 2606 4870 nostrorum
2651 4817 2982 4876 carnalium
3031 4829 3465 4881 antecessorum
3505 4816 3791 4877 ﬁebathaeres

495 4913 680 4955 nense
711 4896 1073 4958 coenobium,
1109 4895 1265 4964 illuc,
1293 4896 1522 4953 volente
1550 4901 1689 4964 Deo,
1742 4897 2002 4970 suscepit
2045 4899 2153 4954 ha-
2184 4921 2228 4975 ι)
2269 4901 2532 4957 Christus
2585 4920 2692 4977 per
2737 4908 3160 4979 praedictorum
3241 4915 3482 4971 duorum
3548 4910 3791 4965 nostrorum

495 4987 689 5043 bitum
713 4986 1134 5042 monasticum.
1165 4989 1381 5041 Verum
1411 5002 1620 5042 omnes
1645 4987 1852 5042 fratres
1883 4987 2154 5058 ejusdem

495 5077 631 5143 loci,
661 5076 765 5148 qui
794 5079 1116 5149 praesentes
1147 5075 1404 5145 fuerunt,
1419 5080 1474 5131 et
1498 5075 1686 5131 oculis
1714 5076 1828 5131 hoc
1858 5076 2151 5146 viderunt,

496 5165 611 5219 hoc
645 5163 857 5233 sciunt,
899 5169 955 5220 et
981 5163 1129 5220 scire
1159 5169 1430 5237 possunt,
1457 5165 1768 5237 quomodo
1800 5165 1958 5221 idem
1988 5165 2156 5222 dom-

499 5269 614 5307 nus
649 5252 1022 5308 Gottofredus
1052 5252 1112 5308 in
1141 5252 1427 5326 praedicto
1474 5254 1607 5310 loco
1636 5254 1866 5310 nullam
1914 5255 2049 5311 fecit
2077 5255 2154 5312 le-

498 5341 696 5413 galem
727 5339 1113 5398 donationem
1149 5359 1221 5398 ex
1269 5344 1533 5416 proprio,
1593 5345 1759 5418 quod
1815 5345 2152 5418 reliquerat,

497 5428 880 5505 patrimonio,
910 5430 1054 5501 quia
1083 5431 1144 5486 in
1170 5448 1240 5488 eo
1271 5438 1637 5489 successerat
1684 5433 1862 5490 frater
1905 5435 2036 5505 ejus
2068 5434 2155 5489 Ni-

501 5520 705 5576 tardus
723 5520 858 5590 jure
889 5518 1262 5576 hmreditario
1287 5539 1299 5588 ;
1332 5523 1436 5594 qui
1465 5539 1586 5578 non
1620 5521 1807 5578 multo
1835 5527 1971 5595 post
1991 5538 2156 5578 secu-

2265 5004 2692 5058 germanorum
2719 5011 2940 5052 manus
2965 5017 2977 5066 ;
3029 5003 3269 5058 tandem
3301 5003 3441 5058 sicut
3461 5000 3720 5068 incoeptum
3739 4989 3792 5040 θεῖ

2258 5079 2425 5150 justo
2451 5087 2612 5141 voto.
2666 5083 2748 5140 ita
2793 5085 3072 5146 decenter
3119 5092 3411 5165 expletum
3451 5095 3526 5146 est
3565 5078 3790 5165 adiuva“?

2266 5170 2405 5224 Deo.
2438 5173 2664 5228 Interea
2690 5174 3111 5235 conﬁrmatum
3133 5160 3224 5236 est
3238 5185 3293 5236 et
3317 5178 3603 5236 stabilitum
3624 5160 3790 5227 insoliti?

2264 5262 2321 5312 et
2348 5257 2705 5317 inconcusse
2731 5279 2805 5319 ne
2838 5266 3147 5338 subjaceat
3179 5269 3278 5324 ulli
3308 5260 3702 5341 episcopio,sive
3718 5264 3794 5307 m0-

2264 5349 2546 5416 nasterio,
2579 5367 2683 5406 seu
2714 5353 2983 5410 saeculari
3014 5357 3297 5425 dominio,
3354 5361 3406 5412 et
3449 5346 3792 5410 corroboratum

2263 5433 2672 5509 imperialibus
2697 5446 2754 5496 et
2781 5444 3100 5515 regalibus,
3131 5446 3253 5502 sive
3291 5438 3674 5517 episcopalibus
3695 5441 3792 5501 PM"

2267 5527 2450 5598 οθρῒίδ
2476 5533 2654 5601 atque
2684 5531 3024 5604 privilegiis.
3059 5535 3300 5607 Insuper
3341 5539 3522 5591 autem
3561 5520 3793 5582 subnixum
