3976 6180
197 178 297 233 873
1252 163 1256 167 “
1385 182 1710 238 ANNALBS
1748 179 1803 234 s.
1845 179 2128 234 BENIGNI
2170 179 2425 235 DIVION.

3520 192 3632 246 874

197 299 420 373 scripto
437 302 818 374 apostolicoa
839 303 1090 359 summis
1108 304 1490 376 pontiﬁcibus
1513 302 1862 360 universalis
1901 306 1949 357 A
1979 300 2198 358 scilicet
2239 308 2461 359 textum
2494 317 2687 360 unum
2717 321 2888 374 auro,
2935 307 3188 376 gemmis
3230 314 3288 366 et
3327 309 3632 384 lapidibus

196 389 492 449 Ecclesia.
529 390 697 464 prius
725 409 762 448 a
791 393 1039 448 domino
1069 409 1231 465 papa
1260 396 1509 461 Joanne,
1543 393 1759 449 deinde
1783 392 1862 448 ab

193 479 326 550 ejus
379 496 724 537 successore
775 481 1022 538 domino
1073 500 1234 557 papa
1283 483 1620 551 Benedicto,
1667 482 1771 538 ubi
1800 482 1862 537 in

195 570 579 626 Lateranensi
606 570 848 628 basilica
879 571 1128 628 sedebat
1160 572 1425 646 undique
1448 572 1862 629 circumfultus

191 658 375 732 plena
400 660 659 732 synodo,
686 661 747 716 in
776 679 918 734 qua,
953 663 1216 735 exceptis
1244 663 1588 734 abbatibus,
1630 663 1725 718 vel
1768 677 1862 717 re-

190 746 372 821 liquis
402 748 623 805 diversi
648 750 895 817 ordinis,
929 767 1035 806 seu
1064 751 1371 820 dignitatis
1398 751 1862 824 ﬁdelibus,qua-

190 835 473 907 draginta
503 839 745 894 adfuere
789 841 1052 914 episcopi
1085 857 1224 897 cum
1257 841 1447 898 sancti
1479 842 1625 898 Petri
1658 835 1862 898 Cardi-

189 925 434 982 nalibus
471 928 575 1000 qui
605 944 816 984 omnes
859 934 1302 997 testamentum,
1355 930 1523 1003 quod
1579 930 1862 986 dominus

190 1030 360 1088 papa
391 1016 742 1072 Benedictus
790 1017 903 1091 ipsi
931 1018 1064 1074 loco
1113 1018 1268 1089 fecit,
1313 1023 1452 1091 post
1481 1035 1619 1074 eum
1651 1018 1861 1075 conﬁr-

185 1111 530 1171 maverunt,
563 1111 621 1162 et
650 1106 955 1176 signantes
996 1107 1408 1176 signaverunt,
1451 1113 1630 1182 atque
1658 1108 1860 1180 jaculo

185 1195 828 1251 excommunicationis
872 1202 929 1251 et
966 1195 1402 1254 maledictionis
1418 1196 1860 1268 pariteromnes

183 1281 342 1338 illud
387 1282 848 1340 damnaverunt.
902 1283 1276 1356 Quicumque
1325 1283 1492 1340 illam
1541 1283 1858 1340 molestare

184 1371 499 1428 tentaverit
522 1372 895 1428 sanctionem
923 1377 1099 1428 tanta:
1127 1373 1514 1439 auctoritatis,
1529 1389 1708 1429 nemo
1725 1389 1856 1429 mo-

185 1475 328 1516 vere
365 1459 544 1517 debet
585 1461 665 1517 ad
707 1463 1091 1518 occasionem
1140 1462 1494 1535 quempiam
1539 1478 1612 1518 ex
1639 1463 1858 1519 nostris

183 1547 496 1618 fratribus,
545 1551 670 1606 sive
727 1551 992 1623 aliquem
1044 1550 1178 1607 loco
1231 1550 1512 1607 insidiare
1559 1550 1856 1608 volentem

1969 392 2117 447 mire
2161 398 2458 461 ornatum,
2507 395 2780 451 casulam
2815 413 2980 452 auro.
2995 397 3358 466 decoratam,
3387 405 3444 456 et
3495 400 3632 458 dum

1971 480 2137 536 stola:
2183 481 2481 539 deaurata:
2527 499 2667 538 cum
2698 500 2910 540 earum
2955 485 3302 558 manipulis,
3353 493 3410 542 et
3446 504 3634 547 unum

1968 570 2298 640 cingulum,
2355 579 2532 644 atque
2581 579 2841 646 quatuor
2883 575 3084 632 amicti
3115 575 3405 633 deaurati.
3438 580 3638 650 Itaque

1968 657 2166 714 causis
2188 659 2430 715 redditis
2449 661 2626 732 hujus
2659 661 3377 736 descriptionis,superest
3403 669 3467 720 ut
3494 680 3638 721 con-
3726 739 3732 746 .

1967 747 2235 804 ﬁrmetur
2249 749 2751 822 subsequentibus
2773 751 3005 808 idoneis
3023 752 3271 808 testibus
3293 769 3433 810 cum
3455 754 3638 811 certis

1971 836 2346 892 testimoniis.
2399 839 2486 892 Ad
2540 855 2723 910 quam
2776 840 3319 908 conﬁrmationem,
3354 847 3490 913 etc.,
3521 859 3637 914 ego

1967 925 2147 981 frater
2184 925 2524 994 Willelmus,
2555 927 2748 984 dictus
2774 929 2964 986 abbas
2993 930 3255 987 veridica
3295 932 3633 1001 affectione,

1967 1014 2138 1070 sicuti
2168 1031 2375 1070 coram
2405 1015 2541 1087 ipso
2570 1015 2824 1088 loquens
2856 1023 3033 1074 testor
3062 1019 3161 1074 Dei
3189 1035 3302 1092 pro
3332 1035 3538 1078 amore
3568 1020 3630 1076 in

1967 1103 2326 1177 supradictis
2353 1103 2605 1160 ﬁdeliter
2621 1105 3018 1176 insudasse,et
3034 1123 3193 1164 nunc
3219 1110 3464 1182 propria
3484 1109 3628 1166 sub-

1967 1193 2288 1266 scriptione
2301 1194 2417 1250 hoc
2431 1199 2852 1252 testamentum
2866 1197 3472 1264 contirmans,omnes
3492 1199 3632 1255 sub-

1965 1283 2294 1339 scribentes
2327 1283 2408 1338 ad
2433 1284 2727 1356 aequalem
2765 1285 2947 1356 hujus
2976 1286 3379 1341 retributionis
3405 1303 3629 1343 merce-

1964 1372 2103 1428 dem
2135 1373 2285 1429 votis
2305 1373 2590 1429 omnibus
2619 1389 2730 1446 pro
2759 1390 2938 1446 posse
2982 1374 3254 1442 admitto,
3286 1378 3342 1430 et
3367 1375 3449 1429 sic
3478 1391 3631 1449 pra:-

1965 1467 2162 1517 sentes
2192 1468 2249 1517 et
2291 1461 2569 1517 absentes
2616 1461 3011 1534 quamplures
3044 1462 3422 1519 subscribere
3451 1480 3633 1521 exoro

1964 1554 2159 1605 testes.
2179 1549 2478 1606 Leoterius
2502 1549 2887 1606 miseratione
2918 1551 3019 1606 Dei
3041 1550 3429 1624 archipraasul
3455 1554 3635 1609 Senoo

182 1635 422 1708 injustis
451 1637 1022 1710 conspirationibus,
1048 1643 1112 1694 ut
1136 1639 1449 1694 materiam
1474 1639 1655 1710 hujus
1683 1638 1855 1695 liber-
1891 1660 1935 1712 Β
1966 1653 2115 1694 num
2133 1638 2518 1694 subscribens
2545 1638 2959 1708 suﬂ‘ragancos
2980 1644 3218 1696 nostros
3258 1639 3633 1698 subscribere

183 1725 325 1783 tatis
365 1724 810 1782 calumniandze
838 1726 981 1782 inde
1013 1743 1249 1782 sumere
1270 1730 1582 1798 conentur,
1608 1727 1776 1801 quod
1795 1727 1857 1783 in

183 1814 492 1878 coenobio,
545 1815 650 1872 ubi
704 1816 979 1890 superius
1031 1815 1324 1872 nominati
1372 1817 1582 1872 fratres
1637 1823 1855 1873 sancta:

180 1903 665 1961 conversationis
699 1905 971 1962 habitum
1015 1909 1430 1978 susceperunt,
1477 1905 1669 1961 abbas
1720 1922 1854 1961 sum

180 1991 524 2062 ordinatus,
557 1998 615 2050 et
653 1993 714 2050 in
757 1993 1113 2050 adiﬁcando
1156 1993 1521 2049 monasterio
1567 1995 1852 2050 Fructua-

182 2080 370 2138 riensi
402 2082 785 2156 apposuerim
806 2099 1054 2139 manus:
1075 2081 1362 2154 quoniam
1381 2086 1438 2138 et
1455 2099 1552 2138 me
1563 2082 1850 2151 defendit,

177 2169 341 2226 sicut
366 2186 550 2243 supra
570 2175 970 2227 monstratum
994 2176 1101 2238 est,
1117 2171 1281 2242 justa
1305 2170 1629 2237 occasio,et
1648 2170 1850 2227 locum

174 2260 382 2316 tuetur
404 2259 541 2333 ipsa
569 2259 875 2328 restitutio,
916 2259 1061 2333 quia
1089 2259 1167 2316 ab
1211 2260 1488 2330 ingenuis
1517 2260 1848 2333 possessio-

171 2348 362 2404 nibus
391 2348 640 2422 antiqua
651 2348 919 2405 libertate
933 2349 1082 2406 liber
1105 2354 1192 2406 est
1213 2351 1332 2406 Deo
1351 2349 1852 2422 donatus,etquia

169 2438 618 2512 paupertacula
638 2438 988 2494 eorumdem
1017 2438 1268 2494 fratrum
1295 2453 1724 2508 germanorum
1745 2453 1852 2493 no-

172 2533 446 2584 strorum
467 2543 591 2584 non
621 2527 958 2585 sufﬁciebat
978 2533 1046 2584 ut
1068 2527 1448 2593 stabiliretur,
1471 2525 1551 2583 ab
1583 2526 1848 2582 virorum

1965 1727 2189 1798 rogavi.
2213 1727 2488 1784 Goslinus
2518 1727 2908 1800 archipraesul
2939 1729 3318 1784 Bituricensis
3350 1734 3407 1786 et
3436 1730 3629 1788 abbas

1969 1817 2166 1874 Sancti
2188 1817 2482 1873 Benedicti
2497 1817 2754 1884 ﬁrmavi,
2790 1816 2965 1873 Fulco
2981 1817 3408 1875 Ambianensis
3425 1819 3630 1876 ﬁrma-

1963 1906 2043 1975 vi,
2100 1905 2410 1962 Fulbertus
2457 1905 2776 1979 episcopus
2823 1905 3092 1962 Carnotis
3132 1906 3389 1974 ﬁrmavi,
3446 1906 3630 1963 0dilis

1965 1995 2068 2067 [aL
2119 1995 2266 2066 Odo]
2298 1994 2486 2050 abbas
2525 1994 2934 2051 Cluniacensis
2984 1994 3239 2062 ﬁrmavi,
3288 1995 3627 2052 Everardus

1961 2084 2154 2142 abbas
2175 2083 2374 2141 Sancti
2399 2083 2626 2140 Martini
2655 2083 2914 2153 ﬁrmavi,
2939 2083 3266 2140 Gosbertus
3294 2083 3489 2140 abbas
3519 2086 3628 2141 Tu-

1960 2174 2125 2229 ronis
2168 2171 2366 2228 Sancti
2407 2171 2624 2228 Juliani
2664 2171 2916 2227 ﬁrmavi.
2960 2174 3083 2240 Ego
3130 2170 3312 2227 frater
3338 2170 3622 2227 Arnulfus

1959 2263 2141 2336 prior,
2188 2267 2298 2319 etc.
2349 2262 2720 2317 Theodertus
2771 2263 2840 2330 [Γ.
2888 2259 3355 2334 Theodebertus]
3404 2260 3618 2317 abbas.

1960 2352 2306 2409 Osmundus
2333 2351 2674 2424 episcopus,
2711 2353 3029 2417 Ecmonus,
3061 2353 3170 2405 etc.
3225 2352 3346 2419 Ego
3377 2349 3621 2407 Botber-

1960 2446 2052 2498 tus
2083 2441 2275 2510 gratia
2311 2440 2410 2495 Dei
2434 2456 2538 2494 rex
2571 2439 2827 2495 Franciae
2856 2455 3061 2494 meum
3090 2443 3147 2494 et
3173 2438 3278 2494 ﬁlii
3307 2439 3425 2495 mei
3463 2439 3620 2509 regis

1960 2530 2178 2600 Ugonis
2209 2544 2430 2584 nomen
2471 2527 2729 2583 scribere
2759 2527 2989 2597 rogavi.
3023 2530 3144 2595 Ego
3172 2527 3486 2584 Rotbertus
3514 2545 3616 2586 rex

168 2617 532 2688 multorum,
563 2618 866 2691 praecipue
889 2617 1140 2674 Arduini
1167 2617 1324 2688 regis
1353 2621 1410 2672 et
1442 2619 1623 2672 Bertaa
1644 2615 1848 2672 uxoris
1956 2617 2194 2674 ﬁrmavi
2220 2633 2410 2673 manu
2438 2615 2701 2689 propria.
2731 2619 2853 2684 Ego
2882 2617 3006 2684 Ugo
3051 2630 3157 2670 rex
3206 2615 3461 2672 ﬁrmavi.
3497 2619 3618 2685 Ego

168 2707 314 2780 ejus
358 2706 688 2764 ministerio
745 2711 835 2763 est
880 2705 1188 2762 fundatus.
1238 2709 1527 2762 Prwterea
1571 2705 1848 2762 Nitardus

1957 2710 2180 2763 Erveus
2223 2704 2574 2761 archiclavis
2623 2703 2821 2761 Sancti
2857 2702 3089 2761 Martini
3119 2703 3478 2759 Turonensis
3517 2705 3619 2760 ﬁr-

165 2795 323 2853 inde
359 2811 466 2868 per
505 2795 696 2866 legale
730 2799 1158 2852 testamentum
1215 2809 1525 2850 successor
1578 2793 1842 2865 effectus,
1954 2796 2133 2854 mavi.
2165 2798 2288 2864 Ego
2320 2797 2442 2865 Ugo
2473 2792 2861 2867 archipraasul
2890 2792 3326 2850 Turonensium
3356 2791 3612 2849 ﬁrmavi.

164 2883 611 2958 patrimonium
641 2883 810 2956 quod
845 2882 1166 2956 rehquerat
1207 2881 1578 2953 Gotofredus,
1634 2887 1845 2955 postea
1955 2888 2078 2956 Ego
2109 2883 2419 2941 Rotbertus
2449 2883 2904 2954 Rotomagensis
2925 2882 3420 2956 archiepiscopus
3451 2880 3622 2938 omni

162 2972 542 3031 Fructuarite
585 2971 850 3043 legitima
899 2971 1215 3028 traditione
1263 2971 1510 3028 donavit
1552 2971 1839 3029 funditus.
1882 3011 1921 3066 Ο
1953 2975 2299 3032 auctoritate
2328 2973 2524 3030 ﬁrmo.
2581 2976 2702 3043 Ego
2735 2976 2858 3044 Ugo
2903 2971 3316 3044 Bajocacensis
3349 2970 3613 3066 ecclesia:

165 3065 290 3124 Sed
314 3079 390 3120 ne
413 3061 682 3136 qualibet
703 3062 868 3134 justa
914 3061 1229 3119 occasione
1277 3060 1454 3118 malae
1480 3062 1842 3136 susceptioni
1889 3060 1921 3066 ’
1949 3066 2269 3139 episcopus
2313 3062 2568 3119 ﬁrmavi.
2609 3065 2732 3133 Ego
2785 3066 2909 3133 Ugo
2949 3060 3457 3120 Constantinensis
3487 3061 3614 3135 epi-

161 3152 564 3213 detrahendis
616 3151 1006 3208 seminarium
1057 3155 1423 3220 nasceretur,
1464 3167 1604 3207 cum
1654 3151 1838 3208 bene-
1947 3169 2166 3226 scopus
2185 3151 2571 3222 ﬁrmavi.Ego
2585 3154 2712 3222 Ugo
2726 3152 3144 3224 Ebrojacensis
3164 3151 3485 3224 episcopus
3515 3150 3610 3205 ﬁr-

162 3241 398 3315 placito
448 3239 678 3296 domini
726 3240 1023 3297 Brunonis
1073 3240 1362 3314 episcopi,
1410 3240 1486 3296 de
1541 3239 1837 3314 praedictis
1944 3241 2124 3298 mavi.
2158 3244 2280 3311 Ego
2310 3239 2667 3312 Norgaudus
2701 3240 3156 3300 Avrincacensis
3177 3236 3610 3310 [Abrincensis]

163 3329 462 3389 omnibus
490 3347 527 3386 a
547 3334 688 3386 voto
703 3335 911 3387 nostro
940 3346 1065 3386 non
1086 3330 1566 3404 discrepantis,et
1587 3329 1837 3386 fratrum
1945 3330 2264 3403 episcopus
2293 3329 2551 3384 ﬁrmavi.
2585 3331 2706 3398 Ego
2737 3327 3046 3398 Rotgerius
3077 3326 3459 3384 Lisuncensis
3488 3327 3612 3397 [Le-

165 3420 635 3493 amicorumque
665 3419 977 3494 utriusque
1003 3420 1191 3494 partis
1239 3424 1482 3494 sumpta
1509 3419 1838 3490 insigniora
1945 3418 2270 3489 xoviensis]
2318 3417 2637 3490 episcopus
2661 3415 2918 3486 ﬁrmavi,
2953 3415 3252 3474 Siefredus
3289 3415 3611 3488 episcopus

165 3515 536 3568 ornamenta
564 3508 643 3566 ab
672 3509 887 3566 eodem
915 3509 1299 3579 monasterio,
1314 3509 1451 3566 etin
1479 3508 1835 3565 memoriam
1947 3505 2280 3565 Saxicensis
2310 3504 2652 3577 [Sagiensis]
2681 3505 2938 3562 ﬁrmavi.

165 3599 367 3674 ipsius
391 3597 472 3654 ad
499 3613 637 3654 eum
667 3597 1108 3655 consolandum
1126 3598 1435 3655 Divionem
1457 3597 1834 3666 transmissa,

434 3855 1187 3978 APPENDIX
1270 3858 1474 3977 AD
1584 3856 2260 3979 SANCTUM
2347 3853 3339 3977 GUlLLELMUM.

1369 3716 3604 3751 Μ

921 4237 1412 4328 ANNALES
1469 4239 1559 4326 S.
1624 4236 2085 4326 BENIGNI
2145 4231 2856 4322 DIVIONENSIS

1273 4410 1630 4480 EDENTE
1679 4411 1760 4478 G.
1813 4408 2109 4478 WAITZ
2160 4408 2304 4476 ΡΗ.
2357 4406 2504 4475 DR.

705 4587 902 4662 (Apud
931 4590 1134 4645 Paarz.
1166 4588 1556 4646 Monumenta
1586 4588 1922 4647 Germania
1941 4586 2250 4656 historica,
2280 4585 2488 4658 Script.
2521 4587 2665 4642 tom.
2703 4584 2766 4651 V,
2799 4596 2939 4654 pag.
2972 4583 3083 4651 37).

253 4865 517 4922 Annales
543 4863 762 4922 breves
790 4879 914 4921 una
950 4865 1285 4939 eademque
1327 4881 1518 4922 manu
1544 4881 1738 4940 usque
1765 4864 1845 4922 ad
1882 4866 1926 4920 D
1956 4863 2130 4920 theca
2180 4857 2579 4918 universitatis
2617 4852 2988 4912 Divionensis
3037 4847 3486 4940 asservatus_et
3514 4846 3610 4940 Nr.

190 4968 416 5012 annum
457 4953 561 5010 957
595 4953 822 5027 scripti,
850 4969 924 5010 ex
948 4953 1152 5011 codice
1183 4932 1541 5023 Coloniensi,
1574 4932 1679 5010 ubi
1708 4969 1843 5028 pos-
1948 4957 2053 5009 269
2078 4955 2340 5017 notatus,
2364 4963 2526 5005 anno
2557 4947 2690 5003 1837
2719 4961 2755 5001 a
2785 4959 2881 5000 me
2907 4938 3238 5028 exscriptus
3267 4932 3611 5028 est.Steculo

190 5046 278 5100 tea
306 5059 346 5101 a
373 5043 623 5100 diversis
667 5025 918 5100 adddita
965 5047 1057 5099 est
1101 5043 1490 5114 continuatio,
1534 5043 1675 5100 editi
1705 5025 1844 5098 sunt
1949 5059 2030 5098 xu
2059 5041 2176 5097 inc.
2197 5041 2477 5096 exaratus
2507 5051 2636 5091 esse
2662 5032 2925 5090 videtur:
2955 5025 3217 5085 continet
3238 5040 3378 5081 vero
3403 5025 3614 5114 praeter

190 5132 334 5188 Ion.
367 5134 463 5190 SS.
500 5136 544 5198 1,
582 5148 643 5205 p.
679 5137 768 5190 97.
801 5132 1061 5188 Eosdem
1099 5131 1450 5205 descriptos,
1473 5110 1589 5189 sed
1641 5132 1844 5188 multis
1952 5131 2070 5188 alia
2120 5131 2233 5200 (i9)
2281 5126 2380 5182 fol.
2415 5129 2604 5214 εἰέκ-57η
2650 5122 2957 5214 cyclorum
2995 5115 3488 5214 tabulam‘usque
3521 5110 3615 5214 id

189 5220 339 5277 notis
381 5201 609 5288 auctos,
634 5237 897 5294 quarum
922 5236 1148 5291 magna
1172 5201 1317 5293 pars
1336 5201 1471 5293 (1-8)
1498 5221 1575 5278 ad
1599 5237 1695 5278 res
1717 5237 1846 5294 spe-
1954 5233 2185 5276 annum
2229 5217 2363 5272 1064
2393 5213 2734 5280 deduciam,
2767 5208 3170 5279 eamdemque
3203 5203 3427 5262 ultimis
3457 5201 3612 5258 foliis

193 5311 306 5364 ctat
327 5308 648 5377 Tullenses,
677 5309 738 5365 in
769 5309 1096 5366 Annalibus
1135 5307 1465 5380 reperimus
1499 5311 1555 5365 S.
1600 5309 1848 5378 Benigni
1955 5322 2146 5379 usque
2169 5304 2246 5361 ad
2269 5321 2499 5360 annum
2535 5301 2667 5358 1215
2698 5299 3128 5357 continuatam.
3163 5295 3430 5361 Quorum
3460 5307 3616 5349 mar-

194 5395 574 5455 Divionensis.
595 5400 864 5466 Quorum
890 5399 910 5453 1
933 5397 1124 5456 codex
1148 5397 1482 5453 etiamnum
1529 5397 1590 5452 in
1629 5397 1844 5454 biblio-
1958 5387 2081 5467 gini
2109 5393 2362 5468 quidam
2388 5408 2618 5449 saec.xu
2641 5406 2831 5463 usque
2863 5387 2942 5443 ad
2969 5403 3198 5444 annum
3229 5383 3615 5442 millesimum

1780 5496 2010 5554 NOTE.

258 5583 413 5723 ἳί-Β).
447 5590 512 5642 Δ.
540 5590 668 5653 895,
699 5589 825 5651 906,
853 5587 978 5652 921,
1007 5586 1136 5654 934,
1162 5587 1289 5653 962,
1314 5587 1442 5653 963,
1468 5587 1597 5656 994,
1629 5587 1755 5653 996,
1791 5583 1948 5644 1000.

289 5653 377 5723 19)
406 5655 492 5714 Cf.
524 5657 764 5716 Archiv.
798 5657 912 5723 VII,
945 5670 1006 5723 ρ.
1039 5657 1162 5713 445.

319 5655 382 5725 9)
406 5655 492 5714 Cf.
524 5657 764 5716 Archiv.
798 5657 912 5723 VII,
945 5670 1006 5729 p.
1039 5657 1162 5713 445.

472 5743 715 5802 Pines.
749 5741 921 5802 CXLI.
3249 5736 3316 5788 28
