3976 6180
433 189 536 241 875

1618 176 1914 232 APPEND.
1955 171 2051 226 AD
2090 171 2146 224 S.
2189 171 2656 232 GUILLELMUI.

3740 173 3833 227 876

434 303 1168 374 notationesillasadjecit,
1182 318 1334 376 quas
1355 302 1573 375 partim
1594 318 1734 357 cum
1752 297 2087 354 Annalibus
2127 305 2171 356 Α
2201 297 2453 367 vestigia
2483 302 2816 371 sequuntur
2843 299 2976 369 (25),
3019 313 3142 369 quo
3187 296 3306 352 fere
3348 298 3610 368 tempore
3639 296 3838 367 priores

434 393 886 457 Coloniensihus
912 392 1251 464 convenire,
1293 391 1511 465 partim
1539 407 1634 447 res
1664 389 1966 446 Tullenses
1993 403 2090 442 ex-

431 487 652 560 plicare
681 481 824 549 dixi,
875 481 958 538 ita
987 484 1053 537 ut
1075 481 1383 554 exemplar
1412 480 1735 536 Annalium
1767 478 2005 533 illorum
2030 475 2090 530 in

428 575 542 630 hac
563 571 711 628 urbe
738 569 1055 643 repetitum
1077 573 1134 626 et
1153 574 1398 625 auctum
1420 573 1557 624 ante
1579 567 1787 624 oculos
1807 563 2091 622 habuisse

429 660 721 718 videatur.
750 657 975 715 Eadem
991 657 1086 714 vel
1101 657 1374 728 ejusdem
1395 656 1678 730 temporis
1696 671 1914 711 manus
1930 667 2091 710 anno

428 753 534 808 840
557 747 820 805 Annales
843 745 1275 816 Lugdunenses
1297 745 1625 818 exscripsit.
1641 741 1941 799 Successit
1967 755 2094 796 ma-

427 855 564 907 nus,
596 854 733 911 quce
761 851 955 909 usque
985 835 1065 892 ad
1094 851 1324 892 annum
1381 839 1536 903 1063,
1578 834 1696 891 alia
1723 849 1859 906 quae
1901 846 2092 904 usque

430 929 506 984 ad
536 942 769 984 annum
795 927 930 981 1124
958 924 1220 980 Annales
1248 929 1572 998 prosecuta
1598 929 1684 979 est
1713 942 1726 991 ;
1759 927 1818 978 et
1836 921 1898 976 hi
1918 925 1974 977 et
1993 919 2093 994 alii

431 1017 750 1089 scriptores
780 1014 1082 1088 prioribus
1109 1015 1284 1070 annis
1308 1031 1403 1069 res
1447 1014 1852 1082 Lingonenses
1877 1010 1985 1083 (20)
2037 1014 2094 1065 et

432 1106 821 1164 Divionenses
849 1107 984 1177 (21),
1019 1104 1118 1160 alii
1144 1104 1496 1175 adjecerunt
1525 1103 1928 1158 Virdunenses
1961 1101 2089 1172 {22),

429 1195 530 1252 alii
549 1195 810 1267 denique
829 1194 1025 1249 varias
1051 1197 1478 1262 congesserunt
1495 1191 2094 1260 adnotationes,quas

431 1289 560 1341 tum
591 1299 622 1340 e
669 1282 936 1339 fontibus
983 1281 1160 1338 nobis
1188 1282 1526 1351 incognitis,
1561 1287 1687 1337 tum
1732 1298 1802 1336 ex
1850 1277 2095 1353 propria

429 1390 632 1431 rerum
660 1372 1000 1443 cognitione
1044 1373 1406 1440 hauserunt;
1439 1387 1649 1427 omnes
1673 1387 1816 1426 vero
1847 1386 1985 1425 saec.
2013 1384 2093 1423 xu

427 1465 545 1521 inc.
577 1463 640 1519 in
681 1463 798 1518 hoc
843 1461 1050 1518 labore
1081 1461 1358 1534 occupati
1403 1460 1583 1515 fuisse
1628 1459 1926 1515 videntur.
1980 1455 2092 1514 Sed

428 1553 570 1611 inde
601 1552 680 1608 ab
709 1566 872 1608 anno
918 1556 1051 1607 H25
1096 1551 1268 1606 multi
1298 1550 1412 1606 sibi
1438 1548 1769 1605 succedunt
1795 1551 2092 1614 auctores,

2197 385 2471 444 desinam
2493 389 2811 460 scriptores
2830 387 3216 443 Divionenses
3242 401 3426 458 supra
3453 385 3617 453 dixi;
3649 390 3833 442 etcum

2196 477 2376 532 etiam
2406 493 2478 533 ex
2509 477 3002 534 antecedentibus
3027 475 3335 548 quaedam,
3367 491 3420 530 e.
3451 490 3542 545 gr.
3575 477 3834 530 Ποίωνο-

2195 565 2498 624 dunenses
2523 583 2758 636 omnes,
2787 567 2906 622 sint
2930 567 3354 640 praetermissa,
3373 565 3497 619 hinc
3526 569 3740 637 postea
3758 564 3832 620 de-

2197 671 2368 711 mum
2399 656 2593 713 codici
2636 655 2980 713 Divionensi
3007 655 3171 710 illata
3201 670 3330 710 esse
3361 653 3646 727 putarim.
3671 655 3831 709 Anne-

2197 743 2282 799 les
2332 746 2661 803 Besuenses
2694 762 2858 802 anno
2917 745 3226 800 1119-1174
3262 743 3323 799 in
3371 742 3735 799 monasterio
3760 743 3830 799 illo

2199 837 2528 892 continuati
2561 841 2722 907 sunt,
2743 835 2945 893 Sancti
2974 835 3217 904 Benigni
3247 834 3634 890 Divionenses
3663 833 3722 888 in
3748 833 3828 888 hoc

2195 923 2350 982 libro
2379 943 2571 999 usque
2618 927 2696 983 ad
2729 943 2957 983 annum
3003 928 3129 982 1214
3159 940 3195 980 a
3224 923 3470 980 diversis
3507 921 3759 978 deducti.
3783 953 3827 964 —

2203 1014 2363 1069 Alter
2391 1031 2534 1070 vero
2560 1020 2738 1071 extat.

2271 1108 2326 1160 2.
2355 1104 2556 1160 Codex
2586 1103 3161 1176 Montispessulanus
3190 1105 3284 1158 Nr.
3315 1105 3405 1157 48.
3440 1100 3569 1167 fol.,
3599 1105 3762 1158 antea
3785 1104 3824 1157 C.

2163 1193 2458 1271 _Bouhier
2491 1196 2550 1250 Β.
2577 1198 2645 1250 48
2676 1199 2733 1250 et
2749 1194 2892 1249 olim
2919 1193 2978 1248 in
3010 1192 3223 1248 eodem
3256 1191 3453 1247 Sancti
3478 1190 3720 1260 Benigni
3746 1208 3828 1246 et»

2200 1283 2386 1340 nobio
2439 1286 2786 1340 asset-vatus
2819 1301 2831 1352 ;
2863 1285 2969 1355 qui
3015 1299 3150 1338 sine.
3182 1298 3285 1337 xm
3336 1281 3600 1354 Scriptus
3644 1279 3734 1336 fol.
3767 1286 3823 1344 11,

2203 1389 2372 1446 seqq.
2398 1373 2601 1445 cyclos
2629 1371 2986 1429 continetab
3015 1387 3177 1427 anno
3210 1375 3410 1427 1-1505
3432 1370 3626 1426 tribus
3644 1369 3824 1426 colum-

2203 1461 2297 1517 nis
2327 1461 2703 1524 exaratos,in
2733 1478 2993 1535 quorum
3024 1461 3294 1531 margine
3305 1459 3570 1516 Annales
3593 1458 3824 1530 legunhn

2205 1550 2283 1606 ad
2308 1551 2685 1624 supradictos
2702 1566 2890 1624 prope
2906 1550 3277 1606 accedentes.
3296 1551 3498 1622 Usque
3522 1547 3601 1603 ad
3628 1565 3747 1604 sec.
3767 1563 3821 1602 111

428 1641 536 1716 qui
579 1641 935 1716 plerumque
964 1639 1144 1695 rebus
1191 1655 1345 1712 quas
1373 1643 1655 1694 enarrant
1680 1637 1946 1710 aequales
1974 1635 2096 1690 fue-
2136 1662 2175 1716 Β
2205 1655 2415 1712 paucae
2441 1644 2674 1696 tantum
2702 1644 2938 1696 exstant
2962 1643 3120 1695 notas
3148 1653 3356 1711 eaeque
3378 1638 3603 1710 partim
3631 1635 3821 1693 aliunde

429 1734 572 1788 runt
613 1734 672 1787 et
715 1729 856 1786 satis
893 1733 1174 1785 accurata
1216 1744 1418 1784 rerum
1467 1727 1808 1797 cognitione
1855 1723 2090 1781 imbuti.

431 1818 830 1877 Verumetiam
849 1816 1262 1874 antecedentia
1279 1833 1436 1890 saepe
1452 1831 1575 1872 non
1607 1814 1854 1871 minoris
1871 1813 2096 1870 haben-

431 1910 514 1967 da
543 1913 685 1965 sunt
713 1906 1100 1974 auctoritatis,
1114 1906 1340 1979 quippe
1365 1922 1627 1978 quorum
1655 1905 1925 1960 maxima
1953 1919 2096 1976 pars

433 2016 466 2056 e
494 1997 805 2056 codicibus
845 1995 1286 2068 antiquioribus
1315 1995 1390 2050 sit
1417 1995 1736 2066 descripta.
1771 1993 1946 2060 Quod
1975 2007 2099 2066 quo

435 2087 621 2144 satius
657 2084 1073 2159 perspiciatur,
1113 2099 1493 2157 quascunque
1519 2099 1548 2139 e
1577 2082 1785 2138 codice
1835 2079 2102 2136 Tullensi

435 2179 683 2250 sumpta
727 2174 1026 2241 videntur,
1074 2173 1268 2230 littera
1298 2172 1546 2244 obliqua
1574 2169 1968 2244 exprimenda
1995 2186 2102 2225 cu-

437 2266 586 2334 ravi,
615 2278 809 2338 eaque
838 2263 920 2320 ita
947 2261 1210 2334 distinxi,
1242 2267 1306 2319 ut
1351 2278 1488 2334 quae
1519 2261 1596 2317 ad
1641 2259 1901 2316 Annales
1932 2258 2102 2316 Colo-

439 2355 680 2412 nienses
704 2368 894 2426 prope
921 2352 1216 2410 accedunt
1242 2351 1400 2424 typis
1421 2351 1563 2406 arcti
1574 2349 1899 2422 us,reliqua
1925 2348 2102 2404 latius

439 2444 650 2518 positis
681 2442 1036 2500 iudicentur.
1073 2443 1295 2498 Caetera
1319 2441 1513 2497 littera
1533 2441 1952 2513 exprimuntur
1980 2438 2108 2494 vul-

445 2534 613 2606 gari;
653 2532 760 2589 sed
805 2549 942 2606 quae
989 2533 1206 2606 cuique
1259 2531 1468 2587 manui
1517 2530 1869 2596 debeantur,
1918 2544 2108 2602 quam

445 2623 892 2682 accuratissime
920 2622 1088 2697 potui
1116 2620 1421 2678 annotavi.
1455 2649 1524 2660 -—
1551 2623 1633 2676 Ex
1657 2619 1750 2676 his
1778 2618 2108 2674 Annalibus

448 2716 779 2771 Besuenses
821 2713 994 2784 (Men.
1030 2716 1097 2778 11,
1140 2726 1202 2781 p.
1232 2712 1337 2766 248
1367 2709 1580 2774 editos)
1621 2708 1952 2780 descriptos
1982 2723 2112 2762 esse

449 2804 584 2875 (23),
615 2815 799 2857 nemo
843 2799 1090 2869 negabit
1118 2798 1223 2869 qui
1266 2797 1428 2852 videt
1467 2796 1802 2852 notationes
1842 2796 1927 2852 ibi
1955 2813 1993 2852 a
2021 2795 2110 2851 di-

450 2891 642 2947 versis
673 2889 926 2961 scriptas
965 2887 1062 2944 hic
1090 2901 1215 2942 uno
1243 2885 1482 2941 calamo
1511 2902 1642 2942 esse
1671 2886 1948 2960 repetitas
1980 2887 2110 2956 (24).

455 2979 661 3052 Neque
687 2983 888 3034 tamen
917 2976 1072 3033 ultra
1100 2990 1332 3032 annum
1369 2962 1500 3032 1118
1529 2979 1855 3032 Βω11011809
1875 2976 2115 3032 illorum

2205 1729 2466 1796 haustae;
2497 1729 2638 1785 inde
2663 1729 2743 1785 ab
2761 1744 2924 1785 anno
2958 1731 3093 1785 1108
3123 1743 3266 1784 vero
3289 1727 3503 1800 plures
3530 1731 3817 1796 occurrunt,

2205 1834 2385 1891 quas,
2413 1819 2695 1892 quamvis
2724 1833 2844 1874 non
2891 1819 2990 1875 uni
3011 1817 3347 1874 debeantur
3386 1817 3676 1890 scriptori,
3707 1831 3820 1888 saepe

2207 1924 2281 1964 ex
2315 1913 2333 1962 1
2369 1923 2496 1963 esse
2517 1909 2874 1980 desumptas
2903 1907 3074 1964 facile
3105 1912 3194 1963 est
3222 1906 3530 1963 mtellectu
3550 1909 3817 1976 (26).!nter-

2207 1997 2357 2052 dum
2387 1997 2639 2054 fortasse
2667 1997 2828 2053 idem
2855 1997 3091 2070 utrique
3115 1997 3306 2054 codici
3337 1996 3598 2052 similem
3624 1996 3819 2050 notatio

2210 2102 2349 2142 nem
2407 2086 2644 2155 intulit;
2686 2086 2840 2142 alius
2886 2087 3073 2156 hunc,
3121 2085 3284 2142 aﬁus
3328 2085 3508 2141 illum
3549 2084 3814 2158 pretulisse

2210 2175 2460 2232 videtur.
2495 2178 2633 2232 Post
2666 2190 2896 2231 annum
2949 2179 3086 2231 1214
3109 2189 3254 2230 vero
3281 2175 3379 2230 hic
3433 2174 3601 2230 solus
3642 2173 3814 2246 quain

2213 2265 2578 2322 monasterio
2632 2265 2940 2321 memoriae
2978 2265 3369 2322 tradebantur
3423 2264 3642 2338 recepit
3675 2263 3813 2336 iisque

2213 2368 2406 2426 usque
2425 2355 2506 2410 ad
2521 2369 2752 2410 annum
2779 2357 2914 2410 1285
2931 2357 3180 2410 ornatus
3201 2358 3307 2410 est.
3327 2354 3475 2420 Qum
3490 2353 3681 2410 omnia
3698 2366 3814 2407 anno

2218 2449 2354 2500 1837
2384 2443 2693 2517 exscripsi.

2289 2533 2564 2590 Labbeus
2593 2549 2668 2589 ex
2694 2531 2903 2589 codice
2936 2538 2956 2589 1
2989 2548 3280 2604 magnam
3296 2531 3622 2590 Annalium
3640 2536 3813 2605 partem

2217 2623 2402 2679 edidit
2429 2622 2598 2694 (Bibl.
2629 2639 2774 2678 mss.
2803 2626 2842 2691 1,
2868 2639 2928 2696 p.
2959 2627 3110 2692 293);
3144 2636 3358 2696 exque
3384 2624 3661 2697 Bouqueti
3682 2620 3814 2678 conti-

2217 2717 2502 2768 nuatores
2534 2713 2873 2782 fragmenta
2903 2718 3260 2785 receperunt
3279 2713 3368 2784 (Xl
3397 2727 3463 2786 p.
3499 2716 3596 2770 3&5
3620 2731 3633 2780 ;
3661 2711 3746 2778 xu,
3770 2723 3810 2781 ρ.

2221 2805 2326 2859 310
2354 2820 2368 2871 ;
2398 2802 2552 2869 XVII,
2580 2816 2641 2874 p.
2677 2805 2824 2870 741).
2856 2803 3088 2867 01110111
3129 2801 3336 2858 codice
3373 2804 3408 2856 2
3433 2800 3814 2872 legimmrhue

2222 2905 2436 2964 usque,
2467 2892 2634 2965 quod
2665 2891 2874 2960 sciam,
2906 2891 3131 2948 inedita
3155 2896 3315 2947 sunt.

3380 2977 3448 3031 G.
3492 2979 3679 3031 Ἥλιε-ι.

1153 3268 1644 3362 ANNALES
1727 3273 1818 3360 S.
1911 3267 2372 3362 BENIGNI
2459 3267 3198 3358 DIVIONENSIS.

1941 3455 2333 3469 Μ

539 3589 707 3661 (564.)
737 3587 965 3657 Hujus1
1020 3583 1408 3656 (Chilbeberti
1434 3585 1518 3653 ΙΙ)
1550 3588 1818 3654 tempore
1879 3589 2120 3638 sanctus
2160 3587 2199 3641 C
2231 3583 2570 3641 Hadelucus
2599 3585 2986 3642 Virdunensis
3013 3584 3345 3659 episcopus.
3369 3583 3522 3653 cuius
3542 3577 3804 3651 corpu-sin

465 3678 751 3750 Agericus
781 3672 1167 3729 Virdunensis
1194 3672 1512 3744 episcopus
1546 3671 1754 3727 claruit
1783 3672 1844 3728 in
1874 3671 2128 3728 miracu-

467 3769 539 3825 lis
564 3785 577 3833 ;
610 3763 778 3838 quod
805 3763 984 3819 etiam
1015 3765 1366 3818 Fortunatus
1391 3766 1568 3834 poeta
1587 3777 1709 3816 non
1738 3766 1890 3818 tacet
1922 3763 2052 3836 (27).

541 3859 664 3911 753.
696 3855 717 3890 ²
749 3853 880 3910 [1ιὶ³
909 3852 1266 3920 benedictus,
1286 3857 1368 3908 cst
1394 3852 1691 3922 Pippinus
1723 3867 1832 3910 rex
1860 3868 1898 3909 a.
1923 3860 2128 3910 sancto

469 3943 772 4014 Stephano
813 3958 976 4014 papa
1016 3939 1293 3999 Parisius
1340 3946 1398 3998 et
1438 3941 1554 4010 ﬁli:
1601 3943 1728 4011 ejus
1767 3939 2030 3998 Karotus
2075 3949 2131 3999 et

470 4035 940 4104 Kartomannus,
969 4039 1024 4090 et
1045 4033 1178 4103 ﬁlia
1203 4032 1413 4103 Gisita,
1432 4032 1588 4087 inter
1612 4046 1787 4088 sacra
1812 4033 2130 4088 missarum
2195 4047 2198 4050 ‘

473 4124 849 4194 sollempnia,
893 4123 1264 4193 precipiente
1314 4127 1520 4180 sancto
1576 4123 1758 4178 Petro
1815 4127 1868 4179 et
1923 4128 2131 4198 sancto

472 4215 669 4270 Paulo
698 4217 754 4269 et
794 4212 959 4269 beato
985 4211 1268 4267 Dionisio.

547 4301 877 4358 Ordinatio‘
892 4299 1102 4356 domni
1127 4297 1414 4356 Madeluci
1433 4298 1818 4356 Virdunensis
1839 4297 2125 4372 episcopi.

547 4391 718 4463 (760.)
755 4388 1147 4461 Temporibus
1167 4389 1188 4422 ⁵
1225 4388 1457 4462 Pippini
1481 4389 1639 4460 regis
1668 4389 1856 4460 viguit
1886 4394 2131 4446 sanctus

2234 3674 2422 3746 cripta
2443 3674 2631 3730 sancti
2657 3676 2848 3731 Vitoni
2874 3674 3198 3749 sepultum,
3230 3680 3364 3748 post
3384 3676 3444 3730 40
3466 3686 3627 3729 annos
3637 3669 3805 3724 inven-

2233 3769 2364 3820 tum
2394 3768 2481 3819 est
2506 3763 2939 3836 incorruptum.

2307 3858 2430 3910 768.
2464 3855 2762 3924 Pippinus
2793 3855 2909 3927 (28)
2939 3869 3048 3911 rex
3073 3855 3216 3911 obiit
3243 3857 3301 3913 8.
3339 3853 3477 3912 Kal.
3506 3849 3708 3909 Octobr.

2307 3945 2432 3998 769.
2464 3944 2711 3998 Initium
2742 3945 2916 4014 regni
2946 3943 3154 4000 Karoti
3182 3945 3360 4015 regis.

2309 4037 2432 4088 770.
2467 4033 2613 4103 (Aut
2648 4033 2796 4103 771.)
2831 4033 2912 4088 Et
2959 4033 3410 4090 Kartomannus
3439 4033 3574 4089 obiit
3614 4034 3661 4086 2.
3703 4027 3822 4082 Non.

2240 4122 2542 4178 Decembr.

2311 4216 2432 4266 772.
2466 4211 2775 4267 Adrianus
2799 4226 2964 4282 papa
2989 4213 3272 4282 efﬁcitur.

2311 4303 2435 4355 776.
2471 4301 2788 4357 Conversio
2813 4301 3146 4358 Saxonum.

2311 4394 2436 4447 778.
2463 4391 2733 4447 Karotus
2762 4392 2822 4445 in
2849 4392 3111 4460 Spanius
3142 4392 3415 4448 intravit.

1844 4496 2074 4551 VARIAE
2115 4496 2525 4554 LECTIONES.

551 4587 568 4622 ¹
591 4587 781 4642 Hanc
795 4599 980 4640 unam
1009 4583 1373 4656 notationem
1398 4597 1585 4638 nianu
1613 4582 1646 4636 ϐ
1671 4585 1961 4654 scriptam
1987 4601 2063 4642 ω.-
2087 4587 2267 4642 annis
2295 4585 2600 4656 prioribus
2629 4600 2730 4643 rec

2730 4587 2844 4656 ερε-
2877 4585 3106 4643 οείενα
3135 4601 3318 4659 usque
3345 4588 3428 4644 ad
3455 4603 3514 4645 α.
3535 4589 3636 4643 752
3662 4576 3836 4641 omisi?

477 4661 500 4694 ²
529 4662 633 4714 752
665 4673 823 4714 corr.
856 4659 980 4712 753.
1004 4655 1133 4712 cod.
1211 4655 1233 4689 ³
1249 4655 1454 4724 prima
1482 4670 1684 4711 manu.
1720 4657 1865 4714 Haec
1894 4659 2198 4728 exscripta
2226 4655 2368 4713 sunt
2397 4658 2460 4713 in
2490 4658 2651 4713 Ann.
2682 4655 2815 4714 Bés.
2896 4659 2918 4692 i
2948 4674 3135 4720 manu
3165 4655 3232 4726 ϐξ
3294 4659 3315 4693 ⁵
3341 4675 3528 4716 manu
3556 4680 3607 4732 γ.

2077 4765 2300 4820 NOTAE.

565 4852 662 4922 20)
691 4853 762 4906 Δ.
796 4853 919 4919 838,
947 4853 1076 4917 856,
1107 4853 1234 4914 880,
1265 4852 1392 4922 922,
1422 4853 1548 4918 981,
1579 4854 1691 4907 etc.

571 4923 659 4991 2t)
693 4927 758 4980 Α.
789 4926 912 4991 871,
945 4923 1067 4987 912,
1101 4926 1210 4977 etc.

574 4994 661 5066 22)
709 5000 774 5051 Α.
821 4996 945 5062 564,
985 4994 1087 5049 753
1136 4994 1298 5064 (760),
1345 4994 1470 5066 868,
1502 4994 1626 5063 882,
1677 4996 1800 5066 915,
1842 4997 1966 5062 923,
2005 4994 2131 5064 925,

479 5065 605 5134 939,
637 5065 762 5136 910,
794 5070 918 5133 951,
949 5067 1253 5136 9713,1005,
1291 5065 1445 5136 1046,
1481 5067 1638 5120 1000.

552 5140 666 5209 (23)
697 5144 848 5192 Ann.
885 5140 941 5194 S.
986 5135 1232 5205 Benigni
1255 5135 1503 5209 minime
1525 5151 1603 5209 ex
1629 5140 1780 5192 Ann.
1834 5137 2141 5193 Besuensi-

479 5206 596 5265 bus
627 5208 946 5279 ﬂuxerunt.
992 5209 1196 5279 Neque
1247 5209 1305 5264 S.
1349 5206 1598 5279 Benigni
1626 5209 2058 5266 monasterium
2077 5225 2136 5266 a.

487 5282 644 5345 1002,
677 5278 781 5333 sed
804 5279 934 5348 jam
955 5277 1200 5346 sascfvr,
1233 5277 1541 5335 conditum
1572 5284 1676 5335 est.

525 5348 666 5430 "(24)
695 5348 1006 5406 Besuensis
1037 5349 1297 5430 scriptor
1338 5365 1531 5430 annos
1560 5366 1730 5430 saepe
1761 5351 1916 5430 male
1943 5353 2142 5430 turba-

481 5421 585 5492 vit,
618 5435 668 5475 e.
701 5434 789 5489 gr.
814 5436 949 5492 quae
979 5422 1076 5477 ad.
1113 5421 1181 5478 a.‘
1198 5425 1302 5478 828
1327 5421 1627 5492 pertinent
1643 5421 1734 5478 ‘ad
1760 5438 1815 5478 a.
1852 5427 1954 5480 855
1986 5429 2140 5480 retu-

482 5491 572 5562 lit,
598 5507 692 5548 res
721 5507 777 5548 a.
806 5491 909 5548 888
939 5496 996 5548 et
1024 5497 1126 5550 899
1151 5494 1212 5548 in
1245 5491 1377 5548 cod.
1426 5492 1764 5549 Divionensi
1802 5511 1924 5552 una
1953 5509 2142 5552 manu

485 5563 738 5637 scriptas
766 5563 828 5619 in
859 5579 914 5619 a.
947 5567 1042 5620 891
1081 5569 1138 5620 et
1161 5569 1264 5620 892
1293 5564 1514 5637 posuit.

559 5635 670 5705 (i5)
699 5640 764 5691 Α.
825 5638 950 5706 800,
985 5639 1110 5705 652,
1153 5635 1459 5705 734,—830,
1506 5639 1632 5704 879,
1690 5640 1818 5710 883,
1859 5640 1985 5706 888,
2037 5641 2138 5695 933

2171 4855 2216 4907 1)
2247 4853 2450 4924 (1033),
2509 4855 2644 4927 1052
2691 4853 2895 4927 (1081),
2956 4856 3112 4921 1088,
3163 4857 3322 4927 1101,
3373 4859 3534 4927 1103,
3581 4850 3842 4927 1195-1107.

2250 4922 2707 4999 Hl7__quazdam
2739 4922 2992 4999 addunt,
3022 4941 3159 4998 qua:
3189 4922 3560 4999 pluruqua
3595 4924 3670 4981 ad
3692 4932 3843 4999 ngam;

2250 4993 2410 5069 sterii
2431 4984 2754 5051 'historiam
2769 4984 3106 5069 pertinent.
3130 4984 3279 5053 Nota
3325 5013 3380 5069 a7.
3415 4984 3519 5054 888
3551 4993 3773 5069 cum_ii_s
3794 4984 3844 5042 ad

2245 5066 2511 5140 verbum;
2527 5065 2807 5140 convenit
2831 5081 2966 5140 quae
2993 5084 3065 5123 ex
3095 5068 3210 5140 hoc
3241 5068 3447 5124 codice
3501 5065 3783 5140 Arch._VlI,
3804 5073 3842 5140 ρ.

2245 5138 2571 5218 4480111111,
2606 5139 2707 5195 ubi
2737 5133 2927 5218 pro'a.
2951 5143 3053 5218 869
3082 5139 3338 5218 fortasse
3353 5143 3459 5218 888
3479 5138 3757 5218 legendus
3769 5133 3843 5186 est

2343 5212 2434 5284 26)
2462 5209 2603 5284 Yide
2631 5209 2993 5284 qua'enotavi
3017 5226 3179 5268 anno
3214 5209 3568 5284 1410,1121;
3661 5283 3665 5284 ν
3783 5272 3831 5284 η

2247 5275 2431 5408 IV(217))
2574 5275 2814 5339 Bertarii
2859 5283 3037 5339 Gesta
3064 5298 3202 5358 epp:
3249 5275 3433 5352 Vird.,
3473 5301 3526 5340 c.
3556 5283 3758 5340 (Lion.
3781 5275 3846 5330 SS-

2321 5368 2557 5424 ,p.’1-2.
3223 5423 3227 5424 γ
3635 5422 3645 5424 _
3727 5411 3834 5424 Α,

2321 5420 2433 5494 (ἳῖ)
2475 5424 2662 5480 Etiam
2694 5439 2834 5480 ann.
2879 5427 3114 5481 768-7‘72
3159 5423 3237 5482 ad
3268 5425 3421 5483 Ann.
3457 5425 3518 5482 in
3552 5420 3852 5494 Coloniens-

2248 5491 2365 5577 bus
2413 5496 2739 5577 exscriptos
2768 5498 3062 5577 pertinere
3092 5498 3376 5577 putarim,
3427 5495 3703 5577 quamvis
3813 5499 3850 5577 ξ-

2249 5567 2498 5641 demum
2547 5567 2650 5641 973
2681 5567 2989 5641 1110191801.
3014 5567 3246 5641 Fontes
3278 5585 3420 5626 vero
3446 5567 3667 5627 horum
3699 5567 3855 5618 ωι-

2249 5637 2398 5695 lium
2428 5641 2577 5695 Mon.
2615 5639 2710 5697 SS.
2740 5637 2876 5712 l,—p.
2906 5643 2977 5699 96
3005 5638 3254 5700 indicati
3284 5644 3444 5700 sunt
