3994 6166
230 119 331 174 881
1441 128 1764 194 ΑΝΝΑιεε
1805 137 1807 180 1

2118 131 2190 186 Nl
2233 132 2510 194 mvrou.
3026 115 3028 122 ’
3589 147 3695 202 882

221 241 1121 335 ptahsuntnoviiundamenta
1146 249 1492 306 monasterii
1532 221 1906 307 Divionensis
1949 252 1993 304 Α
2099 254 2276 308 1027.
2324 257 2607 316 Arnulfus
2631 263 2790 335 prior
2817 263 2979 321 obiit.

227 331 463 426 milia].
498 334 660 426 ξεί-ι.
695 331 837 388 feria
865 337 937 426 3.7
979 421 996 426 _
1182 425 1187 426 γ
2098 343 2280 397 1030.
2337 331 2680 406 Lambertus
2721 352 3034 426 episcopus
3067 353 3451 426 Lingonensis
3503 352 3691 420 obiit;

305 424 466 516 1003.
524 421 591 477 In
641 437 844 516 mense
886 421 1233 516 februario
1286 432 1537 485 cometae
1591 429 1737 486 visre
1778 434 1917 486 sunt
2023 428 2119 484 cui
2147 433 2452 492 successit
2482 421 2784 506 Ricardus,
2815 421 3294 512 qui—ejectusvest
3334 441 3412 499 ab
3458 441 3692 516 episco-

220 527 414 568 mane
446 509 508 566 in
533 515 702 602 parte
731 511 972 602 orentis.
1072 601 1075 602 ν
2021 521 2176 592 patu
2238 533 2278 574 a
2320 522 2558 579 Girardo
2601 509 3064 599 archidiacono;
3103 544 3358 602 pergens
3403 529 3464 585 in
3491 509 3692 586 “Fian-

305 603 491 690 10051
527 599 682 690 Obiit
725 601 772 690 ‘f
825 599 1158 670 Fingenius
1217 603 1412 660 abbas
1459 607 1587 680 (45).
1647 607 1918 666 Succedit
2024 606 2259 678 driam,
2292 609 2434 667 obiit
2457 611 2605 680 illic;
2631 618 2688 670 et
2715 614 2994 671 successit
3021 599 3190 686 Hugo
3218 617 3281 673 in
3309 613 3683 690 pontificatu.

222 688 573 746 Richardus
603 688 899 763 piissimus
924 706 938 754 ;
994 706 1036 746 a
1061 708 1185 765 quo
1215 697 1273 748 et
1321 692 1558 768 incepta
1602 701 1740 754 sunt
1786 697 1917 755 fun-
2099 697 2271 753 1031.
2306 700 2510 758 Obitus
2535 703 2718 776 patris
2746 703 2947 760 eximii
2975 703 3273 761 Willelmi.

221 777 530 836 damenta
555 777 890 834 monasterii
922 777 1352 837 Virdunensis.
2100 788 2266 844 1033.
2295 790 2415 846 Hoc
2449 791 2556 863 (46)
2597 807 2756 848 anno
2802 791 3038 866 eclipsis
3069 791 3224 849 facta
3266 797 3354 848 est
3399 794 3538 850 solis
3585 792 3686 850 die

307 873 474 926 1015.
509 869 715 926 Obitus
743 869 784 904 ⁸¹
813 868 1035 926 domni
1066 871 1332 928 Warneri
1356 873 1614 932 abbatis.
2025 876 2358 936 festivitatis
2397 885 2739 938 sanctorum
2781 880 3196 954 apostolorum
3225 881 3374 938 Petri
3418 887 3476 938 et
3520 881 3688 940 Pauli

307 961 474 1014 1016.
509 957 662 1015 Obiit
688 958 798 1014 hoc
827 973 998 1014 anno
1029 959 1253 1029 Bruno,
1306 961 1703 1034 Lingonensis
1736 966 1918 1024 eccle-
2025 970 2181 1036 (Jun.
2215 969 2326 1039 29),
2360 969 2504 1026 feria
2529 973 2560 1025 6
2593 969 2938 1027 meridianis
2975 969 3160 1042 horis,
3211 973 3268 1026 et
3297 969 3470 1027 stella
3523 970 3688 1027 clara

224 1048 338 1104 sim
377 1047 704 1121 episcopus
724 1047 1002 1118 eximius,
1039 1054 1097 1105 et
1135 1066 1474 1124 pauperum
1522 1054 1732 1112 Christi
1761 1060 1918 1113 tutor
2022 1057 2152 1112 visa
2177 1061 2284 1113 est.

221 1153 299 1194 ac
333 1137 757 1192 defensor......

2108 1149 2254 1202 1046.
2298 1147 2453 1203 Obiit
2495 1149 2542 1182 ⁵⁸
2591 1147 2920 1204 Richardus
2967 1148 3131 1205 abba
3175 1149 3290 1220 (47)
3338 1145 3685 1220 piissimus;

307 1229 476 1282 1017.
514 1225 804 1282 Successit
830 1227 878 1260 ⁵³
906 1227 1289 1286 Lambertus.
2025 1236 2288 1293 succedit
2315 1237 2734 1306 Walerannus,
2775 1237 2954 1294 frater
3001 1237 3266 1308 Hugonis
3314 1237 3690 1308 Linguonen-

304 1317 472 1370 1018.
507 1315 627 1369 Hoc
658 1315 702 1350 "
734 1328 892 1370 anno
914 1313 1032 1371 fuit
1062 1315 1339 1375 dedicata
1393 1320 1668 1378 ecclesia
1713 1327 1916 1379 sancte
2024 1326 2104 1381 sis
2133 1325 2396 1398 episcopi
2429 1344 2442 1392 ;
2473 1331 2532 1384 et
2560 1326 2710 1383 obiit
2751 1326 3083 1383 Richardus
3123 1325 3508 1383 Virdunensis
3567 1325 3691 1398 epi-

217 1402 406 1461 Maria
465 1401 530 1457 in
577 1401 914 1460 Divionensi
960 1407 1338 1463 monasterio
1391 1423 1534 1465 cum
1585 1413 1706 1467 toto
1763 1412 1914 1468 atrio
2023 1428 2242 1486 scopus
2267 1432 2280 1482 ;
2308 1415 2403 1470 cui
2433 1416 2717 1472 successit
2741 1416 3155 1473 Theodericus.
3185 1447 3254 1457 —
3281 1415 3602 1473 Ordinatus
3637 1416 3686 1450 ⁸⁷

218 1490 510 1563 ejusdem
536 1489 654 1547 loci
680 1507 785 1565 per
815 1509 1042 1549 manus
1073 1495 1370 1552 Lamberti
1400 1497 1670 1572 episcopi
1712 1498 1858 1556 feria
1881 1503 1912 1557 3
2022 1505 2110 1556 est
2142 1501 2335 1559 abbas
2367 1504 2722 1561 Halinardus
2751 1504 3168 1574 Lugdunensis
3196 1503 3685 1577 archiepiscopus

217 1580 634 1651 rogacionum
665 1582 825 1653 (Mai-
859 1583 969 1654 13).
1948 1611 1994 1664 Β
2023 1588 2081 1644 in
2108 1587 2242 1645 loco
2269 1590 2374 1664 qui
2402 1592 2617 1648 dicitur
2647 1592 2988 1650 Orbrestino
3037 1595 3148 1665 (48)
3176 1608 3382 1650 coram
3413 1591 3688 1649 Heinrico

301 1676 468 1730 1024.
506 1672 815 1730 Heinricus
843 1673 1175 1749 imperator
1203 1676 1368 1746 obiit,
1403 1678 1509 1751 qui
1542 1695 1652 1751 pro
1679 1685 1914 1736 strenue
2024 1694 2248 1748 cesare,
2278 1679 2401 1736 ﬁlio
2433 1681 2710 1738 Cononis.

221 1762 688 1822 amministratis
713 1763 879 1833 regni
895 1765 1324 1835 gubernaculis
1345 1771 1636 1823 aeternam
1661 1768 1775 1824 sibi
1795 1785 1918 1826 me-
2099 1769 2255 1825 1049.
2290 1771 2409 1824 Hoc
2438 1785 2600 1826 anno
2630 1768 2790 1826 venit
2819 1774 3064 1827 sanctus
3103 1773 3217 1828 Leo
3244 1784 3409 1844 papa
3449 1768 3510 1826 in
3551 1768 3687 1826 Gal-

227 1854 498 1910 moriam
530 1852 892 1926 adquisivit;
925 1852 1024 1909 cui
1052 1857 1215 1912 Cono
1236 1855 1298 1911 in
1320 1871 1580 1927 regnum
1607 1859 1910 1916 successit.
2021 1855 2187 1928 liam,
2215 1861 2270 1914 et
2299 1857 2359 1914 in
2391 1857 2643 1914 concilio
2689 1857 2963 1915 Remensi
3015 1858 3324 1932 depositus
3377 1863 3468 1914 est
3511 1857 3687 1928 Hugo

313 1945 473 2000 1026.
503 1943 628 1999 Hoc
652 1957 814 2000 anno
843 1941 994 2000 obiit
1026 1945 1158 2001 Otto
1189 1945 1550 2018 Burgundiaa
1576 1963 1802 2005 comes.
2023 1944 2412 2017 Lingonensis
2439 1945 2760 2020 episcopus
2786 1963 2800 2014 ;
2835 1946 3122 2003 successit
3155 1945 3511 2003 Harduinus.

931 2053 1138 2111 Codex
1169 2059 1219 2112 1.

2684 2055 2888 2113 Codex
2917 2055 3021 2111 2³⁸.

308 2163 467 2216 1052.
501 2161 624 2214 Hoc
652 2173 812 2214 anno
838 2158 986 2215 obiit
1009 2162 1195 2217 Rome
1226 2161 1389 2219 abba
1417 2167 1475 2219 et
1515 2162 1913 2238 archiepisco-
2094 2165 2230 2218 1052
2287 2163 2355 2219 δ’.
2389 2165 2508 2218 Hoc
2552 2177 2715 2220 anno
2764 2161 2912 2218 obiit
2951 2160 3216 2218 domnus
3245 2160 3588 2218 Allinardus
3633 2162 3684 2198 ⁸ο

219 2266 347 2322 pus
377 2247 766 2317 Halinardus,
792 2249 1198 2322 successitque
1222 2251 1276 2306 ei
1301 2249 1362 2307 in
1388 2251 1908 2327 archiepiscopatu
2020 2250 2434 2320 Lugdunensis
2463 2252 2511 2288 ⁸ί
2543 2251 3034 2324 archiepiscopus
3079 2255 3136 2307 et
3164 2249 3357 2308 abbas
3390 2249 3560 2306 istius
3587 2264 3684 2307 ec-

219 2338 608 2394 Humbertus
639 2341 693 2391 et
718 2336 777 2392 in
798 2337 1046 2395 abbatia
1065 2339 1395 2410 Johannes,
1429 2340 1592 2396 abba
1606 2342 1904 2411 Fiscanni,
2015 2340 2191 2398 clesie
2216 2359 2230 2409 ;
2258 2341 2353 2396 cui
2384 2342 2672 2398 successit
2698 2342 3025 2411 Johannes,
3049 2339 3242 2397 abbas
3260 2338 3682 2396 Fiscannensis

217 2428 415 2499 hujus
440 2425 561 2482 loci
600 2427 967 2494 monachus;
1013 2427 1399 2501 demissaque
1447 2434 1504 2486 3°
1561 2447 1744 2499 anno,
1791 2432 1904 2488 fui-
2013 2433 2072 2486 et
2099 2444 2392 2485 monacus
2421 2429 2604 2499 hujus
2639 2429 2798 2491 loci;
2849 2432 3062 2500 postea
3111 2427 3336 2484 dimisit
3377 2426 3677 2501 abaciam,

219 2534 368 2573 mus
397 2516 531 2572 sine
562 2513 778 2572 abbate
809 2517 981 2572 annis
1011 2516 1274 2573 duobus.
2013 2523 2071 2575 et
2098 2518 2323 2574 fuimus
2357 2517 2484 2574 sine
2514 2518 2734 2575 abbate
2761 2533 2868 2590 per
2893 2521 3009 2572 tres
3040 2533 3252 2574 annos.

299 2609 465 2661 1056.
547 2601 867 2660 Ordinatus
937 2610 1032 2662 est
1105 2604 1408 2662 Adalbero
1471 2605 1634 2663 abba
1707 2609 1902 2667 Divio-
2087 2610 2243 2663 1056.
2271 2609 2389 2663 Hoc
2420 2623 2582 2664 anno
2607 2607 2918 2663 ordinatus
2945 2605 3242 2662 Adalbero
3265 2605 3460 2662 abbas
3484 2604 3677 2662 Divio-

216 2692 436 2836 nerﬁlils
468 2691 551 2747 ab
580 2691 884 2750 Harduino
929 2693 1215 2768 episcopo
1266 2695 1627 2766 Lingonensi
1675 2701 1706 2754 6
1761 2697 1900 2755 ldus
2008 2696 2211 2753 nensis
2250 2695 2330 2752 ab
2377 2695 2688 2753 Harduino
2741 2695 3101 2766 Lingonensi
3139 2694 3424 2768 episcopo
3471 2697 3503 2749 6
3534 2692 3673 2750 ldus

220 2789 317 2851 Ap
355 2781 368 2793 ⁹
399 2780 468 2836 's.
1987 2784 2244 2859 'Aprilis.
2875 2829 2887 2841 .

302 2874 466 2926 1057.
499 2869 624 2924 Hoc
652 2884 812 2926 anno
843 2871 889 2905 “
921 2871 1200 2928 dedicata
1227 2877 1317 2930 est
1365 2871 1637 2932 ecclesia
1679 2879 1898 2933 sancta
1991 2928 1997 2934 .

224 2957 426 3017 Maria
453 2956 664 3015 Saxios
695 2973 884 3016 m....s
913 2961 1032 3032 (49)
1061 2976 1099 3016 a
1131 2960 1385 3034 prmfato
1415 2961 1726 3020 Harduino
1777 2965 1898 3038 epi-
1935 2967 1978 3023 (Ξ

225 3063 445 3121 scopo,
500 3051 558 3104 et
595 3046 949 3106 conﬁrmata
997 3054 1162 3107 carta
1212 3053 1301 3106 est
1345 3050 1708 3123 donationis,
1759 3070 1898 3127 quae

222 3137 388 3194 facta
417 3139 506 3192 est
532 3135 612 3192 ab
641 3137 965 3210 Aprimone
997 3138 1213 3195 comite
1239 3143 1296 3194 et
1325 3138 1454 3210 ejus
1480 3138 1639 3197 ﬁliis.

305 3225 463 3278 1060.
506 3221 661 3280 Obiit
690 3224 738 3258 ⁵⁵
793 3224 1196 3282 Walerannus
1241 3225 1406 3282 abba
1435 3227 1586 3298 (50);
1637 3229 1900 3287 succedit

223 3309 589 3368 Grimoldus.

1604 3494 1832 3552 VARLE
1873 3496 2273 3554 LECTIONES.

221 3652 280 3725 5'7
302 3664 558 3725 manyy.
592 3650 640 3684 ⁸³
663 3649 814 3725 Hec
842 3651 1050 3725 eadem
1079 3665 1406 3725 manuigua
1435 3668 1492 3708 a.
1525 3657 1682 3709 1015.
1715 3655 1941 3724 scripta
1971 3659 2129 3710 sunt.
2173 3654 2220 3688 “
2240 3669 2424 3710 manu
2451 3673 2504 3725 γ.
2539 3653 2587 3688 ⁸⁸
2614 3652 2742 3710 alia
2773 3666 2981 3725 manu,
3012 3666 3146 3723 qua:
3182 3651 3361 3709 etiam
3390 3655 3564 3725 nota;
3587 3664 3648 3707 a.

226 3723 558 3796 1049-1057,
591 3723 852 3792 scripsit.
888 3723 938 3757 ⁵⁸
968 3722 1129 3778 deest
1164 3726 1210 3776 1.
1247 3721 1516 3796 “manu
1545 3745 1595 3796 7.
1649 3727 1696 3760 ⁸⁸
1738 3721 1881 3793 Ουὶε
1911 3725 2071 3781 hunc
2102 3740 2330 3782 annum
2382 3721 2738 3781 antecedant
2763 3723 2993 3793 partim
3022 3721 3164 3778 bum
3212 3726 3233 3777 1
3287 3721 3650 3796 conveniant

247 3807 310 3866 ρ.
338 3794 459 3866 404.
494 3791 948 3866 94072512775726.
977 3797 1103 3866 575.
1150 3793 1326 3863 1020.)
1362 3791 1586 3863 partim
1619 3791 1866 3853 atz'uhde
1895 3801 2133 3866 sumpta
2161 3803 2302 3852 sunt
2350 3801 2430 3864 (α.
2463 3798 2588 3851 486.
2630 3791 2918 3851 802Ῐ814.
2965 3796 3089 3848 910.
3122 3796 3248 3849 939.
3279 3793 3404 3847 969.
3443 3791 3645 3862 1000.).

288 3863 372 3917 'ac
402 3862 554 3933 inde.
588 3863 663 3918 ab
682 3883 730 3919 δ.
765 3865 859 3920 IX
882 3864 982 3920 hic
1011 3864 1235 3932 a/I‘erre
1251 3862 1433 3933 juvat
1463 3883 1476 3920 :
2024 3862 2041 3866 '
2311 3887 2313 3889 ι

297 3932 559 4018 802‘.._Hic
586 3935 776 4018 factus
832 3939 923 4018 est
952 3931 1226 4018 Kar‘glus,
1256 3931 1413 4018 ﬁlius
1457 3935 1662 4018 Pipini,
1695 3937 2020 4018 imperator
2067 3939 2514 4018 Homangrum;
2559 3935 2841 4018 precibus
2883 3931 3126 4018 ‘Adriahi
3166 3947 3323 4018 page
3352 3935 3642 4018 iyocatus,

209 4003 474 4132 323%:
502 4005 936 4132 DLgngobardos
965 4005 1028 4060 in
1079 4005 1283 4078 Papia,
1315 4010 1372 4062 et
1399 4000 1552 4079 cepit
1608 4000 1973 4063 Desiderium
2002 4022 2207 4078 regem
2245 4007 2323 4063 ad
2353 4000 2603 4064 uxorem
2641 4007 2790 4077 ejus,
2844 4009 2901 4062 et
2951 4003 3088 4060 fecit
3129 4000 3438 4076 privilegia
3479 4001 3645 4060 bona

374 4092 389 4129 ι
585 4092 678 4132 ne.

263 4090 474 4132 omino
502 4091 678 4133 pane.

293 4091 763 4222 ἓξὲξἕῇηο
787 4145 1079 4222 migravit
1121 4145 1378 4222 Karolus
1427 4163 1687 4222 magnus
1717 4149 2043 4222 imperator
2071 4163 2108 4204 a
2138 4147 2359 4204 seculo.

292 4220 418 4274 910.
447 4219 568 4274 Hoc
593 4235 757 4298 anno
787 4215 1143 4298 Willermus
1168 4217 1304 4289 pius
1337 4217 1463 4298 dux
1490 4215 1820 4298 Aquitania
1837 4217 2433 4298 et_Comes_{\vernie,
2465 4234 2610 4298 cum
2632 4232 2755 4298 non
2797 4216 3046 4298 haberet
3071 4215 3378 4298 heredem,
3405 4216 3643 4298 Clunia-

211 4304 404 4363 cense
440 4290 871 4363 monasterium
898 4289 961 4346 in
995 4287 1198 4363 fundo_
1213 4290 1478 4363 proprio,
1506 4287 1612 4363 qui
1639 4296 1748 4363 est,
1777 4291 1838 4348 in
1883 4289 2226 4363 Burgundia
2271 4289 2332 4346 in
2358 4304 2524 4363 pago
2564 4287 3287 4363 Masticensi,_constru;it,
3312 4287 3644 4363 eidemque

209 4361 356 4418 loco
379 4361 723 4435 Bernonemg
741 4361 1026 4435 abbatem
1056 4357 1396 4435 preﬁcieris.
1433 4357 1690 4432 ma'gnos
1717 4362 1792 4419 de
1818 4363 1941 4419 suis
1964 4357 2231 4420 redditus
2260 4357 2492 4435 pre'fato
2510 4359 2643 4418 loco
2660 4360 2794 4432 jure
2819 4359 2983 4418 dedit
3007 4357 3388 4417 hereditario.
3419 4357 3643 4418 Eodém

215 4447 386 4488 anno
413 4432 567 4489 cenit
595 4433 876 4489 ediﬁcare
908 4431 1160 4489 Dolense
1187 4431 1527 4488 cenobium.

296 4503 418 4577 999.
452 4503 931 4577 l[n]_c_idit9pri_ma
957 4503 1313 4577 opscuritas.

296 4575 422 4649 969.
452 4575 1128 4649 Inciditllgpbscuritas
1159 4575 1325 4645 (Hac
1352 4590 1537 4649 manu
1566 4578 1925 4649 posteriori).

298 4646 453 4699 1000.
483 4645 678 4719 [Obiit]
727 4646 1003 4719 Silvester
1047 4639 1230 4719 papa,
1263 4645 1367 4719 qui
1396 4652 1533 4702 ante
1566 4639 1910 4704 'vocabatur
1940 4645 2265 4719 Gilbertus;
2314 4645 2498 4716 hujus
2537 4643 2822 4717 temporis
2853 4641 3186 4716 completus
3220 4645 3310 4697 est
3361 4639 3640 4697 millenus

222 4729 429 4797 annus
458 4716 535 4797 ab
560 4716 974 4797 incarnatione
987 4716 1258 4797 pomini.
1281 4716 1456 4797 (Have
1483 4734 1667 4797 manu
1693 4735 1740 4797 ε.
1778 4720 1944 4797 {IV}
1980 4717 2142 4797 ξιξ.)
2348 4787 2360 4797 .
2632 4716 2676 4797 ς
2719 4785 2730 4797 ⁸
3196 4783 3206 4793 ο

292 4789 452 4841 1020.
487 4789 602 4843 Hoc
634 4804 798 4844 anno
828 4788 938 4844 fuit
967 4787 1244 4844 dedicata
1288 4781 1537 4844 ecclesia
1566 4793 1768 4845 sancte
1798 4781 1971 4846 Marie
2021 4781 2364 4845 Diﬁonensi
2412 4785 2794 4852 monasterio,
2849 4799 2989 4840 cum
3021 4783 3244 4840 amoris
3287 4781 3504 4839 aﬁ'ectu
3532 4795 3642 4854 per

207 4869 441 4933 manus
470 4857 766 4916 Lamberti
799 4859 1190 4933 Lingonensis
1220 4858 1506 4933 episcopi.
1565 4861 1882 4933 (cﬁsupzja
1912 4877 1969 4918 α.
2006 4860 2188 4933 1016.)

211 4927 265 4962 ⁸⁹
299 4929 462 4984 1050.
489 4944 647 4986 corr.
678 4934 836 4987 1952.
865 4927 933 4986 2.’
953 4931 1002 4967 ⁸ο
1033 4927 1375 4988 Allinardus
1403 4927 1933 4988 corrJAllinardus
1961 4935 2016 4988 2.
2050 4932 2094 4968 ⁶¹
2123 4927 2278 4987 1ι1....
2305 4933 2360 4987 2.

1820 5093 2044 5149 ΝΟΤΕ.

307 5229 406 5370 es;
432 5230 487 5285 s.
517 5232 707 5289 Vitoni
736 5234 896 5292 Vird.
1986 5231 2444 5303 tombursensis-
2661 5300 2672 5313 .
2754 5299 2766 5311 .
2885 5299 2895 5310 .
3065 5299 3076 5310 .
3177 5299 3188 5310 .
3477 5299 3487 5311 .

310 5301 383 5355 46
435 5301 565 5359 Haec
595 5303 785 5362 fusius
821 5306 884 5363 in
935 5310 1088 5364 Ann.
1123 5307 1526 5364 Besuensibus
1581 5307 1880 5370 explican-
2059 5306 2169 5370 (49)
2198 5305 2504 5360 Saxonum
2529 5301 2706 5358 ΐοῐιῑιε
2751 5314 2813 5356 ιιι
2838 5299 3080 5357 ἀιωοθει
3130 5301 3487 5370 Lmsonew

310 5299 406 5370 46)
435 5301 565 5359 Haec
595 5303 785 5362 fusius
821 5306 884 5363 in
935 5310 1088 5364 Ann.
1123 5307 1526 5364 Besuensibus
1581 5307 1880 5381 explican-
2059 5306 2169 5376 (49)
2198 5299 2504 5360 Saxonum
2529 5300 2706 5358 fontis
2751 5299 2813 5382 in
2838 5299 3080 5381 dioecesi
3100 5371 3110 5381 .
3130 5299 3511 5372 Lingonensi,
3559 5300 3638 5358 ab

310 5387 336 5424 ὀ
1987 5379 2248 5430 Armone
2285 5373 2548 5430 ecclesiae
2575 5373 2630 5428 S.
2667 5373 2916 5430 Benigni
2960 5371 3208 5430 tradita:
3252 5387 3309 5430 v.
3359 5373 3636 5430 Chartam

208 5375 336 5428 ῑιπο
1657 5373 1678 5381 ’
1987 5373 2248 5432 ArmOne
2285 5373 2548 5430 ecclesiae
2575 5373 2630 5428 S.
2667 5373 2916 5442 Benigni
2960 5373 3208 5439 tradita;
3252 5387 3309 5430 v.

437 5443 841 5528 lli-rdgnensis.
883 5519 924 5528 _
1011 5519 1022 5528 _
1115 5519 1128 5528 .
1157 5521 1219 5528 __
1447 5522 1481 5528 _
1569 5521 1585 5528 _
1747 5519 1764 5528 _
1826 5523 1846 5528 _
1986 5441 2707 5528 Lambepi_epise._§allia
2736 5441 2944 5524 Christ.
2977 5445 3066 5514 IV,
3095 5458 3156 5516 p.
3194 5445 3314 5499 142.

283 5511 407 5583 (48)
435 5513 520 5572 Cf.
548 5515 766 5576 Chron.
795 5518 855 5576 S.
883 5519 1026 5577 Beni
1115 5519 1128 5532 ’
1156 5521 1279 5578 Div.
1320 5538 1420 5596 ap.
1447 5521 1654 5591 Dach.,
1694 5519 1789 5578 ed.
1821 5523 1877 5590 2,
2057 5519 2174 5589 (50)
2205 5518 2260 5575 8.
2290 5511 2480 5573 Vitoni
2502 5513 2906 5572 Virdunensis.

206 5597 274 5656 ι).
311 5585 438 5642 393.
470 5587 743 5646 Fortasse
788 5535 1295 5664 Herbrecﬁintlingen
1337 5592 1399 5650 in
1445 5591 1670 5649 ducatu
1717 5589 1878 5648 Wir-

261 5624 274 5640 ο
311 5608 438 5642 ανδ.
472 5608 743 5646 ιόιτδῧῑθ
789 5608 1295 5648 ΠΘΓΟΙῸΟΠΟΠΩΘΠ
1337 5608 1399 5648 ω
1445 5608 1670 5648 ducatu
1728 5608 1878 5648 ννιτ·
