3976 6180
341 139 443 203 333
1519 111 1821 192 APPEND.
1863 128 1961 189 AD
2001 128 2060 188 s.
2098 127 2576 191 GUILLELIUI.
3671 143 3759 202 εει

412 274 570 328 1061.
603 269 758 327 Obiit
787 269 834 302 θ’
865 282 969 321 rex
1007 261 1314 320 Henricus.
1347 260 1654 335 Philippus
1699 259 1861 316 ﬁlius
1907 271 2001 314 re—

339 357 563 432 gnavit,
606 355 997 428 coadjuvante
1046 350 1226 408 fratre
1272 349 1404 424 ejus
1453 349 1706 420 Hugone
1765 350 2000 419 Magno,

340 445 443 523 qui
471 446 532 506 in
556 445 816 503 exercitu
845 440 1362 500 Iherosolimitano
1390 442 1609 514 potens
1633 437 1863 496 claruit.

414 539 569 595 1063.
602 531 938 592 Alexander
964 534 1012 569 ⁸³
1031 546 1197 610 papa
1225 529 1526 588 secundus
1555 528 1719 586 obiit.

413 626 568 683 1064.
603 621 708 698 (51)
741 622 918 682 Stella
944 623 993 658 “
1020 619 1282 679 cometes
1310 618 1622 695 apparuit;
1665 621 1722 675 et
1750 616 1998 674 Harcal-

337 717 452 774 dus
479 733 586 774 rex
613 715 948 788 Anglorum
977 709 1287 780 occiditur,
1317 707 1624 768 Willelmc
1653 711 1997 766 Normanno

337 805 399 862 in
429 820 616 877 regno
643 800 1018 861 succedente.

414 897 570 951 1065.
598 889 755 951 Obiit
778 886 1123 949 Harduinus
1147 887 1540 960 Lingonensis
1565 906 1579 958 ;
1630 886 1726 945 cui
1767 901 1998 943 succes-

337 980 412 1041 sit
437 977 794 1057 Raynardus
820 983 1220 1052 cognomento
1241 981 1431 1050 nugo.

416 1074 569 1128 1074.
602 1074 915 1140 Gregorius
945 1070 991 1104 ⁸⁵
1020 1084 1184 1142 papa
1215 1066 1526 1140 septimus.

411 1161 567 1218 1075.
603 1159 755 1217 Obiit
784 1159 1074 1216 Robertus
1103 1159 1228 1214 dux
1272 1155 1653 1228 Burgundio;
1709 1155 1996 1212 successit

338 1245 530 1321 Hugo,
561 1248 790 1306 Henrici
813 1246 918 1304 ﬁlii
945 1245 1075 1320 ejus
1103 1242 1280 1303 ﬁlius.

411 1341 566 1394 1077.
584 1332 740 1394 Obiit
753 1334 1050 1393 Adalbero
1071 1335 1266 1393 abbas
1288 1334 1681 1403 Divionensis,
1701 1337 1760 1391 et
1778 1335 1993 1391 eodem

2175 1329 2330 1384 1077.
2366 1331 2485 1386 Hoc
2510 1344 2676 1388 anno
2713 1329 3012 1389 Adalbero
3043 1332 3362 1392 defunctus
3391 1337 3508 1392 est.
3539 1337 3769 1395 Succes.

337 1443 499 1486 anno
529 1425 589 1484 in
620 1427 868 1484 concilio
899 1426 1413 1497 Augustidunensi
1456 1426 1718 1482 domnus
1755 1427 1992 1482 Jarento
2102 1414 2176 1471 sit
2198 1415 2250 1471 ei
2279 1416 2534 1474 Gerento
2559 1420 2724 1493 prior
2765 1421 3068 1490 Case‘Dei.
3115 1425 3174 1479 et
3209 1422 3365 1480 bene
3415 1422 3770 1484 ministrarii

336 1517 500 1593 prior
548 1515 840 1575 (3,358de
887 1514 1197 1573 ordinatus
1245 1520 1333 1572 est
1378 1520 1440 1572 ιδ
1485 1515 1615 1570 Kal.
1668 1514 1871 1572 Octob,
1925 1547 1994 1556 ..-
2100 1504 2201 1560 ibi.
2235 1506 2392 1564 Obiit
2427 1509 2778 1580 Hegnardus
2827 1510 3220 1580 Lingonensis
3264 1514 3638 1588 episcopus;
3686 1517 3763 1573 cui

340 1604 495 1666 Obiit
542 1603 588 1643 ⁸⁸
643 1607 977 1663 Rainardus
1017 1603 1412 1677 Lingonensis
1459 1604 1799 1678 episcopus.
1858 1607 1997 1662 Suc—
2025 1619 2068 1672 Β
2107 1598 2395 1653 SucceSSit
2427 1598 2720 1656 Robertus
2747 1600 3086 1674 episcopus.

339 1696 521 1756 cessit
548 1695 861 1753 Robertus.

417 1787 574 1846 1078.
611 1789 730 1843 Hoc
762 1799 924 1842 anno
955 1784 1218 1842 tonitrua
1249 1785 1307 1841 et
1333 1781 1571 1856 fulgura
1599 1799 1825 1854 magna
1857 1783 2015 1841 facta

243 1898 247 1903 η
343 1879 482 1933 sunt
509 1875 572 1933 in
601 1873 842 1934 Ianuar.
873 1879 931 1934 et
959 1873 1157 1942 Febr.,
1186 1876 1242 1930 et
1284 1871 1430 1931 luna
1459 1873 1634 1945 nigra
1673 1878 1731 1931 et
1768 1874 2012 1946 sangui-

341 1983 457 2024 nea
484 1966 618 2024 visa
649 1969 737 2023 est
763 1969 792 2023 3
822 1963 955 2021 Kal.
984 1962 1150 2021 Febr.
1183 1996 1252 2005 —
1302 1961 1532 2020 Bellum
1565 1962 1612 2001 ⁸⁷
1638 1963 1698 2020 in
1730 1959 2009 2033 Saxonis,

340 2056 403 2112 in
429 2072 552 2130 quo
577 2055 867 2112 Rodulfus
911 2070 1017 2110 rex
1062 2049 1371 2110 occiditur.
1423 2053 1751 2110 Wicbertus
1794 2053 2013 2110 invasit

343 2145 549 2203 sedem
575 2144 990 2218 apostolicam.

418 2240 575 2294 1085.
619 2233 911 2291 Rodulfus
956 2235 1004 2270 ⁸⁸
1035 2232 1228 2290 abbas
1265 2232 1343 2290 de
1394 2232 1759 2291 monasterio
1811 2233 2012 2292 Sancti

343 2323 570 2382 Witcni
600 2338 900 2396 egressus,
949 2322 1442 2396 persequticnem
1481 2339 1698 2397 passus
1745 2339 1856 2398 pro
1898 2327 2013 2382 Rc-

343 2427 530 2472 mana
558 2413 837 2485 ecclesia,
870 2413 1180 2470 Divionem
1206 2413 1388 2470 venit.

420 2507 576 2562 1087.
615 2507 779 2577 Papa
825 2504 874 2540 “
931 2503 1121 2560 Victor
1167 2502 1316 2559 Ill".
1350 2533 1421 2546 -—
1451 2505 1698 2561 Cometa
1736 2505 1784 2541 το
1822 2517 2016 2578 appa-

344 2593 480 2663 ruit,
503 2595 564 2652 et
586 2591 911 2650 Willelmns
933 2607 1040 2650 rex
1063 2591 1273 2664 Anglia
1303 2591 1470 2649 obiit.

419 2684 576 2741 1080.
609 2683 891 2742 Urbanus
921 2684 970 2722 ⁸ο
998 2697 1182 2757 papa.

421 2779 576 2832 1095.
593 2773 920 2832 Concilium
944 2773 1464 2843 Augustidunense
1485 2776 1550 2830 36
1572 2773 2014 2847 episcoporum,

346 2863 451 2920 ubi
475 2863 672 2935 primo
695 2862 897 2933 jurata
920 2865 1008 2918 est
1027 2861 1127 2918 via
1152 2861 1696 2918 Jherosolimitana.

2195 2221 2352 2278 1085.
2381 2219 2504 2279 Hoc
2537 2222 2584 2259 π
2611 2237 2774 2283 anno
2801 2230 3098 2286 venerunt
3121 2228 3406 2287 monachi
3437 2229 3672 2290 Virduni
3702 2229 3750 2288 in

2120 2309 2370 2371 ecclesia
2398 2315 2622 2370 nostra.

423 2955 578 3008 1096.
613 2950 942 3007 Concilium
973 2950 1140 3023 apud
1171 2950 1411 3008 Clarum
1451 2955 1721 3007 montem
1772 2968 1808 3008 a
1852 2967 2017 3026 papa
2046 2973 2087 3030 ο
2196 2953 2354 3010 1096.
2384 2954 2504 3011 Hoc
2536 2953 2583 2992 ⁷⁸
2608 2965 2772 3012 anno
2791 2960 2970 3030 capta
2988 2957 3098 3014 fuit
3115 2957 3432 3017 Antiochia
3460 2976 3497 3018 a
3519 2960 3738 3017 Francis.

351 3039 592 3096 Urbano
614 3038 907 3095 habitum.
934 3042 1053 3096 Hoc
1074 3054 1236 3096 anno
1258 3040 1434 3096 turris
1461 3039 1671 3096 cecidit
1695 3044 1752 3096 et
1776 3056 2020 3114 oppres-

351 3129 425 3186 sit
452 3131 712 3202 quatuor
734 3129 1067 3186 monachos
1091 3134 1149 3186 et
1166 3133 1426 3204 quatuor
1447 3131 1490 3166 τί
1523 3129 1785 3186 famulos
1813 3148 1826 3198 ;
1861 3129 2018 3187 etin-

348 3218 557 3276 ﬁnitus
589 3218 881 3276 exercitus
928 3219 1303 3277 Jherusalem
1335 3219 1458 3290 ivit,
1506 3224 1564 3276 et
1614 3220 1658 3256 ⁷¹
1705 3219 2019 3276 Antiochia

352 3315 530 3384 capta
557 3315 666 3369 est.
701 3310 859 3368 Obiit
889 3311 1164 3368 Urbanus
1193 3326 1395 3385 papa;
1436 3309 1721 3368 successit
1760 3311 2017 3368 Pascha-

351 3401 424 3457 lis
454 3400 757 3458 secundus
783 3401 851 3456 τί.

429 3493 585 3546 1098.
620 3488 1022 3546 Cisterciensis
1050 3491 1098 3526 ⁷³
1123 3488 1274 3546 ordo
1314 3488 1551 3562 incepit.
1580 3487 1951 3546 .lherusalem
1979 3495 2020 3546 α

356 3576 594 3633 Francis
621 3576 877 3633 obsessa
896 3581 954 3634 et
983 3581 1160 3649 capta
1187 3581 1296 3632 est.

432 3663 588 3723 1100.
640 3660 928 3724 Hodulfus
953 3655 1362 3724 ~Virdunensis
1423 3665 1633 3726 abbas.
1685 3667 1806 3723 Hoc
1857 3673 2017 3724 anno

354 3754 729 3814 Jherusalem
755 3760 934 3830 capta
961 3759 1068 3816 ast.

433 3849 590 3903 1104.
623 3848 763 3904 Post
792 3848 839 3882 ⁷³
861 3850 1098 3922 patrem
1120 3863 1298 3904 suum
1319 3846 1666 3922 Philippum
1681 3847 2018 3905 Ludovicus

355 3951 463 3995 rex
487 3937 828 3996 coronatur.

433 4029 589 4085 1106.
623 4026 894 4084 Comatas
925 4027 972 4062 ⁷³
1003 4025 1300 4101 apparuit.
1333 4022 1488 4085 Obiit
1507 4024 1686 4084 etiam
1717 4024 2020 4084 Heinricus

360 4119 671 4186 angustus.
699 4116 996 4174 Successit
1023 4116 1350 4185 Heinricus,
1377 4116 1535 4173 ﬁlius
1563 4116 1713 4188 ejus.

439 4207 594 4260 1107.
623 4207 742 4261 Hoc
773 4217 936 4262 anno
962 4206 1125 4263 venit
1149 4220 1314 4280 papa
1338 4206 1636 4264 Paschalis
1661 4206 1722 4262 in
1744 4206 2018 4274 Galliam,

2201 3472 2357 3529 1008.
2390 3473 2510 3528 Hoc
2535 3486 2698 3528 anno
2729 3471 3128 3530 Cisterciensis
3157 3474 3307 3532 crdo
3322 3473 3722 3548 incepitJheru-

2126 3559 2314 3617 salem
2341 3576 2378 3616 a
2409 3562 2644 3618 Francis
2674 3562 2941 3631 obsessa,
2975 3569 3151 3637 capta
3175 3571 3279 3622 est.
3411 3611 3416 3616 .

2201 3651 2355 3705 1100.
2389 3651 2509 3705 Hoc
2538 3666 2700 3707 anno
2727 3651 2902 3708 turris
2923 3652 3001 3708 de
3027 3653 3213 3709 choro
3234 3652 3433 3710 cecidit
3447 3655 3498 3712 et
3513 3648 3714 3722 obpres-

2126 3736 2202 3797 sit
2227 3741 2488 3814 quatuor
2510 3740 2844 3798 monachcs
2869 3741 2926 3800 et
2948 3745 3211 3820 quatuor
3235 3741 3505 3802 famulos.

2201 4207 2358 4266 1107.
2388 4207 2513 4266 Hoc
2545 4209 2592 4244 ⁷⁸
2617 4223 2779 4266 anno
2806 4211 2968 4268 venit
2986 4224 3149 4284 papa
3173 4211 3479 4270 Paschalis
3501 4212 3557 4272 in
3573 4205 3740 4272 Gallic.

552 4289 877 4388 ip_s-_o_papa
919 4293 1196 4388 dedicata
1225 4293 1476 4388 ecclesia.
1497 4297 1718 4388 ‘Sancti
1745 4295 2019 4388 _Mauricii
2045 4333 2088 4388 Β
2125 4301 2185 4388 et
2204 4297 2282 4354 ab
2311 4297 2445 4388 ipso
2463 4310 2626 4388 papa
2650 4299 2926 4388 dedicata
2943 4299 3054 4356 fuit
3081 4301 3332 4388 ecclesia
3352 4301 3491 4371 ista,
3515 4305 3570 4358 et
3588 4295 3747 4388 concl-

364 4381 480 4455 (5‘2)
515 4383 579 4439 14
604 4381 735 4440 Kal.
768 4379 984 4452 Marcii,
1015 4386 1074 4440 et
1101 4383 1419 4442 concilium
1459 4383 1537 4442 ab
1567 4385 1699 4460 ipso
1743 4385 2019 4442 habitum
2045 4379 2083 4388 ”
2125 4383 2274 4441 lium
2303 4385 2382 4442 ab
2409 4383 2542 4460 ipso
2569 4383 2840 4445 habitum
2873 4392 2962 4445 est
2990 4385 3156 4463 apud
3185 4391 3396 4446 Trecas
3449 4387 3581 4447 ldus
3626 4382 3743 4444 Mali.

365 4476 455 4530 est
481 4473 646 4547 apud
673 4473 931 4530 Trochas
955 4472 1094 4530 Idu's
1123 4473 1270 4532 Maii.

2128 4474 2232 4530 Hic
2256 4490 2418 4549 papa
2445 4479 2656 4549 captus
2683 4476 2772 4534 est
2799 4476 2878 4535 ab
2899 4473 3175 4536 Heinrico
3191 4476 3552 4552 imperatore
3578 4471 3747 4534 Tectu-

1739 4759 1975 4821 VARIE
2013 4753 2413 4819 LECTIONES.

440 4940 488 4976 “
519 4955 704 5017 manu
728 4961 763 5014 γ
781 4943 810 4997 ?
845 4940 910 5017 βξ
939 4941 1067 4997 alia
1095 4953 1301 4996 manu.
1335 4939 1383 4975 “
1414 4936 1992 5017 Cyclwuinymmz's
2039 4939 2259 5017 codicis
2291 4933 2876 5017 folta'sjontinuam,
2922 4950 3209 5017 magnam
3237 4946 3522 4999 notarum
3551 4940 3751 5017 partqu

368 5027 556 5085 usque
579 5013 660 5068 ad
679 5011 746 5069 α.
770 5015 903 5069 1123
931 5027 1056 5069 una
1080 5027 1294 5068 manus
1307 5013 1581 5085 scripsit.
1613 5012 1659 5047 ⁸⁵
1686 5012 1813 5068 alia
1839 5026 2043 5067 manu.
2087 5012 2140 5085 7“
2169 5026 2354 5085 manu
2385 5030 2426 5066 ε.
2462 5011 2510 5047 ⁸⁷
2537 5027 2722 5085 manu
2757 5011 3100 5082 posteriori.
3132 5015 3178 5049 ⁸⁸
3224 5030 3411 5071 manu

1575 5085 1713 5140 lane
1734 5088 2031 5140 constant.
2056 5084 2102 5122 ⁷³
2124 5084 2249 5140 alia
2277 5099 2480 5158 manu.
2513 5079 2842 5158 73_j_‘or_'tass_e
2866 5086 2992 5158 alia
3015 5101 3200 5158 manu
3231 5101 3414 5158 usque
3441 5079 3526 5141 21d
3551 5099 3604 5140 α.
3622 5079 3748 5158 1118.

1544 5171 1615 5211 oc
1636 5170 1797 5212 anno
1819 5159 2112 5212 venerunt
2129 5153 2527 5211 monachi.....
2542 5153 2784 5211 Virdun.
2812 5155 2873 5211 in
2899 5156 3013 5212 hac
3031 5156 3281 5212 ecclesia
3302 5153 3357 5213 ὰ.
3377 5160 3532 5212 1135.
3559 5153 3751 5220 scripta

371 5085 418 5119 ⁸ο
445 5083 570 5140 alia
599 5099 804 5140 manu.
837 5085 884 5119 ⁷ο
913 5085 1038 5141 alia
1067 5099 1272 5140 manu.
1305 5083 1347 5118 ⁷¹
1381 5099 1500 5139 non

375 5154 421 5190 ⁷⁸
451 5157 580 5211 alia
608 5171 813 5210 manu.
840 5157 1066 5213 Eadem
1087 5156 1216 5226 fere
1243 5154 1466 5212 verba:

3441 5011 3750 5084 ροεεενίονξο

369 5231 565 5299 erant,
578 5227 715 5295 jam
744 5227 957 5284 deleta.
989 5228 1036 5262 ⁷⁸
1064 5223 1189 5284 alia
1217 5241 1420 5284 manu.
1453 5227 1499 5263 ⁷⁸
1519 5227 1948 5285 Manus-varia
1971 5232 2029 5285 et
2053 5241 2265 5284 coaevw
2293 5225 2411 5282 sibi
2434 5227 2798 5297 succedunt;
2842 5243 2977 5299 qua!
3020 5233 3220 5287 tamen
3240 5229 3431 5299 plura
3450 5241 3526 5285 ea:
3565 5223 3683 5282 cod.
3711 5223 3748 5274 i-

369 5291 832 5366 descﬁimrunt.

1969 5491 2195 5556 ΝΟΤΕρ

439 5654 552 5726 (51)
582 5655 816 5713 Rectius
848 5655 1005 5711 1066.

2205 5653 2320 5726 (52)
2347 5651 2740 5711 Divicnensis.
