3994 6166
186 148 290 204 335
1401 150 1730 207 ANNALES
1771 154 1829 210 S.
1872 153 2152 213 BENIGNI
2191 159 2450 219 DIVION.
3549 185 3651 240 886

1906 282 1952 333 Α
1982 280 2153 376 nico.‘
2169 286 2304 376 Ipso
2323 287 2370 321 ⁸⁸
2384 303 2550 343 anno
2572 289 2720 345 obiit
2739 291 2787 326 ⁸⁸
2804 291 3092 350 Robertus
3108 295 3428 373 episcopus
3443 303 3650 376 Lingo-

695 451 733 458 _
791 449 823 458 η
923 454 932 458 _
1159 450 1168 458 _
1451 449 1507 458 Η
1802 453 1812 458 _
1983 371 2206 427 nensis.
2227 375 2523 434 Successit
2539 379 2588 433 ei
2611 382 2977 439 Jocerannus
2995 388 3134 458 post
3162 371 3561 450 duos‘annos;

251 452 414 503 1110.
485 447 647 504 Obiit
695 449 1012 506 Rotbertus
1077 450 1399 523 episcopus
1450 449 1869 522 Lingonensis.

170 537 480 594 Successit
510 543 655 610 post
683 538 840 594 duos
867 535 1064 594 annos
1083 541 1430 595 Joceranus.

248 648 411 700 1111.
446 643 550 700 Hic
575 645 624 680 ⁷⁷
655 648 869 718 captus
899 649 987 702 est
1011 644 1272 702 Pascalis
1305 661 1469 719 papa
1501 646 1582 703 ab
1615 648 1874 704 Henrico

159 749 317 806 rege
350 733 883 791 Theutonicorum.

251 829 415 880 1112.
450 823 608 880 Obiit
637 823 915 880 Jofredus
948 823 1318 880 Divionensis
1350 823 1538 896 prior.

247 916 414 969 “l3.
479 913 638 970 Obiit
688 913 953 970 domnus
1006 916 1245 970 Jarento
1304 912 1522 970 abbas.
1571 915 1875 970 Successit
2060 926 2214 978 1113.
2250 924 2403 981 Obiit
2431 929 2668 984 Jarento
2711 929 2948 1001 abbas;
3010 933 3104 990 cui
3150 938 3435 995 successit
3487 939 3642 997 Ade-

158 1001 540 1059 Ademarus.
1983 1026 2208 1068 marus.

196 1177 209 1190 .
242 1091 604 1213 {1161;0biit
659 1090 992 1148 Ademal'lls
1039 1089 1250 1148 διώξω.
1313 1091 1614 1147 Successit
1653 1091 1874 1147 Henin-
2057 1103 2212 1157 1116.
2247 1105 2366 1158 Hoc
2391 1121 2551 1161 anno
2577 1105 2724 1162 obiit
2765 1109 3118 1170 Ademarus.
3152 1115 3444 1176 Successit
3485 1120 3644 1177 Hen-

158 1193 336 1234 ricus
429 1221 441 1232 .
1981 1189 2158 1244 ricus.

429 1221 441 1232 ,
1981 1205 2158 1246 meus.

243 1273 408 1325 1117.
460 1271 634 1326 Terre
688 1270 886 1325 motus
933 1266 1139 1338 magni
1192 1280 1302 1338 per
1346 1265 1485 1322 loca
1536 1271 1595 1324 et
1622 1265 1872 1336 fulgura

157 1357 401 1415 multos
430 1357 802 1415 occiderunt.

243 1449 408 1504 1118.
441 1447 600 1504 Obiit
625 1446 924 1504 Paschalis
950 1461 1128 1519 papa.
1167 1443 1471 1502 Successit
1498 1445 1788 1501 Gelasius.

241 1536 408 1588 1119.
445 1531 605 1590 Obiit
631 1531 901 1588 Gelasius
933 1547 1112 1604 papa.
1144 1529 1443 1587 Successit
1475 1530 1763 1586 Calixtus.

240 1627 404 1679 1123.
443 1622 780 1680 Concilium
809 1625 989 1678 Rome
1037 1621 1316 1677 habitum
1347 1635 1384 1675 a
1413 1619 1646 1676 Calixto
1677 1636 1859 1695 papa,
1903 1628 1944 1682 Β

157 1716 219 1768 et
247 1711 417 1768 facta
443 1716 533 1768 est
570 1727 694 1785 pax
746 1712 896 1767 inter
938 1710 1277 1767 Heinricum
1311 1710 1355 1744 ⁷⁸
1409 1713 1748 1780 augustum
1806 1714 1864 1766 et

156 1817 400 1875 papam
423 1801 743 1859 Caiixtum.
777 1801 1122 1857 Heninricus
1175 1797 1368 1854 abbas
1399 1797 1644 1871 reliquit
1670 1798 1860 1856 abba-

155 1891 319 1946 tiam
369 1906 566 1947 suam.
631 1890 926 1948 Successit
964 1891 1135 1960 Hugo
1194 1886 1606 1945 Cluniacensis
1643 1904 1858 1944 mona-

159 1979 348 2036 chus.
384 1982 504 2036 Hoc
534 1979 715 2036 etiam
763 1995 925 2036 anno
983 1977 1148 2034 stelle
1203 1975 1535 2032 denissime
1583 1977 1658 2033 de
1707 1977 1855 2034 coelo

160 2069 301 2126 vise
333 2073 475 2126 sunt
496 2069 810 2138 cecidisse,
839 2075 895 2126 et
920 2083 1146 2140 magna
1190 2065 1526 2123 mortalitas
1554 2066 1854 2125 nobilium

156 2173 585 2232 personarum
607 2158 763 2215 facta
787 2163 894 2215 est.

239 2247 408 2302 1124.
447 2246 609 2304 Obiit
635 2246 900 2302 domnus
927 2261 1090 2320 papa
1111 2245 1371 2304 Calixtus
1397 2263 1411 2312 ;
1443 2243 1542 2300 cui
1567 2245 1856 2302 successit
2036 2239 2194 2295 1124.
2222 2240 2341 2297 Hoc
2366 2253 2530 2303 anno
2559 2261 2667 2319 per
2722 2245 3005 2304 Calistum
3054 2262 3282 2323 papam
3337 2253 3640 2324 Henricus.

157 2335 477 2392 Honorius
502 2353 516 2403 ;
552 2339 611 2391 et
628 2340 762 2408 post
787 2341 818 2391 ὅ
848 2351 1087 2391 menses
1113 2334 1260 2390 obiit
1289 2333 1575 2390 Henricus
1599 2333 1852 2406 impera-
1960 2325 2190 2382 dimisit
2213 2328 2525 2392 abbatiam
2573 2337 2753 2393 istam
2779 2353 2794 2403 ;
2844 2336 2940 2392 cui
2964 2339 3249 2397 successit
3277 2343 3447 2413 Hugo
3485 2343 3622 2403 Clu-

157 2430 278 2491 tor,
313 2424 415 2481 cui
445 2425 735 2480 successit
765 2427 902 2480 79....
1957 2414 2256 2474 niacensis
2287 2435 2602 2481 menaeus.

243 2519 414 2570 1125.
451 2514 580 2570 Hoc
611 2529 771 2569 anno
822 2513 900 2569 ad
959 2513 1173 2569 festum
1200 2511 1390 2568 sancti
1441 2513 1769 2569 Mammetis
1801 2515 1850 2550 ⁸ο
2033 2506 2168 2563 1125
2195 2508 2244 2546 ⁸⁸
2269 2512 2392 2568 Hoc
2425 2531 2588 2572 anno
2610 2515 2688 2572 ad
2719 2513 2936 2570 festum
2961 2518 3152 2575 sancti
3181 2523 3508 2580 Mammetis
3531 2525 3622 2583 di-

156 2603 406 2659 dimisit
434 2604 808 2659 Jocerannus
825 2602 1261 2674 episcopatum,
1295 2606 1352 2656 et
1381 2599 1697 2656 Guilencus
1719 2618 1849 2658 suc.
1955 2592 2115 2649 misit
2165 2597 2534 2657 Jocerannus
2571 2602 3008 2676 episcopatum,
3037 2607 3096 2662 et
3124 2611 3407 2667 successit
3433 2611 3485 2668 ei
3509 2615 3622 2670 Wi-

156 2693 357 2749 cessit
387 2697 420 2748 5
456 2691 586 2747 Kal.
621 2692 825 2748 Octob.
1953 2681 2184 2739 lencus.

240 2784 413 2838 1129.
447 2784 618 2850 Hugo
649 2779 887 2835 dimittit
933 2779 1262 2836 abbatiam.
1315 2777 1588 2836 Succedit
1614 2780 1839 2838 Petrus.
2027 2775 2182 2828 1129.
2218 2775 2340 2833 Hoc
2371 2795 2533 2837 anno
2581 2781 2806 2837 dimisit
2835 2784 3004 2853 Hugo
3051 2784 3359 2844 abbatiam
3411 2788 3610 2859 istam,

159 2869 543 2928 Ludovicus
573 2867 762 2924 ﬁlium
784 2885 962 2924 suum
1005 2869 1366 2942 Phylippum
1394 2866 1530 2923 fecit
1570 2870 1846 2926 coronari
1952 2862 2048 2919 cui
2070 2867 2354 2925 successit
2381 2870 2589 2927 Petrus
2619 2871 3003 2931 Gel-enensis.

157 2960 399 3018 Remis.
435 2958 595 3016 Obiit
625 2958 916 3014 Honorius
946 2974 1126 3032 papa.
1881 2974 1923 3036 ε

240 3051 413 3106 1130.
447 3046 606 3105 Obiit
647 3047 942 3103 Honorius
969 3063 1170 3122 papa;
1203 3045 1300 3103 cui
1357 3047 1646 3104 successit
1670 3052 1845 3106 Inno-

157 3139 415 3197 centius
446 3136 772 3194 secundus.

240 3232 412 3286 1131.
446 3225 778 3283 Concilium
828 3226 1024 3283 Remis
1072 3228 1347 3285 habitum
1375 3226 1456 3282 ab
1501 3229 1846 3286 Innocentio

155 3333 360 3394 papa.
393 3315 702 3390 Philippus
729 3331 834 3372 rex
888 3331 1116 3389 parvus
1142 3316 1291 3374 obiit
1319 3317 1389 3387 εί,
1420 3314 1664 3374 fratrem
1716 3317 1846 3390 ejus

155 3425 276 3466 rex
305 3410 480 3480 pater
505 3420 654 3461 suus
681 3404 742 3460 in
768 3405 984 3462 eodem
1013 3406 1268 3463 concilio
1291 3405 1569 3462 coronari
1596 3405 1751 3463 fecit.

239 3498 411 3554 1134.
455 3493 612 3551 Obiit
637 3494 945 3550 Heinricus
974 3512 1078 3551 rex
1105 3495 1457 3565 Anglorum.

239 3586 410 3642 1136.
446 3582 603 3640 Obiit
630 3583 940 3638 Wilencus
970 3583 1360 3654 Lingonensis
1390 3582 1732 3657 episcopus.
2024 3580 2178 3634 1136.
2214 3578 2336 3635 Hoc
2359 3594 2522 3636 anno
2565 3580 2702 3650 igne
2731 3581 3050 3640 combusta
3073 3588 3162 3640 est
3189 3585 3442 3644 ecclesia
3493 3587 3611 3644 ista

240 3681 269 3732 ί
290 3677 390 3731 136
415 3674 510 3743 (2).
544 3673 667 3729 Hoc
697 3689 859 3729 anno
888 3673 1202 3729 ordinatus
1228 3673 1336 3729 fuit
1385 3672 1718 3731 Willelmus
1767 3675 1843 3732 de
1950 3683 2090 3722 cum
2114 3672 2234 3724 toto
2264 3674 2462 3725 castro
2491 3675 2549 3726 et
2572 3671 2902 3729 ecclesiis...
2933 3674 2980 3709 ⁸⁵
3006 3673 3068 3730 in
3089 3674 3291 3746 vigilia
3305 3677 3612 3751 apostolo-

156 3763 410 3822 Sabran
442 3761 848 3818 Cluniacensis
876 3763 1213 3818 monachus
1271 3761 1657 3832 Lingonensis
1685 3763 1842 3836 epis-
1949 3773 2086 3812 rum
2115 3759 2264 3815 Petri
2289 3763 2346 3815 et
2375 3759 2558 3816 Pauli.

156 3868 388 3926 copus,
434 3855 493 3908 et
549 3850 703 3908 sedit
748 3850 833 3907 ibi
879 3850 1120 3908 duobus
1174 3850 1505 3908 mensibus.
1563 3853 1842 3926 Sequenti

155 3957 338 4002 anno
370 3940 684 3997 ordinatus
710 3940 820 3996 fuit
845 3940 1121 4012 ejusdem
1150 3940 1309 3998 sedis
1346 3940 1666 4014 episcopus
1690 3945 1844 4000 Gott-

155 4031 364 4090 fridus
394 4029 736 4088 Clarevallis
766 4030 1128 4087 monachus.
1643 4075 1646 4078 .

241 4124 383 4177 1137
415 4119 508 4190 (2).
538 4121 653 4175 Hoc
677 4134 839 4176 anno
864 4118 989 4189 igni
1019 4117 1340 4174 combusta
1362 4123 1452 4175 est
1469 4118 1703 4176 eclesia
1727 4119 1842 4178 ista
2022 4119 2178 4171 H37.
2214 4115 2337 4170 Hoc
2367 4131 2529 4170 anno
2555 4114 2701 4172 obiit
2727 4116 3023 4174 Wilencus
3051 4117 3372 4192 episcopus
3396 4118 3610 4191 Lingo-

156 4226 311 4268 cum
340 4213 464 4268 toto
487 4213 680 4264 castro
705 4213 764 4264 et
791 4207 1058 4264 ecclesiis
1092 4207 1237 4265 feria
1266 4211 1318 4264 4.
1360 4207 1570 4278 Vigilia
1597 4213 1840 4282 aposto-
1945 4203 2148 4261 nensis
2184 4223 2196 4273 ;
2248 4204 2340 4260 cui
2369 4205 2651 4261 successit
2703 4206 3094 4264 Willelmus...
3129 4209 3178 4246 "
3225 4208 3607 4268 Cluniaseen-

155 4300 369 4356 lorum
391 4297 537 4354 Petri
567 4302 626 4354 et
671 4297 833 4354 Pauli
865 4299 997 4368 (53).
1059 4299 1214 4355 Multi
1268 4297 1448 4354 etiam
1487 4299 1619 4371 ipso
1675 4314 1838 4358 anno
1874 4334 1917 4386 ο
1951 4294 2032 4350 sis
2065 4296 2133 4364 ⁸⁷,
2161 4299 2219 4352 et
2251 4295 2402 4352 sedit
2422 4296 2492 4354 “.

156 4394 445 4464 potentes
502 4394 643 4444 sunt
699 4387 984 4454 defuncti,
1046 4387 1320 4445 videlicet
1374 4389 1688 4446 Lotharius
1734 4391 1846 4448 im-

158 4482 414 4552 perator
455 4481 513 4534 et
573 4477 908 4535 Ludovicus
964 4481 1136 4550 pater
1189 4493 1292 4534 rex
1354 4478 1634 4536 Francia.
1691 4480 1849 4539 Obiit

159 4568 355 4624 etiam
408 4569 610 4625 Petrus
670 4569 809 4637 Leo,
863 4569 969 4640 qui
1018 4567 1224 4623 sedem
1254 4568 1651 4640 apostolicam
1682 4571 1730 4608 "
1761 4571 1848 4628 in'

159 4661 431 4716 vaserat.

1553 4849 1786 4907 νΑΗΙιΕ
1826 4850 2230 4909 LECTIONES.

235 5020 285 5054 "
315 5016 419 5073 Hic
447 5046 516 5058 --
544 5030 706 5124 papa
730 5016 795 5071 in
818 5015 1108 5098 tocqraso
1132 5014 1259 5072 alia
1277 5027 1483 5072 manu.
1514 5016 1560 5053 τ’
1593 5017 1681 5073 ita
1712 5033 1764 5074 c.
1800 5017 1847 5055 τ’
1871 5017 1960 5074 ita
1989 5036 2040 5075 c.
2074 5019 2264 5074 Manu
2290 5018 2405 5075 hac
2433 5017 2752 5089 desinente,
2784 5020 2970 5077 varias
2997 5018 3174 5076 rebus
3205 5021 3463 5104 agitate:
3481 5021 3599 5079 sibi

237 5090 495 5124 muniam:
573 5089 596 5123 o
679 5090 994 5124 οηηηοηὴρ
1025 5101 1058 5124 ιι
1101 5086 1145 5122 el
1174 5086 1464 5124 ηιηρδεοηη
1497 5094 1583 5124 οη
1637 5090 1684 5124 η
1706 5089 1899 5124 mmini
1931 5091 2206 5124 ουωηιοηξ
2257 5090 2305 5124 η
2338 5104 2495 5124 nmnn
2523 5092 2718 5124 mm...
2747 5094 2882 5124 uin
2937 5091 3049 5124 ,οοΑ
3069 5092 3130 5124 δ..
3167 5095 3187 5124 ι
3248 5097 3334 5124 ,ιη
3371 5095 3592 5124 “me...”

156 5090 512 5164 succedunt.
546 5085 596 5164 ⁸9
625 5085 995 5164 Hammentis
1025 5101 1076 5142 c.
1101 5086 1145 5122 ⁸¹
1174 5086 1466 5164 abscisum
1496 5094 1601 5145 est.
1637 5090 1684 5164 ’ξ
1706 5089 1904 5164 postol
1926 5090 2311 5164 suppleam}?
2336 5104 2495 5164 anno
2521 5092 2718 5164 potius
2740 5085 2901 5147 'mo.
2933 5091 3049 5164 Sed
3069 5092 3133 5147 in
3167 5095 3215 5151 1.
3248 5085 3334 5149 ita
3367 5095 3592 5164 scripta

157 5167 424 5236 suriant
452 5159 605 5236 facit
633 5161 718 5236 ad,
743 5160 903 5236 hunc
933 5173 1158 5236 annum
1187 5159 1410 5236 referri
1435 5159 1761 5236 potitemit.
1787 5163 1843 5236 A"
1864 5161 2186 5236 abscisum.
2214 5161 2262 5196 ⁸⁸
2288 5162 2350 5236 iri
2381 5160 2507 5216 eod.
2547 5165 2594 5215 1.
2626 5160 2746 5236 haec
2767 5177 2800 5236 e_
2822 5163 3145 5236 regionee.
3175 5167 3329 5220 1121.
3363 5159 3590 5236 scribta

153 5234 266 5290 sed
295 5234 466 5309 signo
501 5231 582 5309 ad
609 5246 666 5287 a.
705 5234 859 5309 ll_25,
889 5231 1088 5309 relata
1113 5235 1254 5309 sunt
1280 5245 1302 5298 ,ο
1329 5231 1390 5309 id
1400 5233 1590 5309 _quod_
1604 5233 1822 5289 codicis
1852 5233 2291 5309 gscg'iptorem
2317 5232 2380 5287 in
2408 5247 2668 5288 errorem
2692 5231 2954 5291 induxit.
2985 5233 3033 5270 ⁸⁸
3062 5233 3284 5292 lacuna
3300 5231 3589 5309 quomoda

155 5300 466 5374 explehda
489 5304 586 5373 sit,
612 5317 687 5359 ex
707 5303 899 5358 altero
920 5306 1090 5370 patet
1121 5300 1336 5358 codice.
1372 5300 1539 5360 "ita
1570 5305 1762 5374 tegere
1781 5305 1933 5361 mihi
1962 5305 2122 5359 visus
2143 5318 2273 5358 sum
2305 5319 2326 5358 ,ο

1763 5469 1987 5530 NOTAE.

241 5636 354 5709 (53)
384 5632 594 5708 Vigilia
616 5633 1027 5710 apostolorum
1047 5632 1198 5690 Petri
1220 5635 1279 5690 et
1305 5631 1470 5692 Pauli
1497 5632 1737 5692 nonnisi
1761 5649 1800 5692 a
1831 5637 1966 5694 1139
1987 5633 2049 5692 in
2081 5633 2290 5692 feriam
2312 5639 2592 5709 quartam
2617 5636 2842 5696 incidit.
