3994 6166
193 104 300 164 889
1431 106 1756 162 ANNALES
1797 107 1853 164 S.
1896 108 2182 168 BENIGNI
2218 114 2478 170 DlVlON.
3042 114 3053 131 '
3549 119 3656 180 890

189 227 472 286 lensibus
502 225 824 284 monachis
854 225 1158 284 dimittere
1201 227 1534 296 noluimus,
1565 235 1622 286 et
1649 231 1885 288 duravit
1924 237 1970 289 A
1999 235 2528 292 Clarevallensibus
2562 238 2869 294 monachis
2907 237 3197 295 dimittere
3235 238 3564 309 noluimus,
3604 245 3663 295 et

188 318 590 378 interdictum
619 333 656 372 a
689 315 891 372 media
921 318 1424 388 quadragesima,
1452 336 1588 391 quae
1617 327 1755 377 tunc
1786 321 1894 377 fuit
2002 324 2242 380 duravit
2284 325 2659 381 interdictum
2701 344 2736 382 a
2779 326 2978 382 media
3005 327 3492 400 quadragesima,
3522 343 3660 401 quae

193 412 282 466 14.
317 406 456 463 Kal.
493 405 736 478 Aprilis,
770 420 965 477 usque
999 406 1081 461 ad
1126 407 1376 463 terciam
1417 411 1722 481 sequentis
1749 411 1890 466 anni
2001 416 2146 469 tunc
2190 413 2296 468 fuit
2326 417 2389 468 14
2420 413 2549 469 Kal.
2580 415 2814 485 Aprilis,
2849 432 3038 487 usque
3078 417 3156 472 ad
3186 417 3428 472 terciam
3469 417 3655 473 domi-

187 495 581 556 dominicam
627 499 766 567 post
815 494 1012 564 albas,
1046 512 1165 568 que
1216 496 1325 552 fuit
1374 502 1426 553 11
1487 499 1620 555 Kal.
1654 500 1800 566 Maii,
1835 505 1892 556 et
1999 503 2200 557 nicam
2245 503 2545 574 sequentis
2595 520 2754 560 anno
2789 506 2858 537 ¹⁰⁵
2892 511 3030 575 post
3066 505 3255 574 albas,
3288 521 3405 577 que
3452 505 3559 561 fuit
3593 511 3649 561 11

183 593 339 646 tunc
367 586 432 642 in
465 583 726 641 concilio
752 583 1023 653 generali
1047 584 1126 640 ab
1143 585 1361 642 eodem
1385 603 1546 659 papa
1567 589 1762 646 soluta
1780 594 1885 646 est.
2003 592 2126 647 Kal.
2159 593 2304 657 Maii,
2339 597 2395 648 et
2427 599 2564 647 tunc
2590 593 2650 648 in
2685 593 2942 662 generali
2967 595 3216 649 concilio
3237 595 3316 650 ab
3348 597 3418 630 ¹⁰⁵
3441 595 3654 651 eodem

185 681 314 734 Hoc
336 677 411 712 ¹⁰⁸
436 675 624 732 etiam
647 689 814 730 anno
835 673 1210 730 obscuratus
1239 681 1326 732 est
1351 675 1439 732 sol
1469 678 1608 734 ldus
1633 681 1891 753 Septem-
1999 696 2161 753 papa
2191 680 2466 736 absoluta
2497 685 2604 736 est.
2639 681 2762 735 Hoc
2795 680 2973 736 etiam
3003 697 3160 736 anno
3187 683 3542 738 obscuratus
3569 689 3659 738 est

180 767 316 825 bris
348 765 514 822 circa
531 764 751 821 horam
773 779 1029 819 nonam.
1056 764 1180 820 Hoc
1201 763 1340 837 ipso
1363 782 1525 823 anno
1547 768 1608 824 in
1631 769 1888 826 sabbato
1999 768 2087 823 sol
2115 768 2251 823 Idus
2281 769 2642 840 Septembris
2665 770 2822 824 circa
2847 770 3059 824 horam
3090 785 3335 824 nonam.
3369 771 3491 826 Hoc
3520 771 3656 842 ipso

178 871 423 926 magno
443 854 675 928 pasche
687 852 813 908 vise
833 857 978 908 sunt
995 853 1076 908 ab
1093 854 1262 909 omni
1280 856 1506 928 populo
1524 862 1642 913 tres
1663 859 1888 915 colum-
1997 873 2159 912 anno
2178 857 2238 912 in
2269 857 2525 912 sabbato
2547 871 2772 927 magno
2799 859 2868 892 ¹⁰³
2893 858 3117 929 pasche
3136 857 3258 912 vise
3279 863 3417 913 sunt
3436 859 3513 914 ab
3531 875 3657 916 om-

177 947 265 1002 be
291 945 374 1002 ad
400 945 622 1000 horam
654 942 1036 1014 completorii
1088 959 1275 1015 super
1302 945 1511 1001 turrim
1543 947 1886 1006 beatissime
1996 947 2056 1002 ni
2087 947 2314 1019 populo
2344 952 2460 1002 tres
2495 947 2773 1003 columbe
2801 948 2879 1003 ad
2909 948 3123 1002 horam
3154 946 3526 1019 completorii
3559 965 3656 1003 su-

177 1034 366 1093 Marie
398 1033 475 1090 de
523 1031 768 1088 sublimi
799 1031 1196 1088 descendisse
1241 1038 1298 1089 et
1346 1038 1641 1108 tanquam
1685 1054 1885 1093 cereos

178 1123 473 1182 ardentes
508 1137 717 1176 secum
747 1120 1062 1176 detulisse.

266 1215 424 1268 1179.
458 1214 582 1269 Hoc
609 1225 770 1265 anno
802 1208 1134 1265 concilium
1162 1209 1350 1267 Rome
1382 1217 1468 1268 est
1491 1215 1768 1284 generale
1796 1232 1885 1272 ce-

175 1302 491 1360 lebratum
519 1299 797 1356 adomno
825 1297 1181 1354 Alexandro
1205 1316 1368 1373 papa
1395 1305 1596 1358 tercio.
1624 1304 1759 1375 Ipso
1779 1321 1882 1360 an-

177 1408 269 1450 no
299 1391 611 1463 Philippus
638 1404 736 1444 rex
773 1389 1154 1444 Francorum
1205 1395 1533 1446 coronatus
1565 1397 1653 1447 est
1682 1394 1880 1449 Remis
1994 1411 2072 1450 no
2105 1394 2411 1468 Philippus
2442 1411 2540 1450 rex
2589 1397 2955 1450 Francorum
2987 1397 3308 1449 coronatus
3339 1400 3426 1449 est
3455 1395 3656 1450 Remis

178 1483 250 1538 in
283 1479 601 1537 festivitate
631 1476 913 1534 omnium
947 1482 1402 1534 sanctorum.—
1427 1479 1590 1535 Obiit
1613 1481 1883 1538 Galterus
1993 1483 2053 1538 in
2085 1482 2395 1538 festivitate
2425 1483 2698 1538 omnium
2733 1488 3184 1538 sanctorum.—
3207 1481 3361 1538 Obiit
3385 1481 3656 1538 Galterus

183 1569 585 1642 Lingonensis
623 1567 953 1641 episcopus
993 1572 1024 1622 6
1080 1567 1218 1622 ldus
1253 1568 1553 1624 Januarii.
1609 1571 1884 1629 Succedit
1922 1591 1966 1644 Β
1997 1570 2384 1640 Lingonensis
2422 1572 2742 1644 episcopus
2781 1575 2812 1626 6
2863 1572 3000 1626 ldus
3045 1570 3328 1627 Januarii.
3361 1571 3658 1628 Successit

185 1662 517 1718 Manasses.
1992 1663 2311 1718 Manasses.

266 1752 426 1806 1181.
460 1746 794 1804 Alexander
811 1761 981 1818 papa
1013 1745 1226 1803 tercius
1245 1746 1414 1804 obiit.
1451 1748 1750 1805 Successit
1777 1752 1885 1806 Lu-

188 1839 324 1896 cius
351 1837 589 1894 tercius.

273 1927 434 1982 1182.
472 1926 771 1982 Iohannes
816 1922 1057 1981 dimittit
1107 1925 1423 1983 abbatiam
1474 1930 1511 1982 2
1544 1926 1668 1982 Kal.
1718 1927 1879 1986 Julii.

199 2015 500 2073 Successit
525 2017 742 2087 Aymo.

1995 1055 2103 1109 per
2128 1037 2334 1092 turrim
2362 1037 2702 1092 beatissime
2725 1037 2894 1092 Marie
2916 1037 2990 1091 de
3009 1037 3248 1092 sublimi
3271 1037 3656 1092 descendisse

1995 1132 2052 1181 et
2081 1132 2371 1199 tanquam
2403 1142 2604 1181 cereos
2635 1126 2911 1182 ardentes
2945 1142 3150 1181 secum
3182 1126 3485 1183 detulisse.

2071 1216 2223 1270 1179.
2248 1215 2369 1269 Hoc
2395 1230 2556 1270 anno
2588 1215 2903 1291 consilium
2934 1217 3118 1269 Rome
3149 1219 3236 1270 est
3266 1214 3541 1283 generale
3564 1231 3658 1271 ce-

1993 1303 2286 1359 lebratum
2315 1320 2350 1358 a
2380 1303 2605 1358 domno
2636 1319 2797 1375 papa
2813 1302 3150 1358 Alexandro
3165 1302 3366 1358 tercio.
3392 1306 3524 1374 lpso
3551 1319 3658 1359 an-

2067 1752 2223 1804 1181.
2267 1748 2421 1804 Obiit
2475 1765 2638 1821 papa
2688 1748 3040 1806 Alexander.
3085 1749 3380 1806 Successit
3432 1749 3653 1805 Lucius

1993 1854 2155 1911 papa
2189 1838 2421 1895 tercius.

2071 1927 2222 1982 1182.
2263 1927 2563 1983 Johannes
2593 1927 2971 1984 Lumbardus
3003 1927 3444 1984 Fructuarensis
3471 1927 3652 1984 dimi-

1994 2017 2068 2072 sit
2094 2017 2412 2073 abbaciam
2436 2023 2469 2074 2
2491 2017 2616 2074 Kal.
2641 2017 2795 2074 Julii.
2831 2018 3124 2074 Successit
3147 2023 3360 2090 Aymo,
3384 2019 3488 2090 qui
3507 2021 3654 2075 tunc

1993 2111 2118 2163 erat
2147 2107 2340 2164 abbas
2373 2108 2568 2164 Sancti
2602 2107 2812 2164 Secani
2844 2109 2976 2178 (57),
2996 2109 3331 2164 monachus
3360 2107 3528 2164 istius
3554 2123 3652 2165 ec-

1992 2196 2167 2252 clesie
2192 2215 2205 2262 ;
2237 2201 2294 2251 et
2312 2195 2420 2252 fuit
2445 2196 2528 2252 ibi
2551 2213 2657 2269 per
2691 2200 2754 2252 16
2775 2211 2987 2261 annos,
3012 2201 3070 2252 et
3095 2197 3249 2252 bene
3271 2195 3647 2252 ministravit.

269 2285 431 2340 1183.
477 2282 652 2352 Hugo
702 2281 825 2338 dux
882 2282 1219 2352 Burgundie
1276 2285 1642 2355 Beatricem,
1695 2285 1879 2343 ﬁliam

191 2371 476 2445 Delphini
531 2369 766 2427 comitis
800 2369 1037 2441 Alboni,
1067 2370 1237 2427 duxit
1287 2372 1349 2428 in
1402 2389 1666 2429 uxorem
1715 2375 1881 2448 apud

193 2466 494 2521 Sanctum
536 2460 831 2532 Egidium.

271 2555 433 2608 1185.
479 2555 602 2607 Hoc
646 2566 806 2607 anno
855 2550 1089 2608 obsedit
1143 2554 1308 2622 Hugo
1365 2553 1498 2608 dux
1542 2555 1880 2624 Burgundie

189 2640 406 2709 Vergei
438 2643 498 2696 et
546 2638 728 2694 nichil
757 2639 994 2712 penitus
1048 2639 1130 2695 ibi
1178 2639 1333 2710 fecit,
1368 2641 1498 2696 imo
1548 2657 1652 2697 rex
1699 2643 1880 2700 Gallie

189 2729 517 2802 Philippus
565 2728 836 2784 dominio
886 2745 994 2784 suo
1034 2745 1174 2784 eum
1224 2728 1596 2800 subjugavit.
1628 2763 1696 2772 —-
1727 2732 1882 2788 Obiit

192 2819 422 2876 Lucius
454 2834 643 2892 papa.
673 2817 948 2876 Succedit
977 2819 1253 2875 Urbanus
1283 2819 1522 2875 tercius.

221 3026 226 3030 -
272 2998 434 3053 1186.
479 2998 602 3052 Hoc
631 3011 794 3052 anno
841 2995 1003 3052 idem
1053 3011 1156 3051 rex
1188 2995 1605 3053 Castellionem
1635 2999 1792 3070 cepit
1819 3003 1878 3055 et

188 3084 535 3142 conbussit.
573 3087 694 3142 Hoc
741 3100 904 3141 anno
933 3084 1087 3141 inter
1113 3101 1340 3158 papam
1367 3090 1425 3141 et
1452 3085 1874 3159 imperatorem

187 3173 507 3230 discordia
557 3177 686 3230 orta
731 3179 838 3242 est,
871 3178 929 3229 et
970 3173 1252 3230 Henricus
1297 3173 1454 3229 ﬁlius
1499 3174 1875 3246 imperatoris

190 3262 479 3319 amittam
519 3262 814 3318 Guillelmi
842 3262 999 3333 regis
1029 3263 1240 3335 Apulie
1271 3262 1435 3334 apud
1476 3263 1872 3322 Mediolanum

189 3351 377 3408 duxit
401 3352 462 3408 in
492 3369 746 3408 uxorem
773 3357 831 3409 et
856 3352 967 3408 sibi
999 3352 1342 3424 subjugavit
1363 3352 1656 3408 Tusciam.

273 3803 435 3857 1188.
479 3803 598 3856 Hoc
645 3815 808 3856 anno
857 3801 940 3856 12.
985 3800 1117 3856 Kal.
1158 3800 1374 3873 Aprilis
1414 3800 1561 3856 obiit
1605 3799 1869 3856 domnus

190 3896 402 3965 Aymo
424 3889 617 3946 abbas
637 3890 820 3960 hujus
842 3889 990 3956 loci;
1024 3890 1237 3945 eodem
1259 3889 1355 3945 die
1379 3890 1642 3945 domnus
1668 3893 1868 3946 Petrus

192 3979 424 4036 electus
463 3984 568 4045 est,
603 3984 660 4034 et
703 3979 918 4035 exhinc
951 3986 980 4034 5
1019 3979 1114 4036 die
1159 3984 1542 4036 consecratus
1583 3985 1670 4034 est
1701 3981 1866 4051 apud

191 4072 416 4126 Trecas
469 4083 506 4124 a
553 4068 780 4125 domno
835 4072 1106 4126 Manasse
1158 4070 1513 4138 Lingonensi
1559 4069 1864 4141 episcOpo,

193 4161 476 4230 presente
509 4156 628 4212 alio
658 4160 929 4214 Manasse
958 4161 1244 4214 Trecense
1276 4157 1578 4230 episcopo.

275 4249 436 4301 1190.
469 4248 588 4301 Hoc
614 4261 775 4302 anno
801 4245 1086 4302 dominus
1116 4249 1457 4320 imperator,
1483 4263 1584 4302 rex
1620 4248 1866 4301 Franco-

195 4351 340 4391 rum
388 4333 694 4406 Philippus
737 4340 793 4391 et
831 4351 934 4391 rex
969 4337 1173 4403 Anglic
1205 4352 1442 4390 crucem
1482 4340 1867 4407 sumpserunt

195 4421 660 4479 Jherosolimam
701 4423 1139 4497 proﬁciscendi,
1193 4424 1474 4482 Saladino
1527 4429 1708 4479 totam
1765 4429 1871 4479 ter-

201 4527 341 4567 ram
389 4509 726 4567 devastanti
770 4529 1079 4568 occurrere
1110 4513 1406 4579 volentes;
1464 4517 1519 4567 et
1569 4512 1737 4568 multi
1771 4513 1870 4569 alii

197 4599 440 4657 nobiles
469 4605 524 4656 et
547 4605 819 4674 potentes
846 4617 987 4658 cum
1017 4603 1102 4657 eis
1131 4601 1378 4674 profecti
1405 4607 1560 4657 sunt.

280 4689 439 4745 1192.
483 4689 606 4746 Hoc
631 4706 794 4748 anno
819 4696 1082 4747 cometes
1111 4691 1411 4764 apparuit.

2068 2287 2221 2342 1183.
2268 2286 2387 2342 Hoc
2413 2303 2576 2342 anno
2603 2287 2726 2342 dux
2752 2285 3088 2356 Burgundie
3115 2285 3286 2355 Hugo
3303 2285 3648 2355 Beatricem,

1990 2376 2176 2432 ﬁliam
2209 2375 2420 2432 Dalfini
2456 2377 2690 2433 comitis
2722 2375 2955 2443 Alboni,
2988 2376 3157 2432 duxit
3178 2377 3241 2432 in
3270 2391 3539 2433 uxorem.

2066 2555 2220 2608 1184.
2264 2553 2387 2608 Hoc
2436 2569 2598 2609 anno
2639 2552 2877 2608 obsedit
2927 2554 3092 2622 Hugo
3137 2551 3261 2606 dux
3305 2553 3650 2622 Burgundio

1989 2641 2193 2712 Vergei
2226 2643 2296 2676 ¹⁰⁶
2327 2645 2384 2696 et
2412 2641 2592 2697 nichil
2620 2641 2701 2696 ibi
2733 2640 2969 2714 penitus
3007 2639 3160 2710 fecit,
3189 2638 3312 2695 imo
3342 2639 3649 2713 Philippus

1987 2747 2092 2786 rex
2124 2731 2364 2787 Francia
2393 2730 2664 2787 dominio
2695 2747 2873 2786 suum
2908 2731 2978 2765 ¹⁰⁷
3006 2746 3145 2785 eum
3176 2728 3536 2800 subjugavit.

2065 2821 2218 2876 1185.
2261 2821 2382 2875 Hoc
2413 2835 2574 2876 anno
2626 2819 2838 2876 Lucius
2888 2834 3050 2892 papa
3077 2817 3243 2874 obiit.
3274 2817 3566 2875 Successit
3594 2819 3648 2875 ei

1914 2942 1956 2995 ο
1988 2908 2262 2965 Urbanus
2286 2908 2520 2964 tercius.

2062 2999 2215 3053 1186.
2259 2997 2382 3052 Hoc
2422 3011 2583 3052 anno
2613 2995 2772 3052 idem
2812 3011 2916 3050 rex
2947 2994 3362 3052 Castellionem
3394 2995 3550 3068 cepit
3591 3000 3650 3053 et

1986 3085 2313 3141 conbussit.
2339 3086 2461 3141 Hoc
2478 3087 2610 3158 ipso
2642 3101 2803 3140 anno
2830 3084 2980 3140 inter
3003 3085 3309 3141 Urbanum
3339 3099 3565 3158 papam
3590 3089 3648 3142 et

1985 3174 2359 3230 Fredericum
2378 3174 2799 3246 imperatorem
2824 3177 2954 3229 orta
2969 3178 3057 3228 est
3075 3173 3396 3234 discordia.
3419 3179 3477 3229 et
3498 3177 3644 3229 Hen-

1982 3264 2140 3318 ricus
2175 3263 2335 3318 ﬁlius
2386 3263 2762 3335 imperatoris
2818 3263 3090 3318 amittam
3137 3261 3439 3317 Guillermi
3487 3263 3644 3332 regis

1983 3351 2191 3425 Apulie
2217 3353 2381 3424 apud
2404 3351 2799 3408 Mediolanum
2823 3351 2993 3407 duxit
3016 3351 3078 3406 in
3100 3340 3349 3406 uxorem
3380 3355 3438 3406 et
3463 3351 3556 3407 ¹⁰⁸.
3585 3394 3598 3406 .
3628 3396 3640 3408 .

1983 3446 2101 3497 Hoc
2131 3457 2292 3497 anno
2322 3447 2501 3514 capta
2531 3441 2641 3498 fuit
2666 3440 3043 3498 Jherusalem
3072 3457 3110 3496 a
3141 3439 3443 3496 Saladino.

2057 3530 2212 3586 1187.
2255 3531 2377 3586 Hoc
2406 3546 2568 3586 anno
2608 3535 2787 3586 natus
2833 3528 2943 3586 fuit
2986 3528 3342 3599 Ludovicus,
3373 3527 3530 3584 ﬁlius
3563 3528 3645 3585 Fi-

1978 3619 2126 3691 lippi
2152 3618 2306 3689 regis
2334 3617 2408 3674 de
2439 3618 2734 3674 Elisabeth
2776 3619 3004 3689 regina,
3038 3633 3156 3690 que
3187 3617 3295 3673 fuit
3322 3633 3491 3673 soror
3519 3617 3649 3673 Bal-

1979 3707 2144 3762 duini
2177 3708 2412 3763 comitis
2449 3707 2736 3764 Flandrie.

2054 3802 2209 3853 1190.
2254 3798 2409 3854 Obiit
2456 3799 2720 3852 domnus
2765 3799 2964 3869 Aymo
3010 3796 3202 3852 abbas
3251 3797 3434 3868 hujus
3492 3795 3642 3863 loci;

1977 3886 2241 3941 domnus
2261 3891 2460 3941 Petrus
2479 3886 2831 3941 sustituitur.
2855 3891 2986 3958 Ipso
3003 3899 3163 3939 anno
3181 3884 3505 3957 imperator
3519 3885 3643 3940 Jhe-

1977 3975 2237 4031 rusalem
2269 3975 2470 4030 adivit.
2509 4018 2521 4030 .
2559 4017 2570 4029 .
2605 4017 2616 4030 .
2657 4018 2669 4030 .
2717 3975 2841 4029 Rex
2893 3978 3256 4030 Francorum
3296 3973 3558 4044 Philipus
3587 3977 3644 4029 et

1975 4083 2079 4122 rex
2110 4065 2319 4134 Anglic
2343 4064 2631 4120 Ricardus
2658 4063 3115 4119 Jherosolimam
3139 4063 3362 4118 adeunt
3386 4063 3548 4133 [cum
3570 4065 3642 4099 ¹¹⁰

1976 4155 2059 4209 eis
2111 4157 2276 4219 Hugo
2305 4153 2426 4208 dux
2461 4152 2822 4221 Burgundie,
2855 4151 3014 4207 filius
3047 4151 3165 4207 tilie
3193 4151 3426 4208 comitis
3454 4153 3640 4209 Theo-

1979 4242 2140 4298 baldi
2161 4241 2391 4297 comitis
2409 4241 2754 4314 Campanie,
2779 4241 2882 4313 qui
2901 4239 3186 4296 remansit
3207 4240 3287 4296 ibi
3305 4245 3441 4314 post
3457 4257 3644 4298 reces-

1981 4349 2116 4386 sum
2159 4331 2333 4400 regis.
2368 4336 2423 4385 et
2453 4336 2722 4386 mortuus
2754 4337 2842 4386 est
2866 4330 2966 4394 ibi,
2999 4337 3054 4385 et
3086 4330 3146 4385 in
3178 4337 3448 4402 sequenti
3479 4347 3640 4387 anno

1979 4439 2081 4476 rex
2112 4421 2316 4490 Anglic
2357 4426 2568 4492 captus
2613 4421 2722 4476 fuit
2759 4437 2793 4476 a
2833 4420 3204 4490 Teotonicis].
3240 4421 3394 4477 Obiit
3433 4421 3641 4488 regina

1980 4513 2342 4566 Francorum
2376 4511 2445 4544 ¹¹¹
2483 4510 2807 4566 Helisabez.

1576 4891 1809 4948 VARM‘J
1850 4890 2139 4949 LECTlON
2145 4892 2247 4947 ES.

277 5043 351 5077 ¹⁰³
383 5043 509 5098 alia
532 5059 716 5100 manu
741 5046 972 5114 peregit
1005 5049 1051 5100 1.
1133 5045 1204 5079 ¹⁰⁴
1230 5045 1316 5100 ita
1345 5049 1397 5100 2.
1481 5045 1549 5078 ¹⁰⁵
1581 5061 1616 5099 a
1647 5059 1801 5099 corr.
1833 5059 1876 5111 ρ

2071 5041 2149 5096 ab
2180 5045 2229 5114 2.
2323 5040 2394 5073 ¹⁰⁶
2428 5039 2715 5106 uergein‘?
2737 5042 2795 5114 _2_.
2847 5037 3070 5114 i‘°'{_z_‘tc_l
3098 5042 3150 5093 2.

3249 5039 3322 5110 1°“
3351 5039 3626 5110 quadam

198 5130 381 5170 erasa
404 5120 544 5170 sunt
567 5118 620 5170 2.
666 5109 979 5172 ί⁰⁹Ἀγιῆαε
1007 5121 1062 5172 et
1089 5115 1242 5172 Obiit
1286 5115 1328 5170 d
1356 5115 1585 5172 abscisa
1628 5121 1766 5169 sunt
1794 5109 1845 5168 2.
1893 5115 1964 5148 “0
1995 5113 2118 5168 hac
2143 5113 2269 5166 alia
2295 5125 2480 5165 manu
2507 5116 2636 5177 post
2667 5109 2807 5164 add.
2837 5113 2889 5162 2.
2939 5110 3005 5142 ¹¹¹
3034 5110 3181 5164 Fran
3212 5109 3539 5166 abscissum
3571 5113 3625 5166 2.

1803 5345 2028 5401 ΝΟΤιΕ.

277 5470 392 5542 (57)
430 5473 496 5526 1n
524 5469 769 5527 dioecesi
798 5470 1172 5540 Lingonensi.
