3976 6180
400 157 497 218 891
1563 158 1857 218 APPEND.
1902 154 1970 214 Α]

2240 152 2636 214 ιιιιιειιωι.
3720 157 3810 215 ενι

2096 286 2144 337 Α
2242 285 2399 337 1195.
2449 280 2603 338 Obiit
2659 283 2959 337 Manasses
3017 276 3406 349 Lingonensis
3437 278 3810 352 episcopus;

2161 365 2256 421 cui
2286 365 2568 421 successit
2591 364 2929 421 Warnerius
2958 362 3152 419 abbas
3183 361 3670 420 Clarevallensis.

477 467 630 521 1200.
670 459 792 519 Hoc
823 477 986 520 anno
1015 464 1336 521 concilium
1358 465 1524 538 apud
1544 463 1856 521 Divionem
1882 461 1944 518 in
1965 477 2056 518 ec-
2236 455 2388 511 1200.
2419 458 2537 511 Hoc
2562 471 2724 513 anno
2749 453 3069 511 concilium
3094 456 3493 509 convocatum
3511 453 3583 508 in
3603 453 3720 509 hac
3739 470 3812 509 ec-

399 551 576 611 clesia
597 552 712 610 ista
737 557 1135 611 convocatum
1155 559 1248 612 est
1267 572 1303 612 a
1325 553 1573 612 domino
1597 557 1764 611 Petro
1785 557 2057 627 Capuen-
2160 543 2339 600 clesia
2367 559 2405 600 ἃ
2431 543 2680 600 domino
2729 545 2899 599 Petro
2951 541 3267 614 Capuensi,
3300 545 3505 598 sancte
3555 542 3732 598 laris
3762 543 3810 598 in

400 643 468 711 si,
501 646 703 699 sancte
731 643 905 702 Mai-ie
933 643 997 700 in
1016 643 1120 702 Via
1139 643 1264 703 lata
1291 643 1549 702 diacono
1575 642 1884 712 cardinali,
1904 658 2053 716 apo-
2161 632 2264 688 Via
2290 632 2413 689 lata
2439 632 2695 690 diacono
2718 630 3030 701 cardinali,
3061 634 3119 686 et
3146 629 3547 686 interfuerunt
3575 629 3666 686 ibi
3690 633 3812 701 L08-

397 727 598 790 stolice
629 732 788 790 sedis
815 733 1034 808 legato,
1066 738 1122 792 et
1161 734 1556 792 interfuerunt
1582 734 1665 792 ibi
1700 733 1967 806 Lugdune

2240 721 2466 790 .nensis,
2499 721 2829 787 Bernensis,
2861 719 3310 788 Bisuntinensis,
3346 719 3707 774 Viennensis
3734 735 3810 776 ar-

395 821 495 890 sis,
527 821 855 894 Remen‘sis,
887 821 1322 880 Bisuntinensis
1361 828 1419 881 et
1447 823 1793 881 Viennensis
1823 822 2052 879 archie-
2159 813 2542 886 Chiepiscopi,
2601 819 2660 870 et
2706 829 2917 870 eorum
2961 810 3290 883 suifragani
3332 811 3430 881 ηδ,
3459 813 3526 866 et
3579 809 3810 866 abbate:

393 910 646 986 piscopi,
679 915 900 969 etcum
930 912 1014 969 eis
1049 914 1112 968 18
1140 911 1405 986 episcopi
1454 917 1510 970 et
1553 913 1815 970 domnus
1859 911 1963 968 abl

2241 919 2314 959 ne
2343 907 2532 960 tocius
2565 904 2772 974 regni;
2821 907 2880 959 et
2919 901 3161 988 duravit
3187 900 3515 957 concilium
3546 915 3588 956 a
3616 899 3811 956 festivi-

395 1000 802 1057 Cluniacensis
831 1005 889 1059 et
915 1003 1413 1060 Verzenliacensis
1444 1003 1575 1076 (58),
1612 1001 1808 1059 Sancti
1853 1001 2052 1058 Remi-
2160 996 2279 1049 tate
2327 994 2515 1050 sancti
2569 993 2850 1060 Nicholai,
2902 992 3008 1065 qui
3064 995 3154 1047 est
3208 1007 3415 1047 mense
3463 989 3806 1063 Septembri,

350 1081 355 1086 ’
397 1089 478 1162 gii
505 1089 834 1164 Remensis,
869 1089 1068 1149 Sancti
1114 1092 1362 1149 Dionisii
1392 1091 1810 1150 Parisiacensis
1855 1095 1913 1148 et
1954 1090 2054 1148 alii
2160 1098 2356 1156 usque
2402 1083 2482 1140 ad
2521 1087 2751 1157 septem
2780 1083 2930 1139 dies.
2973 1085 3093 1138 Hoc
3127 1096 3290 1137 anno
3318 1080 3483 1137 venit
3516 1080 3809 1136 fraterno-

396 1193 583 1254 quam
607 1180 1104 1255 plures,quorum
1121 1199 1444 1239 numerum
1467 1198 1589 1240 non
1610 1182 2049 1256 expressimus;
2160 1173 2318 1228 mitis
2351 1173 2600 1228 Avernie
2646 1172 2984 1229 monachus
3023 1169 3448 1237 Cluniacensis,
3491 1170 3704 1226 volens
3738 1185 3808 1226 re-

397 1271 455 1325 et
481 1267 718 1326 duravit
757 1270 1076 1327 concilium
1122 1287 1159 1328 a
1187 1270 1503 1329 festivitate
1535 1271 1724 1329 sancti
1765 1271 2050 1342 Nicholai,
2162 1277 2300 1333 gere
2347 1262 2656 1320 abbatiam
2703 1263 2880 1319 istam
2911 1275 3092 1334 super
3131 1264 3432 1318 domuum
3477 1262 3737 1329 Patrum.
3763 1263 3804 1314 εί

396 1373 514 1433 que
543 1364 631 1417 est
657 1375 863 1418 mense
912 1361 1265 1436 Septembri,
1298 1377 1493 1436 usque
1523 1363 1600 1420 ad
1633 1366 1861 1436 septem
1899 1362 2049 1419 dies.
2161 1369 2285 1409 non
2309 1353 2621 1426 prevallﬁt.

397 1450 536 1506 Post
580 1464 810 1523 paucos
843 1467 986 1508 vero
1031 1451 1157 1507 dies
1189 1452 1510 1524 praedictus
1541 1451 1860 1508 cardinaiis
1890 1452 2056 1525 apud
2234 1446 2354 1499 H00
2398 1459 2559 1499 anno
2609 1441 2871 1498 domnus
2915 1440 3235 1497 Gamel‘ills
3273 1438 3571 1512 explﬂsm
3613 1442 3697 1494 est
3740 1438 3801 1493 ab

397 1538 684 1595 Viennam
708 1538 1065 1612 particulare
1091 1543 1392 1598 revocavit
1422 1541 1762 1608 concilium,
1795 1540 1899 1597 ubi
1925 1558 2056 1615 pro-
2164 1533 2511 1606 episcopatu
2534 1532 2919 1604 Lingonensi;
2952 1531 3049 1588 cui
3065 1529 3350 1588 successit
3363 1527 3701 1586 Holduinus
3719 1529 3796 1582 "‘.

396 1625 688 1699 mulgavit
735 1629 1090 1686 sententiam
1132 1647 1169 1686 a
1210 1631 1459 1688 domino
1509 1645 1670 1705 papa
1708 1630 2053 1688 Innocentio
2101 1639 2143 1696 Β

397 1717 606 1773 datam
648 1718 708 1773 in
757 1719 924 1774 omni
963 1723 1119 1774 terra
1169 1735 1287 1792 que
1319 1720 1591 1792 subjacet
1621 1724 1678 1777 et
1704 1719 1908 1776 obedit
1937 1707 2065 1790 regi

398 1809 782 1875 Francorum,
815 1804 898 1864 ita
925 1806 1094 1880 quod
1122 1807 1185 1864 in
1215 1806 1479 1866 ecclesiis
1527 1809 1763 1865 nullum
1805 1808 2064 1866 celebra-

396 1899 558 1952 retur
599 1895 865 1952 oﬂicium
904 1896 1179 1953 divinum
1219 1901 1416 1969 preter
1443 1898 1746 1970 baptisma
1775 1897 2063 1972 parvulo-

395 1997 533 2040 rum
563 1987 620 2040 et
654 1981 975 2058 penitentie
1005 1984 1390 2041 morientium
1418 2003 1432 2054 ;
1473 1989 1531 2041 et
1559 1983 1796 2041 duravit
1821 1984 2062 2041 interdi-

399 2073 561 2129 ctum
590 2070 755 2146 apud
808 2086 920 2129 nos
962 2086 1000 2128 a
1027 2071 1208 2130 tercia
1256 2071 1351 2128 die
1388 2076 1526 2146 post
1577 2071 2060 2130 Puriﬂcationem

396 2162 570 2218 beate
614 2159 790 2218 Marte
843 2176 1033 2234 usque
1086 2161 1148 2216 in
1175 2159 1375 2232 vigilia
1419 2160 1803 2219 Exaltationis
1854 2166 2059 2219 sancte

399 2244 613 2303 crucis.
649 2242 772 2302 Hoc
812 2245 990 2302 etiam
1022 2259 1183 2302 anno
1204 2245 1467 2302 domnus
1485 2246 1802 2304 Varnerius
1831 2247 2059 2320 episco-

397 2349 514 2408 pus
565 2331 957 2405 Lingonensis
1000 2335 1178 2392 cessit
1231 2335 1605 2410 episcopatui
1655 2351 1762 2410 per
1805 2353 2056 2393 manum

399 2402 630 2480 domini
677 2402 1008 2480 innocentii
1054 2439 1232 2498 pape.
1268 2402 1574 2483 .Successit
1619 2402 1677 2482 ei
1721 2425 1969 2483 Hilduim

2236 2410 2392 2464 1203.
2434 2406 2559 2464 Hoc
2605 2420 2766 2462 anno
2796 2405 2945 2462 obiit
2973 2403 3301 2461 Holdoinus
3331 2404 3652 2477 episcopus
3677 2402 3781 2460 Lin-

397 2513 586 2587 ipsius
617 2514 861 2571 ecclesia
890 2519 1031 2572 tunc
1054 2493 1348 2573 δεδδηηε,
2040 2493 2048 2498 ’
2161 2496 2474 2566 gonensis;
2503 2495 2598 2551 cui
2624 2494 2907 2550 successit
2934 2493 3277 2550 Grobertus.

2233 2589 2391 2642 1204.
2431 2585 2552 2642 Hoc
2595 2599 2758 2641 anno
2807 2587 2985 2656 capta
3040 2583 3152 2640 fuit
3194 2581 3719 2654 Constantinopolis
3747 2595 3776 2634 ιι

2162 2674 2420 2730 Francis.
2449 2678 2585 2746 Ipso
2615 2688 2780 2730 anno
2805 2672 2982 2729 cessit
3027 2671 3293 2729 domnus
3320 2673 3496 2728 Petro
3523 2671 3596 2728 de
3626 2672 3774 2727 Graec

473 2780 628 2838 1204,
670 2775 795 2838 Hoc
824 2795 986 2838 anno
1020 2781 1083 2839 ιο
1113 2783 1244 2839 Και,
1275 2783 1384 2842 Mai
1419 2787 1597 2856 capta
1627 2783 1736 2840 fuit
1764 2785 2054 2841 Consum-
2159 2761 2286 2856 ceio
2316 2761 2566 2856 abbacie
2588 2759 2784 2856 isti,_et
2803 2759 3089 2856 successit
3109 2758 3169 2856 ei
3183 2757 3483 2818 Nivardus
3507 2757 3698 2829 [abbas
3710 2755 3773 2856 ξιξ

397 2866 678 2942 tinopolis
706 2884 753 2926 a.
772 2869 1031 2926 Francis.
1068 2870 1190 2926 Hoc
1220 2869 1353 2943 ipso
1389 2847 1554 2927 anno
1596 2871 1772 2928 cessit
1813 2873 2053 2927 donnus
2137 2851 2360 2908 'SaDCti
2392 2849 2650 2922 Sequani
2704 2851 2772 2943 ¹έυ
2803 2850 2908 2943 qui
2938 2849 3047 2943 fl!“
3071 2848 3266 2943 abbas
3298 2863 3406 2920 1391‘
3438 2863 3652 2943 ﬁlim"?
3678 2847 3725 2902 εί

397 2961 599 3016 Petrus
618 2959 693 3016 de
723 2959 1010 3015 Granceio
1039 2959 1290 3016 abbacie
1309 2960 1424 3026 isti,
1443 2964 1501 3017 et
1520 2961 1806 3018 successit
1825 2961 1877 3017 ei
1905 2961 2054 3018 don-
2091 2991 2131 3044 ο
2163 2957 2432 3044 ἵξιθηεθεξ
2464 2940 2774 3044 ξυίῖθξθδείῖ
2800 2938 3191 3044 θί,Ὓδςξῖθ¹;ί¹ξ³
3231 2938 3566 3044 ωοηδίξδυε
3611 2938 3769 3044 δξξῗίξ

396 3061 512 3104 nus
543 3046 878 3121 Nyvardus,
901 3051 957 3105 et
985 3049 1048 3104 12
1072 3047 1204 3105 Kal.
1237 3018 1453 3123 Aprilis
1481 3050 1816 3123 recepimus
1853 3066 1966 3108 eun

2196 3030 2436 3088 iermani
2464 3018 2743 3097 Parisius,
2775 3029 2880 3102 qui
2909 3028 3018 3086 fuit
3046 3028 3237 3124 abbas
3277 3043 3385 3101 per

2159 3135 2284 3177 uno
2312 3134 2523 3178 mense
2553 3118 2783 3188 minus;
2823 3122 3034 3192 postea
3061 3116 3256 3175 factus
3282 3121 3372 3174 est
3398 3115 3584 3176 abbas
3610 3115 3664 3170 in
3687 3110 3768 3169 eb-

2160 3209 2324 3268 batia
2358 3207 2772 3267 Verziliacensi
2803 3209 2896 3264 “7.
2949 3210 3087 3264 Post
3128 3207 3294 3264 hunc
3339 3221 3484 3264 vero
3527 3199 3764 3262 successit

2159 3299 2372 3370 Adam,
2405 3303 2462 3357 et
2488 3298 2598 3356 fuit
2633 3297 2826 3356 abbas
2874 3313 2983 3371 per
3023 3303 3055 3355 5
3085 3311 3280 3356 annos
3307 3300 3365 3354 et
3392 3299 3505 3355 tres
3530 3306 3758 3354 meum;

2160 3389 2256 3446 cui
2285 3388 2570 3446 successit
2600 3389 2672 3425 ιη
2702 3387 3076 3459 Gilebertus.]

469 3497 625 3554 1206.
667 3492 790 3548 Hoc
814 3507 974 3549 anno
996 3493 1170 3550 cessit
1192 3492 1432 3551 donnus
1464 3494 1812 3569 Nyvardus;
1846 3510 2050 3552 succe-
2162 3563 2172 3569 .
2234 3480 2390 3569 1207-
2425 3476 2952 3569 ἷξοο-ἃηηο-ῖᾶοῑιξε
2968 3475 3750 3569 GSi‘AdalnebbsSﬂOPacus

394 3578 481 3634 dit
509 3579 561 3633 ei
591 3577 832 3635 donnus
858 3577 1178 3636 Walterius
1203 3563 1567 3638 Parisiensis.
1801 3563 1807 3568 V
2159 3563 2328 3618 istius
2357 3563 2642 3634 θοθιθείεε,
2674 3565 2838 3638 Prior
2881 3564 3078 3622 sane“
3106 3563 3478 3637 ΑΡΟῙΠΠᾶΓίεξ
3510 3563 3598 3632 qm
3623 3569 3738 3610 cum

468 3669 623 3722 1207.
667 3668 789 3724 Hoc
845 3682 1006 3723 anno
1056 3669 1247 3724 factus
1299 3669 1408 3724 fuit
1452 3669 1691 3725 donnus
1730 3669 2051 3728 walteriu,
2159 3654 2718 3724 regeretabbaciam
2734 3655 2928 3720 istam,
2948 3647 3742 3710 venditafueruntornamenta

395 3754 587 3812 abbas
611 3755 1049 3812 Verziliacensis
1081 3759 1174 3829 ¹¹²,
1206 3762 1263 3815 et
1285 3758 1524 3815 donnus
1546 3759 1738 3816 Adam
1766 3759 1833 3817 ﬁt
1858 3760 1965 3817 abt

2183 3744 2402 3800 ecclesia
2452 3748 2674 3813 nostre,
2729 3744 2948 3829 scilicet
2979 3760 3170 3818 cappe
3219 3745 3410 3812 sirice,
3437 3746 3490 3799 et
3510 3729 3679 3814 pallia,
3705 3736 3753 3788 ei

391 3843 574 3918 hujus
601 3842 737 3902 ioci.
1159 3820 1172 3829 ’
2159 3850 2366 3891 cruces
2381 3849 2582 3905 aureo,
2594 3837 2652 3890 et
2671 3820 2866 3906 calips'
2870 3848 3088 3890 aureus
3105 3833 3430 3892 duodecim
3448 3839 3754 3918 mercatum.

2159 3927 2216 3980 et
2238 3922 2441 3997 plures
2469 3921 2683 3980 calices
2715 3926 3050 3993 argenteos,
3075 3925 3135 3980 et
3159 3922 3415 3980 bacinos
3442 3922 3530 3990 ιη,
3552 3921 3603 3976 et
3620 3911 3760 3972 naias

2158 4016 2492 4084 argenteas,
2525 4015 2583 4070 et
2631 4011 2750 4070 alia
2794 4011 2990 4085 plura,
3023 4015 3082 4069 et
3115 4011 3527 4085 possessiones
3547 4005 3759 4066 multas;

2158 4101 2305 4159 forte
2333 4118 2458 4160 non
2488 4101 2668 4175 culpa
2691 4117 2820 4170 sua,
2845 4105 2935 4158 set
2964 4101 3187 4160 ultione
3215 4101 3443 4170 divina,
3467 4102 3585 4175 ipse
3607 4098 3656 4153 et
3674 4106 3760 4150 cm—

2156 4192 2262 4247 teri
2286 4193 2390 4265 qui
2421 4196 2852 4249 consenserunt
2879 4191 2959 4248 ab
2989 4191 3234 4248 abbatis.
3268 4191 3497 4248 detrusi
3523 4190 3660 4246 sunt.

467 4292 622 4346 1209.
664 4289 785 4347 Hoc
812 4309 973 4394 anno
1004 4293 1322 4351 defunctus
1352 4299 1439 4353 est
1463 4294 1786 4354 Rodericus
1816 4297 2037 4371 episco-

2234 4282 2385 4338 1209.
2413 4283 2536 4337 Hoc
2557 4295 2718 4337 anno
2740 4281 2888 4336 obiit
2908 4281 3249 4337 Grotbertus
3269 4281 3584 4354 episcopus
3601 4275 3763 4343 Lingo-

2203 4368 2360 4399 ιιηαῖα
2417 4369 2517 4399 (in:
2551 4369 2831 4399 οιιηηηοοςι
2860 4369 3204 4399 ωςιιεηινηη..
3233 4369 3306 4399 ΑΛ
3343 4367 3600 4399 [Id-anilia

390 4394 526 4452 pus,
567 4380 863 4438 Successit
888 4382 1231 4440 Wilhelmus
1262 4384 1336 4441 de
1358 4383 1689 4443 Jonisvilla.
1852 4367 1871 4371 ’
2085 4367 2130 4399 υ
2158 4368 2380 4424 nensis.
2417 4369 2520 4424 Cui
2551 4369 2833 4424 successit
2860 4369 3207 4426 Wilhelmus
3231 4369 3308 4426 de
3335 4367 3621 4428 Joinvilla.

466 4467 622 4525 1210.
666 4470 784 4526 Hoc
812 4485 971 4528 anno
1003 4471 1235 4546 Bedays
1265 4479 1321 4530 et
1349 4475 1747 4545 Calcorsonia,
1781 4475 1956 4534 civita

389 4558 543 4615 Albi.
581 4602 594 4615 .
629 4602 642 4615 .
680 4604 692 4615 .
730 4603 744 4615 .
771 4602 784 4615 .
819 4603 832 4615 .
860 4562 953 4615 “3.
986 4566 1044 4615 et
1072 4563 1341 4615 maxima
1363 4579 1504 4615 nam
1533 4569 1683 4615 terra
1715 4581 1921 4615 eorum
1951 4587 1959 4615 ι

2231 4457 2383 4514 1210.
2429 4458 2551 4514 Hoc
2605 4473 2767 4514 anno
2817 4458 2945 4514 Odo
2990 4458 3115 4514 dux
3155 4458 3498 4529 Burgundio
3525 4462 3579 4514 et
3603 4463 3765 4512 comes

2195 4547 2531 4603 ‘ivernensis
2562 4552 2618 4603 et
2643 4547 2743 4604 alii
2767 4546 2968 4615 plures
2992 4547 3254 4605 barones
3282 4547 3484 4606 ierunt
3509 4546 3583 4606 ad
3606 4537 3765 4602 debel-

389 4563 543 4615 Albi.
581 4602 594 4617 .
629 4602 642 4615 .
680 4604 692 4616 .
730 4603 744 4617 .
771 4602 784 4617 .
819 4603 832 4617 .
860 4563 953 4629 “8,
986 4566 1044 4619 et
1072 4563 1341 4620 maxime,
1363 4579 1504 4636 pars
1533 4569 1683 4622 terra
1715 4581 1925 4624 eorum
1951 4584 2048 4624 ex-
2154 4563 2531 4603 mvernensls
2562 4563 2618 4603 et
2643 4563 2743 4604 am
2767 4563 2968 4620 plures
2992 4563 3254 4605 barones
3282 4563 3484 4606 lerunt
3509 4563 3583 4606 aa
3606 4563 3766 4602 aenei-

389 4653 698 4721 pugnatur
726 4666 763 4707 a
789 4650 1049 4709 Francis,
2152 4636 2404 4693 landum
2433 4635 2775 4708 Albigenos,
2807 4640 2866 4694 et
2887 4637 3353 4709 devastaverunt
3372 4639 3562 4696 Bedes
3588 4638 3642 4692 et
3664 4631 3768 4686 Car-

2153 4725 2484 4794 casoniam,
2503 4730 2561 4782 et
2587 4725 2745 4784 facta
2766 4730 2856 4784 est
2881 4727 3183 4785 immensa
3211 4727 3431 4787 occisio
3455 4726 3767 4795 Albigencn-

2153 4813 2349 4882 sium;
2399 4817 2457 4870 et
2481 4817 2622 4886 post
2660 4813 2789 4871 hanc
2815 4816 3106 4872 remansit
3143 4815 3226 4872 ibi
3255 4831 3460 4872 comes
3489 4815 3562 4873 de
3588 4811 3765 4870 Monta-

2151 4903 2287 4964 forti
2315 4903 2396 4964 ad
2422 4903 2897 4977 conquirendam
2925 4908 3112 4962 totam
3136 4908 3375 4962 terram.

1760 5073 1996 5130 VARUE
2034 5075 2440 5132 LECTIONES.

466 5191 558 5246 ¹¹².
595 5234 664 5273 _.‘_.
702 5208 791 5273 .“z.
812 5235 838 5273 ,
867 5195 1103 5273 acensis
1138 5196 1186 5251 1.
1266 5196 1339 5231 ¹¹⁸
1368 5213 1488 5252 non
1521 5196 1919 5266 albigensium
1949 5199 2053 5256 sed
2081 5199 2272 5273 albit.
2402 5197 2548 5254 lium
2581 5205 2687 5256 aut
2715 5201 2907 5258 simile
2937 5200 3084 5272 quid
3110 5201 3399 5270 scriptum
3428 5199 3612 5268 fuisse
3640 5187 3764 5273 vide:

393 5264 513 5314 tur.
535 5330 568 5343 η
595 5262 666 5343 ¹¹ξ
699 5265 784 5318 ita
811 5267 864 5317 2.
930 5266 1020 5343 _'_‘_5
1049 5282 1180 5343 quae
1203 5272 1538 5339 sequuntur
1555 5284 1601 5343 _a
1625 5262 1811 5325 manu
1854 5273 2180 5340 posteriori
2214 5271 2276 5326 in
2323 5271 2448 5326 loco
2475 5287 2611 5326 raso
2651 5274 2878 5340 scripta
2908 5262 3066 5328 siml.
3113 5262 3299 5330 Verba
3319 5262 3460 5343 qua
3486 5262 3763 5343 supersunt

393 5330 576 5416 cessit
611 5330 882 5416 domnus
929 5330 1236 5416 ljivardus
1260 5330 1690 5416 notasprz'ores
1738 5330 1871 5416 cani
1911 5343 2058 5416 cod._
2076 5345 2125 5416 _l.
2161 5343 2499 5416 convenisse
2535 5330 2874 5399 ostendant.
2955 5345 3028 5381 “5
3053 5345 3127 5400 de
3156 5330 3444 5400 vocab-ulc
3485 5330 3598 5397 ηοή
3645 5331 3763 5392 satis

392 5406 646 5460 constat.
725 5403 799 5440 “7
828 5404 1238 5464 verlizivensi?
1257 5413 1310 5466 2.
1391 5403 1593 5467 “‘suc
1622 5411 1965 5470 abscissum.
2043 5412 2118 5450 “9
2149 5412 2202 5470 ci
2229 5429 2351 5470 non
2371 5415 2559 5484 plane
2589 5420 2841 5472 constat.

463 5633 577 5708 (58)
615 5636 676 5692 in
695 5633 941 5701 dioecesi
965 5637 1496 5710 Augustidunensi.
1981 5570 2215 5632 NOTAE.
