3994 6166
109 213 214 268 808
1333 205 1662 263 ANNALES
1675 160 1685 164 ἡ

1990 208 2083 264 ὶΝῐ
2123 209 2379 266 DIVION.
3461 222 3567 281 894

183 335 348 392 1212.
383 328 566 387 Vadit
602 327 900 385 exercitus
951 328 1434 387 Christianorum
1480 330 1544 386 in
1595 329 1801 402 Hispa—
1839 332 1887 386 Α
1989 334 2148 388 1212.
2181 335 2351 388 Anno
2377 331 2456 389 ab
2484 333 2891 393 incarnatione
2924 337 3156 395 Domini
3185 342 3340 408 1212,
3372 345 3403 396 7
3426 341 3566 400 ldus

103 424 282 481 niam
324 424 544 480 00mm
569 421 959 477 δδΐΐόοθηοεο
1913 419 2134 490 Marcii,
2167 424 2198 475 6
2229 418 2394 488 feria,
2424 425 2560 477 ante
2590 423 2854 480 mediam
2871 429 3110 482 noctem
3130 443 3292 484 anno
3311 427 3569 490 bisextili

1912 513 2092 565 natus
2123 513 2210 565 est
2237 509 2431 581 Hugo,
2460 509 2620 567 ﬁlius
2649 513 2914 570 Oddonis
2944 514 3113 571 ducis
3136 516 3210 574 de
3227 517 3566 579 dominade

1911 598 2186 667 Vergerie
2214 599 2307 670 ¹²⁰,
2339 602 2394 656 et
2421 598 2534 656 fuit
2558 599 2895 673 baptizatus
2923 601 3002 659 ab
3029 603 3293 662 Goslimo
3333 608 3407 644 ¹²⁰
3455 608 3566 668 Ed-

1911 687 2084 744 uensi
2105 688 2389 762 episcopo
2418 687 2481 746 in
2510 689 2692 748 estivo
2723 695 2990 765 tempore
3019 692 3114 750 die
3137 735 3153 751 .
3198 737 3212 750 .
3256 737 3270 751 .
3316 734 3330 752 .
3375 739 3388 754 .
3433 739 3448 756 .
3490 699 3561 736 ¹²¹

1913 776 2168 848 apostoli
2192 777 2255 832 in
2281 777 2530 834 ecclesia
2559 779 2749 835 sancti
2776 780 3023 836 Joannis
3053 780 3350 856 baptista.

181 870 348 924 1213.
379 867 506 922 Hoc
540 877 705 920 anno
743 860 854 918 fuit
902 860 1154 917 donnus
1217 863 1556 921 Ludovicus
1610 870 1758 924 Rem

1988 885 2143 939 1213.
2176 885 2296 940 Hoc
2320 895 2482 940 anno
2511 884 2687 941 cessit
2713 884 2926 944 Adam.
2961 885 3067 942 Cui
3087 887 3370 945 successit
3404 890 3565 948 Gale-

101 960 446 1048 coronatus
473 971 514 1013 a
538 951 832 1048 Willelmo
863 951 1351 1048 archiepiscopo,
1371 961 1650 1028 prasente
1667 975 1806 1030 r680
1910 969 2116 1028 bertus
2145 973 2308 1045 prior
2336 973 2653 1031 Saxifontis
2674 974 2804 1048 (59).

98 1045 516 1114 Jherusalem,
536 1049 595 1101 et
623 1043 685 1099 in
708 1041 858 1099 festo
882 1041 1080 1098 sancti
1103 1043 1264 1115 Systi
1291 1063 1304 1112 ;
1331 1048 1390 1102 et
1409 1049 1684 1119 sequenti
1702 1065 1808 1108 an-

97 1155 185 1197 no
221 1137 385 1210 cepit
415 1132 730 1191 Jarochale
781 1134 839 1188 et
895 1131 1096 1188 Thoar
1139 1136 1199 1188 et
1225 1133 1368 1191 Mior
1407 1140 1467 1195 et
1523 1138 1800 1199 Bordaul.

101 1228 342 1286 Eodem
370 1239 538 1282 anno
568 1224 844 1294 receptus
864 1220 984 1277 fuit
1001 1221 1268 1280 Joannes
1294 1239 1400 1281 rex
1425 1225 1803 1286 Jhcrusalem

97 1321 162 1376 in
194 1319 320 1378 ista
357 1312 608 1372 ecclesia
627 1312 690 1369 in
717 1310 1106 1368 Exaltacione
1134 1317 1339 1369 sancte
1367 1314 1586 1372 crucis.

177 1408 348 1464 1214.
378 1408 555 1461 Anno
586 1399 820 1458 Domini
860 1403 1024 1467 1214,
1053 1406 1086 1456 6
1119 1400 1247 1456 Kal.
1274 1406 1425 1474 Aug.
1491 1406 1659 1461 Luna
1714 1410 1754 1462 u

1992 1417 2142 1471 1214.
2192 1416 2314 1471 Hoc
2361 1430 2522 1472 anno
2565 1431 2670 1472 rex
2725 1416 2967 1474 Francia
3023 1417 3327 1490 Philippus
3362 1417 3470 1475 ivit
3504 1417 3569 1477 in

102 1496 410 1573 pugnavit
426 1509 532 1550 rex
555 1490 798 1549 Francie
831 1495 897 1546 et
921 1491 1045 1545 dux
1073 1491 1417 1561 Burgundie
1435 1499 1650 1550 contra
1671 1496 1803 1551 Oto-
1911 1501 2261 1559 Flandriam
2290 1508 2498 1560 contra
2529 1507 2779 1562 Otonem
2807 1505 3233 1579 imperatorem
3258 1510 3570 1564 anatema-

106 1603 251 1645 nem
278 1586 708 1658 imperatorem
738 1579 913 1667 apud
940 1579 1273 1646 Cambrais,
1305 1586 1363 1636 et
1387 1580 1615 1638 devicit
1638 1598 1800 1653 eum,
1914 1594 2066 1661 tum,
2096 1596 2154 1648 et
2181 1592 2503 1649 debellavit
2526 1610 2662 1650 eum
2693 1609 2818 1662 rex,
2845 1600 2902 1652 et
2930 1596 3087 1667 cepit
3105 1595 3394 1653 ducentos
3421 1596 3576 1654 mili-

109 1681 168 1733 et
188 1676 524 1747 imperator
552 1668 766 1727 Odoin
794 1666 1014 1736 fugam
1035 1683 1366 1725 conversus
1399 1673 1516 1736 est,
1567 1674 1625 1725 et
1674 1685 1803 1728 ma-
1841 1696 1884 1750 Β
1913 1682 2001 1734 tes
2027 1683 2085 1736 et
2110 1683 2200 1752 60,
2230 1685 2480 1754 excepto
2521 1681 2802 1738 comitem
2846 1666 3136 1741 Flandrim
3179 1689 3238 1742 et
3290 1685 3572 1743 comitem

108 1767 280 1823 xima
309 1779 453 1836 pars
483 1775 732 1818 suorum
789 1756 1217 1815 sublimiorum
1264 1759 1586 1816 baronum
1630 1765 1809 1834 capta
1921 1768 2177 1824 Boloniaa
2199 1773 2258 1826 et
2280 1769 2482 1842 plures
2507 1771 2654 1827 alios
2701 1771 2778 1829 de
2829 1771 3156 1831 Teotonica
3208 1779 3382 1832 terra.
3440 1778 3574 1833 Non

111 1856 234 1912 fuit
263 1859 324 1911 et
340 1853 528 1909 ducta
553 1849 677 1920 liga
697 1847 866 1921 apud
889 1847 1171 1904 Parisius.
1921 1855 2163 1914 fuerunt
2187 1858 2271 1914 ibi
2297 1858 2374 1916 de
2393 1859 2767 1933 principibus
2795 1862 3119 1919 nominatis
3145 1863 3260 1920 nisi
3282 1863 3408 1921 dux
3435 1866 3577 1921 Bur-

188 1944 270 1999 Ιη
295 1941 562 2012 sequenti
578 1938 820 2008 pagina
851 1936 975 1993 hac
1001 1937 1327 2008 leguntur:
1925 1947 2147 2016 gundie
2172 1949 2276 2020 qui
2304 1952 2553 2004 vocatur
2573 1949 2720 2006 Odo.
2755 1953 2874 2007 Hoc
2920 1949 3142 2008 factum
3204 1951 3312 2008 fuit
3358 1955 3390 2007 6
3442 1951 3571 2010 Kal.

193 2035 380 2088 Anno
409 2033 538 2086 1248
568 2027 874 2084 dominica
900 2026 1109 2085 ultima
1137 2032 1234 2085 oct
1256 2029 1329 2066 ¹²⁰
1370 2028 1579 2086 sancti
1631 2030 1812 2103 Apol-
1922 2036 2196 2105 Augusti,
2225 2035 2446 2093 scilicet
2469 2041 2500 2094 3
2530 2037 2625 2094 die
2653 2043 2796 2112 post
2816 2037 3034 2096 festum
3063 2039 3252 2096 sancti
3277 2038 3484 2097 Jacobi
3515 2042 3576 2096 et

113 2122 334 2180 linaris
359 2121 481 2177 vise
511 2123 651 2174 sunt
677 2116 839 2174 stelle
870 2117 1080 2174 cadere
1105 2117 1181 2174 de
1209 2118 1359 2176 celo.
1922 2122 2290 2196 Christofori,
2317 2129 2376 2182 et
2393 2124 2502 2182 fuit
2527 2125 2832 2184 dominica
2858 2126 3011 2186 dies.

191 2321 355 2374 1215.
390 2317 512 2372 Hoc
543 2325 703 2371 anno
734 2313 1109 2370 Innocentius
1139 2327 1300 2387 papa
1323 2313 1560 2371 tercius
1589 2318 1949 2376 convocavit
1977 2319 2253 2389 generale
2279 2320 2602 2378 concilium
2629 2322 2693 2378 in
2724 2322 3103 2379 Lateranensi
3140 2319 3408 2392 ecclesia,
3461 2322 3575 2397 ubi

113 2423 276 2482 pene
306 2419 531 2477 corpus
561 2401 911 2459 universalis
939 2402 1198 2460 ecclesiis
1226 2403 1353 2460 fuit.

192 2515 356 2570 1216.
383 2511 506 2568 Hoc
536 2523 696 2567 anno
726 2508 872 2568 obiit
898 2510 1135 2567 donnus
1157 2509 1550 2567 Innocentius
1578 2527 1742 2585 papa
1770 2515 1987 2571 tercius
2020 2517 2085 2570 1ο
2115 2513 2242 2572 Kal.
2273 2516 2524 2587 Augusti
2543 2513 2711 2592 apud
2739 2514 3066 2585 Perusium,
3089 2521 3145 2573 et
3174 2515 3446 2590 sepultus
3477 2509 3571 2574 es!

116 2605 179 2661 in
205 2599 469 2660 ecclesia
497 2597 696 2658 Sancti
719 2597 1069 2668 Herculani;
1098 2599 1193 2656 cui
1220 2600 1520 2656 successit
1541 2599 1838 2658 Honorius
1860 2618 2024 2676 papa
2054 2604 2288 2660 tercius.
2319 2603 2543 2662 Eodem
2565 2621 2726 2663 anno
2753 2603 3107 2674 Ludovicus,
3133 2601 3292 2661 ﬁlius
3311 2602 3575 2679 Philippi

116 2691 284 2763 regis
313 2690 708 2760 Francorum,
735 2687 978 2746 intravit
998 2687 1277 2758 Angliam
1332 2687 1414 2745 ad
1451 2689 1936 2761 conquirendum
1985 2705 2141 2761 eam,
2203 2691 2426 2751 auxilio
2482 2699 2540 2752 et
2581 2692 2828 2752 consilio
2862 2691 3163 2750 baronum
3189 2691 3414 2765 Anglia;
3448 2711 3462 2763 ;
3515 2685 3577 2750 ei

118 2781 348 2838 eodem
379 2793 547 2836 anno
579 2793 680 2834 rex
710 2776 956 2849 Anglice,
989 2777 1091 2850 qui
1124 2773 1461 2833 vocabatur
1479 2777 2132 2848 Joannes-sine-Terra,
2166 2786 2440 2838 mortuus
2471 2779 2599 2840 fuit.
2633 2783 2857 2840 Eodem
2887 2797 3050 2839 anno
3074 2782 3400 2856 imperator
3429 2784 3578 2840 Con-

121 2863 562 2940 stantinopolis
583 2862 728 2923 obiit
755 2865 1038 2923 Henricus
1068 2865 1473 2922 Flandrensis.
1495 2865 1601 2922 Cui
1623 2869 1911 2926 successit
1935 2866 2138 2926 Petrus
2167 2885 2369 2927 comes
2398 2871 2958 2929 Autissiodorensis.
2995 2871 3215 2928 Eodem
3247 2885 3409 2928 anno
3429 2871 3576 2928 Thos

120 2975 262 3015 mas
293 2951 660 3013 venerabilis
688 2951 1009 3028 episcopus
1039 2953 1522 3010 Lesmorenensis
1553 2955 1666 3027 (60)
1693 2970 1929 3014 moram
1952 2956 2175 3014 faciens
2207 2959 2268 3013 in
2307 2956 2556 3017 ecclesia
2577 2960 2775 3018 Sancti
2806 2958 3071 3032 Benigni,
3094 2957 3465 3016 consecravit
3488 2957 3575 3016 al-

122 3052 255 3104 tare
297 3045 488 3101 sancti
518 3043 694 3100 Blasii
726 3045 791 3099 14
820 3041 951 3100 Kal.
984 3043 1220 3100 Octobr.
1244 3075 1314 3084 —
1337 3046 1455 3098 Hoc
1485 3057 1646 3100 anno
1677 3045 1836 3103 venit
1864 3043 2127 3102 domnus
2181 3045 2464 3104 Airardus
2493 3047 2568 3106 de
2599 3047 2828 3120 Bregne
2859 3063 2896 3106 a
2925 3046 3346 3106 transmarinis
3398 3049 3580 3122 parti-

119 3137 274 3204 bus,
305 3139 362 3191 et
389 3130 647 3189 adduxit
669 3147 872 3189 secum
897 3132 1085 3188 ﬁliam
1117 3130 1351 3188 Henrici
1367 3130 1598 3189 comitis
1632 3133 1994 3210 Campaniae,
2018 3148 2204 3208 quam
2232 3135 2484 3194 duxerat
2529 3138 2591 3194 in
2638 3152 2908 3194 uxorem.
2967 3135 3192 3194 Eodem
3248 3151 3410 3194 anno
3445 3138 3575 3205 Oto,

121 3226 302 3282 ﬁlius
328 3217 564 3280 domini
597 3219 934 3290 Saxifontis,
968 3220 1072 3296 qui
1092 3223 1219 3279 erat
1247 3221 1410 3297 prior
1439 3221 1712 3295 ejusdem
1740 3222 1857 3281 loci
1887 3229 1944 3281 et
1971 3225 2308 3281 monachus
2337 3223 2536 3283 Sancti
2566 3225 2831 3298 Benigni,
2861 3226 3083 3284 electus
3139 3225 3249 3283 fuit
3268 3225 3332 3282 in
3385 3223 3576 3283 abba-

121 3320 250 3402 tem
291 3309 540 3368 Luxovii
567 3329 580 3382 ;
609 3313 666 3368 et
697 3311 769 3402 ﬂ?
797 3309 904 3367 fuit
926 3309 1010 3368 ibi
1037 3327 1146 3385 per
1173 3311 1441 3386 quinque
1467 3325 1705 3370 menses
1731 3332 1744 3383 ;
1775 3316 1985 3389 postea
2009 3312 2200 3372 factus
2233 3314 2708 3388 Clarevallensis,
2735 3312 2819 3372 ibi
2855 3313 2965 3373 fuit
2995 3329 3100 3389 per
3127 3317 3389 3390 quatuor
3414 3327 3582 3372 men-

120 3401 242 3474 ses,
284 3407 341 3460 et
365 3406 580 3475 postea
607 3401 884 3457 mortuus
908 3405 1015 3458 est.

197 3514 373 3568 1217.
406 3511 527 3564 Hoc
557 3524 718 3564 anno
742 3507 855 3564 fuit
883 3523 1143 3580 magnus
1168 3512 1384 3566 ventus
1412 3525 1521 3582 per
1549 3513 1742 3566 totum
1764 3511 2084 3567 mundum.
2112 3509 2431 3568 Mortalitas
2459 3509 2801 3584 hominum,
2834 3509 3086 3570 defectio
3109 3508 3432 3570 fructuum.

196 3620 370 3675 1218.
394 3616 520 3673 Hoc
549 3632 712 3673 anno
737 3620 1013 3673 mortuus
1043 3617 1152 3675 fuit
1183 3617 1354 3674 Oddo
1384 3617 1510 3674 dux
1527 3619 1868 3688 Burgundio
1898 3634 2071 3676 cruce
2099 3618 2499 3691 signatus,qui
2515 3618 2623 3675 fuit
2642 3619 2800 3676 ﬁlius
2821 3619 3062 3676 ducisse
3093 3619 3571 3689 Lotoringie.Eo-

119 3708 280 3764 dem
301 3721 464 3761 anno
489 3710 764 3761 mortuus
791 3705 902 3762 fuit
933 3708 1158 3778 Symon
1185 3722 1388 3761 comes
1419 3707 1818 3769 Montisfortis,
1844 3707 1948 3779 qui
1975 3705 2297 3763 infestabat
2325 3706 2692 3777 Albigenses.
2728 3740 2797 3749 -—
2828 3711 2948 3767 Hoc
2969 3725 3131 3767 anno
3151 3708 3436 3768 obscessa
3462 3707 3583 3768 fuit

121 3795 413 3854 Damiata
440 3811 476 3851 a
506 3793 854 3852 Christianis
898 3796 1156 3852 intrante
1217 3809 1422 3851 mense
1477 3794 1654 3862 Julio,
1713 3800 1771 3852 et
1797 3795 2041 3853 fuerunt
2063 3799 2199 3853 ante
2220 3811 2357 3853 eam
2390 3797 2464 3832 “3
2483 3813 2592 3870 per
2615 3813 2846 3855 annum
2878 3803 2936 3857 et
2957 3802 3219 3871 quatuor
3245 3814 3488 3856 menses
3511 3800 3570 3856 et

122 3885 410 3960 quinque
438 3882 586 3952 dies,
621 3886 678 3940 et
697 3887 876 3957 capta
906 3887 996 3941 est
1019 3883 1098 3941 ab
1123 3884 1210 3942 eis
1245 3883 1496 3940 Domino
1527 3887 1863 3957 operante.,

202 3994 372 4049 1220.
414 3989 541 4047 Hoc
572 4005 734 4046 anno
755 3993 1072 4063 promotus
1102 3990 1212 4048 fuit
1258 3989 1584 4047 Willelmus
1628 3990 1948 4063 episcopus
1996 3989 2386 4062 Lingonensis
2427 3990 2490 4048 in
2546 3989 3066 4065 archiepiscopatu
3113 3991 3434 4059 Remensi;
3481 3991 3578 4049 cui

127 4079 438 4137 successit
468 4079 544 4116 ¹¹⁴
570 4078 744 4149 Hugo
772 4079 850 4135 de
874 4082 1066 4136 Monte
1095 4078 1300 4151 regali.

205 4190 373 4244 t223.
399 4188 522 4242 Hoc
548 4201 710 4242 anno
735 4185 899 4242 venit
925 4185 988 4241 in
1009 4185 1196 4243 Gallia
1223 4184 1526 4241 Iohannes
1556 4200 1656 4240 rex
1687 4183 2270 4255 Jherosolimitanus,
2302 4185 2361 4242 et
2387 4189 2661 4259 receptus
2687 4183 2796 4241 fuit
2821 4199 2858 4241 a
2882 4181 3156 4258 Philippo
3196 4198 3338 4257 rege
3394 4188 3577 4244 Fran-

127 4292 352 4334 corum
378 4280 437 4331 et
464 4275 542 4331 ab
568 4274 853 4330 omnibus
880 4275 1254 4348 principibus
1277 4274 1444 4344 regni
1476 4274 1564 4329 sui
1595 4289 1733 4329 cum
1767 4288 1992 4345 magno
2051 4273 2275 4344 gaudio
2318 4278 2375 4331 et
2402 4276 2652 4331 honore.
2675 4277 2883 4331 Postea
2913 4275 3126 4332 eodem
3157 4289 3320 4332 anno
3367 4275 3578 4334 defun-

128 4369 268 4421 ctus
300 4363 411 4418 fuit
431 4361 814 4436 supradictus
847 4362 1153 4436 Philippus
1185 4353 1482 4434 gloriosus
1511 4373 1614 4418 rex
1643 4365 2030 4429 Francorum,
2064 4365 2121 4419 et
2150 4363 2422 4436 sepultus
2448 4364 2508 4419 in
2535 4363 2780 4420 basilica
2810 4363 3000 4420 sancti
3027 4364 3294 4437 Dyonisii
3320 4363 3576 4440 septimo

127 4453 382 4511 decimo
406 4452 536 4508 Kal.
557 4452 808 4521 Augusti
839 4467 978 4507 cum
1012 4467 1235 4522 magno
1263 4450 1427 4507 luctu
1452 4455 1509 4508 et
1538 4450 1780 4508 tristicia
1808 4451 2002 4508 tocius
2029 4451 2240 4525 populi
2265 4451 2434 4522 regni
2463 4452 2574 4520 sui,
2606 4457 2898 4526 prasente
2927 4453 3271 4526 supradicto
3299 4455 3575 4512 Johanne

124 4556 283 4611 rege
316 4539 854 4598 iherosolimitauo.
883 4544 1028 4598 Item
1055 4541 1268 4597 eodem
1296 4555 1457 4598 anno
1478 4543 1802 4597 coronatus
1830 4537 1941 4596 fuit
1973 4540 2323 4611 Lodovicus,
2362 4541 2521 4597 ﬁlius
2550 4542 2878 4615 supradicti
2924 4541 3198 4616 Philippi,
3229 4542 3292 4599 in
3341 4542 3574 4599 civitate

126 4625 420 4688 Remensi
448 4644 485 4685 a
511 4627 801 4686 Willelmo
823 4633 965 4686 tunc
990 4627 1444 4704 archiepiscopo
1469 4626 1741 4702 ejusdem
1763 4627 2040 4701 civitatis,
2067 4633 2369 4703 praesente
2383 4629 2730 4704 supradicto
2749 4643 2910 4701 rege,
2935 4645 3073 4686 cum
3097 4627 3320 4701 gaudio
3345 4642 3574 4701 magno

128 4724 191 4778 et
221 4733 380 4793 pace
408 4717 598 4775 tocius
626 4716 838 4792 populi
862 4716 1045 4775 Gallic
1071 4720 1105 4775 8
1134 4718 1272 4776 ldus
1299 4717 1568 4790 Augusti.

210 4829 379 4893 1226,
415 4825 488 4862 ³³⁵
514 4829 634 4884 Hoc
665 4842 828 4882 anno
855 4825 1092 4883 obsedit
1120 4826 1452 4883 Lodovicus
1479 4841 1584 4882 rex
1614 4828 1978 4882 Francorum
2009 4841 2148 4882 cum
2167 4825 2592 4883 innumerabili
2622 4825 2882 4884 exercitu
2911 4825 3008 4882 die
3039 4823 3412 4883 Pentecostes
3440 4817 3574 4881 Avi-

131 4917 415 4987 nionem,
441 4918 500 4972 et
523 4914 676 4972 sedit
697 4915 782 4972 ibi
809 4914 931 4972 fere
952 4920 1211 4990 quatuor
1229 4931 1468 4972 menses
1493 4933 1508 4983 ;
1538 4914 1621 4972 ibi
1647 4925 1792 4970 vero
1819 4913 1930 4971 fuit
1956 4913 2192 4971 occisus
2217 4931 2419 4972 comes
2440 4916 2638 4972 Sancti
2662 4914 2824 4972 Pauli
2854 4918 2911 4972 et
2934 4913 3107 4971 multi
3136 4912 3236 4970 alii
3265 4912 3499 4969 nobiles
3513 4915 3573 4970 et

1516 5072 1751 5132 VARUE
1791 5071 2193 5134 LECTIONES.

215 5238 294 5274 ¹²⁰
327 5236 506 5313 geris,
538 5233 682 5313 limo
712 5238 915 5313 stulta
943 5237 1216 5313 quaedam
1250 5235 1358 5313 hoc
1391 5252 1551 5313 a_nno
1581 5252 1700 5293 non
1725 5236 1926 5313 plane!
1947 5231 2217 5313 tegegzda.
2245 5233 2576 5313 Episcopus
2597 5227 2902 5313 adieceris
2939 5231 3416 5313 fuit-Galterius.
3491 5228 3566 5313 f'f

137 5309 220 5384 ad
245 5299 382 5366 coit.
414 5311 446 5366 2
477 5299 696 5384 habere
719 5299 973 5384 videtur:
996 5308 1267 5384 Sedete:
1298 5308 1558 5384 Andreas
1601 5299 1863 5384 apostoli
1888 5299 2344 5384 2ΟῘΝορθνηὸἇι.
2371 5299 2514 5384 fuit,
2534 5369 2549 5384 θ
2596 5301 2668 5384 ¹ξ²
2722 5299 2957 5373 reliqua
2990 5303 3117 5360 alia
3159 5318 3371 5360 manus
3424 5299 3566 5362 add.

140 5382 216 5417 1³³
249 5395 398 5436 eum
424 5383 510 5436 c.?
584 5381 656 5418 ηδ
684 5379 942 5437 successi
971 5397 1020 5438 c.
1102 5380 1174 5414 ¹²⁴
1203 5380 1266 5436 in
1287 5379 1490 5436 codice
1514 5369 1654 5436 haec.
1671 5378 1752 5436 ad
1781 5393 1839 5436 α.
1877 5383 2035 5446 1227,
2069 5377 2267 5433 νείατα
2297 5369 2417 5432 esse
2445 5369 2746 5430 videntur.

1738 5521 1964 5582 NOTE.
2073 5539 2076 5542 ’

214 5664 340 5736 (59)
366 5663 433 5722 In
462 5664 701 5723 dioecesi
729 5664 1105 5737 Lingonensi.
2001 5661 2116 5734 (60)
2146 5664 2214 5720 In
2241 5658 2521 5724 Irlandia.
