3976 6180
463 226 564 280 895
1045 222 1339 277 APPEND.
1382 220 1478 276 AD
1521 221 1575 276 s.
1619 179 2094 277 GUlLLELMUM.
2129 243 2202 258 --
2229 218 2550 275 ANNALES
2587 219 2642 273 s.
2686 219 2968 276 BENIGNI
3009 219 3267 277 nmen.
3768 231 3844 282 sos

461 347 755 403 innobiles
787 364 800 414 ;
834 349 1040 418 postea
1064 343 1295 400 reddita
1332 343 1443 400 fuit
1471 344 1524 400 ei
1553 343 1782 412 civitas,
1814 347 1870 406 et
1901 341 2185 398 subvertit
2211 357 2423 397 omnes
2445 359 2652 399 muros
2690 343 2940 400 civitatis
2971 347 3028 400 et
3051 359 3294 400 omnem
3339 343 3768 416 fortitudinem,
3808 360 3842 408 et

463 440 646 492 totam
680 435 751 469 ¹²⁶
777 433 956 489 aliam
987 439 1203 489 terram
1236 433 1490 503 subjecit
1527 432 1640 489 sibi
1670 449 1861 507 usque
1895 434 1966 472 ¹²⁶
2003 431 2081 486 ad
2109 430 2402 488 Tolosam.
2436 463 2505 472 —
2531 436 2670 504 Ipso
2709 437 2912 489 autem
2943 433 3230 489 redeunte
3258 433 3336 489 ab
3375 434 3458 469 ¹²⁸
3487 434 3758 507 pradicta
3788 442 3842 494 ci.

459 523 657 588 vitate,
688 521 1005 577 defunctus
1033 526 1126 578 est
1153 522 1316 595 apud
1345 521 1646 578 civitatem
1685 522 1758 557 ¹²⁶
1789 521 2032 576 Pancier
2070 519 2201 593 (61),
2247 525 2304 576 et
2360 520 2626 592 sepultus
2678 521 2742 578 in
2797 521 3164 578 monasterio
3209 522 3404 578 sancti
3463 523 3709 581 Dionisii
3752 535 3842 600 post

459 613 691 682 patrem
715 610 786 644 ¹²⁵
817 626 997 665 suum
1031 629 1045 677 ;
1074 610 1231 666 ﬁlius
1271 616 1474 666 autem
1514 611 1643 682 ejus
1675 610 2013 666 Ludovicus
2038 612 2360 665 coronatus
2391 614 2478 665 est
2509 609 2711 666 Remis
2739 610 2801 666 in
2839 611 3043 682 vigilia
3073 653 3086 667 .
3132 653 3145 666 .
3192 653 3205 666 .
3249 653 3261 666 .
3305 655 3318 668 .
3369 613 3450 646 “7

534 701 688 753 1231.
726 701 844 753 Hoc
869 713 1029 754 anno
1063 698 1211 754 obiit
1236 701 1404 770 Hugo
1426 698 1747 771 episcopus
1781 696 2171 768 Lingonensis
2200 695 2347 752 feria
2377 701 2408 753 3
2439 699 2576 752 ante
2608 700 2808 754 Letare
2836 697 3225 755 Jherusalem.
3273 698 3386 754 Cui
3445 699 3729 757 successit
3769 704 3839 759 llo-

459 785 664 842 bertus
689 785 763 842 de
794 789 1022 842 Toreta.

535 878 690 931 1236.
726 878 845 931 Hoc
874 891 1035 930 anno
1065 879 1243 932 natus
1267 875 1425 932 ﬁlius
1451 875 1721 946 Hugonis
1751 875 1922 931 ducis
1946 873 2308 945 Burgundie.

536 967 691 1019 1239.
721 963 844 1020 Hoc
865 980 1025 1019 anno
1064 965 1334 1020 exierunt
1361 965 1584 1020 Tartari
1608 964 1682 1020 de
1714 967 1872 1020 terra
1900 979 2008 1020 sua
2039 967 2094 1020 et
2125 963 2548 1021 destruxerunt
2575 965 2878 1036 Rusciam,
2912 964 3219 1020 Poloniam
3239 970 3295 1021 et
3325 965 3688 1036 Ungariam.

537 1056 691 1108 1240.
725 1053 847 1108 Hoc
877 1068 1037 1108 anno
1068 1052 1308 1109 fuerunt
1335 1053 1594 1109 barones
1629 1053 1867 1109 Francie
1889 1052 2069 1108 deviti
2098 1054 2169 1087 ¹²⁸
2196 1045 2300 1108 rex
2331 1056 2610 1123 Navarre,
2637 1053 2762 1109 dux
2784 1053 3129 1124 Burgundio
3155 1072 3169 1122 ;
3196 1069 3407 1110 comes
3432 1055 3598 1110 Barri
3625 1060 3839 1111 mortuus

464 1140 572 1196 fuit
591 1145 647 1196 et
674 1157 878 1198 comes
907 1139 1282 1198 Montisfortis
1309 1147 1367 1198 et
1394 1158 1597 1198 comes
1623 1142 1995 1198 Nivernensis
2025 1144 2083 1198 et
2106 1141 2275 1198 multi
2305 1142 2404 1198 alii
2438 1143 2688 1199 nobiles.

537 1233 691 1286 1241.
722 1233 840 1286 Hoc
861 1246 1021 1286 anno
1042 1231 1189 1286 obiit
1214 1231 1372 1286 bone
1402 1231 1690 1287 memorie
1719 1231 1959 1286 donnus
2015 1229 2208 1287 abbas
2265 1233 2663 1303 Raymundus
2717 1231 2876 1288 illius
2920 1231 3188 1299 ecclesie,
3215 1231 3322 1305 qui
3347 1233 3686 1290 construxit
3711 1247 3842 1304 gran-

463 1317 646 1387 giam.
691 1361 705 1374 .
748 1359 763 1373 .
809 1362 822 1374 .
867 1361 879 1373 .
926 1361 937 1374 .
985 1362 997 1374 .
1044 1362 1056 1374 .
1097 1318 1252 1375 infra
1280 1320 1437 1375 hanc
1462 1319 1741 1375 abaciam
1772 1323 1830 1374 et
1858 1319 2014 1374 hanc
2041 1318 2355 1375 ecclesiam
2380 1321 2451 1355 ¹²⁹
2481 1320 2703 1377 nostris
2752 1319 2966 1376 debitis
3024 1319 3302 1393 aquisivit
3345 1363 3360 1377 .
3411 1364 3426 1377 .
3473 1363 3488 1378 .
3534 1363 3550 1378 .
3593 1361 3607 1375 .
3649 1365 3662 1377 .
3703 1366 3716 1379 .
3749 1365 3761 1379 .
3791 1366 3836 1382 ..

459 1406 624 1476 fecit.
659 1405 764 1462 Cui
789 1407 1075 1462 successit
1102 1407 1366 1463 domnus
1422 1407 1778 1480 [Stephanus
1813 1407 1907 1478 130]
1959 1412 2138 1463 natus
2168 1407 2242 1462 de
2270 1408 2411 1463 Loio
2443 1409 2618 1464 annis
2688 1414 2752 1466 12
2802 1413 2860 1466 et
2895 1408 3168 1465 dimidio.
3210 1441 3278 1450 —
3334 1411 3470 1465 Hoc
3539 1425 3694 1466 anno
3739 1410 3824 1467 obii

463 1493 780 1564 Gregorius
808 1499 940 1551 ΙΧιιε.
977 1494 1290 1568 Tempore.
1326 1496 1515 1569 ipsius
1567 1496 1676 1552 fuit
1731 1496 2032 1552 discordia
2087 1495 2238 1553 inter
2278 1513 2341 1552 se
2400 1502 2456 1553 et
2509 1498 2884 1554 Fredericum
2935 1498 3366 1570 imperatorem,
3399 1497 3511 1571 qui
3537 1498 3837 1572 duravitper

462 1598 722 1639 annos..'
760 1585 850 1650 ¹³¹,
881 1589 937 1640 et
967 1585 1216 1640 cessavit
1244 1585 1417 1641 sedes
1437 1601 1544 1658 per
1568 1586 1724 1641 duos
1765 1601 2022 1653 menses,
2063 1589 2121 1641 et
2175 1584 2416 1642 fuerunt
2443 1587 2601 1659 capti
2634 1588 2705 1623 ¹³²
2736 1587 2860 1644 duo
2907 1586 3086 1658 legati
3115 1591 3172 1643 et
3200 1585 3376 1643 multi
3410 1587 3646 1660 prelati,
3675 1589 3836 1643 archie-

461 1671 712 1744 piscopi,
740 1671 1007 1744 episcopi
1037 1678 1094 1728 et
1121 1673 1394 1744 abbates,
1420 1677 1476 1730 et
1498 1673 1984 1746 archiepiscopus
2039 1673 2438 1729 Bissuniensis
2470 1673 2641 1746 periit
2691 1675 2752 1731 in
2796 1690 2983 1732 mare.
3014 1675 3119 1732 Cui
3149 1674 3444 1731 successit
3473 1674 3778 1741 Celestinus,
3799 1681 3833 1730 et

461 1759 702 1815 duravit
727 1776 834 1832 per
865 1765 928 1816 15
957 1760 1107 1829 dies,
1157 1765 1214 1818 et
1270 1762 1526 1818 cessavit
1572 1761 1744 1818 sedes
1799 1778 1907 1834 per
1959 1777 2190 1818 annum
2219 1767 2277 1818 et
2331 1762 2640 1836 amplius;
2681 1763 2778 1820 cui
2830 1764 3116 1820 successit
3169 1763 3575 1820 lnnocencius
3624 1770 3830 1837 quartus,

463 1847 566 1920 qui
589 1848 787 1904 statim
819 1850 1059 1904 recessit
1085 1866 1121 1905 a
1151 1853 1340 1906 Roma
1360 1854 1419 1905 et
1442 1850 1604 1906 venit
1633 1851 1955 1907 Ludunum
1987 1851 2081 1918 ηδ,
2110 1855 2168 1906 et
2193 1850 2516 1908 celebravit
2535 1850 2856 1908 concilium
2885 1851 2967 1908 ibi
2997 1867 3161 1908 anno
3200 1851 3480 1909 secundo
3518 1852 3828 1926 pontiﬁcatus

464 1953 574 1993 Slll.

535 2029 692 2082 1244.
720 2027 843 2082 Hoc
873 2042 1037 2083 anno
1064 2027 1304 2083 fuerunt
1332 2044 1434 2084 rex
1461 2031 1520 2084 et
1542 2028 1752 2099 regina
1783 2028 1944 2101 apud
1979 2028 2308 2084 Divionem.
2359 2060 2429 2070 —
2457 2029 2581 2086 Hoc
2633 2045 2795 2086 anno
2851 2029 3276 2086 destruxerunt
3324 2029 3625 2088 Babilonii
3667 2033 3825 2086 ternm

461 2115 875 2188 promissionis
906 2119 962 2171 et
990 2115 1334 2188 sepulcrum
1363 2116 1598 2172 Domini
1625 2132 1818 2189 usque
1849 2116 1929 2172 ad
1949 2116 2149 2173 Tirum
2179 2121 2237 2173 et
2257 2117 2337 2173 ad
2367 2120 2478 2175 Cor
2506 2119 2579 2153 ¹³⁴
2608 2118 2899 2176 civitates.

538 2207 694 2260 1249.
722 2206 845 2260 Hoc
874 2221 1035 2260 anno
1065 2205 1212 2260 obiit
1266 2204 1530 2261 domnus
1588 2209 1756 2276 Hugo
1787 2205 2177 2274 Lingonensis
2228 2207 2548 2280 episcopus
2595 2213 2652 2264 et
2676 2207 2991 2282 quondam
3034 2205 3228 2264 abbas
3269 2207 3685 2277 Cluniacensis,
3702 2219 3822 2262 cruce

462 2293 733 2364 signatus
759 2294 914 2350 ultra
939 2311 1126 2364 mare,
1158 2300 1214 2350 et
1238 2295 1301 2350 in
1331 2295 1604 2367 sequenti
1633 2311 1795 2352 anno
1827 2295 2083 2352 succesit
2108 2296 2160 2352 ei
2189 2296 2379 2352 Guido
2431 2295 2506 2352 de
2565 2297 2904 2366 Rochefort,
2936 2312 3264 2354 canomcus
3316 2297 3594 2368 ejusdem
3619 2293 3818 2352 ecclesia.

463 2413 532 2423 —
561 2385 681 2437 Hoc
736 2399 896 2438 anno
949 2383 1325 2453 Lugdovicus
1381 2401 1485 2440 rex
1540 2400 1680 2440 cum
1736 2399 1922 2440 uxore
1975 2400 2086 2440 sua
2115 2389 2171 2440 et
2196 2385 2436 2441 duobus
2485 2385 2766 2442 fratribus
2814 2385 2937 2441 suis
2990 2385 3208 2441 Karolo
3236 2390 3295 2441 et
3315 2385 3577 2442 Roberto
3603 2385 3692 2440 ivit
3713 2381 3819 2437 ultra

463 2485 650 2540 mare,
679 2475 887 2528 contra
922 2487 1196 2544 paganos
1227 2478 1646 2546 pugnaturus;
1675 2473 1866 2546 quiin
1895 2473 2094 2545 primo
2117 2473 2381 2530 adventu
2425 2491 2534 2530 suo
2583 2475 2738 2548 cepit
2785 2474 3118 2530 Damietam
3166 2478 3224 2530 et
3263 2474 3537 2548 possedit
3581 2489 3698 2530 eam
3735 2470 3816 2526 fere

462 2574 570 2633 per
599 2559 916 2616 dimidium
937 2576 1186 2617 annum.
1217 2561 1322 2616 sed
1348 2562 1741 2634 permissione
1775 2561 1875 2618 Dei
1904 2561 2120 2618 accidit
2147 2563 2197 2617 ei
2250 2561 2561 2634 quoddam
2627 2561 3043 2618 infortunium.
3099 2565 3248 2618 Nam
3307 2566 3577 2636 tempore
3617 2555 3817 2633 paschali

462 2649 664 2705 exiens
693 2648 768 2704 de
801 2650 1068 2706 Damieta
1099 2667 1236 2706 cum
1263 2650 1468 2706 multis
1495 2649 1783 2707 militibus
1811 2650 2082 2722 peditum
2109 2655 2166 2706 et
2215 2650 2492 2719 militum,
2547 2650 2843 2724 pugnavit
2901 2666 3042 2706 cum
3068 2650 3326 2723 paganis
3353 2669 3368 2719 ;
3401 2654 3458 2706 et
3480 2650 3719 2706 detentus
3742 2645 3813 2700 fuit

460 2739 524 2795 in
552 2739 767 2795 eodem
815 2739 974 2795 bello
1030 2744 1086 2795 et
1140 2739 1312 2794 multi
1367 2740 1629 2796 barones
1689 2757 1828 2796 cum
1885 2756 1980 2810 eo,
2031 2744 2089 2795 et
2137 2739 2314 2795 frater
2353 2740 2482 2811 ejus
2514 2739 2804 2796 Robertus
2833 2739 3068 2796 occisus
3098 2745 3190 2796 est
3221 2759 3233 2795 :
3270 2745 3359 2796 set
3385 2739 3649 2796 redentus
3673 2734 3756 2790 fuit
3774 2736 3812 2786 et

461 2843 672 2884 omnes
700 2827 805 2900 qui
836 2844 975 2882 cum
1035 2843 1106 2883 eo
1216 2833 1385 2883 erant
1443 2833 1542 2884 100
1592 2828 1838 2885 milibus
1895 2827 2156 2885 marchis
2186 2828 2336 2896 auri,
2395 2828 2497 2885 tali
2555 2828 2895 2885 conditione
2950 2829 3117 2902 quod
3167 2827 3443 2886 Damieta
3493 2825 3808 2887 redderetur;

462 2930 585 2986 qua
607 2914 859 2985 reddita,
891 2914 1316 2971 destruxerunt
1345 2917 1416 2950 ¹³⁸
1442 2931 1580 2972 eam
1617 2916 1805 2989 pagni
1834 2916 2122 2984 funditus,
2158 2915 2420 2973 dicentes
2449 2915 2616 2990 quod
2640 2920 2886 2990 propter
2905 2932 3041 2972 eam
3073 2931 3309 2990 semper
3337 2915 3746 2972 infestabantur.

537 3005 693 3058 1252.
727 3005 848 3058 Hoc
867 3018 1026 3058 anno
1056 3007 1327 3060 exterunt
1355 3009 1624 3077 pastores
1656 3022 1796 3062 cum
1827 3004 2029 3062 multis
2088 3004 2386 3076 adjunctis
2444 3005 2692 3076 eisdem,
2733 3005 3000 3062 volentes
3053 3005 3460 3074 transfretare,
3510 3009 3562 3060 et
3603 3001 3805 3058 dicentes

462 3090 630 3163 quod
657 3091 942 3147 Dominus
970 3091 1033 3148 in
1062 3092 1368 3151 nativitate
1399 3110 1509 3150 sua
1537 3093 1724 3151 voluit
1749 3093 2132 3151 manifestare
2165 3111 2230 3150 se
2260 3110 2367 3167 per
2391 3095 2678 3166 angelum
2701 3093 3070 3168 pastoribus,
3103 3098 3160 3151 et
3205 3093 3343 3150 ideo
3391 3093 3648 3150 volebant
3683 3087 3805 3144 adire

459 3178 661 3236 locum
688 3180 790 3236 ubi
828 3185 1006 3237 natus
1031 3181 1140 3237 fuit
1168 3187 1225 3239 et
1252 3198 1602 3256 expugnare
1630 3182 1905 3239 inimicos
1927 3183 2057 3255 ejus
2090 3201 2103 3252 ;
2135 3187 2222 3239 set
2248 3182 2396 3238 illud
2421 3183 2801 3256 propositum
2830 3182 2893 3238 in
2923 3182 3205 3239 frivolum
3233 3182 3537 3239 redactum
3561 3178 3669 3236 fuit.

476 3314 494 3319 -
535 3272 690 3324 1254.
725 3273 844 3326 Hoc
873 3285 1034 3326 anno
1060 3270 1207 3327 obiit
1233 3271 1540 3344 dompnus
1574 3272 1646 3306 13°
1675 3272 1750 3327 de
1781 3271 1937 3334 Loio,
1971 3271 2162 3328 abbas
2187 3271 2357 3326 istius
2389 3270 2655 3340 ecclesie,
2703 3271 2795 3326 vir
2825 3269 3333 3344 prudentissimus
3377 3273 3540 3343 atque
3587 3261 3804 3321 ﬁdelissi-

458 3374 618 3427 mus,
651 3358 869 3416 scilicet
892 3358 952 3414 in
981 3360 1175 3432 capite
1198 3359 1431 3431 jejunii,
1463 3360 1630 3432 quod
1658 3365 1798 3416 tunc
1818 3359 1929 3415 fuit
1951 3365 1982 3414 5
2004 3358 2135 3415 Kal.
2169 3359 2383 3427 Marcii,
2415 3359 2521 3432 qui
2543 3364 2680 3417 ante
2703 3360 2776 3395 ¹³⁷
2811 3364 2874 3416 15
2898 3358 3027 3415 dies
3067 3359 3130 3415 in
3158 3358 3422 3432 periculo
3460 3354 3640 3414 mortis
3668 3348 3805 3426 posi-

459 3450 574 3516 tus,
604 3445 666 3501 in
696 3462 884 3502 manu
913 3447 1178 3520 episcopi
1207 3447 1598 3518 Lingonensis
1625 3447 1968 3518 resignavit,
1996 3450 2054 3503 et
2072 3446 2226 3504 bene
2257 3447 2619 3505 ministravit
2644 3447 2729 3504 ibi
2754 3466 2768 3517 ;
2800 3447 2896 3504 die
2925 3451 3131 3505 autem
3162 3447 3416 3504 crastina
3464 3437 3800 3514 deposicionis

458 3549 564 3589 sue
593 3535 812 3590 electus
835 3533 944 3591 fuit
970 3534 1255 3591 dominus
1280 3537 1482 3591 Petrus
1504 3536 1579 3591 de
1602 3538 1863 3592 Fosseto.

531 3625 686 3676 1255.
720 3623 837 3677 Hoc
866 3637 1027 3676 anno
1058 3622 1204 3678 obiit
1229 3623 1617 3679 lnnocencius
1637 3638 1801 3697 papa
1829 3623 1922 3679 1111
1954 3641 1969 3693 ;
2000 3624 2098 3680 cui
2128 3625 2201 3661 ¹⁸⁸
2230 3623 2522 3681 successit
2547 3623 2812 3680 domnus
2837 3624 3176 3682 Alexander
3232 3638 3382 3698 papa
3430 3619 3528 3687 lllI,
3555 3614 3644 3690 qui
3681 3614 3788 3669 erat

457 3710 780 3782 episcopus
807 3710 1154 3767 Hostiensis.

530 3803 685 3855 1259.
721 3800 841 3855 Hoc
872 3815 1032 3856 anno
1062 3800 1170 3857 fuit
1198 3800 1518 3857 inﬁrmitas
1543 3807 1600 3858 et
1629 3801 1958 3858 mortalitas
1986 3804 2304 3859 hominum
2333 3803 2393 3858 in
2423 3807 2548 3859 toto
2577 3803 2830 3871 mundo,
2861 3804 2943 3860 ita
2965 3808 3030 3860 ut
3055 3819 3248 3876 pauce
3300 3804 3507 3860 domus
3555 3798 3720 3854 essent
3750 3790 3797 3845 in

455 3887 677 3961 quibus
707 3889 920 3962 aliquis
947 3905 1129 3944 sanus
1158 3889 1519 3945 inveniretur
1547 3909 1560 3958 ;
1593 3892 1868 3964 cepitque
1896 3891 2141 3948 inicium
2178 3892 2288 3946 hec
2313 3891 2645 3947 mortalitas
2671 3892 2730 3947 in
2761 3908 2984 3963 magna
3041 3892 3388 3949 ebdomada
3433 3895 3552 3948 ante
3600 3880 3798 3943 Pascha,

455 3977 812 4050 duravitque
841 3979 1069 4034 circiter
1099 3995 1289 4034 unum
1318 3995 1609 4034 mensem.

531 4070 684 4123 1260.
720 4069 842 4123 Hoc
868 4083 1029 4124 anno
1055 4067 1174 4124 fere
1195 4069 1256 4124 in
1286 4068 1565 4124 universo
1592 4069 1736 4125 orbe
1771 4069 2102 4126 Christiano
2125 4073 2410 4142 ceperunt
2437 4085 2497 4124 se
2525 4069 2799 4126 homines
2822 4069 2956 4128 laici
2987 4086 3128 4127 cum
3166 4069 3370 4126 multis
3414 4065 3619 4126 clericis
3665 4055 3802 4116 corri-

458 4153 566 4221 giis
589 4155 919 4224 verberare,
951 4157 1142 4212 induti
1171 4156 1435 4212 vestibus
1465 4157 1637 4228 albis,
1668 4158 1933 4214 humeris
1954 4158 2369 4230 discoopertis.

531 4245 686 4296 1261.
723 4243 843 4297 Hoc
871 4259 1033 4299 anno
1063 4246 1211 4301 obiit
1235 4247 1498 4301 domnus
1519 4246 1854 4303 Alexander
1877 4263 2040 4321 papa
2073 4248 2190 4316 lIIl,
2226 4247 2446 4304 scilicet
2479 4250 2542 4303 14
2573 4247 2706 4304 Kal.
2733 4248 2908 4304 Junii.
3661 4327 3668 4330 Α
3771 4322 3779 4330 ,

532 4333 686 4384 1266.
724 4334 842 4386 Hoc
877 4334 947 4368 ¹³⁹
977 4349 1137 4388 anno
1172 4333 1422 4390 Karolus
1447 4336 1686 4408 princes
1719 4342 2020 4400 strenuus,
2074 4335 2253 4392 frater
2305 4336 2585 4394 Ludovici
2640 4336 3052 4408 gloriosissimi
3095 4342 3152 4392 et
3208 4327 3673 4394 Christianissimi
3691 4327 3802 4392 regis

457 4418 722 4485 Francie,
755 4419 902 4476 adiit
920 4420 1242 4478 honoriﬁce
1270 4439 1409 4480 cum
1442 4441 1624 4481 uxore
1653 4442 1762 4481 sua
1791 4431 1848 4481 et
1871 4425 2073 4480 liberis
2107 4425 2229 4480 suis
2259 4425 2538 4498 Apuliam
2570 4443 2708 4482 cum
2760 4426 2959 4482 multis
3003 4426 3246 4482 milibus
3305 4429 3668 4483 Francorum,
3700 4416 3805 4471 len-

454 4507 692 4564 fredum
717 4515 1055 4582 apostatam
1078 4518 1549 4584 expugnaturus,
1577 4530 1760 4586 quem
1793 4513 1920 4569 sine
1943 4513 2108 4583 gravi
2137 4513 2407 4586 dampno
2438 4515 2656 4570 devicit
2679 4519 2737 4570 et
2766 4513 3000 4571 occidit.
3033 4517 3182 4570 Nam
3209 4530 3382 4570 arma
3407 4529 3516 4570 sua
3541 4502 3805 4567 mutaverat

454 4596 755 4670 predictus
785 4599 1117 4655 Menfredus
1143 4599 1203 4656 in
1224 4601 1486 4658 exercitu
1517 4619 1627 4657 suo
1647 4607 1705 4658 et
1723 4618 1760 4658 a
1789 4618 1935 4657 casu
1963 4601 2184 4668 ocisus,
2218 4602 2527 4670 ignoratur
2555 4603 2660 4676 qui
2690 4619 2830 4659 eum
2879 4603 3145 4659 ociderit.
3181 4605 3310 4669 Quo
3368 4603 3550 4670 ociso,
3576 4603 3628 4655 et
3674 4601 3805 4649 ιιιοτθ

457 4702 569 4742 sua
599 4693 655 4742 et
683 4687 816 4742 ﬁliis
845 4689 975 4759 ejus
1002 4690 1208 4762 captis,
1233 4695 1290 4746 et
1310 4691 1628 4747 comitibus
1648 4695 1705 4746 et
1726 4691 2059 4748 baronibus
2077 4690 2353 4765 plurimis
2387 4692 2597 4766 captis,
2626 4692 2877 4749 Karolus
2907 4709 3011 4749 rex
3032 4693 3220 4749 Sicilie
3248 4697 3305 4750 et
3355 4691 3561 4767 Apulie
3588 4691 3640 4744 et
3686 4678 3805 4740 Cala-

453 4773 581 4831 brie
611 4776 855 4833 effectus
881 4781 991 4833 est.

1826 4905 2057 4962 VARUE
2097 4906 2389 4964 LECTION
2397 4907 2497 4963 ES.

510 5024 601 5103 _m
628 5027 685 5080 et
714 5028 794 5092 to,
827 5041 1040 5108 usque,
1069 5023 1391 5108 ab..civita,
1424 5030 1518 5082 ost
1540 5043 1622 5101 pa
1651 5027 1900 5108 abscisa.
1925 5100 1946 5108 Δ
1982 5031 2055 5108 ιε’(
2083 5032 2298 5108 supple
2323 5047 2346 5108 ς
2376 5029 2710 5108 festivitatis
2740 5029 2931 5108 sancji
2960 5030 3366 5108 Andree.__'"
3398 5032 3485 5086 ita
3511 5029 3685 5108 legere
3704 5011 3809 5108 ηιξιξξ

456 5095 614 5174 uisus
646 5089 795 5174 sunt.
825 5089 1136 5174 Principes
1167 5097 1230 5174 in_
1254 5089 1477 5153 terram
1504 5089 1772 5174 sanctam
1788 5100 2056 5170 profecti
2075 5089 2272 5172 ibi'q'ue
2296 5103 2512 5159 devicti
2539 5107 2708 5174 sunt;
2743 5102 2822 5173 cf.
2855 5101 3160 5159 Guillelm.
3212 5102 3414 5172 Nang.
3463 5089 3805 5174 αῃῘΒομφξξξ

453 5167 558 5245 xx:
586 5182 647 5237 p.
681 5169 809 5245 328.
856 5153 1634 5245 ___"915_on_planneconstot.
1681 5153 3160 5245 "iisb‘éid'saﬁﬂéci‘."1'5?'iid'cbﬁfEpic-$072555:
3208 5153 3804 5245 fiiwch'uﬁiicodfnff'

455 5231 669 5317 ludum
699 5236 927 5317 codd“
959 5241 1053 5294 vel
1081 5231 1609 5317 Adcor‘IfOrtasse
1634 5257 1656 5298 .·
1689 5244 1908 5317 ᾼοοοη.
1983 5231 2075 5278 "3‘
2108 5244 2504 5317 destuxerunt
2530 5245 2658 5302 cod.
2696 5231 2712 5243 ⁸
2741 5245 2812 5317 ¹³Ϋ
2837 5247 2963 5317 Dps
2991 5261 3041 5301 ο.
3073 5246 3334 5316 fortasse
3385 5231 3521 5317 δῷς
3563 5241 3587 5295 i
3636 5252 3678 5294 e.
3721 5231 3806 5317 sle:

456 5304 721 5431 wing:
803 5307 875 5341 m
905 5322 1002 5363 an'
1084 5311 1153 5344 m
1189 5310 1275 5366 bis
1306 5304 1539 5368 duabus
1564 5314 1735 5370 ίίηθίε
1765 5316 2076 5384 scriptum.
2157 5316 2228 5350 ¹³⁰
2259 5318 2378 5372 Hoc
2401 5349 2472 5357 —
2501 5333 2641 5373 cum
2678 5304 2977 5372 multis‘in
3010 5304 3138 5373 loco
3171 5330 3310 5372 raso
3335 5304 3466 5371 alid
3485 5324 3658 5369 manu
3677 5311 3807 5376 quam

553 5391 612 5447 τι]
703 5419 715 5432 ,

2056 5527 2280 5584 ΝΟΤΛΕ.

529 5642 641 5715 (61)
672 5642 1086 5716 lontpensier.
