1997 3083
59 61 105 89 397
447 57 640 86 ROBERTUS
659 58 727 86 REX
746 58 979 88 FRANCORUM.
1000 75 1035 81 —
1053 62 1193 92 ΝΟΤΙΤΙΑ
1211 65 1405 96 HISTORICA.
1739 72 1792 98 898

91 122 172 150 1267.
193 122 255 149 Hoc
271 121 310 138 “°
322 128 403 148 anno
417 119 513 153 Oddo,
529 119 750 167 primogenitus
766 120 858 149 ducis
872 122 1142 167 Durgundie,miles
1159 126 1269 163 bonus,
1280 129 1413 164 prudens
1425 132 1515 166 atque
1531 131 1707 167 catholicus,
1717 132 1792 160 obiit

54 167 83 195 in
98 165 239 203 partibus
255 164 484 198 transmarinis;
500 164 552 200 qui
568 164 599 191 in
612 167 708 192 morte
724 173 781 193 sua
796 165 972 212 maximum
995 167 1083 195 nobis
1108 170 1249 198 omnibus
1273 174 1403 201 ostendit
1416 164 1591 203 humilitatis
1605 176 1790 212 exemplum,

54 213 128 240 Nam
141 212 210 239 octo
224 210 332 238 diebus
348 212 510 246 antequam
525 211 693 237 moreretur
708 209 823 245 portari
842 217 875 237 se
891 209 960 238 fecit
971 210 1002 238 in
1016 212 1157 249 hospitali
1169 223 1338 251 pauperum
1352 220 1435 246 extra.
1447 227 1551 247 muros
1566 209 1737 248 Aucone_*“
1753 209 1793 249 ci;

53 255 165 290 vitatis,
181 254 285 291 ibique
301 255 409 283 amotis
422 253 502 282 vario
517 255 546 281 et
561 253 642 288 griso
658 253 869 289 omnibusque
885 256 1070 284 ornamentis
1083 258 1180 293 regiis,
1196 259 1263 287 fecit
1284 269 1316 288 se
1331 262 1403 297 poni
1425 263 1455 290 in
1470 264 1655 300 pauperculo
1671 265 1748 293 lecto
1764 267 1792 293 et

53 300 118 329 sine
131 299 249 336 pluma,
266 302 423 336 coopertus
439 298 652 327 tantummodo
669 298 707 326 de
722 298 865 334 quadam
880 298 964 334 vitta,
975 302 1168 338 precepitque
1181 304 1324 332 militibus
1340 306 1411 341 suis,
1436 298 1634 342 jurejurando
1654 310 1791 337 median-

53 343 90 380 te,
108 344 194 381 quod
209 344 241 372 in
257 347 352 372 morte
365 352 419 372 sua
431 343 472 372 nil
487 342 721 378 sollempnitatis
737 346 882 377 ageretur
896 347 1089 381 preterquam
1104 347 1140 365 “3
1156 347 1293 377 divinum
1307 349 1440 378 ofﬁcium
1465 353 1493 378 et
1515 352 1579 380 sola
1601 354 1728 382 candela
1744 363 1791 382 ar-

52 390 138 418 deret
152 389 185 417 in
199 391 297 417 morte
312 391 340 417 et
355 389 385 417 in
397 388 602 417 inhumatione
619 387 728 424 ipsius.

91 435 173 462 £271.
195 436 256 462 Hoc
272 442 352 462 anno
365 434 468 462 cecidit
493 433 580 461 turris
610 431 648 460 de
676 433 776 480 choro
802 435 831 460 et
856 433 1011 462 neminem
1037 437 1196 472 oppressit,
1226 439 1330 466 ceteris
1358 442 1460 467 autem
1489 441 1659 469 muralibus
1688 444 1793 480 templi

52 478 164 508 evincl.
183 499 190 505 .
209 500 215 506 .
237 478 393 506 indutibus
407 486 443 506 ex
458 478 608 506 voluntate
625 476 857 505 monachorum
870 480 899 505 et
912 478 1042 506 artiﬁcis.
1066 502 1072 507 .
1096 502 1102 507 .
1126 502 1132 508 .
1156 503 1162 509 .
1186 504 1191 509 .
1219 504 1224 510 .
1248 504 1254 510 .

90 525 173 551 1285.
196 524 256 550 Hoc
270 530 351 550 anno
366 522 491 550 surrexit
505 522 656 558 Philippus
677 529 736 549 rex
753 522 876 550 Francia
903 525 1007 551 contra
1036 525 1155 553 Petrum
1181 527 1312 555 condam
1335 537 1436 564 regem
1452 531 1705 565 Aragonensium,
1720 540 1793 560 con-

52 568 258 604 dempnatum
271 575 289 594 a
301 566 425 594 domino
438 575 517 603 papa
527 566 649 595 Martino
664 567 728 600 1111,
747 574 816 594 cum
832 566 936 594 multis
951 567 1119 597 baronibus
1135 571 1256 598 Francia
1271 574 1299 599 et
1313 581 1409 600 manu
1422 574 1521 603 valida
1543 575 1725 604 bellatorum
1739 587 1745 611 ;
1762 577 1793 604 in

52 620 116 649 quo
132 612 224 640 etiam
239 611 351 639 exitum
369 612 404 629 “3
419 611 526 647 potitus
543 611 579 628 “3
594 613 638 638 est
652 610 721 647 ipse
737 619 789 639 rex
804 611 941 648 Philipus
957 620 1026 640 eum
1040 613 1157 643 inﬁnita
1172 616 1363 644 multitudine
1384 626 1517 647 suorum.
1543 620 1591 647 Ille
1617 621 1706 649 etiam
1722 630 1795 658 apo.

53 659 135 684 stata
151 658 226 683 nutu
242 654 346 683 divino
362 655 468 683 eodem
484 663 563 683 anno
577 655 668 682 vitam
683 655 792 683 ﬁnivit.
812 656 925 683 Eodem
942 659 1043 684 autem
1059 658 1173 695 Philipo
1187 668 1256 695 rege
1273 661 1393 689 Francie
1413 666 1542 699 mortuo,
1559 665 1703 693 successit
1722 654 1750 693 ei
1762 666 1793 693 in

52 708 151 736 regno
165 699 246 728 ﬁlius
258 699 324 735 ejus
339 700 470 736 Philipus
487 699 618 735 nomine,
634 700 745 728 faciem
761 700 973 737 pulcerrimus,
987 709 1081 736 agens
1094 705 1128 731 22
1145 712 1260 732 annum
1275 714 1281 739 ;
1298 706 1350 741 qui
1364 707 1454 734 etiam
1470 707 1524 736 fuit
1538 710 1573 725 “3
1584 718 1635 737 rex
1652 711 1793 738 Navarrie

54 749 80 774 et
96 753 202 774 comes
217 745 393 781 Campanie,
409 748 436 773 et
446 745 555 774 multas
568 745 643 773 alias
661 746 696 764 1“
712 748 805 774 terras
820 746 968 783 possedit.
986 748 1045 775 Hoc
1061 748 1152 777 etiam
1167 758 1249 778 anno
1261 754 1400 780 mortuus
1411 752 1466 781 fuit
1480 754 1622 783 Martinus
1637 763 1719 792 papa
1735 758 1791 790 Illi,

55 793 83 819 et
98 789 245 818 successit
257 789 419 818 Honorius.

751 841 868 868 VARl/E
889 841 1094 871 LECTIONES.

91 888 130 905 “0
150 887 462 940 Hp‘cqn-tpxeﬁiplpm
478 888 576 940 eqdem
592 896 764 940 manulqua
778 889 856 940 anni;
870 890 949 940 12:56.
965 889 1087 940 mitium
1146 892 1209 933 loco
1222 899 1291 920 raso
1306 895 1464 940 spriptu'm.
1502 896 1536 913 ¹⁴¹
1553 898 1597 924 ita
1614 906 1639 924 οῖ.
1670 898 1704 915 ’⁸³
1718 906 1793 934 prae—

91 932 99 940 .
114 931 177 940 mm
240 930 273 940 μη
399 931 405 940 .
422 931 470 940 ...η
511 932 517 940 .
534 932 568 940 ..ρ
584 931 643 940 κη..
664 931 686 940 η,
703 931 759 940 mm
775 932 844 940 nn...
861 932 898 940 ,ω
1020 934 1094 940 nm...
1113 935 1154 940 η..-
1171 935 1229 940 --μη
1246 936 1302 940 ω.-
1340 937 1363 940 μ
1438 939 1442 940 ν

56 926 99 952 ter
114 923 199 960 quod
211 923 225 950 ‘2
239 922 304 950 cod.
348 922 387 940 “3'
398 923 482 957 itum,
500 923 569 951 titus
584 931 644 952 non
661 922 759 958 plane
773 927 923 952 constant.
965 924 1002 942 ¹⁵⁸
1017 928 1157 961 supplevi
1163 929 1230 963 jam
1244 936 1304 956 non
1323 922 1458 965 tegenda.

57 1010 1407 1033 ma

736 1090 829 1111 ANNO
851 1090 971 1112 DOMINI
994 1091 1105 1114 ΜΧΧΧΙ
1111 1107 1117 1113 .

229 1106 1613 1391 ΗΒΕΗτυς””111ξέᾗΑΝυυΗυΜ.
1712 1281 1720 1287 ρ

531 1438 843 1501 ΝΟΤΙΤΙΑ
897 1442 1312 1505 HISTOBICA.

171 1550 376 1585 (MAGNOALnus
390 1548 579 1575 ZisGELBAUEn
594 1545 626 1574 in
641 1545 813 1582 Conspectu
827 1549 872 1577 rei
884 1548 1042 1577 litterariae
1057 1549 1128 1577 0rd.
1144 1549 1176 1578 S.
1193 1551 1359 1587 Benedicti,
1373 1555 1457 1588 parte
1472 1561 1491 1587 ι,
1508 1562 1577 1590 pag.
1595 1557 1668 1592 323).

47 1714 51 1718 .
89 1693 160 1726 Quo
174 1693 310 1727 tempore
320 1689 490 1721 Gerbertus.
502 1696 538 1717 ex
550 1687 701 1716 monacho
713 1690 895 1718 Auriliacen-
913 1693 937 1719 Α
951 1690 1055 1719 habuit
1070 1691 1237 1728 principem
1248 1701 1263 1720 e
1277 1693 1366 1721 Gallis
1381 1694 1574 1731 discipulum,
1588 1699 1616 1725 et
1632 1706 1709 1734 quos
1730 1700 1781 1727 Ec-

54 1738 78 1765 si
93 1737 207 1769 abbas,
223 1738 288 1763 tum
302 1733 436 1771 pontifex
452 1733 617 1768 Remensis,
641 1732 712 1761 dein
727 1735 896 1770 Ravennas,

52 1784 214 1819 postremo
229 1781 393 1813 Romanus,
402 1778 500 1806 Remis
514 1777 572 1805 sub
583 1777 773 1806 Adalberone
786 1779 897 1807 archie-

52 1827 187 1863 piscopo
202 1824 322 1852 scholas
337 1823 470 1858 regebat,
487 1822 802 1858 Robertum.Hugonis
818 1823 896 1859 regis

53 1871 166 1904 ﬁlium,
182 1873 222 1898 ad
235 1877 359 1897 omnem
383 1867 603 1896 humanitatem
628 1875 662 1895 ac
682 1868 826 1896 doctrinas
840 1868 897 1896 ele-

56 1915 196 1950 gantiam
211 1913 392 1941 informavit.
411 1913 449 1940 De
465 1920 526 1948 quo
551 1911 633 1946 regio
662 1911 810 1948 discipulo
832 1912 896 1940 haec

56 1960 149 1988 tradit
166 1958 339 1994 Helgaudus
364 1956 557 1986 Floriacensis
581 1956 749 1984 monachus
766 1966 772 1985 ι
789 1957 897 1985 Haber-

56 2007 103 2032 tus
118 2012 138 2033 a
148 2007 243 2039 patre
256 2003 365 2031 schola
375 2001 513 2030 Remensi
527 2001 657 2029 traditus
682 2002 800 2029 domino
823 2002 896 2029 Ger-

56 2048 141 2076 berto
156 2047 199 2076 ad
208 2046 403 2075 erudiendum
419 2048 461 2074 est
477 2046 578 2077 datus,
594 2046 647 2081 qui
662 2053 726 2074 eum
742 2046 894 2080 sufﬁcien-

57 2095 102 2120 ter
122 2091 302 2120 liberalibus
329 2090 475 2118 instruxit
495 2089 674 2124 disciplinis.
705 2090 786 2117 Idem
813 2092 897 2117 notat

55 2136 232 2165 Chronicon
244 2134 348 2163 incerti
364 2133 494 2162 auctoris
510 2133 549 2162 ab
565 2141 646 2162 anno
667 2133 773 2162 Christi
788 2135 840 2161 988
855 2133 895 2161 ad

55 2189 179 2210 annum
209 2182 276 2208 1015
303 2179 454 2207 desinens.
486 2179 523 2206 In
550 2179 648 2206 locum
672 2179 736 2213 ejus
756 2178 896 2215 (Arnulﬁ)

54 2226 236 2254 consecrari
245 2225 393 2260 fecittrex
413 2223 521 2259 Galliae)
548 2223 689 2251 domnum
719 2223 894 2252 Gerbertum

55 2270 242 2299 monachum
256 2269 480 2304 philosophum,
500 2269 553 2304 qui
567 2268 727 2297 Gerbertus
752 2269 895 2303 magister

50 2316 120 2351 fuit
136 2315 259 2343 Roberti
271 2315 358 2350 regis,
373 2314 433 2349 ﬁlii
446 2314 531 2342 istius
556 2314 704 2349 Hugonz’s,
728 2316 755 2341 et
782 2313 896 2340 domini

51 2360 209 2389 Leoterici
231 2359 446 2394 archiepiscopi
471 2357 687 2393 (Senonensis),
718 2357 893 2385 successoris

52 2404 173 2433 Sevini.
189 2404 296 2430 Verum
310 2405 431 2439 praestat
447 2401 551 2430 audire
574 2401 777 2436 fragmentum
803 2401 894 2428 Histo-

51 2449 107 2476 riae
123 2447 275 2476 Francicze
288 2455 306 2475 a
321 2446 470 2475 Ludovico
485 2446 536 2473 Pio
560 2445 600 2473 ad
621 2445 783 2473 Robertum
797 2453 893 2481 usque

51 2502 178 2529 regem,
194 2493 245 2521 ubi
259 2495 287 2521 et
298 2493 389 2528 hujus
401 2491 479 2527 regis
491 2491 635 2519 institutio
647 2493 676 2519 et
688 2491 893 2519 ecclesiastica

53 2537 196 2567 Gerberti
211 2537 368 2572 dignitates
382 2535 592 2564 describuntur
601 2544 608 2563 :
617 2536 761 2564 Robertus
770 2536 832 2571 fuit
846 2536 894 2564 vir

52 2585 248 2618 mansuetus,
263 2584 290 2610 et
303 2589 363 2610 non
378 2580 567 2609 mediocriter
582 2580 719 2608 literatus
730 2588 766 2609 ac
776 2580 894 2616 religio-

52 2636 118 2656 sus.
134 2627 253 2655 Habuit
263 2627 339 2655 enim
353 2628 563 2661 praceptorem
584 2624 757 2653 Gerbertum
775 2626 892 2660 sapien-

53 2676 130 2706 tem,
143 2672 198 2707 qui
208 2674 311 2706 postea
325 2671 362 2699 ab
377 2670 476 2698 eodem
496 2677 565 2705 rege
578 2669 765 2697 Remensium
784 2670 893 2697 meruit

49 2717 283 2752 pontiﬁcatum,
298 2716 423 2751 indeque
437 2715 541 2742 merito
555 2715 685 2742 scientiae
699 2717 726 2741 et
739 2715 893 2749 sapientia

52 2770 121 2790 suae
139 2761 179 2789 ab
195 2761 299 2789 Ottone
315 2752 551 2788 Transrhénensi
578 2761 759 2793 assumptus,
780 2759 894 2786 Raven-

53 2808 183 2836 natium
195 2806 317 2834 sortitus
328 2808 367 2833 est
378 2805 586 2840 prwsulatum.
613 2804 687 2832 Ecce
702 2802 775 2832 tibi!
802 2810 894 2839 quem

952 1735 1050 1763 clesiae
1066 1736 1196 1764 honores
1210 1737 1348 1766 obtinuit.

987 1781 1135 1813 Quoniam
1147 1790 1218 1809 vero
1232 1782 1271 1810 ad
1296 1783 1492 1812 Benedictinee
1520 1785 1711 1815 institutionis
1734 1788 1784 1816 de-

951 1833 1004 1852 cus
1017 1825 1119 1853 attinet
1133 1826 1224 1862 hujus
1239 1827 1317 1862 regis
1332 1836 1393 1856 non
1414 1829 1514 1857 minus
1527 1831 1672 1867 praeclara
1690 1832 1782 1860 virtus

950 1877 1044 1905 quam
1059 1870 1185 1905 insignis
1200 1871 1338 1907 eruditio,
1348 1873 1395 1900 hic
1408 1873 1444 1901 de
1460 1877 1586 1911 utraque
1602 1876 1631 1904 in
1647 1877 1781 1905 medium

950 1913 1092 1949 quaedam
1107 1914 1223 1943 allaturi
1236 1924 1352 1943 sumus.
1369 1918 1465 1953 Atque
1482 1920 1512 1945 ut
1526 1919 1563 1946 de
1589 1920 1702 1948 virtutis
1723 1924 1782 1948 stu-

950 1957 1000 1985 dio
1016 1958 1149 1994 primum
1162 1958 1334 1996 loquamur,
1351 1960 1405 1988 fuit
1418 1961 1563 1990 Robertus
1579 1964 1736 1993 cat/taliae
1744 1966 1780 1999 ﬁ-

950 2001 998 2029 dei
1007 2003 1170 2030 acerrimus
1184 2004 1304 2037 vindex,
1321 2005 1407 2039 cujus
1421 2004 1619 2039 integritatem
1644 2015 1712 2034 cum
1739 2007 1780 2034 Li-

951 2045 993 2080 soj
1000 2053 1033 2072 us
1046 2048 1074 2073 et
1089 2047 1271 2082 Stephanus,
1287 2048 1357 2075 novi
1374 2048 1538 2084 Manichasi,
1552 2050 1780 2086 depravassent,

950 2096 1002 2117 eos
1018 2097 1088 2117 cum
1102 2090 1256 2125 pravitatis
1283 2091 1429 2119 haeretica:
1457 2094 1586 2121 consciis
1616 2095 1781 2123 Aurelianis

949 2133 1018 2169 igne
1033 2133 1199 2163 damnavit.
1217 2135 1398 2164 Christiana
1412 2139 1651 2168 mansuetudinis
1671 2144 1698 2169 et
1714 2141 1782 2169 cha-

949 2178 1049 2206 ritatis
1065 2179 1175 2207 eximia
1189 2179 1271 2207 dedit
1286 2181 1433 2215 exempta.
1444 2182 1607 2212 Duodecim
1621 2184 1701 2212 viros
1714 2193 1782 2213 con-

945 2222 1105 2258 jurationis
1130 2223 1162 2251 in
1191 2231 1309 2252 sacram
1336 2233 1421 2253 suam
1445 2234 1609 2262 personam
1630 2230 1780 2257 convictos

949 2266 1047 2295 triduo
1062 2270 1130 2295 ante
1146 2268 1260 2296 Pascha
1272 2269 1362 2304 jussit
1375 2270 1442 2306 ipsa
1457 2271 1505 2298 die
1521 2276 1717 2301 sacrosanctae
1730 2275 1781 2301 Do-

949 2311 1066 2339 minicae
1095 2313 1319 2340 resurrectionis
1347 2316 1560 2344 communione
1588 2317 1721 2353 corporis
1753 2319 1781 2345 et

915 2376 937 2402 Β
952 2356 1107 2391 sanguinis
1121 2357 1239 2386 Domini
1253 2359 1347 2386 nostri
1360 2360 1429 2387 Jesu
1444 2361 1549 2388 Christi
1563 2361 1680 2396 donari,
1696 2365 1724 2390 et
1738 2370 1781 2390 re-

951 2400 1070 2435 galibus
1082 2402 1178 2437 epulis
1202 2403 1338 2431 recreari.
1370 2404 1511 2439 Sequenti
1539 2405 1587 2433 die
1615 2406 1780 2442 quaestione

949 2444 1062 2480 habita,
1080 2445 1175 2481 capite
1188 2446 1324 2474 damnati
1340 2450 1419 2475 sunt.
1443 2450 1478 2476 At
1491 2449 1572 2485 ipsos
1586 2450 1715 2478 absolvit
1729 2459 1780 2478 rex

948 2489 1219 2525 mansuetissimus,
1234 2490 1337 2518 dicens
1352 2500 1358 2519 :
1375 2492 1442 2520 Non
1453 2493 1558 2521 debere
1569 2494 1722 2530 damnari,
1729 2496 1783 2531 qui

945 2535 1071 2569 fuerant
1079 2536 1257 2569 praemuniti
1269 2536 1333 2564 cibo
1347 2540 1477 2572 potaque
1491 2539 1611 2567 caelesti.
1624 2541 1780 2576 Nusquam

948 2578 1063 2614 absque
1076 2578 1260 2614 pauperibus
1270 2582 1334 2607 erat
1343 2580 1610 2611 Christianissimus
1623 2584 1777 2612 Robertus.

949 2622 1110 2650 Duodecim
1125 2630 1274 2659 pauperes
1286 2623 1469 2653 domesticos
1494 2627 1636 2664 habebat,
1657 2628 1709 2665 qui
1733 2629 1778 2665 ip-

949 2675 1026 2700 sum,
1044 2675 1225 2703 quocunque
1251 2668 1314 2704 iret,
1331 2669 1429 2697 asellis
1457 2673 1531 2699 vecti
1557 2674 1776 2709 praecedebant.

950 2712 1010 2740 Hoc
1024 2713 1118 2740 sancti
1128 2713 1207 2748 regis
1219 2714 1401 2742 satellitium.
1419 2716 1490 2744 Mille
1503 2717 1533 2744 in
1549 2719 1636 2753 regiis
1652 2720 1777 2747 urbibus

949 2759 977 2785 et
992 2757 1108 2793 castris,
1124 2758 1233 2785 scilicet
1245 2759 1373 2793 Parisiis,
1391 2760 1584 2798 Sylvanectis,
1601 2763 1777 2797 Aurelianis,

950 2801 1084 2837 Divione,
1100 2802 1300 2842 Autisiodoro,
1316 2804 1459 2841 Avalone,
1475 2807 1639 2841 Meleduno,
1650 2808 1794 2848 Stampis;

1799 2831 1819 2840 ,ει
