3994 6166
443 140 550 205 899

1652 131 2018 193 ROBERTUS
2056 125 2191 188 REX
2229 127 2672 189 FRANCORUH.

3788 135 3917 190 900

444 261 1196 336 alebat.Quadragesimali
1223 265 1576 335 tempestate
1603 259 1878 316 ducentis
1909 256 2104 332 quoti-
2135 258 2183 312 Α
2220 276 2248 304 «ι
2291 271 2406 311 me
2435 271 2672 312 summo
2701 254 2978 328 pontiﬁce
3007 256 3261 314 missam
3281 256 3666 324 celebrante,
3685 264 3912 314 sancto

445 360 540 417 die
566 374 810 434 panem,
843 355 1036 428 pisces
1073 370 1145 410 ac
1172 353 1379 409 vinum
1435 349 1874 406 subministrari
1933 363 2102 404 cura—

443 449 566 506 bat.
598 450 662 504 In
694 450 880 505 Ccena
910 443 1144 501 Domini
1175 439 1450 499 trecentis
1478 440 1722 514 propria
1778 453 1963 494 manu
2002 454 2105 510 pa-

443 554 605 606 nem,
636 535 966 607 legumina,
995 533 1188 605 pisces
1215 546 1286 586 ac
1314 529 1594 586 denarios
1624 528 1792 585 ﬂexis
1825 526 2103 597 genibus,

443 628 594 685 hora
623 626 794 684 tertia
844 622 1063 680 viritim
1114 618 1530 675 distribuebat.
1582 617 1819 676 Selectis
1865 622 2104 673 centum

444 715 814 790 pauperibus
847 709 1071 767 clericis
1124 708 1462 764 uberiorem
1500 709 1651 765 hora
1706 711 1871 764 sexta
1903 722 2106 777 eroga-

444 805 552 862 bat
577 803 1046 872 eleemosynam.
1083 799 1228 854 Cum
1260 813 1296 852 a
1320 811 1532 852 mensa
1563 794 2104 868 surrexisset,posi-

443 891 518 948 tis
539 888 842 960 regalibus
873 884 1263 952 vestimentis,
1310 883 1498 940 cilicio
1544 884 1813 951 indutus,
1873 899 2102 957 paupe-

443 997 578 1036 rum
607 978 792 1052 pedes
823 976 1040 1050 pietate
1069 980 1127 1032 et
1154 973 1486 1029 humilitate
1516 973 1857 1030 admirabili
1895 973 2102 1030 ablue-

442 1069 565 1126 bat.
602 1069 814 1125 Sacras
847 1066 1006 1122 aedes
1035 1071 1091 1120 et
1134 1064 1505 1120 monasteria
1535 1062 1760 1133 ingenti
1789 1079 2042 1119 numero
2069 1079 2104 1120 a

442 1155 848 1213 fundamentis
879 1153 1079 1220 erexit,
1113 1152 1187 1208 de
1217 1151 1440 1225 quibus
1496 1151 1811 1222 legendus,
1867 1151 2103 1221 Helgal-

442 1243 557 1300 dus
594 1242 657 1299 in
685 1245 866 1315 hujus
895 1243 1042 1299 Vita.
1079 1247 1140 1298 In
1171 1241 1270 1298 Dei
1295 1240 1580 1297 laudibus
1624 1245 1749 1296 erat
1798 1241 2100 1296 assiduus.

444 1335 528 1388 Ex
557 1332 903 1390 Constantia
927 1347 1113 1387 uxore
1143 1335 1406 1404 quatuor
1420 1329 1576 1386 ﬁlios
1599 1329 1862 1404 suscepit
1891 1330 2106 1386 Bober-

442 1426 557 1492 tus,
591 1426 902 1495 Hugonem
951 1421 1288 1487 Henricum,
1347 1420 1616 1478 Odonem
1657 1426 1711 1476 et
1756 1420 2099 1488 Robertum,

443 1529 554 1570 nec
609 1530 733 1570 non
788 1519 846 1570 et
893 1513 1103 1579 ﬁliam,
1159 1511 1404 1568 nomine
1459 1509 1826 1566 Adelaidem.
1908 1512 2101 1581 Hugo,

443 1620 626 1677 quem
652 1603 712 1659 in
741 1603 909 1673 regni
937 1601 1308 1658 consortium
1354 1601 1664 1664 asciverat,
1713 1601 1937 1673 quique
1965 1617 2102 1674 spes
2137 1616 2176 1669 Β

445 1698 646 1750 tantas
671 1691 746 1748 de
773 1708 834 1748 se
865 1691 1164 1747 excitabat
1195 1695 1259 1744 ut
1283 1689 1414 1760 jam
1462 1690 1721 1759 Magnus
1780 1689 2106 1762 appellare-

445 1786 561 1853 tur,
589 1781 736 1838 obiit
759 1796 919 1837 anno
962 1783 1097 1836 l025
1127 1783 1185 1834 et
1210 1778 1562 1850 Compendii
1593 1779 1671 1834 ad
1723 1780 1919 1835 Sancti
1965 1783 2106 1837 Cor-

444 1871 506 1927 lii
538 1869 805 1944 sepultus
835 1874 944 1926 est.
973 1873 1193 1939 Regem
1226 1883 1295 1923 ac
1322 1867 1595 1936 reginam
1641 1867 1995 1939 gravissimo
2027 1869 2106 1925 ob

447 1960 577 2032 ejus
607 1964 861 2016 mortem
888 1973 1142 2014 maerore
1170 1957 1471 2012 confectos
1502 1957 1844 2012 consolatus
1901 1963 1986 2014 est
2016 1958 2107 2014 his

448 2047 648 2104 verbis
677 2053 918 2103 sanctus
943 2051 1144 2102 noster
1173 2045 1520 2100 Wilhelmus
1544 2045 1736 2101 abbas
1761 2049 1815 2102 S.
1839 2048 2105 2118 Benigni,

449 2138 737 2194 referente
768 2137 983 2194 Glabro
1014 2135 1331 2207 Rodulpho
1358 2134 1417 2189 in
1444 2135 1493 2206 ej
1507 2152 1572 2190 us
1600 2135 1726 2191 Vita
1760 2153 1773 2190 ε
1807 2138 1940 2193 Non
1961 2138 2110 2206 infe-

452 2229 593 2284 lices
646 2243 745 2284 vos
797 2233 1018 2298 putare
1065 2224 1284 2281 debetis
1337 2224 1497 2295 quod
1549 2226 1731 2280 talem
1780 2228 2109 2282 amisistis:

453 2317 608 2384 Quin
627 2317 827 2385 potius
850 2315 1058 2384 felices
1079 2314 1272 2380 valde,
1305 2329 1449 2385 quia
1480 2314 1660 2371 talem
1715 2313 1932 2372 habere
1988 2331 2107 2373 me-

455 2407 682 2461 ruistis.
737 2405 866 2475 E'go
913 2418 990 2460 ex
1041 2403 1170 2460 ullo
1219 2403 1526 2460 hominum
1584 2402 1782 2472 gradu
1838 2419 1956 2460 non
1989 2411 2110 2462 tam

444 2493 838 2563 paucissimos
862 2493 1060 2548 salvos
1080 2491 1325 2560 futuros
1351 2491 1597 2559 vestiario,
1615 2491 1770 2546 sicut
1793 2495 1848 2546 et
1879 2503 2108 2561 regum.

454 2582 564 2648 Qui
593 2599 732 2638 cum
759 2579 992 2638 attoniti
1021 2580 1450 2653 responderent
1477 2595 1500 2635 :
1529 2580 1656 2636 Cur
1676 2579 1786 2634 hoc
1813 2581 2114 2646 dicis,Pa-

454 2676 588 2727 ter?
612 2671 920 2743 respondit
949 2686 969 2726 :
999 2671 1134 2725 Non
1165 2671 1441 2734 audistis,
1479 2685 1647 2725 sacer
1702 2669 1909 2724 Canon
1962 2685 2108 2740 quo-

452 2761 625 2817 modo
655 2762 863 2830 refert,
896 2761 999 2816 vix
1040 2764 1158 2815 tres
1212 2759 1284 2814 de
1337 2760 1588 2829 triginta
1638 2759 1877 2829 regibus
1935 2760 2111 2814 bonos

453 2851 792 2906 exstitisse?
832 2849 1064 2904 Idcirco
1107 2854 1345 2919 cessate,
1379 2864 1594 2918 qua’so,
1629 2850 1790 2906 hunc
1823 2850 2110 2917 juvenem

451 2939 597 3007 ﬁere
621 2945 942 3008 mortuum,
972 2937 1074 2993 sed
1104 2938 1306 3006 potius
1345 2939 1861 3008 congratulamini
1913 2939 1986 3006 ei,
2040 2938 2114 2993 si

457 3029 580 3083 cuti
605 3028 858 3100 requieti
877 3026 1085 3083 datum
1115 3032 1170 3082 et
1199 3041 1236 3082 a
1265 3028 1440 3083 malis
1474 3027 1810 3083 liberatum.

525 3121 654 3174 Non
684 3119 882 3174 minor
908 3117 1143 3173 Roberti
1171 3118 1326 3188 regis
1350 3118 1625 3175 doctrina
1653 3122 1831 3190 atque
1859 3117 2111 3173 eruditio

453 3222 642 3280 quam
673 3206 864 3279 pietas
894 3205 1022 3275 fuit,
1055 3205 1129 3262 de
1160 3223 1284 3279 qua
1312 3207 1663 3263 Trithemius
1719 3206 1780 3262 in
1828 3208 2111 3278 Catalogo

455 3297 816 3368 scriptorum
867 3295 1404 3352 ecclesiasticorum
1462 3297 1537 3368 (t)
1595 3295 1934 3351 audiendus
2002 3301 2106 3352 est.

453 3406 484 3434 κ
521 3385 713 3455 Rupe,
731 3391 825 3441 tus
849 3384 1033 3452 (idem
1064 3385 1416 3440 Germannis
1466 3385 1631 3457 quod
1677 3385 1872 3440 Gallis
1900 3385 2114 3442 Haber-

455 3493 483 3523 «
525 3477 642 3543 tus)
667 3489 771 3528 rex
797 3472 1053 3528 Francia:
1083 3471 1320 3537 nobilis,
1348 3470 1534 3539 fortis,
1562 3472 1781 3542 justus,
1815 3473 2028 3529 doctus
2057 3478 2115 3530 et

454 3575 485 3608 α
524 3549 1043 3629 religiosus,'inter
1067 3559 1500 3615 ecclesiasticos
1542 3561 1858 3633 scriptores
1910 3561 2112 3619 locum

458 3667 488 3695 «ι
526 3646 737 3701 merito
765 3646 986 3718 recepit
1012 3665 1024 3713 ;
1055 3646 1280 3718 quippe
1309 3648 1413 3719 qui
1440 3653 1652 3704 cantus
1699 3653 1755 3703 et
1796 3664 2115 3722 responso-

455 3756 486 3785 «
524 3735 614 3790 ria
641 3734 802 3791 dulci
825 3740 884 3791 et
909 3735 1166 3805 regulari
1218 3736 1630 3793 modulamine
1683 3737 1762 3793 ad
1820 3738 2114 3794 honorem

456 3847 486 3875 α
527 3824 799 3880 Ecclesiae
830 3825 1134 3882 catholicae
1156 3827 1514 3899 composuit.
1546 3831 1608 3882 in
1656 3827 1860 3883 litteris
1903 3829 2114 3885 huma-

455 3936 483 3966 ς(
525 3909 749 3984 nitatis,
772 3915 1104 3988 prtesertim
1134 3915 1194 3971 in
1225 3916 1456 3972 musica
1512 3916 1897 3973 doctissimus
1956 3917 2064 3973 fuit
2096 3936 2110 3987 ;

455 4026 483 4054 α
526 4008 705 4061 tanta
735 4009 935 4062 autem
964 4004 1286 4076 religionis,
1339 4009 1402 4060 ut
1454 4006 1634 4062 horas
1682 4006 2004 4062 canonicas
2051 4007 2112 4061 in

455 4115 484 4144 α
525 4093 778 4150 ecclesia
802 4093 1147 4150 decantaret
1174 4109 1312 4150 cum
1339 4093 1589 4163 clericis,
1630 4094 1772 4151 foris
1836 4095 2001 4168 apud
2049 4112 2112 4151 se

455 4202 485 4232 κ
525 4181 746 4251 legeret
773 4199 912 4238 cum
943 4183 1102 4251 suis;
1134 4188 1310 4239 tantae
1346 4184 1581 4256 pietatis
1633 4189 1690 4240 et
1719 4184 2113 4240 miserationis

453 4290 485 4320 α
526 4270 748 4326 exstitit
768 4271 829 4326 in
860 4287 1180 4344 pauperes,
1213 4278 1278 4327 ut
1309 4273 1430 4328 suis
1456 4290 1518 4329 se
1551 4273 1880 4347 aliquando
1932 4275 2111 4329 vesti-

453 4379 485 4409 α
527 4359 741 4415 mentis
769 4360 1034 4432 spolians
1059 4377 1266 4417 eorum
1293 4363 1589 4418 nuditates
1636 4363 1838 4418 multis
1882 4363 2112 4419 vicibus

455 4466 488 4503 ‹
527 4448 782 4521 operiret
812 4466 825 4505 :
855 4449 931 4505 de
955 4451 1084 4522 ejus
1116 4451 1396 4507 manibus
1421 4452 1571 4508 liber
1604 4468 1921 4525 nunquam
1952 4468 2111 4508 rece-

458 4560 486 4590 κ
530 4538 893 4611 debet,adeo
927 4545 988 4596 ut
1009 4556 1119 4613 pro
1149 4541 1432 4596 tribunali
1465 4542 1681 4597 sedens
1702 4543 1852 4597 inter
1863 4542 2116 4612 judicio-

457 4649 485 4677 «
525 4643 663 4684 rum
692 4631 750 4684 et
776 4644 1100 4685 causarum
1131 4629 1408 4702 strepitus
1438 4629 1499 4684 in
1540 4629 1675 4685 sinu
1707 4634 1977 4702 apertum
2010 4630 2112 4685 ha-

455 4739 484 4768 «
523 4717 690 4775 beret
720 4718 1086 4775 Psalterium.
1118 4719 1283 4776 Unde
1308 4724 1364 4776 et
1392 4723 1530 4792 post
1558 4723 1813 4776 mortem
1861 4720 2115 4777 miracu-

459 4830 488 4857 κ
526 4807 596 4864 lis
623 4823 971 4865 coruscasse
999 4809 1231 4880 legitur.
1284 4809 1422 4881 Ejus
1451 4813 1538 4866 est
1566 4809 1666 4866 illa
1722 4810 1967 4882 vulgata
2026 4827 2114 4868 se-

457 4920 488 4948 «
526 4899 772 4971 quentia
825 4914 963 4971 quas
1013 4903 1287 4954 cantatur
1341 4897 1554 4955 diebus
1611 4903 1984 4957 Pentecostes
2039 4902 2114 4957 de

456 5010 486 5037 «
529 4995 737 5046 sancto
769 4988 986 5061 Spiritu
1017 5005 1031 5042 :
1078 4989 1237 5058 Veni,
1261 4997 1464 5046 sancte
1483 4991 1740 5060 Spiritus
1756 5003 1780 5061 ,'
1799 5007 2108 5063 responso-

457 5099 488 5128 «
526 5079 682 5135 rium
711 5079 788 5134 de
829 5085 1037 5135 sancto
1068 5081 1252 5146 Petro,
1309 5079 1622 5136 Cornelius
1670 5085 1938 5138 centurio
1962 5097 1984 5153 ;
2041 5081 2115 5138 de

461 5188 484 5222 ι
527 5169 836 5227 Nativitate
864 5169 1117 5238 Domini,
1147 5169 1359 5227 Judxa
1389 5177 1443 5227 et
1470 5172 1806 5228 Jerusalem
1832 5185 1855 5244 ,°
1883 5177 1941 5228 et
1968 5172 2116 5229 illud

459 5280 490 5308 κ
529 5259 795 5326 Alleluia,
818 5260 1005 5330 Eripe
1029 5272 1124 5317 me
1151 5260 1224 5318 de
1252 5261 1530 5329 inimicis,
1549 5266 1606 5318 et
1634 5260 1752 5318 alia
1771 5261 1960 5320 multa
1978 5277 2114 5335 quae

460 5367 490 5398 τι
528 5348 752 5405 nescio.
786 5349 1251 5424 Responsorium
1295 5352 1611 5409 Cornelius
1655 5354 1946 5423 centurio,
2000 5353 2114 5408 Ro-

523 5619 612 5691 (ί)
645 5617 793 5677 Vide
819 5615 1000 5676 edam
1019 5617 1293 5690 ejusdem
1321 5618 1582 5678 Annales
1607 5620 1756 5680 Hirs.
1788 5634 1886 5679 an.
1914 5622 2041 5676 995.

2144 2980 2184 3034 C

2147 4337 2188 4390 Ι)

2221 363 2250 396 α
2289 347 2456 400 Petro
2486 344 2546 400 in
2575 344 2765 414 altari,
2800 344 3090 402 Oﬂ'ertorii
3121 352 3416 420 tempore,
3473 363 3622 402 cum
3675 362 3913 416 magna

2217 454 2245 481 ‹‹
2287 432 2603 489 devotione
2633 433 2879 501 obtulit;
2937 439 3319 491 accurrentes
3380 439 3593 491 autem
3643 434 3909 492 ministri

2216 542 2245 570 «
2286 521 2487 578 altaris
2515 521 2782 578 arbitrati
2808 528 2946 580 sunt
2967 525 3176 596 magni
3206 525 3454 598 pondus
3484 525 3624 580 auri
3657 525 3910 581 obtulis-

2218 634 2245 660 α
2288 626 2352 666 se
2400 610 2643 668 divitem
2692 627 2896 682 regem
2931 630 2944 682 ;
3006 613 3112 669 sed
3140 614 3503 670 schedulam
3527 614 3908 687 reperientes

2216 720 2244 749 «
2287 701 2570 773 scriptam
2599 705 2655 757 et
2682 706 2952 758 notatam
2979 703 3469 773 admirabantur,
3499 704 3841 773 ingenium
3859 711 3908 760 et

2216 812 2244 840 ‹‹
2286 790 2666 847 devotionem
2697 791 2980 865 principis
3028 793 3468 850 collaudantes.
3535 794 3694 850 Hinc
3754 810 3910 867 papa

2218 903 2244 932 ε
2287 880 2547 938 decrevit
2575 883 2653 938 ob
2682 883 3039 938 memoriam
3063 883 3432 940 sanctissimi
3463 883 3656 955 regis,
3691 899 3910 954 rogan-

2218 991 2245 1018 «
2285 969 2446 1026 tibus
2479 970 2720 1038 clericis,
2757 976 2819 1027 ut
2845 973 2960 1027 hoc
2990 972 3454 1046 responsorium
3483 973 3548 1028 in
3602 973 3907 1028 honorem

2215 1081 2242 1106 ‹‹
2287 1059 2477 1115 sancti
2507 1060 2653 1115 Petri
2682 1059 2966 1134 deinceps
2993 1065 3376 1118 -cantaretur.
3406 1084 3434 1112 υ
3503 1064 3648 1117 Haec
3712 1077 3906 1134 quan-

2212 1163 2401 1223 quam
2430 1151 2615 1221 paulo
2645 1149 2937 1219 longiora,
2965 1151 3164 1223 reipsa
3203 1156 3410 1207 tamen
3461 1149 3684 1208 brevia
3750 1159 3904 1219 sunt

2215 1238 2263 1293 si
2293 1239 2373 1295 ad
2403 1238 2548 1295 tanti
2579 1239 2863 1313 principis
2896 1239 3145 1310 gloriam
3180 1241 3651 1297 transferantur.

2287 1329 2578 1384 Caeterum
2631 1344 2734 1383 rex
2789 1328 3097 1397 Robertus,
3147 1330 3320 1403 quod
3371 1330 3555 1386 nimis
3615 1330 3905 1387 addictus

2211 1423 2371 1472 esset
2397 1417 2620 1485 litteris,
2668 1433 2704 1473 a
2732 1418 3033 1474 nonnullis
3059 1419 3380 1476 Musarum
3420 1420 3737 1488 sacerdos,
3808 1437 3907 1475 seu

2210 1506 2536 1563 Musardus
2565 1507 2914 1563 dicebatur:
2949 1523 3067 1565 vox
3094 1511 3250 1565 enim
3286 1512 3408 1566 ista
3443 1517 3683 1578 nostra,
3716 1510 3909 1583 inquit

2216 1594 2449 1650 Bulaeus
2480 1598 2575 1667 (2),
2609 1597 3080 1654 Gallo-Romana
3111 1600 3327 1670 Muses,
3351 1615 3473 1671 qua
3500 1602 3699 1656 otium
3728 1602 3909 1670 signi-

2212 1685 2485 1754 ﬁcamus,
2533 1689 2750 1756 procul
2781 1687 2959 1743 dubio
3012 1703 3049 1744 a
3093 1691 3280 1744 musis
3331 1689 3599 1746 deducta
3630 1695 3723 1745 est
3744 1703 3772 1760 ;
3805 1691 3904 1761 qui

2215 1775 2378 1829 enim
2411 1790 2472 1830 se
2501 1775 2694 1830 musis
2724 1776 3048 1849 applicant,
3080 1777 3273 1833 otium
3298 1783 3358 1834 et
3388 1793 3707 1834 secessum
3742 1794 3902 1851 quaa-

2215 1867 2376 1933 runt,
2405 1879 2599 1937 neque
2629 1866 2882 1935 negotiis
2907 1881 2969 1921 se
3001 1866 3314 1939 implicant
3343 1886 3355 1924 :
3410 1867 3620 1941 itaque
3672 1867 3778 1924 ille
3823 1867 3904 1922 in-

2217 1968 2412 2008 nuens
2447 1953 2684 2009 difﬁcile
2729 1971 2857 2010 esse
2916 1956 3198 2010 omnibus
3251 1957 3512 2030 placere,
3571 1957 3905 2032 respondet

2217 2042 2581 2100 Adalberoni
2636 2044 2697 2100 in
2752 2045 3015 2100 carmine
3062 2045 3231 2118 quod
3281 2046 3330 2102 si
3371 2047 3504 2119 quis
3534 2062 3758 2102 musas
3786 2063 3907 2102 am-

2217 2131 2528 2204 plectatur,
2563 2134 2761 2190 statim
2789 2133 2868 2190 ab
2898 2134 3113 2208 ineptis
3154 2141 3213 2191 et
3259 2135 3518 2192 indoctis
3567 2137 3902 2192 Musardus

2217 2226 2464 2276 vocetur
2491 2239 2504 2276 :

2291 2311 2362 2367 Si
2387 2327 2587 2368 musas
2614 2313 2889 2380 celebres,
2945 2314 3216 2370 clamant
3241 2316 3546 2371 Messapus
3581 2315 3898 2372 Sea-mnos.

2294 2399 2449 2456 Obiit
2480 2400 2790 2458 sanctitate
2819 2405 2876 2457 et
2897 2400 3216 2474 mipaculis
3242 2401 3439 2459 clarus
3471 2402 3784 2459 Robertus
3807 2421 3902 2460 an-

2219 2503 2300 2544 no
2331 2488 2546 2548 Chi-isti
2575 2489 2889 2548 millesimo
2914 2491 3221 2560 trigesimo
3251 2489 3466 2564 primo.
3525 2497 3595 2548 in
3641 2494 3782 2565 ejus
3811 2494 3898 2550 fu-

2220 2591 2361 2631 nere
2391 2593 2427 2633 a
2459 2577 2715 2633 subditis
2743 2579 3141 2634 acclamatum
3165 2605 3174 2614 ·
3199 2583 3296 2636 est
3333 2597 3347 2636 :
3395 2581 3666 2638 Roberto
3725 2586 3901 2654 impe

2221 2673 2398 2723 rante
2425 2674 2480 2723 et
2506 2675 2745 2739 regente
2773 2672 2970 2725 securi
3007 2672 3285 2736 viximus,
3345 2673 3644 2728 neminem
3706 2675 3902 2729 timui-

2221 2772 2370 2812 mus.
2403 2759 2583 2813 Patri
2605 2760 2736 2826 Pio,
2767 2761 2946 2815 Patri
2967 2767 3229 2827 senatus,
3264 2763 3449 2816 Patri
3487 2764 3769 2818 omnium
3812 2765 3899 2818 bo-

2222 2862 2458 2913 norum,
2486 2847 2646 2918 felix
2675 2849 2880 2906 anima
2932 2855 2987 2905 et
3044 2852 3232 2921 salus,
3283 2851 3441 2920 felix
3486 2852 3574 2907 ad
3628 2865 3896 2922 superna

2221 2950 2519 3006 ascensus,
2546 2936 2705 3006 felix
2734 2951 2871 2994 cum
2901 2939 3139 2995 Christo
3167 2941 3324 3011 Rege
3373 2955 3586 3011 regum
3632 2957 3752 3011 per
3800 2959 3896 2998 sa?-

2223 3026 2362 3079 cula
2385 3025 2768 3082 cohab’itatio.
2801 3029 2919 3082 Hoc
2965 3026 3168 3100 ipsum
3215 3027 3408 3099 elogio
3463 3037 3724 3086 exornat
3779 3031 3895 3086 Hel-

2220 3111 2455 3181 galdus.
2488 3113 2567 3169 Et
2596 3115 3000 3172 indesinenter
3028 3117 3287 3172 adhxsit
3315 3118 3782 3188 ecclesiasticus,
3841 3127 3890 3176 et

2219 3203 2335 3258 sibi
2360 3219 2590 3272 semper
2613 3205 2892 3260 amabilis
2920 3208 3284 3262 monasticus
3315 3207 3548 3263 Ordo...
3603 3211 3886 3266 Sermoci~

2220 3308 2374 3348 nans
2405 3294 2535 3364 quis
2566 3309 2699 3349 cum
2730 3310 2794 3350 eo
2820 3311 2938 3351 non
2969 3301 3054 3352 est
3105 3297 3444 3365 testiﬁcatus
3492 3299 3730 3368 gaudio
3777 3315 3885 3355 ma-

2219 3385 2389 3452 gno?
2417 3384 2635 3440 Pacem
2659 3385 2792 3456 quis
2846 3385 3214 3452 desiderans,
3271 3388 3333 3442 in
3388 3389 3523 3456 ejus
3577 3395 3880 3459 conspectu

2219 3486 2343 3526 non
2375 3471 2694 3528 abhorruit
2728 3475 2880 3529 iram
2908 3477 2937 3529 ?
2976 3476 3186 3530 Vultus
3207 3476 3306 3530 sui
3326 3480 3719 3545 praesentiam
3739 3479 3882 3547 aspi-

2221 3561 2400 3627 ciens,
2435 3563 2566 3632 quis
2594 3577 2715 3617 non
2754 3569 2838 3619 est
2865 3563 3082 3619 oblitus
3111 3563 3326 3620 dolos?
3347 3565 3752 3622 Orationibus
3770 3570 3879 3636 ejus

2221 3649 2352 3719 quis
2381 3651 2809 3708 monachorum
2838 3668 2958 3708 non
2990 3651 3196 3709 habuit
3225 3656 3514 3724 requiem,
3569 3660 3628 3711 et
3655 3670 3768 3711 non
3807 3662 3878 3711 est

2221 3746 2475 3804 amatus,
2503 3740 2775 3807 dilectus,
2809 3747 2862 3797 et
2886 3747 3201 3798 veneratus
3227 3743 3255 3798 ?
3307 3743 3464 3813 Ejus
3513 3746 3875 3801 sanctissima

2221 3827 2624 3885 admonitione
2647 3831 2779 3900 quis
2809 3831 3163 3887 clericorum
3213 3847 3334 3887 non
3372 3833 3500 3901 fuit
3531 3840 3776 3890 amator
3797 3848 3876 3888 ca-

2221 3918 2513 3974 stimonix
2552 3922 2581 3974 ?
2633 3921 2827 3990 Ipsius
2863 3921 3208 3978 amicabilia
3249 3921 3452 3990 verba,
3505 3924 3731 3995 quibus
3775 3939 3877 3977 non

2216 4006 2472 4074 fuerunt
2501 4009 2898 4065 medicamina
2927 4013 2955 4065 ?
2981 4010 3270 4079 Aspectus
3295 4012 3448 4079 ejus,
3500 4013 3729 4082 quibus
3773 4025 3876 4067 non

2214 4096 2451 4165 profuit
2482 4098 2900 4166 insipientibus
2937 4105 3003 4154 ut
3051 4101 3225 4170 virga
3253 4103 3281 4154 ?
3330 4100 3553 4156 Oculos
3610 4105 3744 4172 ejus
3787 4102 3881 4156 Itu-

2220 4186 2390 4240 miles
2419 4188 2550 4258 quis
2577 4190 2890 4259 aspiciens,
2940 4205 3059 4244 non
3090 4195 3174 4246 est
3217 4190 3541 4246 meditatus
3569 4193 3836 4248 celestia
3860 4194 3883 4245 γ

2218 4275 2466 4345 Pauper
2493 4284 2546 4333 et
2570 4280 2834 4334 esuriens
2861 4281 2993 4351 quis
3018 4295 3138 4336 non
3184 4281 3445 4337 satiatus
3492 4280 3568 4335 ab
3611 4284 3752 4348 ejus
3796 4297 3884 4337 re-

2219 4367 2390 4420 cessit
2437 4383 2639 4424 mensa
2658 4374 2687 4424 ?
2739 4369 2944 4425 Vidua:
2992 4376 3044 4426 et
3090 4385 3390 4440 pauperes
3429 4369 3506 4425 ad
3536 4371 3884 4440 exemplum

2223 4452 2389 4510 bonae
2417 4456 2708 4512 Dorcadis
2739 4473 2858 4513 non
2890 4458 2966 4513 ab
3015 4472 3079 4513 eo
3137 4459 3316 4515 datas
3373 4459 3776 4515 ostenderunt
3805 4475 3882 4516 ve-

2219 4548 2373 4599 stes?
2403 4546 2603 4601 Omnis
2624 4547 2974 4604 miserorum
2997 4549 3325 4605 multitudo
3345 4565 3465 4605 non
3495 4565 3635 4606 eum
3657 4558 3879 4621 patrem

2219 4638 2276 4689 et
2296 4636 2614 4691 nutritium
2650 4638 3046 4694 inclamavit?
3072 4639 3211 4694 Non
3243 4639 3362 4694 fuit
3413 4640 3469 4695 ei
3517 4641 3748 4697 similis
3769 4645 3880 4711 post

2219 4731 2492 4781 sanctum
2519 4727 2718 4782 David
2742 4728 2813 4784 de
2834 4730 3063 4784 cunctis
3088 4729 3329 4799 regibus
3364 4734 3549 4786 terrae
3579 4732 3649 4786 in
3678 4731 3878 4788 sanctis

2221 4815 2562 4882 virtutibus,
2625 4816 2981 4885 humilitate,
3040 4818 3481 4888 misericordia,
3532 4822 3784 4890 pietate,
3834 4822 3877 4874 et

2225 4907 2522 4962 charitate
2538 4921 2559 4961 ,ο
2581 4907 2723 4976 quia
2753 4921 2984 4978 semper
3006 4907 3262 4984 adhaesit
3286 4909 3574 4980 Domino,
3591 4917 3652 4967 et
3677 4927 3788 4967 non
3809 4924 3877 4963 rc-

2223 4997 2391 5050 cessit
2421 5011 2457 5051 a
2487 4997 2790 5052 mandatis
2833 5001 2960 5069 ejus
2998 4998 3174 5054 corde
3224 4999 3522 5068 perfecto.
3583 5000 3871 5057 Fulbertus

2225 5086 2600 5142 Carnotensis
2631 5087 2952 5160 episcopus
2981 5087 3231 5160 epistola
3289 5091 3355 5144 87
3421 5089 3760 5147 Robertum
3806 5104 3872 5142 re-

2223 5191 2359 5247 gem
2384 5182 2656 5232 sanctum
2685 5177 2929 5233 Patrem
2948 5192 2973 5248 ,'
2997 5175 3281 5233 eumdem
3313 5176 3684 5250 Willelmus,
3726 5176 3872 5251 Aqui-

2220 5265 2397 5320 taniae
2452 5264 2598 5336 dux,
2650 5263 2714 5320 in
2771 5265 2978 5322 charta
3030 5279 3141 5338 pro
3193 5264 3478 5322 coenobio
3522 5262 3875 5340 Burguiiensi

2224 5353 2630 5424 Theosophum
2659 5353 2941 5429 appellat.
3393 5365 3400 5368 ·

2290 5623 2368 5694 (1)
2408 5617 2551 5680 Hist.
2587 5621 2756 5680 Univ.
2788 5621 2992 5690 Paris.,
3019 5623 3060 5678 t.
3090 5619 3135 5692 Ι,
3165 5634 3228 5694 p.
3258 5623 3384 5679 331.
