3976 6180
437 175 540 227 903
1631 160 1930 217 ROBERTI
1969 159 2173 214 REGIS
2213 159 2656 217 FRANCORUM.
3729 170 3816 223 904

435 297 624 351 naltre
654 309 728 350 en
757 287 936 346 détail
960 306 972 355 ;
1009 290 1064 343 et
1094 285 1425 360 quoiqu’on
1455 302 1529 342 en
1547 285 1740 342 releve
1767 285 1827 340 la
1851 283 2090 352 beauté,
2131 289 2178 340 Α
2203 283 2382 339 truire
2409 283 2497 339 s’il
2525 283 2665 340 etait
2689 283 2909 354 jamais
2941 283 3128 340 arrivé
3179 284 3253 340 de
3273 285 3559 358 prodiges
3605 288 3820 345 sembla—

434 384 474 440 il
502 383 689 457 yfaut
718 369 1055 453 cependant
1084 377 1280 432 moins
1330 375 1614 432 chercher
1655 374 1713 430 la
1745 373 2088 428 delicatesse
2197 372 2324 428 bles
2353 377 2554 429 acette
2588 372 2767 445 pluie.

433 473 539 528 des
567 471 840 544 pensees,
862 467 916 523 le
938 465 1133 526 choix.
1163 465 1223 521 la
1252 465 1528 520 noblesse
1548 467 1606 519 et
1627 463 2091 531 l’arrangement
2271 463 2496 519 L’autre
2540 463 2706 518 lettre
2736 462 2811 518 de
2837 477 2903 517 ce
2933 463 3135 535 prince
3161 464 3544 537 qu’Helgaud
3569 482 3604 522 a
3629 466 3822 525 inserte

433 562 539 618 des
567 558 966 632 expressions,
998 571 1114 628 que
1129 553 1214 610 les
1241 554 1588 610 sentiments
1617 552 1691 607 de
1723 553 1894 623 piété.
1926 553 2090 606 Peut-
2197 567 2453 625 presque
2479 553 2698 608 entiére
2719 552 2872 608 dans
2894 568 2963 608 sa
2993 553 3112 624 Vie,
3162 558 3220 609 et
3243 571 3360 627 que
3388 555 3681 612 Baronius
3720 573 3826 630 rap

432 652 550 706 etre
575 664 693 721 que
722 647 806 703 les
832 646 951 702 airs
1005 661 1106 699 sur
1159 642 1738 716 lesquels-l’auteur,
1797 640 1901 712 qui
1951 638 2091 695 était
2196 643 2364 713 porte
2395 640 2630 714 d’apres
2677 639 2967 710 Helgaud,
3001 646 3090 697 est
3141 642 3316 698 écrite
3347 646 3383 699 ἐι
3410 644 3730 711 Leutherio,
3758 661 3825 701 ab

430 738 630 795 habile
659 737 814 793 dans
839 735 894 790 le
931 734 1114 790 chant
1162 731 1627 804 ecclesiastique,
1665 731 1750 786 les
1780 729 1937 785 avait
1978 744 2087 784 no-
2197 730 2504 802 cheveque
2543 731 2619 786 de
2649 731 2817 797 Sens,
2845 745 3002 803 pour
3025 731 3080 786 le
3122 731 3444 804 reprendre
3473 732 3553 788 de
3584 733 3735 791 deux
3754 752 3825 792 er-

432 823 1068 893 tées,leurdonnaient
1095 821 1201 877 des
1231 821 1476 877 beautés
1522 821 1706 892 qu’on
1754 834 1828 874 ne
1881 823 2088 873 trouve
2195 834 2364 873 reurs
2392 817 2544 872 dans
2572 815 2891 890 lesquelles
2934 817 2974 874 il
3005 819 3147 875 était
3185 819 3409 876 tombé.
3463 822 3700 877 Mézerai
3724 823 3820 893 (1b.,

429 935 539 991 pas
565 917 717 972 dans
746 914 799 970 le
830 917 1002 969 texte.
2195 921 2255 978 p.
2281 908 2406 972 383)
2440 910 2494 961 et
2521 905 2815 979 quelques
2845 911 3044 963 autres
3073 908 3390 978 écrivains,
3416 909 3526 982 qui
3566 915 3822 983 prennent

500 1009 568 1062 Μ.
628 1004 872 1068 Hubert,
927 1001 1079 1056 dans
1153 1015 1246 1054 ses
1302 998 1641 1069 Antiquite‘s
1696 998 1770 1053 de
1844 996 2087 1066 l’Eglise
2194 995 2270 1051 de
2295 999 2442 1050 cette
2472 995 2638 1051 lettre
2670 996 2948 1052 occasion
2991 995 3066 1053 de
3116 996 3343 1054 relever
3395 997 3457 1054 la
3507 998 3759 1056 doctrina
3781 1006 3821 1056 et

427 1096 657 1165 Royale
703 1095 776 1148 de
823 1090 1252 1159 Saint-Agnan
1303 1088 1638 1155 d’Orle’ans,
1696 1101 1835 1158 pag.
1886 1089 1972 1150 39,
2001 1084 2088 1140 dit
2193 1084 2562 1157 l’éloquence
2583 1084 2657 1140 de
2711 1085 2948 1156 Bobert,
3008 1091 3340 1159 supposent
3381 1103 3502 1160 que
3558 1087 3819 1146 Leutherio

428 1199 545 1256 que
575 1183 628 1237 le
660 1181 748 1236 roi
796 1179 1012 1235 Robert
1054 1177 1118 1232 ﬁt
1161 1175 1327 1232 aussi
1363 1192 1446 1230 un
1477 1175 1680 1230 dixain
1712 1177 1747 1230 ὲ.
1771 1172 2086 1228 l’honneur
2193 1175 2332 1231 etait
2360 1174 2512 1230 dans
2531 1174 2588 1230 la
2618 1176 2816 1231 meme
2841 1191 3044 1232 erreur
3072 1191 3189 1248 que
3220 1176 3310 1234 fut
3329 1176 3550 1250 depuis
3571 1180 3818 1248 Bérenger

427 1272 533 1328 des
579 1271 835 1342 reliques
888 1269 962 1323 de
1003 1283 1068 1322 ce
1116 1265 1288 1332 saint,
1335 1264 1440 1337 qui
1471 1278 1818 1319 commence
1848 1279 1958 1335 par
1987 1278 2084 1318 ces
2192 1264 2267 1319 de
2292 1267 2476 1320 Tours
2498 1280 2576 1319 au
2609 1265 2764 1335 sujet
2790 1264 2865 1320 de
2916 1264 3342 1322 l‘Eucharistie.
3394 1268 3540 1324 Mais
3568 1265 3606 1322 il
3643 1283 3711 1323 ne
3731 1267 3812 1323 s’a-

428 1365 603 1425 mots,
641 1361 707 1414 In
733 1359 1014 1414 virtutem
1049 1354 1285 1409 tumuli.
1421 1395 1426 1400 .
2193 1353 2399 1424 gissait
2427 1370 2544 1426 que
2577 1353 2651 1408 de
2684 1353 2879 1408 l’abus
2932 1355 3111 1426 qu’en
3139 1353 3334 1410 faisait
3364 1355 3730 1428 quelquefois
3766 1373 3810 1412 ce

494 1453 554 1506 4ο
583 1447 815 1515 Quelles
847 1445 1111 1519 qu’aient
1136 1446 1225 1499 été
1256 1442 1341 1498 les
1371 1444 1568 1498 autres
1598 1439 1986 1512 productions
2008 1438 2083 1494 de
2192 1443 2383 1515 prélat
2409 1459 2565 1515 pour
2601 1445 2896 1515 eprouver
2953 1443 3038 1498 les
3090 1444 3421 1517 coupables
3475 1445 3687 1513 (Ηειαη
3716 1447 3806 1515 ib.}.

423 1539 482 1595 1a
508 1538 714 1612 plume
744 1537 828 1592 du
857 1535 946 1592 roi
967 1533 1204 1603 Robert,
1233 1548 1312 1588 on
1341 1548 1417 1587 ne
1447 1545 1601 1586 nous
1623 1547 1696 1585 en
1722 1546 1756 1584 a
1799 1531 2083 1584 conservé
2194 1533 2313 1589 Son
2343 1537 2510 1588 autre
2553 1547 2757 1588 erreur
2807 1533 3113 1589 consislait
3159 1537 3196 1588 a
3248 1533 3541 1590 attribuer
3592 1538 3627 1590 a
3662 1534 3712 1591 la
3733 1550 3808 1590 na-

423 1645 540 1702 que
571 1628 728 1683 deux
752 1629 984 1682 courtes
1013 1623 1227 1679 lettres.
1254 1621 1430 1677 L’une
1461 1619 1566 1674 fait
1584 1617 2083 1691 laquatre-vingt-
2121 1640 2160 1694 Β
2189 1627 2320 1679 ture
2349 1622 2548 1678 divine
2594 1621 2681 1677 les
2740 1622 3111 1678 souﬂ'rances
3139 1623 3242 1695 qui
3279 1623 3568 1680 n’étaient
3589 1623 3806 1680 tombées

423 1718 757 1790 quinzieme
783 1718 946 1771 entre
973 1711 1146 1768 celles
1177 1710 1250 1766 de
1277 1708 1534 1772 Fulbert,
1560 1709 1788 1780 évéque
1810 1707 1883 1761 de
1909 1707 2084 1761 Char-
2191 1727 2308 1784 que
2341 1727 2443 1766 sur
2467 1711 2835 1767 l’humanité.
2898 1714 2977 1767 La
3002 1711 3168 1768 lettre
3221 1713 3296 1768 de
3326 1717 3503 1769 notre
3559 1717 3805 1782 généreux

423 1809 622 1871 tres,et
648 1803 814 1858 roule
841 1817 942 1856 sur
958 1804 1104 1856 cette
1135 1802 1344 1870 espece
1373 1797 1448 1852 de
1479 1795 1636 1868 pluie
1667 1796 1740 1851 de
1763 1812 1916 1866 sang
1935 1796 2083 1852 dont
2190 1801 2414 1874 prince,
2468 1799 2573 1872 qui
2641 1801 2864 1872 respire
2925 1817 3008 1856 un
3061 1801 3183 1857 zele
3242 1806 3372 1858 tout
3424 1801 3504 1858 de
3539 1796 3653 1858 'feu
3692 1817 3804 1875 pour

423 1909 504 1949 on
527 1910 560 1948 a
584 1891 752 1964 parlé
783 1891 918 1963 plus
950 1889 1126 1944 d’une
1155 1888 1289 1943 fois.
1347 1885 1713 1958 Quoiqu’elle
1737 1887 1849 1940 soit
1876 1885 2078 1941 adres-
2189 1888 2247 1944 la
2273 1891 2480 1962 pureté
2510 1888 2583 1943 de
2621 1887 2680 1944 la
2719 1887 2989 1960 religion,
3041 1894 3141 1945 eut
3170 1906 3280 1946 son
3309 1889 3472 1954 eﬁ'et,
3505 1896 3562 1947 et
3589 1890 3802 1961 corriges

420 1985 520 2038 sée
588 1982 1002 2036 nommément
1080 1981 1117 2032 ε),
1200 1974 1439 2031 Gauzlin
1464 2017 1482 2046 ,
1563 1975 1935 2047 archevéque
2006 1973 2081 2030 de
2188 1978 2620 2050 l’archevéque.
2676 1979 2762 2035 0n
2793 1994 2834 2050 y
2880 1977 3000 2034 voit
3029 1996 3147 2052 que
3193 1979 3251 2036 la
3293 1979 3553 2036 formule
3599 1980 3726 2036 dont
3744 1995 3798 2034 on

421 2072 704 2142 Bourges,
735 2068 777 2125 il
821 2069 1017 2141 parait
1067 2065 1279 2140 qu’elle
1334 2063 1423 2119 fut
1470 2062 1795 2119 circulaire.
1842 2062 2078 2131 Robert,
2189 2083 2252 2122 se
2281 2071 2398 2124 sert
2426 2082 2580 2138 pour
2609 2065 2992 2123 administrer
3039 2067 3450 2125 l’Eucharistie
3504 2069 3635 2125 etait
3679 2067 3796 2124 alors

420 2165 457 2217 ὲ,
511 2161 571 2216 la
612 2159 804 2232 priere
863 2157 938 2212 de
995 2153 1328 2212 Guillaume
1377 2152 1432 2208 le
1481 2151 1698 2219 Grand,
1760 2157 1954 2208 comte
2004 2152 2079 2207 de
2189 2171 2271 2212 un
2299 2171 2420 2228 peu
2447 2155 2756 2212 diiiérente
2783 2155 2858 2212 de
2885 2155 3028 2214 celle
3086 2158 3192 2230 qui
3215 2162 3304 2214 est
3359 2157 3720 2231 aujourd'hni
3743 2172 3795 2211 en

420 2250 680 2320 Poitiers,
713 2265 754 2321 y
779 2261 1009 2317 engage
1030 2245 1115 2301 les
1146 2247 1387 2300 savants
1417 2242 1492 2298 de
1523 2258 1616 2298 ses
1655 2244 1818 2297 Etats
1849 2246 1885 2298 a
1913 2241 2079 2297 l’ins-
2188 2260 2397 2316 usage.

1109 2495 2042 2616 HBLGALDI
2096 2553 2283 2611 sum
2333 2497 3205 2617 HELGAUD

1695 2680 2192 2736 FLORIACENSIS
2228 2680 2540 2736 MONACHI

817 2974 825 2981 _
900 2803 1550 2925 EPITOMA
1673 2804 2050 2921 ima
2149 2803 2387 2924 ΒΟ]

1787 2804 2050 2921 ΙΤίΕ
2149 2803 2789 2924 ΒΟΒΕΒἩ
2890 2807 3357 2947 REGIS,

1326 3016 1442 3078 EX
1481 3015 1907 3079 ALTERIUS
1953 3015 2343 3078 MONACHI
2389 3017 2769 3080 SCRIPTIS
2815 3019 2921 3100 (3).

420 3159 751 3226 (DUCHESNE’,
782 3156 1001 3211 Rerum
1034 3153 1469 3226 Francicarum
1499 3150 1851 3226 Scriptores.
1888 3153 2032 3226 to_m_.
2075 3150 2171 3226 ἓν,
2194 3164 2333 3226 pag.
2368 3152 2462 3226 5_9._
2483 3166 2557 3226 ex
2581 3150 2839 3226 editione
2868 3151 3016 3207 Petri
3041 3151 3272 3226 Pithcei,
3296 3151 3376 3208 ad
3405 3153 3575 3226 fidem
3603 3149 3778 3207 veteris

673 3226 894 3283 codicis
926 3243 1039 3282 ms.
1072 3223 1174 3298 qui
1201 3228 1391 3279 exstat
1427 3223 1487 3278 in
1513 3221 1876 3277 bibliotheca
1903 3219 2012 3274 viri
2043 3219 2114 3275 cl.
2148 3219 2467 3277 Alexandri
2497 3222 2734 3294 Petavii,
2767 3224 2961 3279 Senat.
2991 3223 3200 3294 Paris.,
3232 3225 3554 3281 emendata.

2707 2387 3794 2418 π

1796 3458 2439 3546 ΡΒ()(ΕΜΙ[]Μι

494 3647 594 3700 Vir
620 3643 876 3711 Domini,
903 3641 1308 3696 sanctissimus
1333 3640 1630 3709 Anianus,
1662 3639 1821 3693 inter
1849 3643 2061 3694 caetera
2101 3637 2140 3691 C
2162 3639 2428 3707 petravit
2481 3641 2674 3696 vicum
2725 3642 3074 3699 Floriacum
3134 3642 3533 3700 monachorum
3582 3635 3754 3692 usibus

410 3749 542 3806 qua
573 3749 609 3790 a
638 3734 757 3789 Deo
808 3730 1063 3803 possedit
1093 3731 1158 3785 in
1215 3728 1324 3784 hoc
1354 3729 1594 3798 saeculo,
1647 3728 1984 3796 praecipuos
2012 3734 2067 3784 et
2173 3729 2673 3800 prceparandum,
2701 3731 2853 3787 dans
2890 3747 3010 3802 pro
3035 3748 3099 3789 eo
3146 3733 3407 3804 agellum
3448 3728 3770 3787 Attiniacum

409 3840 530 3880 non
556 3838 758 3896 segnes
775 3822 856 3879 ad
878 3821 1203 3892 regendum
1232 3834 1404 3875 suum
1431 3822 1704 3874 sanctum
1733 3818 1846 3872 Dei
1873 3818 2066 3873 locum
2175 3833 2308 3874 cum
2339 3821 2570 3876 cunctis
2597 3820 2714 3876 sibi
2737 3821 3152 3892 adjacentibus
3181 3838 3362 3894 super
3409 3823 3660 3879 Axonam
3677 3817 3773 3888 ﬂu—

410 3915 619 3973 habuit
647 3914 882 3970 Patres.
913 3911 1014 3968 Ea:
1041 3909 1255 3982 quibus
1275 3924 1430 3964 unus
1464 3907 1878 3979 benignissime
1905 3907 2068 3976 efﬂo-
2173 3908 2333 3963 vium
2353 3908 2552 3964 situm.
2586 3909 2754 3966 Unde
2791 3925 3015 3968 memor
3037 3912 3136 3968 sui
3175 3911 3251 3968 de
3275 3911 3368 3967 his
3406 3911 3775 3968 testamentum

408 4005 551 4071 ruit,
583 4002 964 4060 Leodebodus
1017 4000 1272 4066 nomine,
1306 3999 1644 4068 sanctitate,
1671 3997 1941 4066 scientia,
1971 3996 2063 4051 di-
2171 3997 2459 4065 condidit,
2491 3999 2659 4069 regia
2675 4001 3035 4058 auctoritate
3056 4002 3314 4058 munivit
3334 4007 3388 4058 et
3407 4016 3533 4058 eum
3546 4001 3605 4055 in
3618 3994 3780 4055 archi-

408 4094 566 4150 vitiis
591 4093 829 4162 pollens
858 4096 914 4147 et
941 4091 1160 4161 gloria.
1192 4089 1310 4145 Hic
1340 4093 1537 4144 autem
1555 4087 1676 4157 fuit
1704 4085 2062 4156 temporibus
2170 4102 2242 4143 vo
2266 4089 2616 4144 monasterii
2637 4091 2837 4146 sancti
2856 4091 3045 4162 Petri,
3077 4091 3236 4163 quod
3264 4093 3391 4162 ipse
3408 4096 3610 4162 postea
3633 4084 3781 4154 adiﬁ-

408 4181 712 4237 Clotharii
738 4181 1117 4236 Francorum
1164 4179 1342 4248 regis,
1360 4178 1559 4247 patris
1615 4175 1940 4247 Dagoberli
1964 4175 2066 4231 Se-
2171 4178 2347 4247 cavit,
2381 4177 2674 4233 custodiri
2693 4179 2858 4248 fecit.
2883 4181 2955 4236 In
2977 4196 3094 4251 quo
3122 4181 3382 4238 haredes
3400 4182 3545 4253 fecit
3559 4175 3785 4237 Flonhci

403 4271 610 4340 nioris,
643 4276 697 4327 et
718 4273 844 4339 ejus
874 4270 938 4325 in
959 4268 1162 4326 diebus
1204 4269 1553 4325 monasterii
1577 4267 1790 4324 Sancti
1832 4265 2064 4321 Aniani
2162 4266 2296 4335 ﬁsci
2318 4267 2545 4336 fratres
2572 4267 2982 4326 Floriacenses
3037 4285 3113 4327 ea:
3150 4275 3290 4339 toto,
3331 4273 3489 4328 sicut
3515 4277 3569 4329 et
3610 4283 3644 4325 a
3676 4279 3783 4336 rege

402 4360 590 4416 Pater
614 4365 696 4415 est
728 4359 966 4415 electus.
997 4358 1155 4414 Sane
1195 4363 1429 4413 mortuo
1490 4356 1803 4412 Clothario
1833 4359 1888 4410 et
1932 4356 2059 4425 ejus
2167 4370 2298 4411 eum
2319 4362 2544 4412 emerat
2574 4357 2751 4414 corde
2773 4357 3000 4416 devoto.
3037 4360 3151 4418 Ubi
3166 4375 3298 4432 quae
3321 4366 3379 4418 et
3396 4366 3624 4433 quanta
3643 4356 3783 4426 regis

400 4450 527 4519 ﬁlio
559 4449 912 4520 Dagoberto,
948 4447 1274 4504 Clodoveus
1306 4448 1572 4517 inclytus
1599 4447 1653 4501 ei
1687 4445 1964 4501 successit
1995 4444 2059 4499 in
2161 4447 2447 4514 potestati
2494 4447 2635 4502 Jesu
2691 4447 2940 4519 Christi,
2996 4455 3053 4506 et
3096 4450 3305 4506 damni
3325 4451 3518 4516 Petri,
3550 4456 3602 4507 et
3630 4443 3788 4505 sancti

399 4538 873 4611 regno,justitiw
901 4544 955 4595 et
979 4539 1221 4608 pietatis
1251 4536 1504 4592 amictus
1543 4541 1913 4591 ornamento.
1961 4532 2060 4587 Ad
2165 4533 2396 4590 Aniani
2420 4535 2478 4591 el
2501 4535 2881 4593 Francorum
2928 4540 3084 4609 regis
3137 4538 3422 4596 Clodovei
3469 4535 3786 4598 submisen't.

398 4645 571 4700 quem
596 4629 878 4686 accedens
903 4633 1264 4684 memoratus
1285 4625 1465 4682 abbas
1493 4625 1658 4695 facto
1688 4629 1744 4681 et
1768 4625 1927 4680 dicto
1956 4623 2062 4678 im-
2165 4622 2436 4692 subjecta
2464 4623 2738 4687 declarat
2767 4626 3037 4695 epistola.

1727 4820 2029 4863 EXPLICI'I‘
2072 4818 2464 4864 PROOEMIUM
2477 4847 2488 4860 .

1963 4934 2272 4997 INCIPIT

1072 5107 1399 5192 TESTA
1417 5103 1777 5192 MENTU
1795 5104 1871 5193 M
1939 5099 2560 5189 LEOUEBODI
2622 5105 3119 5192 ABBATIS.

1888 5254 2312 5268 -ῤ

469 5329 533 5383 In
565 5329 806 5386 nomine
835 5331 1038 5398 Patris,
1067 5335 1123 5386 et
1153 5331 1294 5399 Filii,
1319 5336 1376 5388 et
1407 5332 1654 5406 Spiritus
1680 5330 1888 5388 sancti.
2162 5323 2593 5397 gloriosissimo
2617 5342 2776 5396 rege,
2802 5327 2916 5382 sub
2945 5327 3040 5383 die
3066 5345 3103 5383 v
3135 5329 3259 5386 Kal.
3291 5331 3472 5398 Junii,
3524 5332 3723 5388 virtute
3747 5330 3789 5380 et

464 5423 635 5476 Anno
662 5419 926 5476 secundo
955 5425 1242 5490 regnante
1263 5421 1490 5478 domno
1520 5427 1728 5479 nostro
1755 5423 2048 5480 Clodoveo
2156 5414 2509 5470 ﬁrmissimo
2560 5413 2775 5472 robore
2832 5417 3158 5490 aCQuiritur
3209 5424 3274 5474 ut
3297 5421 3522 5495 agresti
3545 5425 3602 5478 et
3629 5419 3789 5476 docta

464 5526 538 5607 (ξ)
561 5526 711 5607 _\[_i_de
741 5543 887 5607 qua;
907 5526 982 5583 de
1028 5528 1142 5607 l_1_oc
1171 5527 1340 5607 titulo
1366 5534 1424 5607 et
1448 5532 2034 5607 testament9_Le_ode-

2216 5520 2346 5588 rite,
2379 5520 2542 5592 apud
2573 5535 2684 5577 nos
2715 5525 2879 5579 tomo
2910 5524 3183 5595 proxime
3209 5526 3502 5599 sequenti,
3527 5525 3641 5585 col.
3659 5523 3786 5583 ηδε.

391 5595 538 5653 bodi
561 5598 699 5654 Vite
727 5595 973 5669 υἷ’ωῆιο
1025 5597 1324 5656 disserunt
1350 5605 1634 5659 Auctores
1681 5602 1877 5663 Gallia
1901 5603 2046 5662 litte-
2154 5611 2305 5665 Emr.
