  <div class='ocr_page' id='page_1' title='image "/cluster/home/n/w/nwhite01/storage/ocr_20150623/141/hvd.32044054760012/456.png"; bbox 0 0 3976 6180; ppageno 0'>
   <div class='ocr_carea' id='block_1_1' title="bbox 190 136 287 212">
    <p class='ocr_par' dir='ltr' id='par_1_1' title="bbox 190 136 287 212">
     <span class='ocr_line' id='line_1_1' title="bbox 190 136 287 212; baseline 0 -24"><span class='ocrx_word' id='word_1_1' title='bbox 190 136 287 212; x_wconf 68' lang='lat' dir='ltr'>nos</span> 
     </span>
    </p>
   </div>
   <div class='ocr_carea' id='block_1_2' title="bbox 1162 119 2521 186">
    <p class='ocr_par' dir='ltr' id='par_1_2' title="bbox 1162 119 2521 186">
     <span class='ocr_line' id='line_1_2' title="bbox 1162 119 2521 186; baseline -0.009 0"><span class='ocrx_word' id='word_1_2' title='bbox 1162 131 1340 186; x_wconf 82' lang='lat' dir='ltr'>VlT-A.</span> <span class='ocrx_word' id='word_1_3' title='bbox 1373 161 1440 170; x_wconf 87' lang='lat'>-—</span> <span class='ocrx_word' id='word_1_4' title='bbox 1468 125 1740 185; x_wconf 71' lang='lat' dir='ltr'>TESTAM</span> <span class='ocrx_word' id='word_1_5' title='bbox 1768 119 2164 178; x_wconf 80' lang='lat' dir='ltr'>LEODEBODI</span> <span class='ocrx_word' id='word_1_6' title='bbox 2198 119 2521 176; x_wconf 71' lang='lat' dir='ltr'>ABBATIS.</span> 
     </span>
    </p>
   </div>
   <div class='ocr_carea' id='block_1_3' title="bbox 3515 128 3620 182">
    <p class='ocr_par' dir='ltr' id='par_1_3' title="bbox 3515 128 3620 182">
     <span class='ocr_line' id='line_1_3' title="bbox 3515 128 3620 182; baseline 0.019 -2"><span class='ocrx_word' id='word_1_7' title='bbox 3515 128 3620 182; x_wconf 82' lang='lat'>906</span> 
     </span>
    </p>
   </div>
   <div class='ocr_carea' id='block_1_4' title="bbox 189 240 3627 325">
    <p class='ocr_par' dir='ltr' id='par_1_4' title="bbox 189 240 3627 325">
     <span class='ocr_line' id='line_1_4' title="bbox 189 240 3627 325; baseline -0.001 -14"><span class='ocrx_word' id='word_1_8' title='bbox 189 255 367 312; x_wconf 89' lang='lat' dir='ltr'>menti</span> <span class='ocrx_word' id='word_1_9' title='bbox 400 253 732 311; x_wconf 85' lang='lat' dir='ltr'>testiﬁcatio</span> <span class='ocrx_word' id='word_1_10' title='bbox 783 254 1160 324; x_wconf 73' lang='lat' dir='ltr'>suffragetur.</span> <span class='ocrx_word' id='word_1_11' title='bbox 1197 257 1261 308; x_wconf 86' lang='lat' dir='ltr'>Et</span> <span class='ocrx_word' id='word_1_12' title='bbox 1311 254 1604 325; x_wconf 89' lang='lat' dir='ltr'>quoniam</span> <span class='ocrx_word' id='word_1_13' title='bbox 1628 249 1709 305; x_wconf 92' lang='lat' dir='ltr'>ita</span> <span class='ocrx_word' id='word_1_14' title='bbox 1737 250 1844 317; x_wconf 88' lang='lat' dir='ltr'>est,</span> <span class='ocrx_word' id='word_1_15' title='bbox 1885 252 1932 303; x_wconf 72' lang='grc' dir='ltr'><strong>Α</strong></span> <span class='ocrx_word' id='word_1_16' title='bbox 1957 240 2394 310; x_wconf 74' lang='lat' dir='ltr'>neant,int8gra</span> <span class='ocrx_word' id='word_1_17' title='bbox 2417 240 2735 297; x_wconf 73' lang='lat' dir='ltr'>devotione</span> <span class='ocrx_word' id='word_1_18' title='bbox 2765 240 3342 317; x_wconf 77' lang='lat' dir='ltr'>institu0.Simulque</span> <span class='ocrx_word' id='word_1_19' title='bbox 3371 250 3428 302; x_wconf 84' lang='lat' dir='ltr'>et</span> <span class='ocrx_word' id='word_1_20' title='bbox 3456 247 3627 320; x_wconf 83' lang='lat' dir='ltr'>quod</span> 
     </span>
    </p>
   </div>
   <div class='ocr_carea' id='block_1_5' title="bbox 189 340 1851 416">
    <p class='ocr_par' dir='ltr' id='par_1_5' title="bbox 189 340 1851 416">
     <span class='ocr_line' id='line_1_5' title="bbox 189 340 1851 416; baseline -0.006 -16"><span class='ocrx_word' id='word_1_21' title='bbox 189 345 288 401; x_wconf 88' lang='lat' dir='ltr'>Dei</span> <span class='ocrx_word' id='word_1_22' title='bbox 321 348 668 416; x_wconf 82' lang='lat' dir='ltr'>protegente</span> <span class='ocrx_word' id='word_1_23' title='bbox 699 343 962 413; x_wconf 74' lang='lat' dir='ltr'>dextera,</span> <span class='ocrx_word' id='word_1_24' title='bbox 1005 359 1117 412; x_wconf 90' lang='lat' dir='ltr'>ego</span> <span class='ocrx_word' id='word_1_25' title='bbox 1150 341 1541 397; x_wconf 85' lang='lat' dir='ltr'>Leodebodus</span> <span class='ocrx_word' id='word_1_26' title='bbox 1573 340 1685 394; x_wconf 91' lang='lat' dir='ltr'>ista</span> <span class='ocrx_word' id='word_1_27' title='bbox 1714 352 1851 393; x_wconf 92' lang='lat' dir='ltr'>con-</span> 
     </span>
    </p>
   </div>
   <div class='ocr_carea' id='block_1_6' title="bbox 189 425 1854 499">
    <p class='ocr_par' dir='ltr' id='par_1_6' title="bbox 189 425 1854 499">
     <span class='ocr_line' id='line_1_6' title="bbox 189 425 1854 499; baseline -0.006 -15"><span class='ocrx_word' id='word_1_28' title='bbox 189 429 405 498; x_wconf 83' lang='lat' dir='ltr'>scribo,</span> <span class='ocrx_word' id='word_1_29' title='bbox 439 445 507 484; x_wconf 92' lang='lat' dir='ltr'>ac</span> <span class='ocrx_word' id='word_1_30' title='bbox 540 445 587 483; x_wconf 75' lang='lat'>$1</span> <span class='ocrx_word' id='word_1_31' title='bbox 632 427 918 496; x_wconf 87' lang='lat' dir='ltr'>indignus</span> <span class='ocrx_word' id='word_1_32' title='bbox 948 431 1004 483; x_wconf 91' lang='lat' dir='ltr'>et</span> <span class='ocrx_word' id='word_1_33' title='bbox 1029 431 1307 499; x_wconf 78' lang='lat' dir='ltr'>peccator</span> <span class='ocrx_word' id='word_1_34' title='bbox 1358 425 1538 480; x_wconf 76' lang='lat' dir='ltr'>aLha.</span> <span class='ocrx_word' id='word_1_35' title='bbox 1576 427 1727 479; x_wconf 88' lang='lat' dir='ltr'>Dum</span> <span class='ocrx_word' id='word_1_36' title='bbox 1755 435 1854 475; x_wconf 90' lang='lat' dir='ltr'>me</span> 
     </span>
    </p>
   </div>
   <div class='ocr_carea' id='block_1_7' title="bbox 188 511 1857 591">
    <p class='ocr_par' dir='ltr' id='par_1_7' title="bbox 188 511 1857 591">
     <span class='ocr_line' id='line_1_7' title="bbox 188 511 1857 591; baseline -0.004 -18"><span class='ocrx_word' id='word_1_37' title='bbox 188 518 395 574; x_wconf 88' lang='lat' dir='ltr'>divina</span> <span class='ocrx_word' id='word_1_38' title='bbox 423 517 614 591; x_wconf 90' lang='lat' dir='ltr'>pietas</span> <span class='ocrx_word' id='word_1_39' title='bbox 643 516 904 572; x_wconf 78' lang='lat' dir='ltr'>basilicae</span> <span class='ocrx_word' id='word_1_40' title='bbox 924 515 1132 571; x_wconf 89' lang='lat' dir='ltr'>domni</span> <span class='ocrx_word' id='word_1_41' title='bbox 1163 514 1505 581; x_wconf 74' lang='lat' dir='ltr'>Aniani,ubi</span> <span class='ocrx_word' id='word_1_42' title='bbox 1534 513 1661 586; x_wconf 91' lang='lat' dir='ltr'>ipse</span> <span class='ocrx_word' id='word_1_43' title='bbox 1685 511 1857 567; x_wconf 92' lang='lat' dir='ltr'>dom-</span> 
     </span>
    </p>
   </div>
   <div class='ocr_carea' id='block_1_8' title="bbox 189 600 1858 680">
    <p class='ocr_par' dir='ltr' id='par_1_8' title="bbox 189 600 1858 680">
     <span class='ocr_line' id='line_1_8' title="bbox 189 600 1858 680; baseline -0.005 -16"><span class='ocrx_word' id='word_1_44' title='bbox 189 602 309 664; x_wconf 90' lang='lat' dir='ltr'>nus</span> <span class='ocrx_word' id='word_1_45' title='bbox 337 608 398 664; x_wconf 94' lang='lat' dir='ltr'>in</span> <span class='ocrx_word' id='word_1_46' title='bbox 423 623 670 680; x_wconf 91' lang='lat' dir='ltr'>corpore</span> <span class='ocrx_word' id='word_1_47' title='bbox 696 605 1030 678; x_wconf 85' lang='lat' dir='ltr'>requiescit,</span> <span class='ocrx_word' id='word_1_48' title='bbox 1049 604 1303 661; x_wconf 71' lang='lat' dir='ltr'>abbatiae</span> <span class='ocrx_word' id='word_1_49' title='bbox 1332 603 1724 659; x_wconf 81' lang='lat' dir='ltr'>sublimatum</span> <span class='ocrx_word' id='word_1_50' title='bbox 1751 600 1858 655; x_wconf 89' lang='lat' dir='ltr'>ho-</span> 
     </span>
    </p>
   </div>
   <div class='ocr_carea' id='block_1_9' title="bbox 191 691 1859 768">
    <p class='ocr_par' dir='ltr' id='par_1_9' title="bbox 191 691 1859 768">
     <span class='ocr_line' id='line_1_9' title="bbox 191 691 1859 768; baseline -0.005 -15"><span class='ocrx_word' id='word_1_51' title='bbox 191 713 340 754; x_wconf 90' lang='lat' dir='ltr'>nore</span> <span class='ocrx_word' id='word_1_52' title='bbox 384 697 656 768; x_wconf 86' lang='lat' dir='ltr'>ejusdem</span> <span class='ocrx_word' id='word_1_53' title='bbox 703 694 817 751; x_wconf 92' lang='lat' dir='ltr'>loci</span> <span class='ocrx_word' id='word_1_54' title='bbox 866 694 1175 750; x_wconf 84' lang='lat' dir='ltr'>custodem</span> <span class='ocrx_word' id='word_1_55' title='bbox 1223 709 1356 749; x_wconf 90' lang='lat' dir='ltr'>esse</span> <span class='ocrx_word' id='word_1_56' title='bbox 1408 691 1679 762; x_wconf 85' lang='lat' dir='ltr'>instituit,</span> <span class='ocrx_word' id='word_1_57' title='bbox 1720 703 1859 745; x_wconf 91' lang='lat' dir='ltr'>con-</span> 
     </span>
    </p>
   </div>
   <div class='ocr_carea' id='block_1_10' title="bbox 193 781 1857 857">
    <p class='ocr_par' dir='ltr' id='par_1_10' title="bbox 193 781 1857 857">
     <span class='ocr_line' id='line_1_10' title="bbox 193 781 1857 857; baseline -0.003 -17"><span class='ocrx_word' id='word_1_58' title='bbox 193 801 422 857; x_wconf 86' lang='lat' dir='ltr'>gruum</span> <span class='ocrx_word' id='word_1_59' title='bbox 451 784 593 841; x_wconf 77' lang='lat' dir='ltr'>duxi</span> <span class='ocrx_word' id='word_1_60' title='bbox 624 788 681 840; x_wconf 92' lang='lat' dir='ltr'>et</span> <span class='ocrx_word' id='word_1_61' title='bbox 707 783 1022 840; x_wconf 83' lang='lat' dir='ltr'>devotione</span> <span class='ocrx_word' id='word_1_62' title='bbox 1052 783 1404 855; x_wconf 80' lang='lat' dir='ltr'>plenissima</span> <span class='ocrx_word' id='word_1_63' title='bbox 1433 781 1580 836; x_wconf 90' lang='lat' dir='ltr'>mihi</span> <span class='ocrx_word' id='word_1_64' title='bbox 1601 794 1857 836; x_wconf 84' lang='lat' dir='ltr'>consen-</span> 
     </span>
    </p>
   </div>
   <div class='ocr_carea' id='block_1_11' title="bbox 192 870 1859 946">
    <p class='ocr_par' dir='ltr' id='par_1_11' title="bbox 192 870 1859 946">
     <span class='ocr_line' id='line_1_11' title="bbox 192 870 1859 946; baseline -0.005 -15"><span class='ocrx_word' id='word_1_65' title='bbox 192 876 271 932; x_wconf 93' lang='lat' dir='ltr'>sit</span> <span class='ocrx_word' id='word_1_66' title='bbox 297 875 666 945; x_wconf 91' lang='lat' dir='ltr'>voluntas,ut</span> <span class='ocrx_word' id='word_1_67' title='bbox 694 875 770 930; x_wconf 91' lang='lat' dir='ltr'>de</span> <span class='ocrx_word' id='word_1_68' title='bbox 798 891 860 930; x_wconf 89' lang='lat' dir='ltr'>re</span> <span class='ocrx_word' id='word_1_69' title='bbox 890 874 1269 946; x_wconf 82' lang='lat' dir='ltr'>proprietatis</span> <span class='ocrx_word' id='word_1_70' title='bbox 1299 889 1450 928; x_wconf 71' lang='lat' dir='ltr'>mete</span> <span class='ocrx_word' id='word_1_71' title='bbox 1485 876 1607 928; x_wconf 89' lang='lat' dir='ltr'>tam</span> <span class='ocrx_word' id='word_1_72' title='bbox 1635 870 1697 926; x_wconf 92' lang='lat' dir='ltr'>in</span> <span class='ocrx_word' id='word_1_73' title='bbox 1725 870 1859 942; x_wconf 91' lang='lat' dir='ltr'>ipsa</span> 
     </span>
    </p>
   </div>
   <div class='ocr_carea' id='block_1_12' title="bbox 189 961 1857 1037">
    <p class='ocr_par' dir='ltr' id='par_1_12' title="bbox 189 961 1857 1037">
     <span class='ocr_line' id='line_1_12' title="bbox 189 961 1857 1037; baseline -0.004 -17"><span class='ocrx_word' id='word_1_74' title='bbox 189 964 443 1020; x_wconf 88' lang='lat' dir='ltr'>basilica</span> <span class='ocrx_word' id='word_1_75' title='bbox 487 980 673 1037; x_wconf 90' lang='lat' dir='ltr'>quam</span> <span class='ocrx_word' id='word_1_76' title='bbox 704 968 761 1019; x_wconf 91' lang='lat' dir='ltr'>et</span> <span class='ocrx_word' id='word_1_77' title='bbox 805 963 1066 1019; x_wconf 75' lang='lat' dir='ltr'>basilicae</span> <span class='ocrx_word' id='word_1_78' title='bbox 1115 963 1355 1018; x_wconf 61' lang='lat' dir='ltr'>domnae</span> <span class='ocrx_word' id='word_1_79' title='bbox 1408 961 1623 1031; x_wconf 66' lang='lat' dir='ltr'>Mariae,</span> <span class='ocrx_word' id='word_1_80' title='bbox 1671 975 1857 1032; x_wconf 87' lang='lat' dir='ltr'>quam</span> 
     </span>
    </p>
   </div>
   <div class='ocr_carea' id='block_1_13' title="bbox 187 1047 1859 1124">
    <p class='ocr_par' dir='ltr' id='par_1_13' title="bbox 187 1047 1859 1124">
     <span class='ocr_line' id='line_1_13' title="bbox 187 1047 1859 1124; baseline -0.004 -15"><span class='ocrx_word' id='word_1_81' title='bbox 187 1055 450 1110; x_wconf 76' lang='lat' dir='ltr'>Joannes</span> <span class='ocrx_word' id='word_1_82' title='bbox 482 1053 780 1109; x_wconf 80' lang='lat' dir='ltr'>Floriacus</span> <span class='ocrx_word' id='word_1_83' title='bbox 800 1068 836 1107; x_wconf 91' lang='lat' dir='ltr'>a</span> <span class='ocrx_word' id='word_1_84' title='bbox 859 1068 1017 1108; x_wconf 90' lang='lat' dir='ltr'>novo</span> <span class='ocrx_word' id='word_1_85' title='bbox 1043 1051 1357 1124; x_wconf 88' lang='lat' dir='ltr'>quondam</span> <span class='ocrx_word' id='word_1_86' title='bbox 1380 1049 1728 1116; x_wconf 79' lang='lat' dir='ltr'>construxit,</span> <span class='ocrx_word' id='word_1_87' title='bbox 1753 1047 1859 1103; x_wconf 90' lang='lat' dir='ltr'>ubi</span> 
     </span>
    </p>
   </div>
   <div class='ocr_carea' id='block_1_14' title="bbox 191 1135 1858 1210">
    <p class='ocr_par' dir='ltr' id='par_1_14' title="bbox 191 1135 1858 1210">
     <span class='ocr_line' id='line_1_14' title="bbox 191 1135 1858 1210; baseline -0.004 -13"><span class='ocrx_word' id='word_1_88' title='bbox 191 1140 550 1197; x_wconf 77' lang='lat' dir='ltr'>venerabilis</span> <span class='ocrx_word' id='word_1_89' title='bbox 579 1141 671 1196; x_wconf 91' lang='lat' dir='ltr'>vir</span> <span class='ocrx_word' id='word_1_90' title='bbox 701 1139 1016 1196; x_wconf 85' lang='lat' dir='ltr'>Fulcaldus</span> <span class='ocrx_word' id='word_1_91' title='bbox 1045 1139 1206 1195; x_wconf 89' lang='lat' dir='ltr'>abba</span> <span class='ocrx_word' id='word_1_92' title='bbox 1241 1142 1442 1195; x_wconf 92' lang='lat' dir='ltr'>custos</span> <span class='ocrx_word' id='word_1_93' title='bbox 1493 1152 1746 1210; x_wconf 62' lang='lat' dir='ltr'>praeesse</span> <span class='ocrx_word' id='word_1_94' title='bbox 1772 1135 1858 1190; x_wconf 90' lang='lat' dir='ltr'>di-</span> 
     </span>
    </p>
   </div>
   <div class='ocr_carea' id='block_1_15' title="bbox 193 1223 1860 1299">
    <p class='ocr_par' dir='ltr' id='par_1_15' title="bbox 193 1223 1860 1299">
     <span class='ocr_line' id='line_1_15' title="bbox 193 1223 1860 1299; baseline -0.004 -14"><span class='ocrx_word' id='word_1_95' title='bbox 193 1229 524 1299; x_wconf 88' lang='lat' dir='ltr'>gnoscitur,</span> <span class='ocrx_word' id='word_1_96' title='bbox 558 1246 663 1285; x_wconf 92' lang='lat' dir='ltr'>seu</span> <span class='ocrx_word' id='word_1_97' title='bbox 693 1233 750 1285; x_wconf 90' lang='lat' dir='ltr'>et</span> <span class='ocrx_word' id='word_1_98' title='bbox 777 1228 838 1283; x_wconf 92' lang='lat' dir='ltr'>in</span> <span class='ocrx_word' id='word_1_99' title='bbox 868 1244 1015 1298; x_wconf 83' lang='lat' dir='ltr'>agro</span> <span class='ocrx_word' id='word_1_100' title='bbox 1044 1226 1325 1294; x_wconf 82' lang='lat' dir='ltr'>Floriaco,</span> <span class='ocrx_word' id='word_1_101' title='bbox 1360 1242 1542 1299; x_wconf 91' lang='lat' dir='ltr'>quem</span> <span class='ocrx_word' id='word_1_102' title='bbox 1571 1241 1710 1281; x_wconf 91' lang='lat' dir='ltr'>cum</span> <span class='ocrx_word' id='word_1_103' title='bbox 1740 1223 1860 1294; x_wconf 90' lang='lat' dir='ltr'>glo-</span> 
     </span>
    </p>
   </div>
   <div class='ocr_carea' id='block_1_16' title="bbox 192 1313 1860 1392">
    <p class='ocr_par' dir='ltr' id='par_1_16' title="bbox 192 1313 1860 1392">
     <span class='ocr_line' id='line_1_16' title="bbox 192 1313 1860 1392; baseline -0.004 -17"><span class='ocrx_word' id='word_1_104' title='bbox 192 1318 357 1376; x_wconf 87' lang='lat' dir='ltr'>rioso</span> <span class='ocrx_word' id='word_1_105' title='bbox 385 1324 563 1392; x_wconf 92' lang='lat' dir='ltr'>atque</span> <span class='ocrx_word' id='word_1_106' title='bbox 593 1318 881 1391; x_wconf 63' lang='lat' dir='ltr'>praecelso</span> <span class='ocrx_word' id='word_1_107' title='bbox 901 1317 1128 1373; x_wconf 91' lang='lat' dir='ltr'>domno</span> <span class='ocrx_word' id='word_1_108' title='bbox 1160 1316 1458 1374; x_wconf 88' lang='lat' dir='ltr'>Clodoveo</span> <span class='ocrx_word' id='word_1_109' title='bbox 1486 1332 1624 1385; x_wconf 89' lang='lat' dir='ltr'>rege</span> <span class='ocrx_word' id='word_1_110' title='bbox 1654 1319 1710 1370; x_wconf 93' lang='lat' dir='ltr'>et</span> <span class='ocrx_word' id='word_1_111' title='bbox 1739 1313 1860 1383; x_wconf 88' lang='lat' dir='ltr'>glo-</span> 
     </span>
    </p>
   </div>
   <div class='ocr_carea' id='block_1_17' title="bbox 193 1403 1864 1477">
    <p class='ocr_par' dir='ltr' id='par_1_17' title="bbox 193 1403 1864 1477">
     <span class='ocr_line' id='line_1_17' title="bbox 193 1403 1864 1477; baseline -0.004 -13"><span class='ocrx_word' id='word_1_112' title='bbox 193 1407 358 1464; x_wconf 91' lang='lat' dir='ltr'>riosa</span> <span class='ocrx_word' id='word_1_113' title='bbox 406 1407 637 1464; x_wconf 89' lang='lat' dir='ltr'>domna</span> <span class='ocrx_word' id='word_1_114' title='bbox 683 1423 866 1463; x_wconf 84' lang='lat' dir='ltr'>uxore</span> <span class='ocrx_word' id='word_1_115' title='bbox 906 1407 1057 1477; x_wconf 88' lang='lat' dir='ltr'>ejus,</span> <span class='ocrx_word' id='word_1_116' title='bbox 1107 1405 1370 1461; x_wconf 85' lang='lat' dir='ltr'>Bathilde</span> <span class='ocrx_word' id='word_1_117' title='bbox 1419 1405 1646 1475; x_wconf 82' lang='lat' dir='ltr'>regina,</span> <span class='ocrx_word' id='word_1_118' title='bbox 1699 1403 1864 1458; x_wconf 90' lang='lat' dir='ltr'>visus</span> 
     </span>
    </p>
   </div>
   <div class='ocr_carea' id='block_1_18' title="bbox 195 1492 1864 1568">
    <p class='ocr_par' dir='ltr' id='par_1_18' title="bbox 195 1492 1864 1568">
     <span class='ocr_line' id='line_1_18' title="bbox 195 1492 1864 1568; baseline -0.003 -15"><span class='ocrx_word' id='word_1_119' title='bbox 195 1514 333 1553; x_wconf 89' lang='lat' dir='ltr'>sum</span> <span class='ocrx_word' id='word_1_120' title='bbox 363 1498 436 1554; x_wconf 92' lang='lat' dir='ltr'>de</span> <span class='ocrx_word' id='word_1_121' title='bbox 468 1498 652 1554; x_wconf 87' lang='lat' dir='ltr'>rebus</span> <span class='ocrx_word' id='word_1_122' title='bbox 683 1497 832 1552; x_wconf 89' lang='lat' dir='ltr'>meis</span> <span class='ocrx_word' id='word_1_123' title='bbox 882 1495 1138 1568; x_wconf 85' lang='lat' dir='ltr'>propriis</span> <span class='ocrx_word' id='word_1_124' title='bbox 1168 1498 1590 1565; x_wconf 88' lang='lat' dir='ltr'>commutasse,</span> <span class='ocrx_word' id='word_1_125' title='bbox 1624 1492 1727 1549; x_wconf 93' lang='lat' dir='ltr'>ubi</span> <span class='ocrx_word' id='word_1_126' title='bbox 1754 1508 1864 1565; x_wconf 91' lang='lat' dir='ltr'>pro</span> 
     </span>
    </p>
   </div>
   <div class='ocr_carea' id='block_1_19' title="bbox 193 1583 1938 1658">
    <p class='ocr_par' dir='ltr' id='par_1_19' title="bbox 193 1583 1938 1658">
     <span class='ocr_line' id='line_1_19' title="bbox 193 1583 1938 1658; baseline -0.002 -17"><span class='ocrx_word' id='word_1_127' title='bbox 193 1585 381 1648; x_wconf 75' lang='lat' dir='ltr'>salute</span> <span class='ocrx_word' id='word_1_128' title='bbox 393 1585 676 1657; x_wconf 88' lang='lat' dir='ltr'>regia,vel</span> <span class='ocrx_word' id='word_1_129' title='bbox 695 1589 910 1642; x_wconf 90' lang='lat' dir='ltr'>cuncto</span> <span class='ocrx_word' id='word_1_130' title='bbox 924 1584 1149 1658; x_wconf 91' lang='lat' dir='ltr'>populo</span> <span class='ocrx_word' id='word_1_131' title='bbox 1166 1583 1867 1650; x_wconf 87' lang='lat' dir='ltr'>exorandum,monaste-</span> <span class='ocrx_word' id='word_1_132' title='bbox 1894 1603 1938 1658; x_wconf 76' lang='grc' dir='ltr'>Β</span> 
     </span>
    </p>
   </div>
   <div class='ocr_carea' id='block_1_20' title="bbox 199 1670 1868 1742">
    <p class='ocr_par' dir='ltr' id='par_1_20' title="bbox 199 1670 1868 1742">
     <span class='ocr_line' id='line_1_20' title="bbox 199 1670 1868 1742; baseline -0.004 -10"><span class='ocrx_word' id='word_1_133' title='bbox 199 1677 357 1732; x_wconf 90' lang='lat' dir='ltr'>rium</span> <span class='ocrx_word' id='word_1_134' title='bbox 385 1677 446 1732; x_wconf 91' lang='lat' dir='ltr'>in</span> <span class='ocrx_word' id='word_1_135' title='bbox 478 1677 707 1732; x_wconf 88' lang='lat' dir='ltr'>honore</span> <span class='ocrx_word' id='word_1_136' title='bbox 738 1674 926 1730; x_wconf 87' lang='lat' dir='ltr'>sancti</span> <span class='ocrx_word' id='word_1_137' title='bbox 954 1674 1100 1730; x_wconf 85' lang='lat' dir='ltr'>Petri</span> <span class='ocrx_word' id='word_1_138' title='bbox 1120 1673 1417 1729; x_wconf 68' lang='lat' dir='ltr'>aediﬁcare</span> <span class='ocrx_word' id='word_1_139' title='bbox 1445 1672 1732 1742; x_wconf 88' lang='lat' dir='ltr'>delibero,</span> <span class='ocrx_word' id='word_1_140' title='bbox 1763 1670 1868 1726; x_wconf 90' lang='lat' dir='ltr'>ubi</span> 
     </span>
    </p>
   </div>
   <div class='ocr_carea' id='block_1_21' title="bbox 193 1759 1867 1837">
    <p class='ocr_par' dir='ltr' id='par_1_21' title="bbox 193 1759 1867 1837">
     <span class='ocr_line' id='line_1_21' title="bbox 193 1759 1867 1837; baseline -0.004 -16"><span class='ocrx_word' id='word_1_141' title='bbox 193 1766 325 1837; x_wconf 90' lang='lat' dir='ltr'>jam</span> <span class='ocrx_word' id='word_1_142' title='bbox 355 1764 550 1820; x_wconf 88' lang='lat' dir='ltr'>dictus</span> <span class='ocrx_word' id='word_1_143' title='bbox 577 1763 666 1818; x_wconf 91' lang='lat' dir='ltr'>vir</span> <span class='ocrx_word' id='word_1_144' title='bbox 697 1763 820 1833; x_wconf 90' lang='lat' dir='ltr'>Dei,</span> <span class='ocrx_word' id='word_1_145' title='bbox 854 1767 1094 1818; x_wconf 89' lang='lat' dir='ltr'>sanctus</span> <span class='ocrx_word' id='word_1_146' title='bbox 1135 1762 1409 1818; x_wconf 87' lang='lat' dir='ltr'>videlicet</span> <span class='ocrx_word' id='word_1_147' title='bbox 1437 1761 1662 1834; x_wconf 71' lang='lat' dir='ltr'>praesul</span> <span class='ocrx_word' id='word_1_148' title='bbox 1690 1759 1867 1816; x_wconf 82' lang='lat' dir='ltr'>Ania-</span> 
     </span>
    </p>
   </div>
   <div class='ocr_carea' id='block_1_22' title="bbox 199 1849 1869 1924">
    <p class='ocr_par' dir='ltr' id='par_1_22' title="bbox 199 1849 1869 1924">
     <span class='ocr_line' id='line_1_22' title="bbox 199 1849 1869 1924; baseline -0.004 -14"><span class='ocrx_word' id='word_1_149' title='bbox 199 1869 338 1920; x_wconf 92' lang='lat' dir='ltr'>nus,</span> <span class='ocrx_word' id='word_1_150' title='bbox 393 1853 693 1923; x_wconf 80' lang='lat' dir='ltr'>condigne</span> <span class='ocrx_word' id='word_1_151' title='bbox 718 1853 878 1924; x_wconf 91' lang='lat' dir='ltr'>jacet</span> <span class='ocrx_word' id='word_1_152' title='bbox 932 1851 1280 1921; x_wconf 90' lang='lat' dir='ltr'>tumulatus,</span> <span class='ocrx_word' id='word_1_153' title='bbox 1329 1851 1389 1906; x_wconf 93' lang='lat' dir='ltr'>in</span> <span class='ocrx_word' id='word_1_154' title='bbox 1421 1868 1544 1924; x_wconf 93' lang='lat' dir='ltr'>quo</span> <span class='ocrx_word' id='word_1_155' title='bbox 1587 1849 1869 1906; x_wconf 78' lang='lat' dir='ltr'>monachi</span> 
     </span>
    </p>
   </div>
   <div class='ocr_carea' id='block_1_23' title="bbox 193 1938 1866 2014">
    <p class='ocr_par' dir='ltr' id='par_1_23' title="bbox 193 1938 1866 2014">
     <span class='ocr_line' id='line_1_23' title="bbox 193 1938 1866 2014; baseline -0.003 -17"><span class='ocrx_word' id='word_1_156' title='bbox 193 1942 372 2014; x_wconf 76' lang='lat' dir='ltr'>juxta</span> <span class='ocrx_word' id='word_1_157' title='bbox 401 1941 674 2011; x_wconf 89' lang='lat' dir='ltr'>regulam</span> <span class='ocrx_word' id='word_1_158' title='bbox 705 1939 1067 1998; x_wconf 88' lang='lat' dir='ltr'>sanctissimi</span> <span class='ocrx_word' id='word_1_159' title='bbox 1110 1939 1408 1995; x_wconf 87' lang='lat' dir='ltr'>Benedicti</span> <span class='ocrx_word' id='word_1_160' title='bbox 1433 1943 1490 1994; x_wconf 90' lang='lat' dir='ltr'>et</span> <span class='ocrx_word' id='word_1_161' title='bbox 1517 1938 1728 1994; x_wconf 90' lang='lat' dir='ltr'>domni</span> <span class='ocrx_word' id='word_1_162' title='bbox 1759 1941 1866 1993; x_wconf 91' lang='lat' dir='ltr'>Co-</span> 
     </span>
    </p>
   </div>
   <div class='ocr_carea' id='block_1_24' title="bbox 205 2025 1869 2098">
    <p class='ocr_par' dir='ltr' id='par_1_24' title="bbox 205 2025 1869 2098">
     <span class='ocr_line' id='line_1_24' title="bbox 205 2025 1869 2098; baseline -0.003 -11"><span class='ocrx_word' id='word_1_163' title='bbox 205 2030 482 2088; x_wconf 87' lang='lat' dir='ltr'>lumbani</span> <span class='ocrx_word' id='word_1_164' title='bbox 520 2031 846 2087; x_wconf 85' lang='lat' dir='ltr'>consistere</span> <span class='ocrx_word' id='word_1_165' title='bbox 875 2029 1153 2096; x_wconf 90' lang='lat' dir='ltr'>debeant,</span> <span class='ocrx_word' id='word_1_166' title='bbox 1187 2028 1560 2098; x_wconf 85' lang='lat' dir='ltr'>singulariter</span> <span class='ocrx_word' id='word_1_167' title='bbox 1578 2027 1655 2083; x_wconf 92' lang='lat' dir='ltr'>de</span> <span class='ocrx_word' id='word_1_168' title='bbox 1686 2025 1869 2083; x_wconf 88' lang='lat' dir='ltr'>facul-</span> 
     </span>
    </p>
   </div>
   <div class='ocr_carea' id='block_1_25' title="bbox 205 2115 1869 2191">
    <p class='ocr_par' dir='ltr' id='par_1_25' title="bbox 205 2115 1869 2191">
     <span class='ocr_line' id='line_1_25' title="bbox 205 2115 1869 2191; baseline -0.001 -17"><span class='ocrx_word' id='word_1_169' title='bbox 205 2124 327 2176; x_wconf 85' lang='lat' dir='ltr'>tate</span> <span class='ocrx_word' id='word_1_170' title='bbox 355 2119 734 2191; x_wconf 86' lang='lat' dir='ltr'>proprietatis</span> <span class='ocrx_word' id='word_1_171' title='bbox 754 2135 902 2174; x_wconf 70' lang='lat' dir='ltr'>mete</span> <span class='ocrx_word' id='word_1_172' title='bbox 925 2119 1153 2175; x_wconf 89' lang='lat' dir='ltr'>Christo</span> <span class='ocrx_word' id='word_1_173' title='bbox 1171 2118 1422 2190; x_wconf 66' lang='lat' dir='ltr'>prtesule</span> <span class='ocrx_word' id='word_1_174' title='bbox 1439 2117 1708 2173; x_wconf 86' lang='lat' dir='ltr'>conferre</span> <span class='ocrx_word' id='word_1_175' title='bbox 1729 2115 1869 2172; x_wconf 84' lang='lat' dir='ltr'>deli-</span> 
     </span>
    </p>
   </div>
   <div class='ocr_carea' id='block_1_26' title="bbox 198 2205 1869 2277">
    <p class='ocr_par' dir='ltr' id='par_1_26' title="bbox 198 2205 1869 2277">
     <span class='ocr_line' id='line_1_26' title="bbox 198 2205 1869 2277; baseline -0.001 -15"><span class='ocrx_word' id='word_1_176' title='bbox 198 2207 368 2263; x_wconf 88' lang='lat' dir='ltr'>bero.</span> <span class='ocrx_word' id='word_1_177' title='bbox 386 2211 620 2264; x_wconf 90' lang='lat' dir='ltr'>Domno</span> <span class='ocrx_word' id='word_1_178' title='bbox 632 2208 810 2277; x_wconf 88' lang='lat' dir='ltr'>igitur</span> <span class='ocrx_word' id='word_1_179' title='bbox 825 2211 959 2264; x_wconf 86' lang='lat' dir='ltr'>ante</span> <span class='ocrx_word' id='word_1_180' title='bbox 970 2207 1142 2263; x_wconf 67' lang='lat' dir='ltr'>dictae</span> <span class='ocrx_word' id='word_1_181' title='bbox 1158 2207 1420 2262; x_wconf 57' lang='lat' dir='ltr'>basilica!</span> <span class='ocrx_word' id='word_1_182' title='bbox 1435 2205 1869 2262; x_wconf 83' lang='lat' dir='ltr'>domniAniani</span> 
     </span>
    </p>
   </div>
   <div class='ocr_carea' id='block_1_27' title="bbox 195 2296 1868 2368">
    <p class='ocr_par' dir='ltr' id='par_1_27' title="bbox 195 2296 1868 2368">
     <span class='ocr_line' id='line_1_27' title="bbox 195 2296 1868 2368; baseline -0.001 -16"><span class='ocrx_word' id='word_1_183' title='bbox 195 2297 295 2352; x_wconf 89' lang='lat' dir='ltr'>vel</span> <span class='ocrx_word' id='word_1_184' title='bbox 323 2297 640 2353; x_wconf 90' lang='lat' dir='ltr'>monachis</span> <span class='ocrx_word' id='word_1_185' title='bbox 667 2296 892 2352; x_wconf 84' lang='lat' dir='ltr'>ibidem</span> <span class='ocrx_word' id='word_1_186' title='bbox 936 2296 1434 2366; x_wconf 88' lang='lat' dir='ltr'>deservientibus,</span> <span class='ocrx_word' id='word_1_187' title='bbox 1472 2296 1577 2352; x_wconf 90' lang='lat' dir='ltr'>ubi</span> <span class='ocrx_word' id='word_1_188' title='bbox 1607 2296 1686 2352; x_wconf 90' lang='lat' dir='ltr'>ad</span> <span class='ocrx_word' id='word_1_189' title='bbox 1711 2312 1868 2368; x_wconf 76' lang='lat' dir='ltr'>prae-</span> 
     </span>
    </p>
   </div>
   <div class='ocr_carea' id='block_1_28' title="bbox 196 2385 1869 2459">
    <p class='ocr_par' dir='ltr' id='par_1_28' title="bbox 196 2385 1869 2459">
     <span class='ocr_line' id='line_1_28' title="bbox 196 2385 1869 2459; baseline -0.001 -17"><span class='ocrx_word' id='word_1_190' title='bbox 196 2402 340 2443; x_wconf 88' lang='lat' dir='ltr'>sens</span> <span class='ocrx_word' id='word_1_191' title='bbox 389 2386 695 2442; x_wconf 87' lang='lat' dir='ltr'>divinitate</span> <span class='ocrx_word' id='word_1_192' title='bbox 752 2386 1011 2459; x_wconf 90' lang='lat' dir='ltr'>propitia</span> <span class='ocrx_word' id='word_1_193' title='bbox 1067 2387 1402 2457; x_wconf 77' lang='lat' dir='ltr'>funguntur</span> <span class='ocrx_word' id='word_1_194' title='bbox 1444 2385 1661 2452; x_wconf 77' lang='lat' dir='ltr'>ofﬁcio,</span> <span class='ocrx_word' id='word_1_195' title='bbox 1703 2390 1761 2441; x_wconf 89' lang='lat' dir='ltr'>et</span> <span class='ocrx_word' id='word_1_196' title='bbox 1793 2385 1869 2440; x_wconf 91' lang='lat' dir='ltr'>de</span> 
     </span>
    </p>
   </div>
   <div class='ocr_carea' id='block_1_29' title="bbox 186 2469 1872 2543">
    <p class='ocr_par' dir='ltr' id='par_1_29' title="bbox 186 2469 1872 2543">
     <span class='ocr_line' id='line_1_29' title="bbox 186 2469 1872 2543; baseline -0.001 -16"><span class='ocrx_word' id='word_1_197' title='bbox 186 2472 332 2543; x_wconf 88' lang='lat' dir='ltr'>jure</span> <span class='ocrx_word' id='word_1_198' title='bbox 361 2486 497 2527; x_wconf 90' lang='lat' dir='ltr'>meo</span> <span class='ocrx_word' id='word_1_199' title='bbox 526 2471 588 2526; x_wconf 90' lang='lat' dir='ltr'>in</span> <span class='ocrx_word' id='word_1_200' title='bbox 611 2471 713 2542; x_wconf 91' lang='lat' dir='ltr'>jus</span> <span class='ocrx_word' id='word_1_201' title='bbox 742 2470 1054 2528; x_wconf 65' lang='lat' dir='ltr'>antedictaa</span> <span class='ocrx_word' id='word_1_202' title='bbox 1095 2470 1358 2527; x_wconf 65' lang='lat' dir='ltr'>basilicae</span> <span class='ocrx_word' id='word_1_203' title='bbox 1399 2487 1435 2527; x_wconf 95' lang='lat' dir='ltr'>a</span> <span class='ocrx_word' id='word_1_204' title='bbox 1460 2471 1553 2526; x_wconf 90' lang='lat' dir='ltr'>die</span> <span class='ocrx_word' id='word_1_205' title='bbox 1592 2469 1872 2543; x_wconf 79' lang='lat' dir='ltr'>praesenti</span> 
     </span>
    </p>
   </div>
   <div class='ocr_carea' id='block_1_30' title="bbox 193 2559 1870 2634">
    <p class='ocr_par' dir='ltr' id='par_1_30' title="bbox 193 2559 1870 2634">
     <span class='ocr_line' id='line_1_30' title="bbox 193 2559 1870 2634; baseline -0.002 -17"><span class='ocrx_word' id='word_1_206' title='bbox 193 2560 561 2618; x_wconf 82' lang='lat' dir='ltr'>transfundo</span> <span class='ocrx_word' id='word_1_207' title='bbox 591 2560 898 2634; x_wconf 90' lang='lat' dir='ltr'>portiones</span> <span class='ocrx_word' id='word_1_208' title='bbox 926 2559 1182 2626; x_wconf 77' lang='lat' dir='ltr'>teri-uiae,</span> <span class='ocrx_word' id='word_1_209' title='bbox 1209 2560 1364 2616; x_wconf 89' lang='lat' dir='ltr'>infra</span> <span class='ocrx_word' id='word_1_210' title='bbox 1393 2575 1608 2629; x_wconf 89' lang='lat' dir='ltr'>agrum</span> <span class='ocrx_word' id='word_1_211' title='bbox 1644 2563 1870 2629; x_wconf 85' lang='lat' dir='ltr'>Nogro-</span> 
     </span>
    </p>
   </div>
   <div class='ocr_carea' id='block_1_31' title="bbox 190 2648 1872 2721">
    <p class='ocr_par' dir='ltr' id='par_1_31' title="bbox 190 2648 1872 2721">
     <span class='ocr_line' id='line_1_31' title="bbox 190 2648 1872 2721; baseline -0.001 -16"><span class='ocrx_word' id='word_1_212' title='bbox 190 2654 538 2706; x_wconf 86' lang='lat' dir='ltr'>metensem</span> <span class='ocrx_word' id='word_1_213' title='bbox 564 2649 730 2720; x_wconf 91' lang='lat' dir='ltr'>sitas,</span> <span class='ocrx_word' id='word_1_214' title='bbox 761 2665 823 2704; x_wconf 79' lang='lat' dir='ltr'>in</span> <span class='ocrx_word' id='word_1_215' title='bbox 851 2648 1143 2704; x_wconf 90' lang='lat' dir='ltr'>territorio</span> <span class='ocrx_word' id='word_1_216' title='bbox 1188 2648 1447 2705; x_wconf 91' lang='lat' dir='ltr'>Biturico</span> <span class='ocrx_word' id='word_1_217' title='bbox 1490 2652 1872 2721; x_wconf 90' lang='lat' dir='ltr'>nuncupatas</span> 
     </span>
    </p>
   </div>
   <div class='ocr_carea' id='block_1_32' title="bbox 190 2737 1869 2812">
    <p class='ocr_par' dir='ltr' id='par_1_32' title="bbox 190 2737 1869 2812">
     <span class='ocr_line' id='line_1_32' title="bbox 190 2737 1869 2812; baseline -0.002 -16"><span class='ocrx_word' id='word_1_218' title='bbox 190 2739 463 2796; x_wconf 87' lang='lat' dir='ltr'>Litmaro</span> <span class='ocrx_word' id='word_1_219' title='bbox 491 2743 550 2795; x_wconf 90' lang='lat' dir='ltr'>et</span> <span class='ocrx_word' id='word_1_220' title='bbox 600 2737 938 2808; x_wconf 82' lang='lat' dir='ltr'>Mariniaco,</span> <span class='ocrx_word' id='word_1_221' title='bbox 971 2754 1126 2810; x_wconf 90' lang='lat' dir='ltr'>quas</span> <span class='ocrx_word' id='word_1_222' title='bbox 1150 2737 1224 2794; x_wconf 92' lang='lat' dir='ltr'>de</span> <span class='ocrx_word' id='word_1_223' title='bbox 1268 2738 1498 2794; x_wconf 84' lang='lat' dir='ltr'>Aviana</span> <span class='ocrx_word' id='word_1_224' title='bbox 1543 2742 1601 2794; x_wconf 91' lang='lat' dir='ltr'>et</span> <span class='ocrx_word' id='word_1_225' title='bbox 1623 2741 1869 2812; x_wconf 88' lang='lat' dir='ltr'>Prospe-</span> 
     </span>
    </p>
   </div>
   <div class='ocr_carea' id='block_1_33' title="bbox 191 2835 1868 2910">
    <p class='ocr_par' dir='ltr' id='par_1_33' title="bbox 191 2835 1868 2910">
     <span class='ocr_line' id='line_1_33' title="bbox 191 2835 1868 2910; baseline -0.001 -16"><span class='ocrx_word' id='word_1_226' title='bbox 191 2837 376 2894; x_wconf 79' lang='lat' dir='ltr'>riana</span> <span class='ocrx_word' id='word_1_227' title='bbox 424 2836 660 2893; x_wconf 87' lang='lat' dir='ltr'>feminis</span> <span class='ocrx_word' id='word_1_228' title='bbox 709 2852 819 2910; x_wconf 89' lang='lat' dir='ltr'>per</span> <span class='ocrx_word' id='word_1_229' title='bbox 865 2835 1263 2892; x_wconf 90' lang='lat' dir='ltr'>instrumenta</span> <span class='ocrx_word' id='word_1_230' title='bbox 1314 2835 1658 2892; x_wconf 87' lang='lat' dir='ltr'>chartarum</span> <span class='ocrx_word' id='word_1_231' title='bbox 1702 2835 1868 2892; x_wconf 88' lang='lat' dir='ltr'>visus</span> 
     </span>
    </p>
   </div>
   <div class='ocr_carea' id='block_1_34' title="bbox 192 2922 1941 3012">
    <p class='ocr_par' dir='ltr' id='par_1_34' title="bbox 192 2922 1941 3012">
     <span class='ocr_line' id='line_1_34' title="bbox 192 2922 1941 3012; baseline -0.001 -30"><span class='ocrx_word' id='word_1_232' title='bbox 192 2942 342 2982; x_wconf 85' lang='lat' dir='ltr'>sum</span> <span class='ocrx_word' id='word_1_233' title='bbox 392 2923 706 2997; x_wconf 89' lang='lat' dir='ltr'>recepisse,</span> <span class='ocrx_word' id='word_1_234' title='bbox 755 2939 896 2979; x_wconf 91' lang='lat' dir='ltr'>cum</span> <span class='ocrx_word' id='word_1_235' title='bbox 943 2922 1252 2995; x_wconf 88' lang='lat' dir='ltr'>domibus,</span> <span class='ocrx_word' id='word_1_236' title='bbox 1307 2924 1589 2994; x_wconf 80' lang='lat' dir='ltr'>aediﬁciis,</span> <span class='ocrx_word' id='word_1_237' title='bbox 1641 2924 1869 2980; x_wconf 90' lang='lat' dir='ltr'>manci-</span> <span class='ocrx_word' id='word_1_238' title='bbox 1899 2956 1941 3012; x_wconf 62' lang='grc' dir='ltr'>ο</span> 
     </span>
    </p>
   </div>
   <div class='ocr_carea' id='block_1_35' title="bbox 192 3011 1868 3088">
    <p class='ocr_par' dir='ltr' id='par_1_35' title="bbox 192 3011 1868 3088">
     <span class='ocr_line' id='line_1_35' title="bbox 192 3011 1868 3088; baseline -0.001 -18"><span class='ocrx_word' id='word_1_239' title='bbox 192 3015 342 3088; x_wconf 92' lang='lat' dir='ltr'>piis,</span> <span class='ocrx_word' id='word_1_240' title='bbox 375 3013 482 3086; x_wconf 89' lang='lat' dir='ltr'>qui</span> <span class='ocrx_word' id='word_1_241' title='bbox 529 3030 566 3069; x_wconf 92' lang='lat' dir='ltr'>a</span> <span class='ocrx_word' id='word_1_242' title='bbox 611 3029 708 3068; x_wconf 90' lang='lat' dir='ltr'>me</span> <span class='ocrx_word' id='word_1_243' title='bbox 733 3011 968 3069; x_wconf 89' lang='lat' dir='ltr'>liberati</span> <span class='ocrx_word' id='word_1_244' title='bbox 997 3028 1123 3068; x_wconf 91' lang='lat' dir='ltr'>non</span> <span class='ocrx_word' id='word_1_245' title='bbox 1153 3013 1387 3080; x_wconf 87' lang='lat' dir='ltr'>fuerint,</span> <span class='ocrx_word' id='word_1_246' title='bbox 1439 3012 1643 3082; x_wconf 91' lang='lat' dir='ltr'>vineis,</span> <span class='ocrx_word' id='word_1_247' title='bbox 1686 3013 1868 3082; x_wconf 86' lang='lat' dir='ltr'>silvis,</span> 
     </span>
    </p>
   </div>
   <div class='ocr_carea' id='block_1_36' title="bbox 194 3101 1873 3176">
    <p class='ocr_par' dir='ltr' id='par_1_36' title="bbox 194 3101 1873 3176">
     <span class='ocr_line' id='line_1_36' title="bbox 194 3101 1873 3176; baseline -0.002 -15"><span class='ocrx_word' id='word_1_248' title='bbox 194 3103 457 3176; x_wconf 84' lang='lat' dir='ltr'>campis,</span> <span class='ocrx_word' id='word_1_249' title='bbox 490 3103 693 3175; x_wconf 89' lang='lat' dir='ltr'>pratis,</span> <span class='ocrx_word' id='word_1_250' title='bbox 727 3101 992 3174; x_wconf 89' lang='lat' dir='ltr'>pascuis,</span> <span class='ocrx_word' id='word_1_251' title='bbox 1025 3119 1164 3158; x_wconf 91' lang='lat' dir='ltr'>cum</span> <span class='ocrx_word' id='word_1_252' title='bbox 1195 3102 1361 3158; x_wconf 91' lang='lat' dir='ltr'>omni</span> <span class='ocrx_word' id='word_1_253' title='bbox 1394 3102 1528 3174; x_wconf 90' lang='lat' dir='ltr'>jure</span> <span class='ocrx_word' id='word_1_254' title='bbox 1568 3107 1625 3159; x_wconf 91' lang='lat' dir='ltr'>et</span> <span class='ocrx_word' id='word_1_255' title='bbox 1650 3102 1873 3159; x_wconf 86' lang='lat' dir='ltr'>beneﬁ-</span> 
     </span>
    </p>
   </div>
   <div class='ocr_carea' id='block_1_37' title="bbox 193 3191 1868 3264">
    <p class='ocr_par' dir='ltr' id='par_1_37' title="bbox 193 3191 1868 3264">
     <span class='ocr_line' id='line_1_37' title="bbox 193 3191 1868 3264; baseline -0.001 -14"><span class='ocrx_word' id='word_1_256' title='bbox 193 3195 294 3250; x_wconf 91' lang='lat' dir='ltr'>cio</span> <span class='ocrx_word' id='word_1_257' title='bbox 337 3209 470 3261; x_wconf 90' lang='lat' dir='ltr'>suo,</span> <span class='ocrx_word' id='word_1_258' title='bbox 511 3191 605 3247; x_wconf 87' lang='lat' dir='ltr'>vel</span> <span class='ocrx_word' id='word_1_259' title='bbox 654 3192 979 3262; x_wconf 85' lang='lat' dir='ltr'>omnigeno</span> <span class='ocrx_word' id='word_1_260' title='bbox 1005 3191 1235 3264; x_wconf 90' lang='lat' dir='ltr'>pecude</span> <span class='ocrx_word' id='word_1_261' title='bbox 1281 3191 1506 3248; x_wconf 87' lang='lat' dir='ltr'>ibidem</span> <span class='ocrx_word' id='word_1_262' title='bbox 1553 3192 1868 3258; x_wconf 89' lang='lat' dir='ltr'>residente,</span> 
     </span>
    </p>
   </div>
   <div class='ocr_carea' id='block_1_38' title="bbox 195 3280 1870 3354">
    <p class='ocr_par' dir='ltr' id='par_1_38' title="bbox 195 3280 1870 3354">
     <span class='ocr_line' id='line_1_38' title="bbox 195 3280 1870 3354; baseline -0.002 -14"><span class='ocrx_word' id='word_1_263' title='bbox 195 3287 362 3340; x_wconf 87' lang='lat' dir='ltr'>sicut</span> <span class='ocrx_word' id='word_1_264' title='bbox 412 3298 449 3337; x_wconf 92' lang='lat' dir='ltr'>a</span> <span class='ocrx_word' id='word_1_265' title='bbox 506 3297 602 3337; x_wconf 91' lang='lat' dir='ltr'>me</span> <span class='ocrx_word' id='word_1_266' title='bbox 647 3281 985 3354; x_wconf 82' lang='lat' dir='ltr'>professum</span> <span class='ocrx_word' id='word_1_267' title='bbox 1034 3285 1158 3348; x_wconf 85' lang='lat' dir='ltr'>est;</span> <span class='ocrx_word' id='word_1_268' title='bbox 1220 3280 1488 3337; x_wconf 88' lang='lat' dir='ltr'>similiter</span> <span class='ocrx_word' id='word_1_269' title='bbox 1534 3282 1870 3354; x_wconf 89' lang='lat' dir='ltr'>portionem</span> 
     </span>
    </p>
   </div>
   <div class='ocr_carea' id='block_1_39' title="bbox 192 3369 1870 3444">
    <p class='ocr_par' dir='ltr' id='par_1_39' title="bbox 192 3369 1870 3444">
     <span class='ocr_line' id='line_1_39' title="bbox 192 3369 1870 3444; baseline -0.002 -14"><span class='ocrx_word' id='word_1_270' title='bbox 192 3388 429 3439; x_wconf 86' lang='lat' dir='ltr'>meam,</span> <span class='ocrx_word' id='word_1_271' title='bbox 455 3387 589 3444; x_wconf 84' lang='lat' dir='ltr'>quae</span> <span class='ocrx_word' id='word_1_272' title='bbox 619 3376 708 3426; x_wconf 91' lang='lat' dir='ltr'>est</span> <span class='ocrx_word' id='word_1_273' title='bbox 749 3369 904 3427; x_wconf 85' lang='lat' dir='ltr'>infra</span> <span class='ocrx_word' id='word_1_274' title='bbox 951 3386 1168 3440; x_wconf 90' lang='lat' dir='ltr'>agrum</span> <span class='ocrx_word' id='word_1_275' title='bbox 1201 3371 1478 3426; x_wconf 86' lang='lat' dir='ltr'>Littidum</span> <span class='ocrx_word' id='word_1_276' title='bbox 1525 3371 1587 3426; x_wconf 93' lang='lat' dir='ltr'>in</span> <span class='ocrx_word' id='word_1_277' title='bbox 1639 3371 1870 3428; x_wconf 77' lang='lat' dir='ltr'>Seralo-</span> 
     </span>
    </p>
   </div>
   <div class='ocr_carea' id='block_1_40' title="bbox 193 3457 1869 3533">
    <p class='ocr_par' dir='ltr' id='par_1_40' title="bbox 193 3457 1869 3533">
     <span class='ocr_line' id='line_1_40' title="bbox 193 3457 1869 3533; baseline -0.002 -15"><span class='ocrx_word' id='word_1_278' title='bbox 193 3463 327 3531; x_wconf 88' lang='lat' dir='ltr'>nia,</span> <span class='ocrx_word' id='word_1_279' title='bbox 359 3476 547 3533; x_wconf 91' lang='lat' dir='ltr'>quam</span> <span class='ocrx_word' id='word_1_280' title='bbox 573 3459 647 3514; x_wconf 90' lang='lat' dir='ltr'>de</span> <span class='ocrx_word' id='word_1_281' title='bbox 675 3461 885 3529; x_wconf 79' lang='lat' dir='ltr'>Agana</span> <span class='ocrx_word' id='word_1_282' title='bbox 932 3457 1158 3515; x_wconf 88' lang='lat' dir='ltr'>femina</span> <span class='ocrx_word' id='word_1_283' title='bbox 1186 3457 1328 3516; x_wconf 89' lang='lat' dir='ltr'>dato</span> <span class='ocrx_word' id='word_1_284' title='bbox 1370 3460 1563 3531; x_wconf 90' lang='lat' dir='ltr'>pretio</span> <span class='ocrx_word' id='word_1_285' title='bbox 1589 3475 1697 3532; x_wconf 87' lang='lat' dir='ltr'>per</span> <span class='ocrx_word' id='word_1_286' title='bbox 1725 3475 1869 3515; x_wconf 89' lang='lat' dir='ltr'>ven-</span> 
     </span>
    </p>
   </div>
   <div class='ocr_carea' id='block_1_41' title="bbox 194 3547 1872 3621">
    <p class='ocr_par' dir='ltr' id='par_1_41' title="bbox 194 3547 1872 3621">
     <span class='ocr_line' id='line_1_41' title="bbox 194 3547 1872 3621; baseline -0.002 -13"><span class='ocrx_word' id='word_1_287' title='bbox 194 3548 446 3608; x_wconf 87' lang='lat' dir='ltr'>ditionis</span> <span class='ocrx_word' id='word_1_288' title='bbox 477 3547 712 3604; x_wconf 89' lang='lat' dir='ltr'>titulum</span> <span class='ocrx_word' id='word_1_289' title='bbox 756 3548 921 3603; x_wconf 88' lang='lat' dir='ltr'>visus</span> <span class='ocrx_word' id='word_1_290' title='bbox 947 3565 1083 3604; x_wconf 90' lang='lat' dir='ltr'>sum</span> <span class='ocrx_word' id='word_1_291' title='bbox 1127 3564 1532 3621; x_wconf 86' lang='lat' dir='ltr'>comparasse,</span> <span class='ocrx_word' id='word_1_292' title='bbox 1583 3566 1722 3605; x_wconf 90' lang='lat' dir='ltr'>cum</span> <span class='ocrx_word' id='word_1_293' title='bbox 1768 3549 1872 3605; x_wconf 88' lang='lat' dir='ltr'>do-</span> 
     </span>
    </p>
   </div>
   <div class='ocr_carea' id='block_1_42' title="bbox 193 3637 1868 3711">
    <p class='ocr_par' dir='ltr' id='par_1_42' title="bbox 193 3637 1868 3711">
     <span class='ocr_line' id='line_1_42' title="bbox 193 3637 1868 3711; baseline -0.002 -13"><span class='ocrx_word' id='word_1_294' title='bbox 193 3641 432 3707; x_wconf 88' lang='lat' dir='ltr'>mibus,</span> <span class='ocrx_word' id='word_1_295' title='bbox 465 3637 751 3706; x_wconf 76' lang='lat' dir='ltr'>aediﬁciis,</span> <span class='ocrx_word' id='word_1_296' title='bbox 783 3637 1122 3710; x_wconf 84' lang='lat' dir='ltr'>mancipiis,</span> <span class='ocrx_word' id='word_1_297' title='bbox 1155 3642 1368 3711; x_wconf 76' lang='lat' dir='ltr'>praeter</span> <span class='ocrx_word' id='word_1_298' title='bbox 1389 3655 1544 3711; x_wconf 91' lang='lat' dir='ltr'>quos</span> <span class='ocrx_word' id='word_1_299' title='bbox 1573 3639 1868 3709; x_wconf 89' lang='lat' dir='ltr'>ingenuos</span> 
     </span>
    </p>
   </div>
   <div class='ocr_carea' id='block_1_43' title="bbox 193 3727 1869 3803">
    <p class='ocr_par' dir='ltr' id='par_1_43' title="bbox 193 3727 1869 3803">
     <span class='ocr_line' id='line_1_43' title="bbox 193 3727 1869 3803; baseline -0.002 -16"><span class='ocrx_word' id='word_1_300' title='bbox 193 3729 569 3796; x_wconf 85' lang='lat' dir='ltr'>relaxavero,</span> <span class='ocrx_word' id='word_1_301' title='bbox 599 3727 810 3798; x_wconf 85' lang='lat' dir='ltr'>vineis,</span> <span class='ocrx_word' id='word_1_302' title='bbox 852 3727 1035 3797; x_wconf 92' lang='lat' dir='ltr'>silvis,</span> <span class='ocrx_word' id='word_1_303' title='bbox 1078 3728 1330 3800; x_wconf 90' lang='lat' dir='ltr'>campis,</span> <span class='ocrx_word' id='word_1_304' title='bbox 1375 3730 1585 3801; x_wconf 91' lang='lat' dir='ltr'>pratis,</span> <span class='ocrx_word' id='word_1_305' title='bbox 1628 3730 1869 3803; x_wconf 89' lang='lat' dir='ltr'>pascuis</span> 
     </span>
    </p>
   </div>
   <div class='ocr_carea' id='block_1_44' title="bbox 197 3817 1868 3890">
    <p class='ocr_par' dir='ltr' id='par_1_44' title="bbox 197 3817 1868 3890">
     <span class='ocr_line' id='line_1_44' title="bbox 197 3817 1868 3890; baseline -0.001 -14"><span class='ocrx_word' id='word_1_306' title='bbox 197 3818 495 3890; x_wconf 89' lang='lat' dir='ltr'>omnique</span> <span class='ocrx_word' id='word_1_307' title='bbox 522 3817 815 3874; x_wconf 85' lang='lat' dir='ltr'>beneﬁcio</span> <span class='ocrx_word' id='word_1_308' title='bbox 849 3833 980 3884; x_wconf 92' lang='lat' dir='ltr'>suo,</span> <span class='ocrx_word' id='word_1_309' title='bbox 1016 3817 1170 3872; x_wconf 90' lang='lat' dir='ltr'>sicut</span> <span class='ocrx_word' id='word_1_310' title='bbox 1192 3833 1226 3873; x_wconf 90' lang='lat' dir='ltr'>a</span> <span class='ocrx_word' id='word_1_311' title='bbox 1257 3833 1354 3874; x_wconf 91' lang='lat' dir='ltr'>me</span> <span class='ocrx_word' id='word_1_312' title='bbox 1380 3834 1732 3890; x_wconf 91' lang='lat' dir='ltr'>possessum</span> <span class='ocrx_word' id='word_1_313' title='bbox 1758 3823 1868 3886; x_wconf 88' lang='lat' dir='ltr'>est;</span> 
     </span>
    </p>
   </div>
   <div class='ocr_carea' id='block_1_45' title="bbox 196 3905 1872 3980">
    <p class='ocr_par' dir='ltr' id='par_1_45' title="bbox 196 3905 1872 3980">
     <span class='ocr_line' id='line_1_45' title="bbox 196 3905 1872 3980; baseline -0.001 -14"><span class='ocrx_word' id='word_1_314' title='bbox 196 3909 471 3980; x_wconf 87' lang='lat' dir='ltr'>itemque</span> <span class='ocrx_word' id='word_1_315' title='bbox 502 3910 559 3962; x_wconf 91' lang='lat' dir='ltr'>et</span> <span class='ocrx_word' id='word_1_316' title='bbox 598 3905 938 3979; x_wconf 89' lang='lat' dir='ltr'>portionem</span> <span class='ocrx_word' id='word_1_317' title='bbox 978 3921 1178 3962; x_wconf 91' lang='lat' dir='ltr'>meam</span> <span class='ocrx_word' id='word_1_318' title='bbox 1204 3921 1340 3978; x_wconf 73' lang='lat' dir='ltr'>qute</span> <span class='ocrx_word' id='word_1_319' title='bbox 1369 3911 1458 3962; x_wconf 89' lang='lat' dir='ltr'>est</span> <span class='ocrx_word' id='word_1_320' title='bbox 1483 3907 1561 3962; x_wconf 89' lang='lat' dir='ltr'>ad</span> <span class='ocrx_word' id='word_1_321' title='bbox 1599 3911 1872 3964; x_wconf 88' lang='lat' dir='ltr'>Vetulam</span> 
     </span>
    </p>
   </div>
   <div class='ocr_carea' id='block_1_46' title="bbox 199 3994 1874 4070">
    <p class='ocr_par' dir='ltr' id='par_1_46' title="bbox 199 3994 1874 4070">
     <span class='ocr_line' id='line_1_46' title="bbox 199 3994 1874 4070; baseline -0.001 -16"><span class='ocrx_word' id='word_1_322' title='bbox 199 4013 442 4068; x_wconf 90' lang='lat' dir='ltr'>casam,</span> <span class='ocrx_word' id='word_1_323' title='bbox 459 4012 647 4070; x_wconf 89' lang='lat' dir='ltr'>quam</span> <span class='ocrx_word' id='word_1_324' title='bbox 675 3995 749 4051; x_wconf 91' lang='lat' dir='ltr'>de</span> <span class='ocrx_word' id='word_1_325' title='bbox 773 3995 1025 4051; x_wconf 78' lang='lat' dir='ltr'>Abbone</span> <span class='ocrx_word' id='word_1_326' title='bbox 1050 3999 1108 4051; x_wconf 90' lang='lat' dir='ltr'>et</span> <span class='ocrx_word' id='word_1_327' title='bbox 1133 3994 1254 4050; x_wconf 85' lang='lat' dir='ltr'>ﬁlio</span> <span class='ocrx_word' id='word_1_328' title='bbox 1282 4011 1391 4051; x_wconf 93' lang='lat' dir='ltr'>suo</span> <span class='ocrx_word' id='word_1_329' title='bbox 1423 3999 1701 4054; x_wconf 84' lang='lat' dir='ltr'>Fraterno</span> <span class='ocrx_word' id='word_1_330' title='bbox 1731 3998 1874 4054; x_wconf 91' lang='lat' dir='ltr'>dato</span> 
     </span>
    </p>
   </div>
   <div class='ocr_carea' id='block_1_47' title="bbox 198 4083 1875 4160">
    <p class='ocr_par' dir='ltr' id='par_1_47' title="bbox 198 4083 1875 4160">
     <span class='ocr_line' id='line_1_47' title="bbox 198 4083 1875 4160; baseline -0.001 -17"><span class='ocrx_word' id='word_1_331' title='bbox 198 4085 398 4160; x_wconf 89' lang='lat' dir='ltr'>pretio</span> <span class='ocrx_word' id='word_1_332' title='bbox 448 4101 555 4158; x_wconf 92' lang='lat' dir='ltr'>per</span> <span class='ocrx_word' id='word_1_333' title='bbox 582 4083 943 4140; x_wconf 90' lang='lat' dir='ltr'>venditionis</span> <span class='ocrx_word' id='word_1_334' title='bbox 977 4083 1211 4140; x_wconf 89' lang='lat' dir='ltr'>titulum</span> <span class='ocrx_word' id='word_1_335' title='bbox 1260 4086 1606 4156; x_wconf 89' lang='lat' dir='ltr'>comparavi</span> <span class='ocrx_word' id='word_1_336' title='bbox 1654 4091 1711 4142; x_wconf 91' lang='lat' dir='ltr'>et</span> <span class='ocrx_word' id='word_1_337' title='bbox 1739 4103 1875 4159; x_wconf 65' lang='lat' dir='ltr'>quze</span> 
     </span>
    </p>
   </div>
   <div class='ocr_carea' id='block_1_48' title="bbox 198 4171 1875 4249">
    <p class='ocr_par' dir='ltr' id='par_1_48' title="bbox 198 4171 1875 4249">
     <span class='ocr_line' id='line_1_48' title="bbox 198 4171 1875 4249; baseline -0.001 -18"><span class='ocrx_word' id='word_1_338' title='bbox 198 4191 312 4249; x_wconf 91' lang='lat' dir='ltr'>per</span> <span class='ocrx_word' id='word_1_339' title='bbox 335 4172 620 4246; x_wconf 90' lang='lat' dir='ltr'>epistolas</span> <span class='ocrx_word' id='word_1_340' title='bbox 645 4171 985 4228; x_wconf 91' lang='lat' dir='ltr'>donationis</span> <span class='ocrx_word' id='word_1_341' title='bbox 1017 4172 1095 4227; x_wconf 91' lang='lat' dir='ltr'>ad</span> <span class='ocrx_word' id='word_1_342' title='bbox 1116 4188 1214 4228; x_wconf 91' lang='lat' dir='ltr'>me</span> <span class='ocrx_word' id='word_1_343' title='bbox 1243 4171 1674 4244; x_wconf 87' lang='lat' dir='ltr'>pervenit,cum</span> <span class='ocrx_word' id='word_1_344' title='bbox 1704 4190 1875 4230; x_wconf 90' lang='lat' dir='ltr'>man-</span> 
     </span>
    </p>
   </div>
   <div class='ocr_carea' id='block_1_49' title="bbox 200 4261 1875 4337">
    <p class='ocr_par' dir='ltr' id='par_1_49' title="bbox 200 4261 1875 4337">
     <span class='ocr_line' id='line_1_49' title="bbox 200 4261 1875 4337; baseline 0 -16"><span class='ocrx_word' id='word_1_345' title='bbox 200 4265 310 4333; x_wconf 87' lang='lat' dir='ltr'>sis,</span> <span class='ocrx_word' id='word_1_346' title='bbox 341 4263 548 4334; x_wconf 88' lang='lat' dir='ltr'>vineis,</span> <span class='ocrx_word' id='word_1_347' title='bbox 579 4261 831 4335; x_wconf 87' lang='lat' dir='ltr'>campis,</span> <span class='ocrx_word' id='word_1_348' title='bbox 863 4261 1072 4335; x_wconf 91' lang='lat' dir='ltr'>pratis,</span> <span class='ocrx_word' id='word_1_349' title='bbox 1105 4261 1287 4328; x_wconf 90' lang='lat' dir='ltr'>silvis,</span> <span class='ocrx_word' id='word_1_350' title='bbox 1318 4262 1563 4334; x_wconf 88' lang='lat' dir='ltr'>pascuis</span> <span class='ocrx_word' id='word_1_351' title='bbox 1589 4264 1875 4337; x_wconf 89' lang='lat' dir='ltr'>omnique</span> 
     </span>
    </p>
   </div>
   <div class='ocr_carea' id='block_1_50' title="bbox 202 4351 1878 4428">
    <p class='ocr_par' dir='ltr' id='par_1_50' title="bbox 202 4351 1878 4428">
     <span class='ocr_line' id='line_1_50' title="bbox 202 4351 1878 4428; baseline 0.001 -18"><span class='ocrx_word' id='word_1_352' title='bbox 202 4368 426 4427; x_wconf 82' lang='lat' dir='ltr'>genere</span> <span class='ocrx_word' id='word_1_353' title='bbox 463 4351 769 4426; x_wconf 88' lang='lat' dir='ltr'>pecudum</span> <span class='ocrx_word' id='word_1_354' title='bbox 806 4355 864 4407; x_wconf 91' lang='lat' dir='ltr'>et</span> <span class='ocrx_word' id='word_1_355' title='bbox 889 4351 1186 4408; x_wconf 86' lang='lat' dir='ltr'>beneﬁcio</span> <span class='ocrx_word' id='word_1_356' title='bbox 1213 4367 1346 4420; x_wconf 92' lang='lat' dir='ltr'>suo,</span> <span class='ocrx_word' id='word_1_357' title='bbox 1377 4351 1530 4408; x_wconf 89' lang='lat' dir='ltr'>sicut</span> <span class='ocrx_word' id='word_1_358' title='bbox 1553 4368 1590 4409; x_wconf 91' lang='lat' dir='ltr'>a</span> <span class='ocrx_word' id='word_1_359' title='bbox 1613 4370 1710 4410; x_wconf 89' lang='lat' dir='ltr'>me</span> <span class='ocrx_word' id='word_1_360' title='bbox 1739 4371 1878 4428; x_wconf 87' lang='lat' dir='ltr'>pos-</span> 
     </span>
    </p>
   </div>
   <div class='ocr_carea' id='block_1_51' title="bbox 202 4439 1875 4517">
    <p class='ocr_par' dir='ltr' id='par_1_51' title="bbox 202 4439 1875 4517">
     <span class='ocr_line' id='line_1_51' title="bbox 202 4439 1875 4517; baseline 0.003 -20"><span class='ocrx_word' id='word_1_361' title='bbox 202 4457 443 4498; x_wconf 86' lang='lat' dir='ltr'>sessum</span> <span class='ocrx_word' id='word_1_362' title='bbox 471 4445 600 4508; x_wconf 88' lang='lat' dir='ltr'>est;</span> <span class='ocrx_word' id='word_1_363' title='bbox 631 4439 807 4496; x_wconf 93' lang='lat' dir='ltr'>simili</span> <span class='ocrx_word' id='word_1_364' title='bbox 837 4439 1022 4496; x_wconf 91' lang='lat' dir='ltr'>modo</span> <span class='ocrx_word' id='word_1_365' title='bbox 1043 4445 1100 4496; x_wconf 90' lang='lat' dir='ltr'>et</span> <span class='ocrx_word' id='word_1_366' title='bbox 1130 4441 1465 4513; x_wconf 90' lang='lat' dir='ltr'>portionem</span> <span class='ocrx_word' id='word_1_367' title='bbox 1494 4459 1716 4512; x_wconf 91' lang='lat' dir='ltr'>meam,</span> <span class='ocrx_word' id='word_1_368' title='bbox 1739 4461 1875 4517; x_wconf 65' lang='lat' dir='ltr'>quae</span> 
     </span>
    </p>
   </div>
   <div class='ocr_carea' id='block_1_52' title="bbox 204 4529 1874 4607">
    <p class='ocr_par' dir='ltr' id='par_1_52' title="bbox 204 4529 1874 4607">
     <span class='ocr_line' id='line_1_52' title="bbox 204 4529 1874 4607; baseline 0.002 -21"><span class='ocrx_word' id='word_1_369' title='bbox 204 4534 308 4586; x_wconf 86' lang='lat' dir='ltr'>est</span> <span class='ocrx_word' id='word_1_370' title='bbox 334 4529 396 4585; x_wconf 93' lang='lat' dir='ltr'>in</span> <span class='ocrx_word' id='word_1_371' title='bbox 422 4529 564 4586; x_wconf 70' lang='lat' dir='ltr'><strong>V1118</strong></span> <span class='ocrx_word' id='word_1_372' title='bbox 587 4529 840 4586; x_wconf 85' lang='lat' dir='ltr'>Frietoni</span> <span class='ocrx_word' id='word_1_373' title='bbox 883 4529 944 4584; x_wconf 91' lang='lat' dir='ltr'>in</span> <span class='ocrx_word' id='word_1_374' title='bbox 973 4529 1304 4598; x_wconf 85' lang='lat' dir='ltr'>Secalonia,</span> <span class='ocrx_word' id='word_1_375' title='bbox 1356 4530 1507 4588; x_wconf 82' lang='lat' dir='ltr'>sicut</span> <span class='ocrx_word' id='word_1_376' title='bbox 1531 4549 1566 4588; x_wconf 94' lang='lat' dir='ltr'>a</span> <span class='ocrx_word' id='word_1_377' title='bbox 1607 4549 1704 4589; x_wconf 91' lang='lat' dir='ltr'>me</span> <span class='ocrx_word' id='word_1_378' title='bbox 1731 4549 1874 4607; x_wconf 81' lang='lat' dir='ltr'>pos-</span> 
     </span>
    </p>
   </div>
   <div class='ocr_carea' id='block_1_53' title="bbox 207 4613 1872 4691">
    <p class='ocr_par' dir='ltr' id='par_1_53' title="bbox 207 4613 1872 4691">
     <span class='ocr_line' id='line_1_53' title="bbox 207 4613 1872 4691; baseline 0.001 -19"><span class='ocrx_word' id='word_1_379' title='bbox 207 4630 382 4672; x_wconf 90' lang='lat' dir='ltr'>sessa</span> <span class='ocrx_word' id='word_1_380' title='bbox 407 4619 515 4684; x_wconf 90' lang='lat' dir='ltr'>est,</span> <span class='ocrx_word' id='word_1_381' title='bbox 568 4629 707 4669; x_wconf 91' lang='lat' dir='ltr'>cum</span> <span class='ocrx_word' id='word_1_382' title='bbox 750 4613 1002 4685; x_wconf 89' lang='lat' dir='ltr'>mansis,</span> <span class='ocrx_word' id='word_1_383' title='bbox 1045 4613 1390 4685; x_wconf 88' lang='lat' dir='ltr'>accolabus,</span> <span class='ocrx_word' id='word_1_384' title='bbox 1441 4616 1622 4684; x_wconf 88' lang='lat' dir='ltr'>silvis,</span> <span class='ocrx_word' id='word_1_385' title='bbox 1664 4618 1872 4691; x_wconf 88' lang='lat' dir='ltr'>pratis,</span> 
     </span>
    </p>
   </div>
   <div class='ocr_carea' id='block_1_54' title="bbox 205 4697 1875 4772">
    <p class='ocr_par' dir='ltr' id='par_1_54' title="bbox 205 4697 1875 4772">
     <span class='ocr_line' id='line_1_54' title="bbox 205 4697 1875 4772; baseline 0.001 -15"><span class='ocrx_word' id='word_1_386' title='bbox 205 4699 466 4772; x_wconf 90' lang='lat' dir='ltr'>campis,</span> <span class='ocrx_word' id='word_1_387' title='bbox 516 4697 758 4771; x_wconf 90' lang='lat' dir='ltr'>pascuis</span> <span class='ocrx_word' id='word_1_388' title='bbox 802 4697 862 4753; x_wconf 93' lang='lat' dir='ltr'>in</span> <span class='ocrx_word' id='word_1_389' title='bbox 899 4698 1218 4769; x_wconf 88' lang='lat' dir='ltr'>integrum,</span> <span class='ocrx_word' id='word_1_390' title='bbox 1272 4716 1410 4755; x_wconf 92' lang='lat' dir='ltr'>cum</span> <span class='ocrx_word' id='word_1_391' title='bbox 1458 4702 1734 4772; x_wconf 89' lang='lat' dir='ltr'>termino,</span> <span class='ocrx_word' id='word_1_392' title='bbox 1781 4703 1875 4759; x_wconf 90' lang='lat' dir='ltr'>vel</span> 
     </span>
    </p>
   </div>
   <div class='ocr_carea' id='block_1_55' title="bbox 209 4787 1875 4864">
    <p class='ocr_par' dir='ltr' id='par_1_55' title="bbox 209 4787 1875 4864">
     <span class='ocr_line' id='line_1_55' title="bbox 209 4787 1875 4864; baseline 0.002 -18"><span class='ocrx_word' id='word_1_393' title='bbox 209 4789 540 4859; x_wconf 89' lang='lat' dir='ltr'>omnigeno</span> <span class='ocrx_word' id='word_1_394' title='bbox 565 4787 798 4861; x_wconf 88' lang='lat' dir='ltr'>pecude</span> <span class='ocrx_word' id='word_1_395' title='bbox 819 4787 1044 4844; x_wconf 89' lang='lat' dir='ltr'>ibidem</span> <span class='ocrx_word' id='word_1_396' title='bbox 1071 4788 1364 4845; x_wconf 89' lang='lat' dir='ltr'>residente</span> <span class='ocrx_word' id='word_1_397' title='bbox 1389 4808 1402 4857; x_wconf 90' lang='lat'>;</span> <span class='ocrx_word' id='word_1_398' title='bbox 1437 4790 1738 4864; x_wconf 91' lang='lat' dir='ltr'>simulque</span> <span class='ocrx_word' id='word_1_399' title='bbox 1771 4797 1875 4849; x_wconf 90' lang='lat' dir='ltr'>ter-</span> 
     </span>
    </p>
   </div>
   <div class='ocr_carea' id='block_1_56' title="bbox 207 4875 1872 4954">
    <p class='ocr_par' dir='ltr' id='par_1_56' title="bbox 207 4875 1872 4954">
     <span class='ocr_line' id='line_1_56' title="bbox 207 4875 1872 4954; baseline 0.002 -20"><span class='ocrx_word' id='word_1_400' title='bbox 207 4895 311 4934; x_wconf 92' lang='lat' dir='ltr'>ras</span> <span class='ocrx_word' id='word_1_401' title='bbox 341 4876 438 4933; x_wconf 88' lang='lat' dir='ltr'>vel</span> <span class='ocrx_word' id='word_1_402' title='bbox 468 4881 662 4949; x_wconf 84' lang='lat' dir='ltr'>prata,</span> <span class='ocrx_word' id='word_1_403' title='bbox 692 4893 829 4949; x_wconf 76' lang='lat' dir='ltr'>quae</span> <span class='ocrx_word' id='word_1_404' title='bbox 865 4875 944 4932; x_wconf 92' lang='lat' dir='ltr'>ab</span> <span class='ocrx_word' id='word_1_405' title='bbox 973 4875 1208 4933; x_wconf 86' lang='lat' dir='ltr'>Albuna</span> <span class='ocrx_word' id='word_1_406' title='bbox 1237 4876 1298 4933; x_wconf 88' lang='lat' dir='ltr'>in</span> <span class='ocrx_word' id='word_1_407' title='bbox 1342 4894 1502 4951; x_wconf 90' lang='lat' dir='ltr'>pago</span> <span class='ocrx_word' id='word_1_408' title='bbox 1536 4881 1872 4954; x_wconf 90' lang='lat' dir='ltr'>Stampensi</span> 
     </span>
    </p>
   </div>
   <div class='ocr_carea' id='block_1_57' title="bbox 204 4964 1872 5042">
    <p class='ocr_par' dir='ltr' id='par_1_57' title="bbox 204 4964 1872 5042">
     <span class='ocr_line' id='line_1_57' title="bbox 204 4964 1872 5042; baseline 0.005 -23"><span class='ocrx_word' id='word_1_409' title='bbox 204 4964 376 5020; x_wconf 88' lang='lat' dir='ltr'>visus</span> <span class='ocrx_word' id='word_1_410' title='bbox 404 4981 542 5021; x_wconf 91' lang='lat' dir='ltr'>sum</span> <span class='ocrx_word' id='word_1_411' title='bbox 574 4982 979 5039; x_wconf 89' lang='lat' dir='ltr'>comparasse,</span> <span class='ocrx_word' id='word_1_412' title='bbox 1011 4966 1165 5024; x_wconf 91' lang='lat' dir='ltr'>sicut</span> <span class='ocrx_word' id='word_1_413' title='bbox 1188 4983 1225 5024; x_wconf 94' lang='lat' dir='ltr'>a</span> <span class='ocrx_word' id='word_1_414' title='bbox 1262 4983 1358 5023; x_wconf 89' lang='lat' dir='ltr'>me</span> <span class='ocrx_word' id='word_1_415' title='bbox 1395 4984 1745 5041; x_wconf 82' lang='lat' dir='ltr'>possessum</span> <span class='ocrx_word' id='word_1_416' title='bbox 1773 4975 1872 5042; x_wconf 11' lang='lat' dir='ltr'>gest</span> 
     </span>
    </p>
   </div>
   <div class='ocr_carea' id='block_1_58' title="bbox 208 5053 619 5126">
    <p class='ocr_par' dir='ltr' id='par_1_58' title="bbox 208 5053 619 5126">
     <span class='ocr_line' id='line_1_58' title="bbox 208 5053 619 5126; baseline 0.002 -17"><span class='ocrx_word' id='word_1_417' title='bbox 208 5053 273 5109; x_wconf 91' lang='lat' dir='ltr'>in</span> <span class='ocrx_word' id='word_1_418' title='bbox 300 5054 619 5126; x_wconf 90' lang='lat' dir='ltr'>integrum.</span> 
     </span>
    </p>
   </div>
   <div class='ocr_carea' id='block_1_59' title="bbox 284 5143 1878 5223">
    <p class='ocr_par' dir='ltr' id='par_1_59' title="bbox 284 5143 1878 5223">
     <span class='ocr_line' id='line_1_59' title="bbox 284 5143 1878 5223; baseline 0.006 -25"><span class='ocrx_word' id='word_1_419' title='bbox 284 5143 416 5199; x_wconf 86' lang='lat' dir='ltr'>Pari</span> <span class='ocrx_word' id='word_1_420' title='bbox 428 5143 610 5200; x_wconf 90' lang='lat' dir='ltr'>modo</span> <span class='ocrx_word' id='word_1_421' title='bbox 621 5160 773 5201; x_wconf 90' lang='lat' dir='ltr'>vasa</span> <span class='ocrx_word' id='word_1_422' title='bbox 791 5145 953 5201; x_wconf 92' lang='lat' dir='ltr'>dono</span> <span class='ocrx_word' id='word_1_423' title='bbox 979 5149 1262 5216; x_wconf 88' lang='lat' dir='ltr'>argentea</span> <span class='ocrx_word' id='word_1_424' title='bbox 1275 5147 1548 5206; x_wconf 88' lang='lat' dir='ltr'>anacleta</span> <span class='ocrx_word' id='word_1_425' title='bbox 1560 5150 1878 5223; x_wconf 79' lang='lat' dir='ltr'>pensantia</span> 
     </span>
    </p>
   </div>
   <div class='ocr_carea' id='block_1_60' title="bbox 207 5230 1876 5308">
    <p class='ocr_par' dir='ltr' id='par_1_60' title="bbox 207 5230 1876 5308">
     <span class='ocr_line' id='line_1_60' title="bbox 207 5230 1876 5308; baseline 0.004 -21"><span class='ocrx_word' id='word_1_426' title='bbox 207 5230 398 5288; x_wconf 90' lang='lat' dir='ltr'>libras</span> <span class='ocrx_word' id='word_1_427' title='bbox 426 5249 526 5288; x_wconf 82' lang='lat' dir='ltr'>Vlll</span> <span class='ocrx_word' id='word_1_428' title='bbox 555 5237 612 5288; x_wconf 92' lang='lat' dir='ltr'>et</span> <span class='ocrx_word' id='word_1_429' title='bbox 640 5233 849 5290; x_wconf 89' lang='lat' dir='ltr'>uncias</span> <span class='ocrx_word' id='word_1_430' title='bbox 876 5233 1067 5302; x_wconf 89' lang='lat' dir='ltr'>duas;</span> <span class='ocrx_word' id='word_1_431' title='bbox 1099 5234 1223 5290; x_wconf 92' lang='lat' dir='ltr'>duo</span> <span class='ocrx_word' id='word_1_432' title='bbox 1245 5236 1520 5293; x_wconf 90' lang='lat' dir='ltr'>sandalia</span> <span class='ocrx_word' id='word_1_433' title='bbox 1549 5255 1617 5294; x_wconf 92' lang='lat' dir='ltr'>ac</span> <span class='ocrx_word' id='word_1_434' title='bbox 1637 5239 1876 5308; x_wconf 91' lang='lat' dir='ltr'>missas,</span> 
     </span>
    </p>
   </div>
   <div class='ocr_carea' id='block_1_61' title="bbox 211 5316 1881 5396">
    <p class='ocr_par' dir='ltr' id='par_1_61' title="bbox 211 5316 1881 5396">
     <span class='ocr_line' id='line_1_61' title="bbox 211 5316 1881 5396; baseline 0.005 -24"><span class='ocrx_word' id='word_1_435' title='bbox 211 5320 272 5372; x_wconf 91' lang='lat' dir='ltr'>et</span> <span class='ocrx_word' id='word_1_436' title='bbox 286 5316 475 5372; x_wconf 89' lang='lat' dir='ltr'>oralia</span> <span class='ocrx_word' id='word_1_437' title='bbox 497 5316 576 5373; x_wconf 93' lang='lat' dir='ltr'>ad</span> <span class='ocrx_word' id='word_1_438' title='bbox 594 5334 868 5374; x_wconf 91' lang='lat' dir='ltr'>mensam</span> <span class='ocrx_word' id='word_1_439' title='bbox 901 5334 1024 5374; x_wconf 89' lang='lat' dir='ltr'>una</span> <span class='ocrx_word' id='word_1_440' title='bbox 1055 5335 1194 5374; x_wconf 92' lang='lat' dir='ltr'>cum</span> <span class='ocrx_word' id='word_1_441' title='bbox 1216 5319 1424 5392; x_wconf 91' lang='lat' dir='ltr'>cappis</span> <span class='ocrx_word' id='word_1_442' title='bbox 1439 5326 1495 5376; x_wconf 91' lang='lat' dir='ltr'>et</span> <span class='ocrx_word' id='word_1_443' title='bbox 1511 5323 1675 5378; x_wconf 90' lang='lat' dir='ltr'>omni</span> <span class='ocrx_word' id='word_1_444' title='bbox 1697 5316 1881 5396; x_wconf 86' lang='lat' dir='ltr'>appa-</span> 
     </span>
    </p>
   </div>
   <div class='ocr_carea' id='block_1_62' title="bbox 211 5405 1879 5484">
    <p class='ocr_par' dir='ltr' id='par_1_62' title="bbox 211 5405 1879 5484">
     <span class='ocr_line' id='line_1_62' title="bbox 211 5405 1879 5484; baseline 0.004 -24"><span class='ocrx_word' id='word_1_445' title='bbox 211 5409 371 5473; x_wconf 90' lang='lat' dir='ltr'>ratu,</span> <span class='ocrx_word' id='word_1_446' title='bbox 405 5410 461 5461; x_wconf 92' lang='lat' dir='ltr'>et</span> <span class='ocrx_word' id='word_1_447' title='bbox 485 5405 608 5463; x_wconf 93' lang='lat' dir='ltr'>duo</span> <span class='ocrx_word' id='word_1_448' title='bbox 639 5407 772 5463; x_wconf 90' lang='lat' dir='ltr'>vela</span> <span class='ocrx_word' id='word_1_449' title='bbox 801 5423 916 5463; x_wconf 90' lang='lat' dir='ltr'>acu</span> <span class='ocrx_word' id='word_1_450' title='bbox 944 5409 1122 5480; x_wconf 88' lang='lat' dir='ltr'>picta.</span> <span class='ocrx_word' id='word_1_451' title='bbox 1166 5411 1286 5464; x_wconf 89' lang='lat' dir='ltr'>lsta</span> <span class='ocrx_word' id='word_1_452' title='bbox 1317 5407 1541 5480; x_wconf 90' lang='lat' dir='ltr'>omnia,</span> <span class='ocrx_word' id='word_1_453' title='bbox 1573 5415 1638 5466; x_wconf 91' lang='lat' dir='ltr'>ut</span> <span class='ocrx_word' id='word_1_454' title='bbox 1684 5411 1745 5466; x_wconf 94' lang='lat' dir='ltr'>in</span> <span class='ocrx_word' id='word_1_455' title='bbox 1775 5429 1879 5484; x_wconf 84' lang='lat' dir='ltr'>po-</span> 
     </span>
    </p>
   </div>
   <div class='ocr_carea' id='block_1_63' title="bbox 213 5495 1878 5569">
    <p class='ocr_par' dir='ltr' id='par_1_63' title="bbox 213 5495 1878 5569">
     <span class='ocr_line' id='line_1_63' title="bbox 213 5495 1878 5569; baseline 0.004 -19"><span class='ocrx_word' id='word_1_456' title='bbox 213 5499 426 5550; x_wconf 90' lang='lat' dir='ltr'>testate</span> <span class='ocrx_word' id='word_1_457' title='bbox 457 5500 514 5550; x_wconf 91' lang='lat' dir='ltr'>et</span> <span class='ocrx_word' id='word_1_458' title='bbox 543 5495 954 5552; x_wconf 86' lang='lat' dir='ltr'>dominatione</span> <span class='ocrx_word' id='word_1_459' title='bbox 992 5496 1180 5569; x_wconf 91' lang='lat' dir='ltr'>ipsius</span> <span class='ocrx_word' id='word_1_460' title='bbox 1211 5497 1559 5554; x_wconf 86' lang='lat' dir='ltr'>monasterii</span> <span class='ocrx_word' id='word_1_461' title='bbox 1587 5503 1643 5554; x_wconf 89' lang='lat' dir='ltr'>et</span> <span class='ocrx_word' id='word_1_462' title='bbox 1668 5517 1878 5557; x_wconf 85' lang='lat' dir='ltr'>mona-</span> 
     </span>
    </p>
   </div>
   <div class='ocr_carea' id='block_1_64' title="bbox 214 5581 1880 5660">
    <p class='ocr_par' dir='ltr' id='par_1_64' title="bbox 214 5581 1880 5660">
     <span class='ocr_line' id='line_1_64' title="bbox 214 5581 1880 5660; baseline 0.004 -20"><span class='ocrx_word' id='word_1_463' title='bbox 214 5581 471 5641; x_wconf 89' lang='lat' dir='ltr'>chorum</span> <span class='ocrx_word' id='word_1_464' title='bbox 519 5583 745 5642; x_wconf 90' lang='lat' dir='ltr'>ibidem</span> <span class='ocrx_word' id='word_1_465' title='bbox 784 5587 903 5642; x_wconf 91' lang='lat' dir='ltr'>Deo</span> <span class='ocrx_word' id='word_1_466' title='bbox 955 5583 1336 5644; x_wconf 88' lang='lat' dir='ltr'>servientium</span> <span class='ocrx_word' id='word_1_467' title='bbox 1374 5587 1713 5660; x_wconf 86' lang='lat' dir='ltr'>perenniter</span> <span class='ocrx_word' id='word_1_468' title='bbox 1754 5605 1880 5647; x_wconf 88' lang='lat' dir='ltr'>ma-</span> 
     </span>
    </p>
   </div>
   <div class='ocr_carea' id='block_1_65' title="bbox 543 5672 1009 5732">
    <p class='ocr_par' dir='ltr' id='par_1_65' title="bbox 543 5672 1009 5732">
     <span class='ocr_line' id='line_1_65' title="bbox 543 5672 1009 5732; baseline 0.002 -3"><span class='ocrx_word' id='word_1_469' title='bbox 543 5672 786 5732; x_wconf 70' lang='lat' dir='ltr'>PATROL.</span> <span class='ocrx_word' id='word_1_470' title='bbox 822 5673 1009 5732; x_wconf 80' lang='lat' dir='ltr'>CXLI.</span> 
     </span>
    </p>
   </div>
   <div class='ocr_carea' id='block_1_66' title="bbox 1956 330 3626 408">
    <p class='ocr_par' dir='ltr' id='par_1_66' title="bbox 1956 330 3626 408">
     <span class='ocr_line' id='line_1_66' title="bbox 1956 330 3626 408; baseline 0.005 -22"><span class='ocrx_word' id='word_1_471' title='bbox 1956 330 2018 386; x_wconf 92' lang='lat' dir='ltr'>in</span> <span class='ocrx_word' id='word_1_472' title='bbox 2043 345 2202 403; x_wconf 86' lang='lat' dir='ltr'>pago</span> <span class='ocrx_word' id='word_1_473' title='bbox 2233 331 2510 400; x_wconf 88' lang='lat' dir='ltr'>Biturico,</span> <span class='ocrx_word' id='word_1_474' title='bbox 2533 331 2960 403; x_wconf 82' lang='lat' dir='ltr'>cognominata</span> <span class='ocrx_word' id='word_1_475' title='bbox 2991 334 3200 401; x_wconf 83' lang='lat' dir='ltr'>Monte,</span> <span class='ocrx_word' id='word_1_476' title='bbox 3219 335 3323 407; x_wconf 93' lang='lat' dir='ltr'>qui</span> <span class='ocrx_word' id='word_1_477' title='bbox 3353 352 3426 392; x_wconf 79' lang='lat' dir='ltr'>ex</span> <span class='ocrx_word' id='word_1_478' title='bbox 3451 338 3626 408; x_wconf 81' lang='lat' dir='ltr'>juxta</span> 
     </span>
    </p>
   </div>
   <div class='ocr_carea' id='block_1_67' title="bbox 1962 419 3625 494">
    <p class='ocr_par' dir='ltr' id='par_1_67' title="bbox 1962 419 3625 494">
     <span class='ocr_line' id='line_1_67' title="bbox 1962 419 3625 494; baseline 0.004 -18"><span class='ocrx_word' id='word_1_479' title='bbox 1962 419 2233 476; x_wconf 83' lang='lat' dir='ltr'>Carbrias</span> <span class='ocrx_word' id='word_1_480' title='bbox 2262 420 2763 493; x_wconf 89' lang='lat' dir='ltr'>vico,portionem</span> <span class='ocrx_word' id='word_1_481' title='bbox 2795 420 3245 494; x_wconf 69' lang='lat' dir='ltr'>terrulae,quam</span> <span class='ocrx_word' id='word_1_482' title='bbox 3274 423 3350 479; x_wconf 92' lang='lat' dir='ltr'>de</span> <span class='ocrx_word' id='word_1_483' title='bbox 3377 426 3625 483; x_wconf 89' lang='lat' dir='ltr'>Domolo</span> 
     </span>
    </p>
   </div>
   <div class='ocr_carea' id='block_1_68' title="bbox 1962 509 3628 583">
    <p class='ocr_par' dir='ltr' id='par_1_68' title="bbox 1962 509 3628 583">
     <span class='ocr_line' id='line_1_68' title="bbox 1962 509 3628 583; baseline 0.004 -19"><span class='ocrx_word' id='word_1_484' title='bbox 1962 512 2020 564; x_wconf 90' lang='lat' dir='ltr'>et</span> <span class='ocrx_word' id='word_1_485' title='bbox 2045 523 2226 564; x_wconf 83' lang='lat' dir='ltr'>uxore</span> <span class='ocrx_word' id='word_1_486' title='bbox 2271 525 2380 565; x_wconf 90' lang='lat' dir='ltr'>sua</span> <span class='ocrx_word' id='word_1_487' title='bbox 2425 513 2658 580; x_wconf 89' lang='lat' dir='ltr'>lngara,</span> <span class='ocrx_word' id='word_1_488' title='bbox 2708 509 2802 566; x_wconf 88' lang='lat' dir='ltr'>vel</span> <span class='ocrx_word' id='word_1_489' title='bbox 2849 509 2924 565; x_wconf 91' lang='lat' dir='ltr'>de</span> <span class='ocrx_word' id='word_1_490' title='bbox 2968 509 3242 583; x_wconf 88' lang='lat' dir='ltr'>pluribus</span> <span class='ocrx_word' id='word_1_491' title='bbox 3285 513 3628 571; x_wconf 89' lang='lat' dir='ltr'>hominibus</span> 
     </span>
    </p>
   </div>
   <div class='ocr_carea' id='block_1_69' title="bbox 1961 595 3633 673">
    <p class='ocr_par' dir='ltr' id='par_1_69' title="bbox 1961 595 3633 673">
     <span class='ocr_line' id='line_1_69' title="bbox 1961 595 3633 673; baseline 0.004 -21"><span class='ocrx_word' id='word_1_492' title='bbox 1961 595 2128 652; x_wconf 88' lang='lat' dir='ltr'>visus</span> <span class='ocrx_word' id='word_1_493' title='bbox 2158 612 2293 653; x_wconf 90' lang='lat' dir='ltr'>sum</span> <span class='ocrx_word' id='word_1_494' title='bbox 2323 613 2709 672; x_wconf 86' lang='lat' dir='ltr'>comparasse</span> <span class='ocrx_word' id='word_1_495' title='bbox 2730 598 2895 654; x_wconf 93' lang='lat' dir='ltr'>dono</span> <span class='ocrx_word' id='word_1_496' title='bbox 2919 615 2933 666; x_wconf 91' lang='lat'><strong>;</strong></span> <span class='ocrx_word' id='word_1_497' title='bbox 2966 597 3062 653; x_wconf 88' lang='lat' dir='ltr'>vel</span> <span class='ocrx_word' id='word_1_498' title='bbox 3088 599 3498 673; x_wconf 89' lang='lat' dir='ltr'>quodcunque</span> <span class='ocrx_word' id='word_1_499' title='bbox 3526 602 3633 658; x_wconf 86' lang='lat' dir='ltr'>ibi-</span> 
     </span>
    </p>
   </div>
   <div class='ocr_carea' id='block_1_70' title="bbox 1963 684 3634 761">
    <p class='ocr_par' dir='ltr' id='par_1_70' title="bbox 1963 684 3634 761">
     <span class='ocr_line' id='line_1_70' title="bbox 1963 684 3634 761; baseline 0.005 -21"><span class='ocrx_word' id='word_1_500' title='bbox 1963 684 2104 740; x_wconf 90' lang='lat' dir='ltr'>dem</span> <span class='ocrx_word' id='word_1_501' title='bbox 2133 700 2240 757; x_wconf 89' lang='lat' dir='ltr'>per</span> <span class='ocrx_word' id='word_1_502' title='bbox 2269 686 2609 744; x_wconf 89' lang='lat' dir='ltr'>donationis</span> <span class='ocrx_word' id='word_1_503' title='bbox 2657 686 2975 760; x_wconf 90' lang='lat' dir='ltr'>epistolam</span> <span class='ocrx_word' id='word_1_504' title='bbox 3018 691 3122 743; x_wconf 92' lang='lat' dir='ltr'>aut</span> <span class='ocrx_word' id='word_1_505' title='bbox 3174 689 3448 761; x_wconf 90' lang='lat' dir='ltr'>quolibet</span> <span class='ocrx_word' id='word_1_506' title='bbox 3493 707 3634 747; x_wconf 90' lang='lat' dir='ltr'>con-</span> 
     </span>
    </p>
   </div>
   <div class='ocr_carea' id='block_1_71' title="bbox 1964 775 3634 853">
    <p class='ocr_par' dir='ltr' id='par_1_71' title="bbox 1964 775 3634 853">
     <span class='ocr_line' id='line_1_71' title="bbox 1964 775 3634 853; baseline 0.004 -24"><span class='ocrx_word' id='word_1_507' title='bbox 1964 778 2159 830; x_wconf 90' lang='lat' dir='ltr'>tractu</span> <span class='ocrx_word' id='word_1_508' title='bbox 2187 775 2267 830; x_wconf 91' lang='lat' dir='ltr'>ad</span> <span class='ocrx_word' id='word_1_509' title='bbox 2298 791 2392 831; x_wconf 90' lang='lat' dir='ltr'>me</span> <span class='ocrx_word' id='word_1_510' title='bbox 2421 776 2708 848; x_wconf 82' lang='lat' dir='ltr'>pervenit.</span> <span class='ocrx_word' id='word_1_511' title='bbox 2724 777 2838 832; x_wconf 90' lang='lat' dir='ltr'>Seu</span> <span class='ocrx_word' id='word_1_512' title='bbox 2868 781 2924 833; x_wconf 86' lang='lat' dir='ltr'>et</span> <span class='ocrx_word' id='word_1_513' title='bbox 2947 793 3072 850; x_wconf 91' lang='lat' dir='ltr'>quo</span> <span class='ocrx_word' id='word_1_514' title='bbox 3102 776 3165 832; x_wconf 93' lang='lat' dir='ltr'>in</span> <span class='ocrx_word' id='word_1_515' title='bbox 3195 778 3352 848; x_wconf 89' lang='lat' dir='ltr'>Bria,</span> <span class='ocrx_word' id='word_1_516' title='bbox 3379 797 3515 853; x_wconf 68' lang='lat' dir='ltr'>qute</span> <span class='ocrx_word' id='word_1_517' title='bbox 3543 785 3634 836; x_wconf 89' lang='lat' dir='ltr'>est</span> 
     </span>
    </p>
   </div>
   <div class='ocr_carea' id='block_1_72' title="bbox 1967 861 3633 940">
    <p class='ocr_par' dir='ltr' id='par_1_72' title="bbox 1967 861 3633 940">
     <span class='ocr_line' id='line_1_72' title="bbox 1967 861 3633 940; baseline 0.004 -23"><span class='ocrx_word' id='word_1_518' title='bbox 1967 877 2148 935; x_wconf 90' lang='lat' dir='ltr'>super</span> <span class='ocrx_word' id='word_1_519' title='bbox 2189 861 2443 918; x_wconf 87' lang='lat' dir='ltr'>ﬂuvium</span> <span class='ocrx_word' id='word_1_520' title='bbox 2489 863 2769 934; x_wconf 86' lang='lat' dir='ltr'>Flironte,</span> <span class='ocrx_word' id='word_1_521' title='bbox 2801 865 3018 933; x_wconf 88' lang='lat' dir='ltr'>habeo,</span> <span class='ocrx_word' id='word_1_522' title='bbox 3069 882 3207 939; x_wconf 71' lang='lat' dir='ltr'>qua:</span> <span class='ocrx_word' id='word_1_523' title='bbox 3251 866 3327 922; x_wconf 92' lang='lat' dir='ltr'>de</span> <span class='ocrx_word' id='word_1_524' title='bbox 3355 867 3633 940; x_wconf 81' lang='lat' dir='ltr'>pluribus</span> 
     </span>
    </p>
   </div>
   <div class='ocr_carea' id='block_1_73' title="bbox 1964 951 3632 1030">
    <p class='ocr_par' dir='ltr' id='par_1_73' title="bbox 1964 951 3632 1030">
     <span class='ocr_line' id='line_1_73' title="bbox 1964 951 3632 1030; baseline 0.004 -23"><span class='ocrx_word' id='word_1_525' title='bbox 1964 951 2314 1007; x_wconf 88' lang='lat' dir='ltr'>hominibus</span> <span class='ocrx_word' id='word_1_526' title='bbox 2362 952 2524 1007; x_wconf 92' lang='lat' dir='ltr'>visus</span> <span class='ocrx_word' id='word_1_527' title='bbox 2582 970 2716 1009; x_wconf 91' lang='lat' dir='ltr'>sum</span> <span class='ocrx_word' id='word_1_528' title='bbox 2762 970 3148 1027; x_wconf 88' lang='lat' dir='ltr'>comparasse</span> <span class='ocrx_word' id='word_1_529' title='bbox 3201 961 3258 1012; x_wconf 92' lang='lat' dir='ltr'>et</span> <span class='ocrx_word' id='word_1_530' title='bbox 3301 957 3380 1013; x_wconf 90' lang='lat' dir='ltr'>ad</span> <span class='ocrx_word' id='word_1_531' title='bbox 3427 956 3632 1030; x_wconf 92' lang='lat' dir='ltr'>ipsum</span> 
     </span>
    </p>
   </div>
   <div class='ocr_carea' id='block_1_74' title="bbox 1965 1041 3629 1116">
    <p class='ocr_par' dir='ltr' id='par_1_74' title="bbox 1965 1041 3629 1116">
     <span class='ocr_line' id='line_1_74' title="bbox 1965 1041 3629 1116; baseline 0.005 -19"><span class='ocrx_word' id='word_1_532' title='bbox 1965 1045 2235 1098; x_wconf 89' lang='lat' dir='ltr'>montem</span> <span class='ocrx_word' id='word_1_533' title='bbox 2268 1041 2400 1113; x_wconf 90' lang='lat' dir='ltr'>subj</span> <span class='ocrx_word' id='word_1_534' title='bbox 2412 1041 2815 1113; x_wconf 87' lang='lat' dir='ltr'>ungitur,cum</span> <span class='ocrx_word' id='word_1_535' title='bbox 2843 1043 3143 1112; x_wconf 92' lang='lat' dir='ltr'>domibus,</span> <span class='ocrx_word' id='word_1_536' title='bbox 3162 1046 3629 1116; x_wconf 81' lang='lat' dir='ltr'>aediﬁciis,man-</span> 
     </span>
    </p>
   </div>
   <div class='ocr_carea' id='block_1_75' title="bbox 1969 1131 3629 1209">
    <p class='ocr_par' dir='ltr' id='par_1_75' title="bbox 1969 1131 3629 1209">
     <span class='ocr_line' id='line_1_75' title="bbox 1969 1131 3629 1209; baseline 0.004 -23"><span class='ocrx_word' id='word_1_537' title='bbox 1969 1131 2158 1204; x_wconf 91' lang='lat' dir='ltr'>cipiis,</span> <span class='ocrx_word' id='word_1_538' title='bbox 2191 1131 2297 1204; x_wconf 90' lang='lat' dir='ltr'>qui</span> <span class='ocrx_word' id='word_1_539' title='bbox 2336 1146 2372 1186; x_wconf 93' lang='lat' dir='ltr'>a</span> <span class='ocrx_word' id='word_1_540' title='bbox 2402 1148 2499 1187; x_wconf 92' lang='lat' dir='ltr'>me</span> <span class='ocrx_word' id='word_1_541' title='bbox 2523 1131 2755 1187; x_wconf 88' lang='lat' dir='ltr'>liberati</span> <span class='ocrx_word' id='word_1_542' title='bbox 2782 1147 2905 1188; x_wconf 93' lang='lat' dir='ltr'>non</span> <span class='ocrx_word' id='word_1_543' title='bbox 2935 1133 3171 1201; x_wconf 90' lang='lat' dir='ltr'>fuerint,</span> <span class='ocrx_word' id='word_1_544' title='bbox 3202 1135 3413 1209; x_wconf 90' lang='lat' dir='ltr'>vineis,</span> <span class='ocrx_word' id='word_1_545' title='bbox 3445 1137 3629 1208; x_wconf 90' lang='lat' dir='ltr'>silvis,</span> 
     </span>
    </p>
   </div>
   <div class='ocr_carea' id='block_1_76' title="bbox 1969 1219 3633 1294">
    <p class='ocr_par' dir='ltr' id='par_1_76' title="bbox 1969 1219 3633 1294">
     <span class='ocr_line' id='line_1_76' title="bbox 1969 1219 3633 1294; baseline 0.004 -18"><span class='ocrx_word' id='word_1_546' title='bbox 1969 1219 2227 1293; x_wconf 82' lang='lat' dir='ltr'>campis.</span> <span class='ocrx_word' id='word_1_547' title='bbox 2254 1220 2463 1294; x_wconf 90' lang='lat' dir='ltr'>pratis,</span> <span class='ocrx_word' id='word_1_548' title='bbox 2492 1221 2751 1293; x_wconf 89' lang='lat' dir='ltr'>pascuis,</span> <span class='ocrx_word' id='word_1_549' title='bbox 2780 1238 2918 1277; x_wconf 89' lang='lat' dir='ltr'>cum</span> <span class='ocrx_word' id='word_1_550' title='bbox 2934 1222 3097 1278; x_wconf 91' lang='lat' dir='ltr'>omni</span> <span class='ocrx_word' id='word_1_551' title='bbox 3119 1224 3251 1294; x_wconf 91' lang='lat' dir='ltr'>jure</span> <span class='ocrx_word' id='word_1_552' title='bbox 3299 1229 3356 1281; x_wconf 91' lang='lat' dir='ltr'>et</span> <span class='ocrx_word' id='word_1_553' title='bbox 3380 1226 3633 1282; x_wconf 87' lang='lat' dir='ltr'>termino</span> 
     </span>
    </p>
   </div>
   <div class='ocr_carea' id='block_1_77' title="bbox 1972 1307 3635 1386">
    <p class='ocr_par' dir='ltr' id='par_1_77' title="bbox 1972 1307 3635 1386">
     <span class='ocr_line' id='line_1_77' title="bbox 1972 1307 3635 1386; baseline 0.004 -23"><span class='ocrx_word' id='word_1_554' title='bbox 1972 1307 2260 1382; x_wconf 89' lang='lat' dir='ltr'>omnique</span> <span class='ocrx_word' id='word_1_555' title='bbox 2336 1325 2553 1379; x_wconf 87' lang='lat' dir='ltr'>genere</span> <span class='ocrx_word' id='word_1_556' title='bbox 2619 1309 2945 1382; x_wconf 89' lang='lat' dir='ltr'>pecudum,</span> <span class='ocrx_word' id='word_1_557' title='bbox 3026 1310 3181 1367; x_wconf 90' lang='lat' dir='ltr'>sicut</span> <span class='ocrx_word' id='word_1_558' title='bbox 3239 1329 3276 1369; x_wconf 87' lang='lat' dir='ltr'>a</span> <span class='ocrx_word' id='word_1_559' title='bbox 3333 1330 3432 1369; x_wconf 90' lang='lat' dir='ltr'>me</span> <span class='ocrx_word' id='word_1_560' title='bbox 3494 1329 3635 1386; x_wconf 89' lang='lat' dir='ltr'>pos-</span> 
     </span>
    </p>
   </div>
   <div class='ocr_carea' id='block_1_78' title="bbox 1974 1399 3640 1472">
    <p class='ocr_par' dir='ltr' id='par_1_78' title="bbox 1974 1399 3640 1472">
     <span class='ocr_line' id='line_1_78' title="bbox 1974 1399 3640 1472; baseline 0.002 -18"><span class='ocrx_word' id='word_1_561' title='bbox 1974 1414 2214 1454; x_wconf 89' lang='lat' dir='ltr'>sessum</span> <span class='ocrx_word' id='word_1_562' title='bbox 2265 1403 2373 1466; x_wconf 90' lang='lat' dir='ltr'>est,</span> <span class='ocrx_word' id='word_1_563' title='bbox 2429 1399 2612 1454; x_wconf 91' lang='lat' dir='ltr'>dono.</span> <span class='ocrx_word' id='word_1_564' title='bbox 2671 1399 2954 1472; x_wconf 86' lang='lat' dir='ltr'>Idemque</span> <span class='ocrx_word' id='word_1_565' title='bbox 3020 1405 3078 1456; x_wconf 93' lang='lat' dir='ltr'>et</span> <span class='ocrx_word' id='word_1_566' title='bbox 3122 1401 3324 1458; x_wconf 90' lang='lat' dir='ltr'>villam</span> <span class='ocrx_word' id='word_1_567' title='bbox 3394 1403 3640 1459; x_wconf 86' lang='lat' dir='ltr'>Cambe-</span> 
     </span>
    </p>
   </div>
   <div class='ocr_carea' id='block_1_79' title="bbox 1971 1487 3640 1568">
    <p class='ocr_par' dir='ltr' id='par_1_79' title="bbox 1971 1487 3640 1568">
     <span class='ocr_line' id='line_1_79' title="bbox 1971 1487 3640 1568; baseline 0.003 -26"><span class='ocrx_word' id='word_1_568' title='bbox 1971 1503 2246 1559; x_wconf 69' lang='lat' dir='ltr'>ron,qure</span> <span class='ocrx_word' id='word_1_569' title='bbox 2271 1493 2359 1542; x_wconf 89' lang='lat' dir='ltr'>est</span> <span class='ocrx_word' id='word_1_570' title='bbox 2372 1487 2548 1558; x_wconf 84' lang='lat' dir='ltr'>juxta</span> <span class='ocrx_word' id='word_1_571' title='bbox 2578 1489 2899 1544; x_wconf 91' lang='lat' dir='ltr'>terminum</span> <span class='ocrx_word' id='word_1_572' title='bbox 2927 1488 3296 1568; x_wconf 74' lang='lat' dir='ltr'>Clariacense</span> <span class='ocrx_word' id='word_1_573' title='bbox 3327 1490 3420 1546; x_wconf 91' lang='lat' dir='ltr'>vel</span> <span class='ocrx_word' id='word_1_574' title='bbox 3445 1491 3640 1547; x_wconf 92' lang='lat' dir='ltr'>Ucello</span> 
     </span>
    </p>
   </div>
   <div class='ocr_carea' id='block_1_80' title="bbox 1973 1575 3642 1654">
    <p class='ocr_par' dir='ltr' id='par_1_80' title="bbox 1973 1575 3642 1654">
     <span class='ocr_line' id='line_1_80' title="bbox 1973 1575 3642 1654; baseline 0.002 -22"><span class='ocrx_word' id='word_1_575' title='bbox 1973 1576 2129 1646; x_wconf 91' lang='lat' dir='ltr'>vico,</span> <span class='ocrx_word' id='word_1_576' title='bbox 2157 1593 2344 1646; x_wconf 89' lang='lat' dir='ltr'>quam</span> <span class='ocrx_word' id='word_1_577' title='bbox 2371 1575 2446 1632; x_wconf 93' lang='lat' dir='ltr'>de</span> <span class='ocrx_word' id='word_1_578' title='bbox 2475 1577 2818 1632; x_wconf 76' lang='lat' dir='ltr'>haeredibus</span> <span class='ocrx_word' id='word_1_579' title='bbox 2836 1579 3142 1635; x_wconf 83' lang='lat' dir='ltr'>Mummoli</span> <span class='ocrx_word' id='word_1_580' title='bbox 3156 1578 3298 1636; x_wconf 87' lang='lat' dir='ltr'>dato</span> <span class='ocrx_word' id='word_1_581' title='bbox 3325 1579 3514 1654; x_wconf 91' lang='lat' dir='ltr'>pretio</span> <span class='ocrx_word' id='word_1_582' title='bbox 3535 1596 3642 1654; x_wconf 88' lang='lat' dir='ltr'>per</span> 
     </span>
    </p>
   </div>
   <div class='ocr_carea' id='block_1_81' title="bbox 1974 1665 3643 1742">
    <p class='ocr_par' dir='ltr' id='par_1_81' title="bbox 1974 1665 3643 1742">
     <span class='ocr_line' id='line_1_81' title="bbox 1974 1665 3643 1742; baseline 0.002 -20"><span class='ocrx_word' id='word_1_583' title='bbox 1974 1665 2332 1722; x_wconf 87' lang='lat' dir='ltr'>venditionis</span> <span class='ocrx_word' id='word_1_584' title='bbox 2383 1665 2618 1722; x_wconf 91' lang='lat' dir='ltr'>titulum</span> <span class='ocrx_word' id='word_1_585' title='bbox 2648 1666 2816 1721; x_wconf 91' lang='lat' dir='ltr'>visus</span> <span class='ocrx_word' id='word_1_586' title='bbox 2868 1683 3005 1722; x_wconf 91' lang='lat' dir='ltr'>sum</span> <span class='ocrx_word' id='word_1_587' title='bbox 3056 1685 3468 1742; x_wconf 89' lang='lat' dir='ltr'>comparasse,</span> <span class='ocrx_word' id='word_1_588' title='bbox 3503 1687 3643 1726; x_wconf 91' lang='lat' dir='ltr'>cum</span> 
     </span>
    </p>
   </div>
   <div class='ocr_carea' id='block_1_82' title="bbox 1977 1754 3646 1830">
    <p class='ocr_par' dir='ltr' id='par_1_82' title="bbox 1977 1754 3646 1830">
     <span class='ocr_line' id='line_1_82' title="bbox 1977 1754 3646 1830; baseline 0.002 -19"><span class='ocrx_word' id='word_1_589' title='bbox 1977 1754 2282 1822; x_wconf 91' lang='lat' dir='ltr'>domibus,</span> <span class='ocrx_word' id='word_1_590' title='bbox 2333 1754 2621 1823; x_wconf 78' lang='lat' dir='ltr'>aediﬁciis,</span> <span class='ocrx_word' id='word_1_591' title='bbox 2654 1755 2991 1828; x_wconf 90' lang='lat' dir='ltr'>mancipiis,</span> <span class='ocrx_word' id='word_1_592' title='bbox 3036 1757 3142 1830; x_wconf 86' lang='lat' dir='ltr'>qui</span> <span class='ocrx_word' id='word_1_593' title='bbox 3191 1773 3228 1814; x_wconf 91' lang='lat' dir='ltr'>a</span> <span class='ocrx_word' id='word_1_594' title='bbox 3270 1775 3369 1815; x_wconf 89' lang='lat' dir='ltr'>me</span> <span class='ocrx_word' id='word_1_595' title='bbox 3411 1758 3646 1816; x_wconf 89' lang='lat' dir='ltr'>liberati</span> 
     </span>
    </p>
   </div>
   <div class='ocr_carea' id='block_1_83' title="bbox 1976 1843 3644 1920">
    <p class='ocr_par' dir='ltr' id='par_1_83' title="bbox 1976 1843 3644 1920">
     <span class='ocr_line' id='line_1_83' title="bbox 1976 1843 3644 1920; baseline 0.001 -20"><span class='ocrx_word' id='word_1_596' title='bbox 1976 1859 2098 1900; x_wconf 91' lang='lat' dir='ltr'>non</span> <span class='ocrx_word' id='word_1_597' title='bbox 2118 1843 2359 1916; x_wconf 89' lang='lat' dir='ltr'>fuerint,</span> <span class='ocrx_word' id='word_1_598' title='bbox 2399 1843 2606 1911; x_wconf 88' lang='lat' dir='ltr'>vineis,</span> <span class='ocrx_word' id='word_1_599' title='bbox 2655 1843 2838 1912; x_wconf 90' lang='lat' dir='ltr'>silvis,</span> <span class='ocrx_word' id='word_1_600' title='bbox 2889 1846 3141 1918; x_wconf 89' lang='lat' dir='ltr'>campis,</span> <span class='ocrx_word' id='word_1_601' title='bbox 3171 1847 3376 1918; x_wconf 90' lang='lat' dir='ltr'>pratis,</span> <span class='ocrx_word' id='word_1_602' title='bbox 3403 1847 3644 1920; x_wconf 90' lang='lat' dir='ltr'>pascuis</span> 
     </span>
    </p>
   </div>
   <div class='ocr_carea' id='block_1_84' title="bbox 1977 1933 3647 2008">
    <p class='ocr_par' dir='ltr' id='par_1_84' title="bbox 1977 1933 3647 2008">
     <span class='ocr_line' id='line_1_84' title="bbox 1977 1933 3647 2008; baseline 0.002 -18"><span class='ocrx_word' id='word_1_603' title='bbox 1977 1933 2264 2006; x_wconf 89' lang='lat' dir='ltr'>omnique</span> <span class='ocrx_word' id='word_1_604' title='bbox 2289 1948 2504 2004; x_wconf 84' lang='lat' dir='ltr'>genere</span> <span class='ocrx_word' id='word_1_605' title='bbox 2534 1933 2859 2005; x_wconf 90' lang='lat' dir='ltr'>pecudum,</span> <span class='ocrx_word' id='word_1_606' title='bbox 2906 1951 3047 1990; x_wconf 89' lang='lat' dir='ltr'>cum</span> <span class='ocrx_word' id='word_1_607' title='bbox 3099 1936 3264 1991; x_wconf 88' lang='lat' dir='ltr'>omni</span> <span class='ocrx_word' id='word_1_608' title='bbox 3282 1936 3418 2008; x_wconf 89' lang='lat' dir='ltr'>jure</span> <span class='ocrx_word' id='word_1_609' title='bbox 3448 1941 3507 1992; x_wconf 92' lang='lat' dir='ltr'>et</span> <span class='ocrx_word' id='word_1_610' title='bbox 3546 1937 3647 1993; x_wconf 90' lang='lat' dir='ltr'>be-</span> 
     </span>
    </p>
   </div>
   <div class='ocr_carea' id='block_1_85' title="bbox 1975 2022 3644 2096">
    <p class='ocr_par' dir='ltr' id='par_1_85' title="bbox 1975 2022 3644 2096">
     <span class='ocr_line' id='line_1_85' title="bbox 1975 2022 3644 2096; baseline 0.002 -17"><span class='ocrx_word' id='word_1_611' title='bbox 1975 2023 2191 2079; x_wconf 87' lang='lat' dir='ltr'>neﬁcio</span> <span class='ocrx_word' id='word_1_612' title='bbox 2235 2023 2329 2078; x_wconf 89' lang='lat' dir='ltr'>vel</span> <span class='ocrx_word' id='word_1_613' title='bbox 2384 2022 2636 2079; x_wconf 90' lang='lat' dir='ltr'>termino</span> <span class='ocrx_word' id='word_1_614' title='bbox 2661 2022 2740 2079; x_wconf 90' lang='lat' dir='ltr'>ad</span> <span class='ocrx_word' id='word_1_615' title='bbox 2781 2039 2843 2079; x_wconf 91' lang='lat' dir='ltr'>se</span> <span class='ocrx_word' id='word_1_616' title='bbox 2868 2023 3218 2096; x_wconf 88' lang='lat' dir='ltr'>pertinente,</span> <span class='ocrx_word' id='word_1_617' title='bbox 3267 2025 3420 2081; x_wconf 89' lang='lat' dir='ltr'>sicut</span> <span class='ocrx_word' id='word_1_618' title='bbox 3463 2043 3500 2083; x_wconf 87' lang='lat' dir='ltr'>a</span> <span class='ocrx_word' id='word_1_619' title='bbox 3544 2041 3644 2082; x_wconf 89' lang='lat' dir='ltr'>me</span> 
     </span>
    </p>
   </div>
   <div class='ocr_carea' id='block_1_86' title="bbox 1977 2111 3647 2186">
    <p class='ocr_par' dir='ltr' id='par_1_86' title="bbox 1977 2111 3647 2186">
     <span class='ocr_line' id='line_1_86' title="bbox 1977 2111 3647 2186; baseline 0.002 -17"><span class='ocrx_word' id='word_1_620' title='bbox 1977 2128 2327 2186; x_wconf 90' lang='lat' dir='ltr'>possessum</span> <span class='ocrx_word' id='word_1_621' title='bbox 2358 2111 2636 2180; x_wconf 90' lang='lat' dir='ltr'>est,dono</span> <span class='ocrx_word' id='word_1_622' title='bbox 2653 2117 2860 2170; x_wconf 85' lang='lat' dir='ltr'>sancto</span> <span class='ocrx_word' id='word_1_623' title='bbox 2878 2115 3045 2170; x_wconf 87' lang='lat' dir='ltr'>Petro</span> <span class='ocrx_word' id='word_1_624' title='bbox 3079 2113 3647 2172; x_wconf 86' lang='lat' dir='ltr'>Floriacensi.ldem-</span> 
     </span>
    </p>
   </div>
   <div class='ocr_carea' id='block_1_87' title="bbox 1977 2201 3647 2277">
    <p class='ocr_par' dir='ltr' id='par_1_87' title="bbox 1977 2201 3647 2277">
     <span class='ocr_line' id='line_1_87' title="bbox 1977 2201 3647 2277; baseline 0.002 -19"><span class='ocrx_word' id='word_1_625' title='bbox 1977 2218 2096 2275; x_wconf 90' lang='lat' dir='ltr'>que</span> <span class='ocrx_word' id='word_1_626' title='bbox 2119 2206 2177 2258; x_wconf 92' lang='lat' dir='ltr'>et</span> <span class='ocrx_word' id='word_1_627' title='bbox 2205 2201 2266 2256; x_wconf 94' lang='lat' dir='ltr'>in</span> <span class='ocrx_word' id='word_1_628' title='bbox 2293 2201 2646 2257; x_wconf 80' lang='lat' dir='ltr'>Rausedone</span> <span class='ocrx_word' id='word_1_629' title='bbox 2676 2201 2837 2268; x_wconf 92' lang='lat' dir='ltr'>villa,</span> <span class='ocrx_word' id='word_1_630' title='bbox 2855 2218 2992 2274; x_wconf 67' lang='lat' dir='ltr'>quae</span> <span class='ocrx_word' id='word_1_631' title='bbox 3021 2208 3111 2258; x_wconf 90' lang='lat' dir='ltr'>est</span> <span class='ocrx_word' id='word_1_632' title='bbox 3131 2203 3193 2259; x_wconf 91' lang='lat' dir='ltr'>in</span> <span class='ocrx_word' id='word_1_633' title='bbox 3217 2220 3378 2277; x_wconf 86' lang='lat' dir='ltr'>pago</span> <span class='ocrx_word' id='word_1_634' title='bbox 3406 2205 3647 2276; x_wconf 81' lang='lat' dir='ltr'>Magdu-</span> 
     </span>
    </p>
   </div>
   <div class='ocr_carea' id='block_1_88' title="bbox 1977 2291 3647 2366">
    <p class='ocr_par' dir='ltr' id='par_1_88' title="bbox 1977 2291 3647 2366">
     <span class='ocr_line' id='line_1_88' title="bbox 1977 2291 3647 2366; baseline 0.002 -18"><span class='ocrx_word' id='word_1_635' title='bbox 1977 2292 2174 2359; x_wconf 89' lang='lat' dir='ltr'>nensi,</span> <span class='ocrx_word' id='word_1_636' title='bbox 2224 2305 2413 2363; x_wconf 83' lang='lat' dir='ltr'>quam</span> <span class='ocrx_word' id='word_1_637' title='bbox 2457 2291 2531 2346; x_wconf 92' lang='lat' dir='ltr'>de</span> <span class='ocrx_word' id='word_1_638' title='bbox 2589 2291 2929 2346; x_wconf 58' lang='lat' dir='ltr'>haeredibus</span> <span class='ocrx_word' id='word_1_639' title='bbox 2989 2292 3216 2362; x_wconf 89' lang='lat' dir='ltr'>Wagini</span> <span class='ocrx_word' id='word_1_640' title='bbox 3271 2293 3415 2350; x_wconf 89' lang='lat' dir='ltr'>dato</span> <span class='ocrx_word' id='word_1_641' title='bbox 3457 2295 3647 2366; x_wconf 88' lang='lat' dir='ltr'>pretio</span> 
     </span>
    </p>
   </div>
   <div class='ocr_carea' id='block_1_89' title="bbox 1980 2379 3647 2454">
    <p class='ocr_par' dir='ltr' id='par_1_89' title="bbox 1980 2379 3647 2454">
     <span class='ocr_line' id='line_1_89' title="bbox 1980 2379 3647 2454; baseline 0.002 -18"><span class='ocrx_word' id='word_1_642' title='bbox 1980 2380 2348 2454; x_wconf 87' lang='lat' dir='ltr'>comparavi,</span> <span class='ocrx_word' id='word_1_643' title='bbox 2400 2379 2812 2452; x_wconf 89' lang='lat' dir='ltr'>suprascripta</span> <span class='ocrx_word' id='word_1_644' title='bbox 2839 2395 2981 2450; x_wconf 85' lang='lat' dir='ltr'>pars</span> <span class='ocrx_word' id='word_1_645' title='bbox 3011 2385 3148 2436; x_wconf 87' lang='lat' dir='ltr'>ante</span> <span class='ocrx_word' id='word_1_646' title='bbox 3185 2381 3357 2437; x_wconf 68' lang='lat' dir='ltr'>dictae</span> <span class='ocrx_word' id='word_1_647' title='bbox 3384 2383 3647 2440; x_wconf 68' lang='lat' dir='ltr'>basilicae</span> 
     </span>
    </p>
   </div>
   <div class='ocr_carea' id='block_1_90' title="bbox 1979 2468 3648 2547">
    <p class='ocr_par' dir='ltr' id='par_1_90' title="bbox 1979 2468 3648 2547">
     <span class='ocr_line' id='line_1_90' title="bbox 1979 2468 3648 2547; baseline 0.002 -20"><span class='ocrx_word' id='word_1_648' title='bbox 1979 2469 2190 2527; x_wconf 90' lang='lat' dir='ltr'>domni</span> <span class='ocrx_word' id='word_1_649' title='bbox 2231 2470 2382 2526; x_wconf 87' lang='lat' dir='ltr'>Petri</span> <span class='ocrx_word' id='word_1_650' title='bbox 2412 2468 2802 2524; x_wconf 88' lang='lat' dir='ltr'>Floriacensis</span> <span class='ocrx_word' id='word_1_651' title='bbox 2829 2474 3120 2541; x_wconf 91' lang='lat' dir='ltr'>perpetuo</span> <span class='ocrx_word' id='word_1_652' title='bbox 3143 2471 3276 2542; x_wconf 91' lang='lat' dir='ltr'>jure</span> <span class='ocrx_word' id='word_1_653' title='bbox 3308 2477 3487 2547; x_wconf 89' lang='lat' dir='ltr'>atque</span> <span class='ocrx_word' id='word_1_654' title='bbox 3511 2489 3648 2547; x_wconf 90' lang='lat' dir='ltr'>pro-</span> 
     </span>
    </p>
   </div>
   <div class='ocr_carea' id='block_1_91' title="bbox 1981 2556 3644 2633">
    <p class='ocr_par' dir='ltr' id='par_1_91' title="bbox 1981 2556 3644 2633">
     <span class='ocr_line' id='line_1_91' title="bbox 1981 2556 3644 2633; baseline 0.003 -18"><span class='ocrx_word' id='word_1_655' title='bbox 1981 2558 2283 2633; x_wconf 89' lang='lat' dir='ltr'>prietario,</span> <span class='ocrx_word' id='word_1_656' title='bbox 2316 2561 2380 2614; x_wconf 91' lang='lat' dir='ltr'>ut</span> <span class='ocrx_word' id='word_1_657' title='bbox 2405 2556 2714 2630; x_wconf 88' lang='lat' dir='ltr'>possideat</span> <span class='ocrx_word' id='word_1_658' title='bbox 2742 2558 2974 2628; x_wconf 85' lang='lat' dir='ltr'>integra</span> <span class='ocrx_word' id='word_1_659' title='bbox 3010 2558 3337 2631; x_wconf 90' lang='lat' dir='ltr'>voluntate,</span> <span class='ocrx_word' id='word_1_660' title='bbox 3365 2561 3644 2620; x_wconf 89' lang='lat' dir='ltr'>decerno.</span> 
     </span>
    </p>
   </div>
   <div class='ocr_carea' id='block_1_92' title="bbox 1982 2645 3648 2723">
    <p class='ocr_par' dir='ltr' id='par_1_92' title="bbox 1982 2645 3648 2723">
     <span class='ocr_line' id='line_1_92' title="bbox 1982 2645 3648 2723; baseline 0.002 -19"><span class='ocrx_word' id='word_1_661' title='bbox 1982 2649 2266 2720; x_wconf 86' lang='lat' dir='ltr'>Idemque</span> <span class='ocrx_word' id='word_1_662' title='bbox 2297 2645 2608 2703; x_wconf 81' lang='lat' dir='ltr'>antedictae</span> <span class='ocrx_word' id='word_1_663' title='bbox 2633 2646 2896 2703; x_wconf 67' lang='lat' dir='ltr'>basilicae</span> <span class='ocrx_word' id='word_1_664' title='bbox 2926 2647 3167 2704; x_wconf 64' lang='lat' dir='ltr'>domum</span> <span class='ocrx_word' id='word_1_665' title='bbox 3197 2649 3388 2706; x_wconf 81' lang='lat' dir='ltr'>Mariae</span> <span class='ocrx_word' id='word_1_666' title='bbox 3422 2651 3648 2723; x_wconf 89' lang='lat' dir='ltr'>portio-</span> 
     </span>
    </p>
   </div>
   <div class='ocr_carea' id='block_1_93' title="bbox 1981 2735 3646 2812">
    <p class='ocr_par' dir='ltr' id='par_1_93' title="bbox 1981 2735 3646 2812">
     <span class='ocr_line' id='line_1_93' title="bbox 1981 2735 3646 2812; baseline 0.002 -20"><span class='ocrx_word' id='word_1_667' title='bbox 1981 2752 2121 2792; x_wconf 90' lang='lat' dir='ltr'>nem</span> <span class='ocrx_word' id='word_1_668' title='bbox 2151 2752 2374 2803; x_wconf 88' lang='lat' dir='ltr'>meam,</span> <span class='ocrx_word' id='word_1_669' title='bbox 2402 2751 2538 2809; x_wconf 82' lang='lat' dir='ltr'>quee</span> <span class='ocrx_word' id='word_1_670' title='bbox 2568 2739 2655 2791; x_wconf 91' lang='lat' dir='ltr'>est</span> <span class='ocrx_word' id='word_1_671' title='bbox 2675 2735 2849 2808; x_wconf 85' lang='lat' dir='ltr'>juxta</span> <span class='ocrx_word' id='word_1_672' title='bbox 2877 2735 3182 2794; x_wconf 70' lang='lat' dir='ltr'>Columna:</span> <span class='ocrx_word' id='word_1_673' title='bbox 3211 2738 3430 2809; x_wconf 85' lang='lat' dir='ltr'>vicum,</span> <span class='ocrx_word' id='word_1_674' title='bbox 3463 2755 3646 2812; x_wconf 90' lang='lat' dir='ltr'>quar-</span> 
     </span>
    </p>
   </div>
   <div class='ocr_carea' id='block_1_94' title="bbox 1981 2825 3646 2898">
    <p class='ocr_par' dir='ltr' id='par_1_94' title="bbox 1981 2825 3646 2898">
     <span class='ocr_line' id='line_1_94' title="bbox 1981 2825 3646 2898; baseline 0.001 -15"><span class='ocrx_word' id='word_1_675' title='bbox 1981 2830 2106 2883; x_wconf 89' lang='lat' dir='ltr'>tam</span> <span class='ocrx_word' id='word_1_676' title='bbox 2131 2830 2365 2898; x_wconf 90' lang='lat' dir='ltr'>partem</span> <span class='ocrx_word' id='word_1_677' title='bbox 2386 2841 2460 2881; x_wconf 80' lang='lat' dir='ltr'>ex</span> <span class='ocrx_word' id='word_1_678' title='bbox 2474 2825 2610 2898; x_wconf 92' lang='lat' dir='ltr'>ipso</span> <span class='ocrx_word' id='word_1_679' title='bbox 2631 2840 2778 2896; x_wconf 89' lang='lat' dir='ltr'>agro</span> <span class='ocrx_word' id='word_1_680' title='bbox 2801 2825 3371 2898; x_wconf 88' lang='lat' dir='ltr'>Colommensi,cum</span> <span class='ocrx_word' id='word_1_681' title='bbox 3394 2829 3646 2898; x_wconf 89' lang='lat' dir='ltr'>mansis,</span> 
     </span>
    </p>
   </div>
   <div class='ocr_carea' id='block_1_95' title="bbox 1979 2914 3650 2991">
    <p class='ocr_par' dir='ltr' id='par_1_95' title="bbox 1979 2914 3650 2991">
     <span class='ocr_line' id='line_1_95' title="bbox 1979 2914 3650 2991; baseline 0.003 -19"><span class='ocrx_word' id='word_1_682' title='bbox 1979 2914 2324 2986; x_wconf 89' lang='lat' dir='ltr'>accolabus,</span> <span class='ocrx_word' id='word_1_683' title='bbox 2356 2915 2588 2988; x_wconf 91' lang='lat' dir='ltr'>campis</span> <span class='ocrx_word' id='word_1_684' title='bbox 2621 2915 2790 2971; x_wconf 90' lang='lat' dir='ltr'>cultis</span> <span class='ocrx_word' id='word_1_685' title='bbox 2820 2920 2878 2972; x_wconf 91' lang='lat' dir='ltr'>et</span> <span class='ocrx_word' id='word_1_686' title='bbox 2900 2915 3157 2988; x_wconf 88' lang='lat' dir='ltr'>incultis,</span> <span class='ocrx_word' id='word_1_687' title='bbox 3190 2935 3329 2975; x_wconf 92' lang='lat' dir='ltr'>cum</span> <span class='ocrx_word' id='word_1_688' title='bbox 3355 2919 3524 2976; x_wconf 92' lang='lat' dir='ltr'>omni</span> <span class='ocrx_word' id='word_1_689' title='bbox 3550 2936 3650 2991; x_wconf 90' lang='lat' dir='ltr'>ge-</span> 
     </span>
    </p>
   </div>
   <div class='ocr_carea' id='block_1_96' title="bbox 1977 3003 3644 3082">
    <p class='ocr_par' dir='ltr' id='par_1_96' title="bbox 1977 3003 3644 3082">
     <span class='ocr_line' id='line_1_96' title="bbox 1977 3003 3644 3082; baseline 0.003 -21"><span class='ocrx_word' id='word_1_690' title='bbox 1977 3021 2120 3061; x_wconf 90' lang='lat' dir='ltr'>nere</span> <span class='ocrx_word' id='word_1_691' title='bbox 2146 3003 2454 3077; x_wconf 88' lang='lat' dir='ltr'>pecudum</span> <span class='ocrx_word' id='word_1_692' title='bbox 2483 3004 2546 3060; x_wconf 94' lang='lat' dir='ltr'>in</span> <span class='ocrx_word' id='word_1_693' title='bbox 2565 3004 2885 3074; x_wconf 90' lang='lat' dir='ltr'>integrum,</span> <span class='ocrx_word' id='word_1_694' title='bbox 2920 3007 3073 3062; x_wconf 91' lang='lat' dir='ltr'>sicut</span> <span class='ocrx_word' id='word_1_695' title='bbox 3103 3023 3140 3062; x_wconf 92' lang='lat' dir='ltr'>a</span> <span class='ocrx_word' id='word_1_696' title='bbox 3165 3025 3262 3064; x_wconf 90' lang='lat' dir='ltr'>me</span> <span class='ocrx_word' id='word_1_697' title='bbox 3291 3025 3644 3082; x_wconf 89' lang='lat' dir='ltr'>possessum</span> 
     </span>
    </p>
   </div>
   <div class='ocr_carea' id='block_1_97' title="bbox 1980 3093 3649 3172">
    <p class='ocr_par' dir='ltr' id='par_1_97' title="bbox 1980 3093 3649 3172">
     <span class='ocr_line' id='line_1_97' title="bbox 1980 3093 3649 3172; baseline 0.004 -23"><span class='ocrx_word' id='word_1_698' title='bbox 1980 3098 2086 3161; x_wconf 91' lang='lat' dir='ltr'>est,</span> <span class='ocrx_word' id='word_1_699' title='bbox 2116 3093 2329 3164; x_wconf 87' lang='lat' dir='ltr'>delego</span> <span class='ocrx_word' id='word_1_700' title='bbox 2358 3093 2782 3166; x_wconf 88' lang='lat' dir='ltr'>perpetualiter</span> <span class='ocrx_word' id='word_1_701' title='bbox 2802 3095 3258 3166; x_wconf 90' lang='lat' dir='ltr'>possidendum,</span> <span class='ocrx_word' id='word_1_702' title='bbox 3281 3099 3564 3172; x_wconf 85' lang='lat' dir='ltr'>Idemque</span> <span class='ocrx_word' id='word_1_703' title='bbox 3586 3099 3649 3155; x_wconf 91' lang='lat' dir='ltr'>in</span> 
     </span>
    </p>
   </div>
   <div class='ocr_carea' id='block_1_98' title="bbox 1983 3181 3649 3258">
    <p class='ocr_par' dir='ltr' id='par_1_98' title="bbox 1983 3181 3649 3258">
     <span class='ocr_line' id='line_1_98' title="bbox 1983 3181 3649 3258; baseline 0.002 -18"><span class='ocrx_word' id='word_1_704' title='bbox 1983 3181 2475 3254; x_wconf 88' lang='lat' dir='ltr'>Simpliciacensi,</span> <span class='ocrx_word' id='word_1_705' title='bbox 2493 3182 2658 3255; x_wconf 86' lang='lat' dir='ltr'>quod</span> <span class='ocrx_word' id='word_1_706' title='bbox 2685 3187 2778 3238; x_wconf 89' lang='lat' dir='ltr'>est</span> <span class='ocrx_word' id='word_1_707' title='bbox 2805 3182 2866 3238; x_wconf 92' lang='lat' dir='ltr'>in</span> <span class='ocrx_word' id='word_1_708' title='bbox 2899 3184 3228 3254; x_wconf 86' lang='lat' dir='ltr'>Secalonia,</span> <span class='ocrx_word' id='word_1_709' title='bbox 3245 3188 3412 3258; x_wconf 90' lang='lat' dir='ltr'>quod</span> <span class='ocrx_word' id='word_1_710' title='bbox 3442 3188 3516 3242; x_wconf 88' lang='lat' dir='ltr'>de</span> <span class='ocrx_word' id='word_1_711' title='bbox 3542 3188 3649 3244; x_wconf 91' lang='lat' dir='ltr'>ho-</span> 
     </span>
    </p>
   </div>
   <div class='ocr_carea' id='block_1_99' title="bbox 1980 3270 3649 3344">
    <p class='ocr_par' dir='ltr' id='par_1_99' title="bbox 1980 3270 3649 3344">
     <span class='ocr_line' id='line_1_99' title="bbox 1980 3270 3649 3344; baseline 0.003 -18"><span class='ocrx_word' id='word_1_712' title='bbox 1980 3270 2142 3327; x_wconf 92' lang='lat' dir='ltr'>mine</span> <span class='ocrx_word' id='word_1_713' title='bbox 2171 3271 2464 3344; x_wconf 86' lang='lat' dir='ltr'>quodam,</span> <span class='ocrx_word' id='word_1_714' title='bbox 2498 3270 2785 3340; x_wconf 87' lang='lat' dir='ltr'>Aregisilo</span> <span class='ocrx_word' id='word_1_715' title='bbox 2812 3272 3077 3339; x_wconf 90' lang='lat' dir='ltr'>nomine,</span> <span class='ocrx_word' id='word_1_716' title='bbox 3093 3272 3190 3328; x_wconf 92' lang='lat' dir='ltr'>vel</span> <span class='ocrx_word' id='word_1_717' title='bbox 3215 3273 3291 3330; x_wconf 90' lang='lat' dir='ltr'>de</span> <span class='ocrx_word' id='word_1_718' title='bbox 3322 3273 3472 3342; x_wconf 90' lang='lat' dir='ltr'>aliis,</span> <span class='ocrx_word' id='word_1_719' title='bbox 3505 3275 3649 3332; x_wconf 90' lang='lat' dir='ltr'>dato</span> 
     </span>
    </p>
   </div>
   <div class='ocr_carea' id='block_1_100' title="bbox 1981 3359 3655 3437">
    <p class='ocr_par' dir='ltr' id='par_1_100' title="bbox 1981 3359 3655 3437">
     <span class='ocr_line' id='line_1_100' title="bbox 1981 3359 3655 3437; baseline 0.004 -22"><span class='ocrx_word' id='word_1_720' title='bbox 1981 3360 2172 3434; x_wconf 90' lang='lat' dir='ltr'>pretio</span> <span class='ocrx_word' id='word_1_721' title='bbox 2219 3376 2329 3433; x_wconf 92' lang='lat' dir='ltr'>per</span> <span class='ocrx_word' id='word_1_722' title='bbox 2354 3359 2708 3416; x_wconf 90' lang='lat' dir='ltr'>venditionis</span> <span class='ocrx_word' id='word_1_723' title='bbox 2753 3360 2990 3416; x_wconf 87' lang='lat' dir='ltr'>titulum</span> <span class='ocrx_word' id='word_1_724' title='bbox 3029 3362 3196 3418; x_wconf 90' lang='lat' dir='ltr'>visus</span> <span class='ocrx_word' id='word_1_725' title='bbox 3243 3379 3378 3419; x_wconf 89' lang='lat' dir='ltr'>sum</span> <span class='ocrx_word' id='word_1_726' title='bbox 3408 3379 3655 3437; x_wconf 84' lang='lat' dir='ltr'>compa-</span> 
     </span>
    </p>
   </div>
   <div class='ocr_carea' id='block_1_101' title="bbox 1979 3448 3647 3528">
    <p class='ocr_par' dir='ltr' id='par_1_101' title="bbox 1979 3448 3647 3528">
     <span class='ocr_line' id='line_1_101' title="bbox 1979 3448 3647 3528; baseline 0.003 -23"><span class='ocrx_word' id='word_1_727' title='bbox 1979 3465 2166 3518; x_wconf 91' lang='lat' dir='ltr'>rasse,</span> <span class='ocrx_word' id='word_1_728' title='bbox 2197 3448 2538 3522; x_wconf 90' lang='lat' dir='ltr'>portionem</span> <span class='ocrx_word' id='word_1_729' title='bbox 2568 3449 2766 3522; x_wconf 92' lang='lat' dir='ltr'>ipsam</span> <span class='ocrx_word' id='word_1_730' title='bbox 2794 3466 2934 3505; x_wconf 91' lang='lat' dir='ltr'>cum</span> <span class='ocrx_word' id='word_1_731' title='bbox 2954 3451 3207 3520; x_wconf 78' lang='lat' dir='ltr'>mansis,</span> <span class='ocrx_word' id='word_1_732' title='bbox 3232 3452 3418 3522; x_wconf 88' lang='lat' dir='ltr'>silvis,</span> <span class='ocrx_word' id='word_1_733' title='bbox 3438 3452 3647 3528; x_wconf 86' lang='lat' dir='ltr'>pratis,</span> 
     </span>
    </p>
   </div>
   <div class='ocr_carea' id='block_1_102' title="bbox 1981 3537 3651 3616">
    <p class='ocr_par' dir='ltr' id='par_1_102' title="bbox 1981 3537 3651 3616">
     <span class='ocr_line' id='line_1_102' title="bbox 1981 3537 3651 3616; baseline 0.004 -22"><span class='ocrx_word' id='word_1_734' title='bbox 1981 3537 2232 3611; x_wconf 90' lang='lat' dir='ltr'>campis,</span> <span class='ocrx_word' id='word_1_735' title='bbox 2265 3538 2527 3610; x_wconf 92' lang='lat' dir='ltr'>pascuis,</span> <span class='ocrx_word' id='word_1_736' title='bbox 2558 3538 2654 3594; x_wconf 90' lang='lat' dir='ltr'>vel</span> <span class='ocrx_word' id='word_1_737' title='bbox 2681 3539 2850 3595; x_wconf 91' lang='lat' dir='ltr'>omni</span> <span class='ocrx_word' id='word_1_738' title='bbox 2879 3556 3096 3611; x_wconf 90' lang='lat' dir='ltr'>genere</span> <span class='ocrx_word' id='word_1_739' title='bbox 3125 3542 3432 3616; x_wconf 90' lang='lat' dir='ltr'>pecudum</span> <span class='ocrx_word' id='word_1_740' title='bbox 3462 3547 3522 3600; x_wconf 90' lang='lat' dir='ltr'>et</span> <span class='ocrx_word' id='word_1_741' title='bbox 3548 3542 3651 3600; x_wconf 86' lang='lat' dir='ltr'>be-</span> 
     </span>
    </p>
   </div>
   <div class='ocr_carea' id='block_1_103' title="bbox 1982 3626 3648 3703">
    <p class='ocr_par' dir='ltr' id='par_1_103' title="bbox 1982 3626 3648 3703">
     <span class='ocr_line' id='line_1_103' title="bbox 1982 3626 3648 3703; baseline 0.004 -20"><span class='ocrx_word' id='word_1_742' title='bbox 1982 3626 2196 3684; x_wconf 87' lang='lat' dir='ltr'>neﬁcio</span> <span class='ocrx_word' id='word_1_743' title='bbox 2247 3643 2356 3683; x_wconf 93' lang='lat' dir='ltr'>suo</span> <span class='ocrx_word' id='word_1_744' title='bbox 2407 3627 2558 3683; x_wconf 90' lang='lat' dir='ltr'>sicut</span> <span class='ocrx_word' id='word_1_745' title='bbox 2597 3644 2635 3684; x_wconf 92' lang='lat' dir='ltr'>a</span> <span class='ocrx_word' id='word_1_746' title='bbox 2684 3644 2781 3684; x_wconf 89' lang='lat' dir='ltr'>me</span> <span class='ocrx_word' id='word_1_747' title='bbox 2830 3644 3180 3702; x_wconf 88' lang='lat' dir='ltr'>possessum</span> <span class='ocrx_word' id='word_1_748' title='bbox 3231 3637 3338 3703; x_wconf 90' lang='lat' dir='ltr'>est,</span> <span class='ocrx_word' id='word_1_749' title='bbox 3381 3633 3648 3690; x_wconf 65' lang='lat' dir='ltr'>basilica:</span> 
     </span>
    </p>
   </div>
   <div class='ocr_carea' id='block_1_104' title="bbox 1981 3716 3651 3795">
    <p class='ocr_par' dir='ltr' id='par_1_104' title="bbox 1981 3716 3651 3795">
     <span class='ocr_line' id='line_1_104' title="bbox 1981 3716 3651 3795; baseline 0.005 -23"><span class='ocrx_word' id='word_1_750' title='bbox 1981 3716 2220 3772; x_wconf 73' lang='lat' dir='ltr'>domnae</span> <span class='ocrx_word' id='word_1_751' title='bbox 2245 3716 2437 3774; x_wconf 64' lang='lat' dir='ltr'>Marias</span> <span class='ocrx_word' id='word_1_752' title='bbox 2467 3716 2748 3783; x_wconf 89' lang='lat' dir='ltr'>tribuo,et</span> <span class='ocrx_word' id='word_1_753' title='bbox 2776 3723 2843 3774; x_wconf 91' lang='lat' dir='ltr'>ut</span> <span class='ocrx_word' id='word_1_754' title='bbox 2869 3719 2932 3775; x_wconf 92' lang='lat' dir='ltr'>in</span> <span class='ocrx_word' id='word_1_755' title='bbox 2961 3724 3319 3794; x_wconf 83' lang='lat' dir='ltr'>perpetuum</span> <span class='ocrx_word' id='word_1_756' title='bbox 3344 3723 3651 3795; x_wconf 82' lang='lat' dir='ltr'>possideat</span> 
     </span>
    </p>
   </div>
   <div class='ocr_carea' id='block_1_105' title="bbox 1979 3804 2928 3878">
    <p class='ocr_par' dir='ltr' id='par_1_105' title="bbox 1979 3804 2928 3878">
     <span class='ocr_line' id='line_1_105' title="bbox 1979 3804 2928 3878; baseline 0.003 -18"><span class='ocrx_word' id='word_1_757' title='bbox 1979 3804 2328 3877; x_wconf 90' lang='lat' dir='ltr'>plenissima</span> <span class='ocrx_word' id='word_1_758' title='bbox 2356 3805 2660 3862; x_wconf 89' lang='lat' dir='ltr'>voluntate</span> <span class='ocrx_word' id='word_1_759' title='bbox 2690 3812 2928 3878; x_wconf 81' lang='lat' dir='ltr'>exopto.</span> 
     </span>
    </p>
   </div>
   <div class='ocr_carea' id='block_1_106' title="bbox 2051 3893 3645 3966">
    <p class='ocr_par' dir='ltr' id='par_1_106' title="bbox 2051 3893 3645 3966">
     <span class='ocr_line' id='line_1_106' title="bbox 2051 3893 3645 3966; baseline 0.004 -18"><span class='ocrx_word' id='word_1_760' title='bbox 2051 3893 2182 3949; x_wconf 91' lang='lat' dir='ltr'>Pari</span> <span class='ocrx_word' id='word_1_761' title='bbox 2236 3894 2421 3949; x_wconf 92' lang='lat' dir='ltr'>modo</span> <span class='ocrx_word' id='word_1_762' title='bbox 2475 3899 2534 3950; x_wconf 90' lang='lat' dir='ltr'>et</span> <span class='ocrx_word' id='word_1_763' title='bbox 2589 3894 2670 3950; x_wconf 93' lang='lat' dir='ltr'>ad</span> <span class='ocrx_word' id='word_1_764' title='bbox 2734 3900 3138 3951; x_wconf 88' lang='lat' dir='ltr'>memoratum</span> <span class='ocrx_word' id='word_1_765' title='bbox 3189 3899 3645 3966; x_wconf 85' lang='lat' dir='ltr'>monasterium,</span> 
     </span>
    </p>
   </div>
   <div class='ocr_carea' id='block_1_107' title="bbox 1983 3982 3650 4057">
    <p class='ocr_par' dir='ltr' id='par_1_107' title="bbox 1983 3982 3650 4057">
     <span class='ocr_line' id='line_1_107' title="bbox 1983 3982 3650 4057; baseline 0.003 -20"><span class='ocrx_word' id='word_1_766' title='bbox 1983 3982 2150 4054; x_wconf 93' lang='lat' dir='ltr'>quod</span> <span class='ocrx_word' id='word_1_767' title='bbox 2199 3983 2260 4037; x_wconf 90' lang='lat' dir='ltr'>in</span> <span class='ocrx_word' id='word_1_768' title='bbox 2290 3983 2584 4039; x_wconf 89' lang='lat' dir='ltr'>honorem</span> <span class='ocrx_word' id='word_1_769' title='bbox 2623 3983 2834 4038; x_wconf 91' lang='lat' dir='ltr'>domni</span> <span class='ocrx_word' id='word_1_770' title='bbox 2881 3983 3052 4050; x_wconf 88' lang='lat' dir='ltr'>Petri,</span> <span class='ocrx_word' id='word_1_771' title='bbox 3102 3983 3254 4040; x_wconf 90' lang='lat' dir='ltr'>sicut</span> <span class='ocrx_word' id='word_1_772' title='bbox 3292 3985 3650 4057; x_wconf 69' lang='lat' dir='ltr'>praedictum</span> 
     </span>
    </p>
   </div>
   <div class='ocr_carea' id='block_1_108' title="bbox 1984 4069 3652 4140">
    <p class='ocr_par' dir='ltr' id='par_1_108' title="bbox 1984 4069 3652 4140">
     <span class='ocr_line' id='line_1_108' title="bbox 1984 4069 3652 4140; baseline 0.004 -15"><span class='ocrx_word' id='word_1_773' title='bbox 1984 4075 2093 4139; x_wconf 90' lang='lat' dir='ltr'>est,</span> <span class='ocrx_word' id='word_1_774' title='bbox 2124 4070 2186 4125; x_wconf 92' lang='lat' dir='ltr'>in</span> <span class='ocrx_word' id='word_1_775' title='bbox 2218 4086 2365 4140; x_wconf 89' lang='lat' dir='ltr'>agro</span> <span class='ocrx_word' id='word_1_776' title='bbox 2414 4071 2681 4126; x_wconf 87' lang='lat' dir='ltr'>Floriaco</span> <span class='ocrx_word' id='word_1_777' title='bbox 2728 4069 3026 4126; x_wconf 64' lang='lat' dir='ltr'>aediﬁcare</span> <span class='ocrx_word' id='word_1_778' title='bbox 3061 4071 3348 4140; x_wconf 85' lang='lat' dir='ltr'>delibero,</span> <span class='ocrx_word' id='word_1_779' title='bbox 3395 4073 3503 4131; x_wconf 90' lang='lat' dir='ltr'>ubi</span> <span class='ocrx_word' id='word_1_780' title='bbox 3525 4091 3652 4131; x_wconf 86' lang='lat' dir='ltr'>mo-</span> 
     </span>
    </p>
   </div>
   <div class='ocr_carea' id='block_1_109' title="bbox 1983 4157 3653 4239">
    <p class='ocr_par' dir='ltr' id='par_1_109' title="bbox 1983 4157 3653 4239">
     <span class='ocr_line' id='line_1_109' title="bbox 1983 4157 3653 4239; baseline 0.005 -24"><span class='ocrx_word' id='word_1_781' title='bbox 1983 4158 2164 4215; x_wconf 92' lang='lat' dir='ltr'>nachi</span> <span class='ocrx_word' id='word_1_782' title='bbox 2193 4158 2541 4228; x_wconf 85' lang='lat' dir='ltr'>regulariter</span> <span class='ocrx_word' id='word_1_783' title='bbox 2571 4157 2893 4215; x_wconf 89' lang='lat' dir='ltr'>consistere</span> <span class='ocrx_word' id='word_1_784' title='bbox 2918 4158 3199 4234; x_wconf 87' lang='lat' dir='ltr'>debeant,</span> <span class='ocrx_word' id='word_1_785' title='bbox 3247 4161 3410 4220; x_wconf 93' lang='lat' dir='ltr'>dono</span> <span class='ocrx_word' id='word_1_786' title='bbox 3437 4180 3474 4222; x_wconf 73' lang='grc' dir='ltr'><strong><em>ο,</em></strong></span> <span class='ocrx_word' id='word_1_787' title='bbox 3501 4181 3653 4239; x_wconf 71' lang='lat' dir='ltr'>prte-</span> 
     </span>
    </p>
   </div>
   <div class='ocr_carea' id='block_1_110' title="bbox 1986 4247 3646 4326">
    <p class='ocr_par' dir='ltr' id='par_1_110' title="bbox 1986 4247 3646 4326">
     <span class='ocr_line' id='line_1_110' title="bbox 1986 4247 3646 4326; baseline 0.005 -22"><span class='ocrx_word' id='word_1_788' title='bbox 1986 4248 2378 4304; x_wconf 64' lang='lat' dir='ltr'>senti&#39;ﬁscum</span> <span class='ocrx_word' id='word_1_789' title='bbox 2434 4247 2785 4316; x_wconf 90' lang='lat' dir='ltr'>Floriacum,</span> <span class='ocrx_word' id='word_1_790' title='bbox 2833 4264 2973 4305; x_wconf 90' lang='lat' dir='ltr'>cum</span> <span class='ocrx_word' id='word_1_791' title='bbox 3023 4249 3328 4324; x_wconf 88' lang='lat' dir='ltr'>domibus,</span> <span class='ocrx_word' id='word_1_792' title='bbox 3356 4254 3646 4326; x_wconf 64' lang='lat' dir='ltr'>aediﬁciis,</span> 
     </span>
    </p>
   </div>
   <div class='ocr_carea' id='block_1_111' title="bbox 1984 4335 3650 4410">
    <p class='ocr_par' dir='ltr' id='par_1_111' title="bbox 1984 4335 3650 4410">
     <span class='ocr_line' id='line_1_111' title="bbox 1984 4335 3650 4410; baseline 0.006 -18"><span class='ocrx_word' id='word_1_793' title='bbox 1984 4335 2320 4410; x_wconf 90' lang='lat' dir='ltr'>mancipiis,</span> <span class='ocrx_word' id='word_1_794' title='bbox 2354 4341 2568 4409; x_wconf 78' lang='lat' dir='ltr'>praeter</span> <span class='ocrx_word' id='word_1_795' title='bbox 2595 4353 2749 4410; x_wconf 90' lang='lat' dir='ltr'>quos</span> <span class='ocrx_word' id='word_1_796' title='bbox 2769 4337 2918 4409; x_wconf 89' lang='lat' dir='ltr'>jugo</span> <span class='ocrx_word' id='word_1_797' title='bbox 2949 4340 3243 4398; x_wconf 88' lang='lat' dir='ltr'>servitutis</span> <span class='ocrx_word' id='word_1_798' title='bbox 3267 4358 3392 4400; x_wconf 92' lang='lat' dir='ltr'>non</span> <span class='ocrx_word' id='word_1_799' title='bbox 3422 4344 3650 4402; x_wconf 82' lang='lat' dir='ltr'>relaxa-</span> 
     </span>
    </p>
   </div>
   <div class='ocr_carea' id='block_1_112' title="bbox 1988 4425 3645 4506">
    <p class='ocr_par' dir='ltr' id='par_1_112' title="bbox 1988 4425 3645 4506">
     <span class='ocr_line' id='line_1_112' title="bbox 1988 4425 3645 4506; baseline 0.004 -25"><span class='ocrx_word' id='word_1_800' title='bbox 1988 4442 2147 4493; x_wconf 92' lang='lat' dir='ltr'>vero,</span> <span class='ocrx_word' id='word_1_801' title='bbox 2183 4425 2362 4496; x_wconf 87' lang='lat' dir='ltr'>silvis,</span> <span class='ocrx_word' id='word_1_802' title='bbox 2395 4425 2647 4498; x_wconf 90' lang='lat' dir='ltr'>campis,</span> <span class='ocrx_word' id='word_1_803' title='bbox 2676 4427 2880 4498; x_wconf 90' lang='lat' dir='ltr'>pratis,</span> <span class='ocrx_word' id='word_1_804' title='bbox 2912 4429 3174 4501; x_wconf 91' lang='lat' dir='ltr'>pascuis,</span> <span class='ocrx_word' id='word_1_805' title='bbox 3207 4432 3418 4501; x_wconf 86' lang='lat' dir='ltr'>vineis,</span> <span class='ocrx_word' id='word_1_806' title='bbox 3451 4433 3645 4506; x_wconf 91' lang='lat' dir='ltr'>aquis,</span> 
     </span>
    </p>
   </div>
   <div class='ocr_carea' id='block_1_113' title="bbox 1986 4514 3650 4590">
    <p class='ocr_par' dir='ltr' id='par_1_113' title="bbox 1986 4514 3650 4590">
     <span class='ocr_line' id='line_1_113' title="bbox 1986 4514 3650 4590; baseline 0.002 -19"><span class='ocrx_word' id='word_1_807' title='bbox 1986 4530 2362 4587; x_wconf 90' lang='lat' dir='ltr'>aquarumve</span> <span class='ocrx_word' id='word_1_808' title='bbox 2392 4514 2767 4586; x_wconf 88' lang='lat' dir='ltr'>decursibus,</span> <span class='ocrx_word' id='word_1_809' title='bbox 2789 4533 2930 4572; x_wconf 90' lang='lat' dir='ltr'>cum</span> <span class='ocrx_word' id='word_1_810' title='bbox 2956 4519 3257 4590; x_wconf 90' lang='lat' dir='ltr'>adjunctis</span> <span class='ocrx_word' id='word_1_811' title='bbox 3284 4525 3341 4576; x_wconf 90' lang='lat' dir='ltr'>et</span> <span class='ocrx_word' id='word_1_812' title='bbox 3367 4521 3650 4590; x_wconf 80' lang='lat' dir='ltr'>adjacen-</span> 
     </span>
    </p>
   </div>
   <div class='ocr_carea' id='block_1_114' title="bbox 1986 4603 3650 4679">
    <p class='ocr_par' dir='ltr' id='par_1_114' title="bbox 1986 4603 3650 4679">
     <span class='ocr_line' id='line_1_114' title="bbox 1986 4603 3650 4679; baseline 0.002 -19"><span class='ocrx_word' id='word_1_813' title='bbox 1986 4603 2144 4660; x_wconf 91' lang='lat' dir='ltr'>tibus</span> <span class='ocrx_word' id='word_1_814' title='bbox 2195 4603 2318 4658; x_wconf 89' lang='lat' dir='ltr'>suis</span> <span class='ocrx_word' id='word_1_815' title='bbox 2359 4604 2645 4678; x_wconf 90' lang='lat' dir='ltr'>omnique</span> <span class='ocrx_word' id='word_1_816' title='bbox 2695 4621 2910 4676; x_wconf 89' lang='lat' dir='ltr'>genere</span> <span class='ocrx_word' id='word_1_817' title='bbox 2939 4608 3246 4679; x_wconf 88' lang='lat' dir='ltr'>pecudum</span> <span class='ocrx_word' id='word_1_818' title='bbox 3295 4621 3436 4663; x_wconf 90' lang='lat' dir='ltr'>cum</span> <span class='ocrx_word' id='word_1_819' title='bbox 3482 4607 3650 4664; x_wconf 90' lang='lat' dir='ltr'>omni</span> 
     </span>
    </p>
   </div>
   <div class='ocr_carea' id='block_1_115' title="bbox 1980 4694 3649 4769">
    <p class='ocr_par' dir='ltr' id='par_1_115' title="bbox 1980 4694 3649 4769">
     <span class='ocr_line' id='line_1_115' title="bbox 1980 4694 3649 4769; baseline 0.001 -19"><span class='ocrx_word' id='word_1_820' title='bbox 1980 4694 2114 4766; x_wconf 92' lang='lat' dir='ltr'>jure</span> <span class='ocrx_word' id='word_1_821' title='bbox 2146 4697 2202 4750; x_wconf 90' lang='lat' dir='ltr'>et</span> <span class='ocrx_word' id='word_1_822' title='bbox 2232 4695 2484 4752; x_wconf 89' lang='lat' dir='ltr'>termino</span> <span class='ocrx_word' id='word_1_823' title='bbox 2517 4712 2652 4766; x_wconf 92' lang='lat' dir='ltr'>suo,</span> <span class='ocrx_word' id='word_1_824' title='bbox 2681 4695 2834 4752; x_wconf 90' lang='lat' dir='ltr'>sicut</span> <span class='ocrx_word' id='word_1_825' title='bbox 2858 4701 2990 4752; x_wconf 90' lang='lat' dir='ltr'>acto</span> <span class='ocrx_word' id='word_1_826' title='bbox 3023 4701 3293 4769; x_wconf 90' lang='lat' dir='ltr'>tempore</span> <span class='ocrx_word' id='word_1_827' title='bbox 3321 4696 3401 4753; x_wconf 90' lang='lat' dir='ltr'>ad</span> <span class='ocrx_word' id='word_1_828' title='bbox 3429 4697 3649 4752; x_wconf 85' lang='lat' dir='ltr'>ﬁscum</span> 
     </span>
    </p>
   </div>
   <div class='ocr_carea' id='block_1_116' title="bbox 1985 4783 3650 4859">
    <p class='ocr_par' dir='ltr' id='par_1_116' title="bbox 1985 4783 3650 4859">
     <span class='ocr_line' id='line_1_116' title="bbox 1985 4783 3650 4859; baseline 0.001 -19"><span class='ocrx_word' id='word_1_829' title='bbox 1985 4783 2097 4841; x_wconf 89' lang='lat' dir='ltr'>fuit</span> <span class='ocrx_word' id='word_1_830' title='bbox 2123 4799 2473 4857; x_wconf 91' lang='lat' dir='ltr'>possessum</span> <span class='ocrx_word' id='word_1_831' title='bbox 2522 4785 2618 4842; x_wconf 88' lang='lat' dir='ltr'>vel</span> <span class='ocrx_word' id='word_1_832' title='bbox 2669 4785 2748 4841; x_wconf 89' lang='lat' dir='ltr'>ad</span> <span class='ocrx_word' id='word_1_833' title='bbox 2778 4801 2890 4842; x_wconf 89' lang='lat' dir='ltr'>nos</span> <span class='ocrx_word' id='word_1_834' title='bbox 2933 4785 3219 4858; x_wconf 90' lang='lat' dir='ltr'>pervenit.</span> <span class='ocrx_word' id='word_1_835' title='bbox 3272 4785 3557 4859; x_wconf 82' lang='lat' dir='ltr'>Idemque</span> <span class='ocrx_word' id='word_1_836' title='bbox 3588 4786 3650 4841; x_wconf 93' lang='lat' dir='ltr'>in</span> 
     </span>
    </p>
   </div>
   <div class='ocr_carea' id='block_1_117' title="bbox 1988 4873 3666 4946">
    <p class='ocr_par' dir='ltr' id='par_1_117' title="bbox 1988 4873 3666 4946">
     <span class='ocr_line' id='line_1_117' title="bbox 1988 4873 3666 4946; baseline 0 -16"><span class='ocrx_word' id='word_1_837' title='bbox 1988 4877 2282 4946; x_wconf 91' lang='lat' dir='ltr'>potestate</span> <span class='ocrx_word' id='word_1_838' title='bbox 2334 4874 2594 4931; x_wconf 83' lang='lat' dir='ltr'>Melliaco</span> <span class='ocrx_word' id='word_1_839' title='bbox 2634 4873 2801 4946; x_wconf 90' lang='lat' dir='ltr'>quod</span> <span class='ocrx_word' id='word_1_840' title='bbox 2857 4890 2964 4946; x_wconf 86' lang='lat' dir='ltr'>per</span> <span class='ocrx_word' id='word_1_841' title='bbox 3000 4873 3362 4929; x_wconf 89' lang='lat' dir='ltr'>venditionis</span> <span class='ocrx_word' id='word_1_842' title='bbox 3411 4873 3666 4942; x_wconf 70' lang='lat' dir='ltr'>titulum,</span> 
     </span>
    </p>
   </div>
   <div class='ocr_carea' id='block_1_118' title="bbox 1989 4961 3649 5035">
    <p class='ocr_par' dir='ltr' id='par_1_118' title="bbox 1989 4961 3649 5035">
     <span class='ocr_line' id='line_1_118' title="bbox 1989 4961 3649 5035; baseline -0.001 -17"><span class='ocrx_word' id='word_1_843' title='bbox 1989 4962 2156 5019; x_wconf 91' lang='lat' dir='ltr'>visus</span> <span class='ocrx_word' id='word_1_844' title='bbox 2199 4979 2336 5018; x_wconf 90' lang='lat' dir='ltr'>sum</span> <span class='ocrx_word' id='word_1_845' title='bbox 2368 4977 2779 5035; x_wconf 88' lang='lat' dir='ltr'>comparasse,</span> <span class='ocrx_word' id='word_1_846' title='bbox 2828 4978 2967 5018; x_wconf 91' lang='lat' dir='ltr'>cum</span> <span class='ocrx_word' id='word_1_847' title='bbox 3012 4961 3317 5029; x_wconf 90' lang='lat' dir='ltr'>domibus,</span> <span class='ocrx_word' id='word_1_848' title='bbox 3361 4961 3649 5033; x_wconf 76' lang='lat' dir='ltr'>aediﬁciis,</span> 
     </span>
    </p>
   </div>
   <div class='ocr_carea' id='block_1_119' title="bbox 1987 5047 3653 5127">
    <p class='ocr_par' dir='ltr' id='par_1_119' title="bbox 1987 5047 3653 5127">
     <span class='ocr_line' id='line_1_119' title="bbox 1987 5047 3653 5127; baseline 0.001 -17"><span class='ocrx_word' id='word_1_849' title='bbox 1987 5053 2324 5127; x_wconf 90' lang='lat' dir='ltr'>mancipiis,</span> <span class='ocrx_word' id='word_1_850' title='bbox 2346 5047 2452 5126; x_wconf 82' lang='lat' dir='ltr'>qui</span> <span class='ocrx_word' id='word_1_851' title='bbox 2479 5068 2517 5108; x_wconf 92' lang='lat' dir='ltr'>a</span> <span class='ocrx_word' id='word_1_852' title='bbox 2541 5068 2639 5109; x_wconf 91' lang='lat' dir='ltr'>me</span> <span class='ocrx_word' id='word_1_853' title='bbox 2667 5051 2900 5108; x_wconf 90' lang='lat' dir='ltr'>liberati</span> <span class='ocrx_word' id='word_1_854' title='bbox 2929 5068 3053 5107; x_wconf 90' lang='lat' dir='ltr'>non</span> <span class='ocrx_word' id='word_1_855' title='bbox 3082 5050 3464 5122; x_wconf 86' lang='lat' dir='ltr'>fuerint,cum</span> <span class='ocrx_word' id='word_1_856' title='bbox 3494 5071 3653 5111; x_wconf 85' lang='lat' dir='ltr'>cam-</span> 
     </span>
    </p>
   </div>
   <div class='ocr_carea' id='block_1_120' title="bbox 1987 5140 3656 5218">
    <p class='ocr_par' dir='ltr' id='par_1_120' title="bbox 1987 5140 3656 5218">
     <span class='ocr_line' id='line_1_120' title="bbox 1987 5140 3656 5218; baseline 0.002 -20"><span class='ocrx_word' id='word_1_857' title='bbox 1987 5143 2080 5216; x_wconf 89' lang='lat' dir='ltr'>pis</span> <span class='ocrx_word' id='word_1_858' title='bbox 2107 5142 2281 5200; x_wconf 90' lang='lat' dir='ltr'>cultis</span> <span class='ocrx_word' id='word_1_859' title='bbox 2302 5147 2358 5198; x_wconf 91' lang='lat' dir='ltr'>et</span> <span class='ocrx_word' id='word_1_860' title='bbox 2385 5141 2649 5209; x_wconf 89' lang='lat' dir='ltr'>incultis,</span> <span class='ocrx_word' id='word_1_861' title='bbox 2681 5157 2788 5198; x_wconf 89' lang='lat' dir='ltr'>seu</span> <span class='ocrx_word' id='word_1_862' title='bbox 2832 5141 3073 5210; x_wconf 71' lang='lat' dir='ltr'>otﬁcina</span> <span class='ocrx_word' id='word_1_863' title='bbox 3126 5140 3457 5201; x_wconf 90' lang='lat' dir='ltr'>molendini</span> <span class='ocrx_word' id='word_1_864' title='bbox 3485 5145 3656 5218; x_wconf 90' lang='lat' dir='ltr'>quod</span> 
     </span>
    </p>
   </div>
   <div class='ocr_carea' id='block_1_121' title="bbox 1988 5230 3655 5306">
    <p class='ocr_par' dir='ltr' id='par_1_121' title="bbox 1988 5230 3655 5306">
     <span class='ocr_line' id='line_1_121' title="bbox 1988 5230 3655 5306; baseline 0.004 -19"><span class='ocrx_word' id='word_1_865' title='bbox 1988 5233 2051 5287; x_wconf 91' lang='lat' dir='ltr'>in</span> <span class='ocrx_word' id='word_1_866' title='bbox 2075 5231 2262 5288; x_wconf 79' lang='lat' dir='ltr'>Malva</span> <span class='ocrx_word' id='word_1_867' title='bbox 2288 5230 2350 5285; x_wconf 90' lang='lat' dir='ltr'>in</span> <span class='ocrx_word' id='word_1_868' title='bbox 2366 5230 2498 5303; x_wconf 93' lang='lat' dir='ltr'>ipso</span> <span class='ocrx_word' id='word_1_869' title='bbox 2526 5231 2816 5287; x_wconf 90' lang='lat' dir='ltr'>territorio</span> <span class='ocrx_word' id='word_1_870' title='bbox 2837 5246 2972 5288; x_wconf 91' lang='lat' dir='ltr'>esse</span> <span class='ocrx_word' id='word_1_871' title='bbox 3001 5231 3323 5303; x_wconf 90' lang='lat' dir='ltr'>videtur,in</span> <span class='ocrx_word' id='word_1_872' title='bbox 3353 5233 3655 5306; x_wconf 90' lang='lat' dir='ltr'>integrum</span> 
     </span>
    </p>
   </div>
   <div class='ocr_carea' id='block_1_122' title="bbox 1991 5318 3656 5395">
    <p class='ocr_par' dir='ltr' id='par_1_122' title="bbox 1991 5318 3656 5395">
     <span class='ocr_line' id='line_1_122' title="bbox 1991 5318 3656 5395; baseline 0.005 -21"><span class='ocrx_word' id='word_1_873' title='bbox 1991 5335 2130 5375; x_wconf 90' lang='lat' dir='ltr'>cum</span> <span class='ocrx_word' id='word_1_874' title='bbox 2156 5318 2409 5376; x_wconf 90' lang='lat' dir='ltr'>termino</span> <span class='ocrx_word' id='word_1_875' title='bbox 2440 5335 2550 5376; x_wconf 90' lang='lat' dir='ltr'>suo</span> <span class='ocrx_word' id='word_1_876' title='bbox 2580 5324 2637 5376; x_wconf 92' lang='lat' dir='ltr'>et</span> <span class='ocrx_word' id='word_1_877' title='bbox 2661 5319 2828 5375; x_wconf 89' lang='lat' dir='ltr'>omni</span> <span class='ocrx_word' id='word_1_878' title='bbox 2858 5335 3074 5390; x_wconf 89' lang='lat' dir='ltr'>genere</span> <span class='ocrx_word' id='word_1_879' title='bbox 3102 5322 3588 5395; x_wconf 88' lang='lat' dir='ltr'>pecudum,sicut</span> <span class='ocrx_word' id='word_1_880' title='bbox 3617 5340 3656 5382; x_wconf 89' lang='lat' dir='ltr'>a</span> 
     </span>
    </p>
   </div>
   <div class='ocr_carea' id='block_1_123' title="bbox 1990 5408 3657 5487">
    <p class='ocr_par' dir='ltr' id='par_1_123' title="bbox 1990 5408 3657 5487">
     <span class='ocr_line' id='line_1_123' title="bbox 1990 5408 3657 5487; baseline 0.002 -21"><span class='ocrx_word' id='word_1_881' title='bbox 1990 5425 2088 5466; x_wconf 90' lang='lat' dir='ltr'>me</span> <span class='ocrx_word' id='word_1_882' title='bbox 2118 5423 2469 5487; x_wconf 89' lang='lat' dir='ltr'>possessum</span> <span class='ocrx_word' id='word_1_883' title='bbox 2491 5408 2891 5477; x_wconf 91' lang='lat' dir='ltr'>est,concedo;</span> <span class='ocrx_word' id='word_1_884' title='bbox 2920 5426 3027 5466; x_wconf 87' lang='lat' dir='ltr'>seu</span> <span class='ocrx_word' id='word_1_885' title='bbox 3045 5415 3103 5467; x_wconf 91' lang='lat' dir='ltr'>et</span> <span class='ocrx_word' id='word_1_886' title='bbox 3131 5411 3299 5484; x_wconf 90' lang='lat' dir='ltr'>quod</span> <span class='ocrx_word' id='word_1_887' title='bbox 3319 5411 3393 5470; x_wconf 92' lang='lat' dir='ltr'>de</span> <span class='ocrx_word' id='word_1_888' title='bbox 3408 5413 3657 5470; x_wconf 65' lang='lat' dir='ltr'>haeredi-</span> 
     </span>
    </p>
   </div>
   <div class='ocr_carea' id='block_1_124' title="bbox 1990 5496 3656 5576">
    <p class='ocr_par' dir='ltr' id='par_1_124' title="bbox 1990 5496 3656 5576">
     <span class='ocr_line' id='line_1_124' title="bbox 1990 5496 3656 5576; baseline 0.003 -21"><span class='ocrx_word' id='word_1_889' title='bbox 1990 5497 2106 5555; x_wconf 90' lang='lat' dir='ltr'>bus</span> <span class='ocrx_word' id='word_1_890' title='bbox 2139 5496 2385 5554; x_wconf 90' lang='lat' dir='ltr'>Pauloni</span> <span class='ocrx_word' id='word_1_891' title='bbox 2407 5498 2790 5570; x_wconf 87' lang='lat' dir='ltr'>negotiatoris</span> <span class='ocrx_word' id='word_1_892' title='bbox 2810 5499 3122 5576; x_wconf 89' lang='lat' dir='ltr'>quondam</span> <span class='ocrx_word' id='word_1_893' title='bbox 3142 5500 3304 5557; x_wconf 88' lang='lat' dir='ltr'>visus</span> <span class='ocrx_word' id='word_1_894' title='bbox 3329 5518 3466 5557; x_wconf 91' lang='lat' dir='ltr'>sum</span> <span class='ocrx_word' id='word_1_895' title='bbox 3496 5518 3656 5560; x_wconf 87' lang='lat' dir='ltr'>com-</span> 
     </span>
    </p>
   </div>
   <div class='ocr_carea' id='block_1_125' title="bbox 1991 5587 3657 5669">
    <p class='ocr_par' dir='ltr' id='par_1_125' title="bbox 1991 5587 3657 5669">
     <span class='ocr_line' id='line_1_125' title="bbox 1991 5587 3657 5669; baseline 0.002 -21"><span class='ocrx_word' id='word_1_896' title='bbox 1991 5603 2436 5663; x_wconf 86' lang='lat' dir='ltr'>parasse,areas</span> <span class='ocrx_word' id='word_1_897' title='bbox 2455 5587 2749 5649; x_wconf 88' lang='lat' dir='ltr'>scilicetin</span> <span class='ocrx_word' id='word_1_898' title='bbox 2760 5589 2985 5669; x_wconf 83' lang='lat' dir='ltr'>oppido</span> <span class='ocrx_word' id='word_1_899' title='bbox 3004 5590 3256 5650; x_wconf 86' lang='lat' dir='ltr'>civitatis</span> <span class='ocrx_word' id='word_1_900' title='bbox 3277 5590 3657 5651; x_wconf 76' lang='lat' dir='ltr'>Aurelianen-</span> 
     </span>
    </p>
   </div>
  </div>
