3984 6180
434 130 535 181 907

1530 132 1533 137 '
1629 122 1923 178 ROBERTI
1964 114 2168 174 REGIS
2208 117 2650 178 FRANCORUM.

3740 133 3845 187 σοι

433 248 610 315 sium,
669 260 808 303 cum
837 244 1120 300 domibus
1177 242 1439 318 desuper
1475 245 1703 317 positis,
1761 243 2082 301 accolabus
2114 236 2163 289 Α
2200 243 2288 295 est
2313 247 2717 301 constructum
2774 245 3054 315 Floriaco,
3083 246 3342 319 duplum
3372 248 3540 320 quod
3567 249 3647 305 ad
3700 250 3845 322 ipsas

432 337 657 394 ibidem
688 330 1208 404 residentibus,ch
1240 334 1444 389 vineas
1469 335 1546 389 ad
1573 333 1865 408 oppidum
1897 332 2085 405 ipsius

430 425 678 481 civitatis
730 423 1110 498 pertinentes,
1161 440 1266 479 seu
1324 428 1381 478 et
1419 422 1629 479 locella
1666 423 1962 485 villarum,
1996 437 2091 477 co-

428 512 779 585 gnominata
810 516 1031 580 Curuu,
1064 514 1443 581 Canavarias,
1481 513 1856 587 Simpliciaco
1888 515 1943 568 et
1981 513 2087 567 Ga-

426 603 574 661 liace
628 603 787 660 ultra
864 602 1115 659 ﬂuvium
1174 602 1418 673 Ligeris,
1475 603 1642 677 quod
1694 603 1834 659 dato
1898 601 2087 675 pretio

428 697 702 750 anteacto
734 698 1002 766 tempore
1035 692 1200 748 visus
1229 710 1363 749 sum
1396 708 1800 766 comparasse.
1836 691 2001 747 Unde
2032 695 2088 747 et

426 782 487 840 in
513 781 742 855 judicio
775 788 911 839 ante
964 781 1158 837 virum
1186 782 1579 855 apostolicum
1628 783 1922 837 domuum
1968 785 2086 836 Au-

427 872 693 928 doeuum
724 873 1097 946 episcopum,
1130 876 1184 927 et
1214 872 1501 927 illustrem
1534 872 1727 927 virum
1754 869 2086 928 Chranuul-

426 960 556 1016 fum
586 961 957 1035 optimatem,
988 958 1083 1017 vel
1104 960 1366 1033 reliquos
1405 960 1654 1016 abbates
1700 963 1975 1016 convenit
2000 964 2081 1027 ut,

427 1066 500 1105 ex
529 1048 814 1106 omnibus
847 1055 969 1107 tam
1004 1049 1065 1105 in
1091 1050 1260 1106 terris
1288 1067 1474 1124 quam
1502 1051 1562 1105 in
1602 1049 1939 1124 mancipiis,
1982 1065 2086 1104 seu

426 1142 481 1195 et
506 1138 1116 1206 vineis,medietatem
1147 1137 1362 1193 exinde
1388 1155 1529 1211 pars
1562 1138 1817 1193 basilicae
1846 1137 2083 1193 domum

424 1227 614 1284 Mariae
647 1228 943 1298 retineret,
975 1232 1032 1283 et
1060 1227 1240 1283 aliam
1272 1228 1656 1283 medietatem
1698 1228 1756 1282 in
1790 1242 1924 1282 meo
1952 1221 2084 1297 jure

422 1316 483 1371 in
526 1318 757 1386 integro
805 1316 1088 1372 deberem
1129 1316 1409 1390 recipere.
1463 1318 1654 1382 Quam
1707 1316 2085 1371 medietatem

424 1422 634 1461 eorum
659 1406 888 1477 judicio
918 1407 1081 1462 visus
1110 1424 1244 1462 sum
1272 1406 1588 1479 recepisse.
1618 1410 1809 1479 Ipsam
1842 1405 2003 1461 enim
2024 1405 2083 1460 in

422 1495 724 1565 integrum
770 1494 848 1551 ad
897 1500 1300 1551 memoratum
1347 1496 1779 1551 monasterium
1828 1497 1883 1551 S.
1932 1493 2084 1549 Petri

2199 329 2480 388 basilicas
2504 334 2665 406 dedi,
2692 336 2863 406 juxta
2894 337 3054 409 quod
3090 353 3183 392 res
3214 337 3362 409 ipsa:
3395 337 3720 396 melioratzs
3742 341 3844 397 fuco
3926 368 3927 399 i

2197 418 2332 490 rint,
2363 421 2506 493 ipsis
2538 423 2860 480 abbatibus
2906 425 3000 481 vel
3027 427 3341 482 monachis
3392 426 3617 483 ibidem
3659 429 3842 485 dese:L

2196 509 2493 567 vientibus
2518 513 2818 585 reformet,
2848 521 2904 572 et
2944 516 3070 571 ﬁsci
3107 517 3344 587 juribus
3390 518 3520 573 auri
3565 518 3753 575 libras
3780 536 3840 581 tu.

2197 601 2425 669 argenti
2454 604 2658 675 pondo
2681 621 2759 659 xx
2790 609 3062 660 teneatur
3092 607 3410 662 obnoxius.
3458 608 3655 672 Quam
3682 609 3843 665 dona-

2196 688 2443 760 tionem,
2472 697 2537 747 ut
2562 692 2792 748 ﬁrmior
2816 694 3133 764 habeatur,
3175 695 3354 764 gestis
3396 695 3842 769 municipalibus

2196 777 2437 846 alligare
2468 781 2721 854 decrevi,
2757 788 2811 838 et
2844 783 2998 837 duas
3025 784 3310 856 epistolas
3336 801 3457 840 uno
3481 789 3691 841 tenore
3718 804 3841 843 cou-

2197 868 2448 939 scriptas
2478 869 2588 925 feci
2636 871 2710 926 de
2741 886 2801 926 re
2850 874 3125 944 superius
3165 873 3510 929 nominata:
3561 890 3692 930 una
3722 891 3841 948 qum

2196 954 2257 1010 iu
2288 957 2527 1013 archivo
2553 958 2762 1014 domui
2787 961 3043 1016 resideat
3075 961 3308 1030 Auiaui,
3343 961 3525 1017 aliam
3556 977 3702 1018 vero
3722 979 3842 1036 pars

2198 1046 2545 1102 monasterii
2572 1048 2779 1105 domui
2810 1050 2959 1106 Petri
3005 1066 3112 1123 per
3140 1051 3339 1107 futura
3367 1055 3648 1123 tempora
3676 1068 3841 1108 reser-

2194 1136 2461 1194 vandam
2517 1138 2781 1211 recipiat,
2829 1141 3083 1213 qualiter
3130 1140 3413 1196 monachi
3460 1141 3696 1198 ibidem
3739 1147 3840 1198 Deo

2195 1226 2537 1293 servientes,
2588 1226 2650 1282 id
2679 1228 2842 1300 quod
2886 1230 2968 1284 eis
2995 1246 3102 1302 per
3130 1229 3324 1303 ipsam
3369 1229 3505 1285 dedi
3546 1230 3839 1287 defensare

2192 1314 2452 1370 valeant.
2478 1318 2541 1371 Et
2571 1332 2836 1388 praesens
2874 1318 3264 1374 nihilominus
3291 1335 3327 1373 a
3354 1335 3450 1375 me
3480 1318 3649 1375 facta
3681 1320 3839 1376 dona-

2192 1402 2292 1470 tio,
2344 1404 2520 1459 ﬁrma
2563 1405 3025 1479 omnitempore
3072 1412 3129 1462 et
3162 1406 3443 1463 inviolata
3480 1417 3835 1479 permaneat,

2193 1492 2572 1565 stipulatione
2601 1495 2660 1549 in
2691 1495 2975 1551 omnibus
3004 1497 3462 1569 comprehensa.
3496 1501 3715 1553 Actum
3744 1502 3835 1552 Au-

423 1586 688 1643 Floriaco
720 1589 1129 1641 constructum
1177 1584 1387 1653 delego
1425 1584 1845 1657 perpetualiter
1889 1583 2081 1657 possi-
2100 1602 2154 1660 Β
2192 1581 2431 1636 relianis
2460 1583 2714 1654 publice.
2744 1585 2895 1639 Addi
2925 1601 3064 1640 vero
3084 1586 3363 1640 convenit
3384 1585 3557 1657 quod
3586 1588 3835 1659 superius

422 1676 707 1733 deudam.
762 1673 1068 1746 Simulque
1112 1678 1168 1729 et
1211 1674 1511 1730 Asiuarias
1553 1674 1776 1741 villam,
1817 1690 1953 1746 quae
1993 1678 2084 1728 est

420 1764 483 1820 in
512 1763 663 1819 valle
695 1779 830 1836 quae
860 1762 933 1817 de
973 1761 1203 1817 ratione
1232 1762 1472 1817 illustris
1522 1762 1628 1818 viri
1658 1763 1945 1818 Trodovei
1977 1778 2079 1834 per

422 1851 909 1909 commutationis
960 1851 1260 1923 epistolas,
1306 1856 1602 1923 quantum
1651 1856 1842 1907 textus
1872 1868 2080 1907 earum

421 1934 704 2008 declarat,
737 1940 815 1996 ad
843 1958 940 1997 me
987 1941 1271 2014 pervenit,
1300 1941 1447 1997 dum
1479 1959 1590 2011 ego
1637 1959 1668 1998 e
1694 1946 1900 1999 contra
1943 1959 2079 2016 por-

421 2030 645 2087 tionem
675 2029 860 2099 illam,
890 2047 1027 2102 quze
1059 2030 1229 2086 estin
1262 2033 1585 2101 Suncanto,
1631 2031 1728 2087 vel
1748 2032 2076 2087 Wareutias

420 2119 588 2193 quod
643 2118 717 2174 de
744 2112 1033 2175 Machﬂde
1084 2118 1308 2175 femina
1351 2120 1665 2192 quondam
1702 2121 1843 2176 dato
1888 2122 2077 2193 pretio

418 2226 526 2282 per
552 2208 912 2264 venditionis
944 2207 1181 2264 titulum
1227 2210 1607 2282 comparavi;
1638 2215 1694 2266 et
1742 2212 1859 2266 hoc
1885 2210 1962 2266 ad
1995 2211 2077 2266 vi—

421 2314 551 2354 cem
582 2290 897 2353 memorati
954 2297 1246 2353 Trodovei
1276 2298 1510 2354 dedisse
1541 2300 1702 2355 visus
1750 2299 1833 2354 fui
1854 2299 1916 2354 in
1944 2299 2078 2372 ipsa

418 2387 560 2443 villa
589 2387 910 2453 Asinarias,
952 2402 1093 2460 pars
1132 2388 1447 2444 memorati
1494 2389 1841 2444 monasterii
1868 2388 2078 2444 domui

416 2475 587 2542 Petri,
615 2475 779 2549 quod
812 2479 900 2531 est
923 2472 1191 2532 P'loriaco
1223 2481 1652 2548 constructum,
1684 2478 1745 2532 in
1775 2478 2076 2549 integrum

418 2565 649 2638 absque
671 2563 991 2636 cujuslibet
1015 2565 1471 2639 impedimento,
1506 2582 1646 2622 cum
1675 2568 1843 2622 omni
1859 2568 1994 2638 jure
2021 2572 2077 2623 et

415 2653 689 2723 termino,
719 2653 870 2710 sicut
898 2670 935 2710 a
970 2670 1066 2711 me
1095 2671 1448 2727 possessum
1493 2662 1598 2723 est,
1632 2672 1931 2730 omneque
1983 2672 2076 2727 ge-

416 2758 531 2799 nus
560 2742 864 2816 pecudum
904 2742 1130 2799 ibidem
1172 2743 1441 2799 residens
1485 2745 1730 2818 recipiat
1767 2745 2077 2820 possiden-

416 2831 584 2887 dum.
617 2835 800 2888 Areas
843 2848 987 2888 vero
1017 2832 1172 2889 infra
1212 2849 1418 2889 muros
1443 2835 1792 2906 Aareliauis,
1824 2852 1977 2909 quas
2001 2835 2074 2890 de

419 2921 699 2978 Cronulfo
754 2921 965 2978 clerico
993 2921 1134 2978 dato
1163 2923 1353 2995 pretio
1401 2941 1508 2997 per
1547 2925 1906 2981 venditionis
1945 2926 2076 2981 titu-

413 3010 542 3067 lum
572 3010 734 3066 visus
765 3028 899 3067 sum
928 3027 1338 3084 comparasse,
1369 3013 1474 3069 ubi
1512 3014 1839 3071 Leobastus
1868 3015 2074 3071 accola

416 3114 799 3156 commanere
844 3092 1099 3169 videtur,
1133 3101 1212 3156 ad
1241 3101 1595 3174 praedictum
1639 3104 2072 3160 monasterium

413 3188 623 3245 domui
650 3191 816 3253 Petri.
855 3189 941 3246 vel
973 3190 1285 3247 monachis
1327 3191 1554 3248 ibidem
1580 3193 1957 3264 degentibus,
1990 3193 2074 3249 in-

326 3334 329 3339 ,
410 3281 579 3349 tegra
603 3278 910 3336 voluntate
962 3278 1105 3336 dare
1145 3279 1422 3337 decerno.
1477 3281 1750 3339 Similiter
1779 3287 1837 3339 th
1879 3283 2075 3339 cabal-

406 3367 499 3424 los
522 3385 641 3424 xxx
682 3367 903 3437 bonos,
950 3384 1162 3439 greges
1207 3369 1460 3442 equinos
1492 3387 1529 3427 ι
1565 3388 1704 3426 cum
1750 3371 2071 3427 emissariis

406 3470 640 3526 eorum,
671 3457 858 3514 boum
916 3474 1124 3529 greges
1166 3475 1266 3527 xx,
1315 3476 1641 3516 vaccarum
1675 3478 1723 3528 v,
1776 3466 2071 3518 armento-

408 3562 825 3702 ngémum,
857 3632 1023 3704 quod
1048 3626 1127 3688 ad
1155 3632 1356 3706 ipsum
1381 3634 1815 3690 monasterium
1863 3634 2073 3692 domui

402 3721 584 3793 Petri,
616 3720 712 3778 vel
756 3720 1073 3777 monachis
1103 3721 1328 3778 ibidem
1371 3722 1844 3781 deservientibus
1884 3726 2069 3788 dono.

404 3825 515 3883 per
541 3810 724 3882 hujus
768 3810 909 3867 texti
931 3809 1199 3879 vigorem
1252 3809 1642 3869 inserendum
1687 3815 1915 3885 putavi,
1956 3816 2069 3872 hoc

407 3904 495 3957 est
522 3898 889 3958 bacchoaica
913 3916 1067 3973 pura
1094 3899 1349 3970 sigillata
1376 3903 1777 3960 transmarina
1808 3921 2071 3977 pensan-

405 3989 485 4045 tia
512 3990 721 4063 pondo
750 3988 935 4046 libras
965 4007 1025 4061 x,
1074 4007 1336 4063 quorum
1368 4007 1525 4047 unus
1570 3992 1753 4049 habet
1780 3994 1841 4049 in
1868 3995 2070 4051 medio

406 4094 645 4134 crucem
672 4095 938 4135 auream.
975 4081 1141 4135 Dono
1172 4083 1229 4135 et
1271 4078 1601 4145 scutellam,
1635 4097 1771 4155 quae
1798 4083 1981 4140 habet
2008 4084 2069 4140 iu

405 4167 606 4223 medio
655 4167 912 4237 efﬁgiem
956 4168 1166 4241 capitis
1212 4170 1472 4226 hominis
1522 4170 1698 4227 simili
1736 4173 1921 4229 modo
1960 4191 2067 4230 au-

404 4271 606 4324 ream;
637 4256 918 4329 idemque
940 4261 1001 4313 et
1042 4257 1197 4314 duas
1240 4259 1513 4316 scutellas
1543 4261 1805 4318 minores
1851 4265 2063 4319 massi-

403 4345 620 4402 lienses
665 4345 1003 4413 deauratas,
1055 4363 1190 4420 quae
1237 4348 1465 4406 habent
1506 4350 1568 4405 in
1612 4352 1813 4407 medio
1861 4370 2065 4409 cruces

402 4434 694 4492 niellatas.
731 4435 872 4500 Quae
926 4434 1154 4508 species
1185 4438 1415 4507 argenti
1465 4438 1525 4494 in
1543 4440 1675 4510 jure
1703 4445 1759 4496 et
1796 4442 2067 4499 domina-

403 4525 562 4583 tione
591 4524 905 4582 memorati
935 4524 1285 4581 monasterii
1324 4526 1534 4583 domui
1554 4530 1707 4584 Petri
1728 4532 2066 4602 perenniter

401 4619 797 4688 permaneant
850 4614 1006 4672 volo.
1056 4617 1153 4683 De.
1195 4615 1557 4672 vestimentis
1607 4635 1771 4687 vero,
1822 4637 1959 4693 quae
2001 4622 2062 4677 in

401 4708 753 4779 paupertate
776 4721 912 4761 mea
941 4704 1163 4760 habere
1183 4704 1406 4774 videar,
1441 4710 1656 4779 praeter
1683 4708 1745 4763 id
1772 4711 1939 4783 quod
1972 4728 2064 4767 su-

400 4795 601 4867 perius
638 4792 901 4850 basilicae
951 4793 1159 4849 domui
1184 4794 1377 4849 Aliaui
1420 4794 1711 4865 delegavi,
1762 4797 2060 4872 reliquum

399 4884 566 4958 quod
597 4880 969 4956 superfuerit,
1021 4899 1162 4956 pars
1221 4880 1430 4939 domui
1462 4882 1625 4940 'Petri
1679 4886 2060 4945 Floriaceusis

397 4972 646 5045 recipiat
676 4971 755 5029 ad
784 4971 1240 5045 possidendum.
1277 4973 1460 5046 Spero
1503 4978 1706 5031 autem
1733 4992 1857 5032 non
1900 4977 2058 5034 futu-

395 5079 555 5126 rum,
586 5067 697 5118 nec
726 5061 997 5135 quolibet
1045 5060 1229 5117 modo
1277 5058 1404 5118 ﬁeri
1430 5079 1613 5136 posse
1643 5065 1822 5122 credo
1850 5071 1913 5123 ut
1956 5068 2058 5123 ali-

396 5152 532 5225 quis
589 5151 663 5207 de
690 5152 1044 5208 'heeredibus
1092 5151 1263 5209 meis.
1314 5156 1419 5209 aut
1472 5150 1753 5226 quaelibet
1798 5173 2058 5230 persona

396 5246 604 5298 contra
646 5244 1005 5313 prtesentem
1054 5241 1254 5297 venire
1286 5245 1467 5299 tentet
1495 5244 1831 5315 epistolam.
1882 5247 2055 5313 Quod

395 5330 445 5386 si
474 5329 672 5386 fecerit
700 5334 757 5385 et
784 5329 1009 5386 factum
1037 5347 1243 5387 meum
1274 5332 1603 5405 irrumpere
1642 5341 1893 5392 conatus
1927 5337 2052 5393 fue-

390 5421 485 5492 rit,
511 5421 572 5477 in
602 5419 810 5494 primis
838 5419 989 5475 iram
1029 5421 1286 5477 caelestis
1333 5422 1595 5480 incurrat
1633 5426 1945 5493 Trinitatis,
1998 5432 2055 5483 et

389 5510 640 5585 insuper
662 5508 933 5583 partibus
958 5508 1219 5565 basilicae
1240 5510 1449 5567 domui
1471 5512 1768 5584 Auiani,et
1791 5515 2049 5570 basilicae

392 5600 633 5657 domnae
657 5600 869 5669 uariae,
898 5599 993 5657 vel
1034 5600 1402 5659 monasterio
1431 5603 1623 5660 sancti
1671 5604 1844 5674 Petri,
1883 5607 2049 5678 quod

2190 1671 2465 1727 intimare
2495 1672 2919 1742 debueramus,
2956 1680 3020 1730 ut
3043 1674 3340 1747 quidquid
3368 1675 3628 1748 praefato
3656 1692 3834 1731 mena.

2191 1760 2366 1816 sterio
2407 1761 2616 1816 domui
2646 1762 2793 1817 Petri
2827 1762 3230 1830 Floriacensis,
3276 1764 3443 1835 quod
3469 1780 3591 1819 nos
3638 1781 3674 1819 a
3700 1781 3830 1821 novo

2190 1850 2653 1921 construximus,
2679 1850 3089 1920 delegavimus
3114 1855 3173 1907 et
3196 1866 3233 1906 α
3250 1851 3556 1908 timeretis
3585 1853 3719 1908 viris
3748 1854 3829 1908 de-

2187 1938 2453 2009 legatum
2478 1940 2651 1995 fuerit
2680 1939 2740 1995 in
2793 1945 3134 2012 posterum;
3162 1941 3465 2014 quidquid
3505 1943 3722 2013 abbas,
3744 1943 3827 2015 qui

2186 2027 2410 2083 ibidem
2438 2028 2759 2102 praefuerit,
2811 2030 3026 2085 exinde
3060 2030 3315 2086 voluerit
3339 2031 3560 2102 facere,
3600 2049 3710 2106 pro
3736 2048 3825 2087 usu

2182 2117 2431 2174 utilitate
2477 2118 2823 2174 monasterii
2867 2119 3078 2191 ipsius,
3117 2119 3210 2176 vel
3266 2119 3433 2177 lucro
3487 2123 3705 2178 animus
3742 2127 3825 2176 aut

2182 2206 2437 2262 fratrum
2490 2207 2861 2275 necessitate,
2916 2208 3169 2265 liberam
3211 2209 3440 2266 habeat
3486 2215 3823 2283 potestatem

2186 2295 2421 2368 absque
2483 2296 2839 2352 detrimento
2889 2302 2947 2352 et
2995 2296 3429 2369 impedimento
3476 2315 3646 2373 sape
3709 2298 3821 2354 dicti

2186 2384 2551 2439 monasterii.

2258 2473 2651 2529 Leodebodus
2682 2478 2963 2546 peccator
2983 2474 3457 2547 abbas,epistola
3482 2492 3522 2531 a
3548 2492 3653 2532 me
3671 2477 3816 2532 facta.

2255 2562 2582 2618 Audoeuus
2607 2568 2884 2635 peccator
2930 2564 3273 2638 episcopus,
3317 2571 3572 2635 rogante
3610 2581 3820 2621 venera-

2184 2650 2287 2707 bili
2316 2653 2465 2722 viro,
2494 2653 2856 2709 Leodebodo
2898 2653 3139 2721 abbate,
3190 2655 3349 2710 hanc
3400 2654 3717 2727 epistoiam
3742 2671 3817 2710 re-

2178 2740 2298 2810 legi
2330 2745 2386 2796 et
2411 2740 2755 2813 subscripsi.

2258 2829 2671 2899 Leodegarius,
2705 2846 2775 2885 ac
2802 2830 2855 2884 si
2902 2829 3189 2901 indignus
3212 2832 3567 2907 episcopus,
3600 2836 3815 2902 rogante

2183 2917 2538 2973 Leodebodo
2560 2917 2799 2985 abbate,
2823 2918 2980 2974 hanc
3011 2919 3345 2975 devotionis
3368 2921 3503 2992 ejus
3532 2919 3812 2994 epistolam

2181 3008 2418 3063 ﬁrmavi
2442 3008 2506 3064 in
2524 3008 2742 3065 Christi
2769 3009 3035 3065 nomine.

2251 3097 2608 3154 Beeeeleuus
2634 3098 2814 3154 abba.

2258 3187 2386 3243 Ado
2416 3187 2598 3244 abba.

2257 3275 2540 3332 Salomon
2570 3275 2753 3331 abba.

2253 3365 2612 3421 Leutsiudus
2642 3365 2824 3421 abba.

2254 3454 2569 3524 Burgulfus
2596 3454 2931 3527 presbyter.

2252 3543 2522 3613 Higecius
2546 3544 2838 3600 diaconus
2867 3548 2925 3599 et
2948 3543 3386 3601 vicedominus.

2251 3633 2532 3691 Martinus
2561 3633 2874 3691 diaconus.

2251 3724 2404 3778 Boso
2422 3721 2746 3778 diaconus.

2249 3818 2686 3882 Agneramnus.
2706 3811 3107 3882 Dagobertus.

2246 3902 2702 3959 Mummoleuus.
2726 3902 3054 3975 Vapiugus.

2252 3992 2561 4062 Sigirigus.
2594 3991 3038 4048 Framesindus.

2247 4082 2586 4138 Autbertus.
2614 4081 2905 4139 Salomon
2932 4080 3055 4137 sive
3080 4082 3263 4137 "Boso.

2248 4172 2566 4246 Pappolus.
2601 4170 2950 4229 Sisobaldus
2978 4171 3103 4228 sive
3134 4173 3309 4229 Saxo.

2247 4261 2646 4333 Amnegisilus
2666 4261 2854 4317 testis.

2246 4353 2569 4407 Manasses.
2600 4349 3015 4407 Authacarius.

2246 4445 2456 4499 Nonno
2487 4441 2801 4498 Hildulfus.

2245 4531 2600 4588 Grimoldus.
2624 4530 2947 4601 'Segonius.

2242 4625 2413 4677 Anno
2444 4620 2875 4677 Incarnatiouis
2906 4619 3226 4676 Dominicis
3251 4620 3811 4688 6R,data-inmense

2167 4709 2362 4780 Juuio,
2396 4726 2557 4766 anno
2582 4727 2621 4765 n
2672 4709 2879 4765 domui
2932 4708 3209 4765 Clo'dovei
3240 4710 3618 4766 Francorum
3659 4708 3811 4778 regis,

2156 4798 2271 4854 'ﬁlii
2299 4799 2617 4870 Dagoberti
2648 4799 2925 4869 Seuioris,
2958 4802 3306 4855 sanctorum
3340 4800 3624 4873 Dionysii
3650 4798 3810 4855 socio-

2164 4905 2424 4963 rumque
2455 4892 2584 4960 ejus
2611 4888 2725 4944 loci
2754 4887 2990 4944 miriﬁci
3021 4889 3466 4946 constructoris.

2240 4979 2339 5034 Hic
2361 4982 2560 5035 autem
2571 4978 2911 5052 praecipuus
2932 4977 3807 5054 abba'Leodebodusguaxmnn

2163 5068 2365 5124 locum
2408 5068 2839 5124 Floriacensem
2868 5067 3156 5139 dilexerit,
3206 5068 3269 5124 in
3307 5068 3685 5141 quibusdam
3712 5067 3810 5124 suis

2162 5157 2332 5214 factis
2365 5158 2613 5227 agnosci
2636 5157 2811 5213 valet.
2844 5159 2991 5214 Nam
3032 5157 3094 5213 in
3126 5156 3461 5215 Camberon
3493 5163 3557 5215 et
3586 5156 3809 5215 ‘Rosdon

2162 5246 2313 5303 villis
2341 5264 2376 5303 a
2404 5264 2464 5303 se
2498 5249 2554 5304 S.
2576 5250 2754 5303 'Petro
2785 5246 2959 5317 datis,
2986 5247 3144 5303 hanc
3175 5246 3299 5320 ipse
3330 5247 3810 5305 consuetudinem

2162 5337 2347 5393 tenuit
2363 5341 2419 5392 et
2436 5337 2717 5393 fratribus
2729 5336 3033 5393 Floriaceu
3041 5337 3131 5394 sib
3140 5354 3207 5393 us
3228 5337 3553 5394 tenendam
3568 5334 3808 5410 reliquit.

2159 5432 2224 5482 ut
2266 5426 2514 5499 quilibet
2555 5426 2867 5495 Ecclesias,
2914 5427 2974 5482 in
3023 5443 3281 5500 quarum
3330 5428 3639 5500 parochiis
3684 5425 3809 5499 ipsa

2157 5517 2309 5572 villae
2341 5517 3059 5591 suut,possideret,media
3085 5534 3228 5591 pars
3258 5517 3505 5574 decimae
3540 5529 3811 5588 agrorum

2158 5611 2214 5664 et
2243 5609 2552 5665 vinearum
2582 5610 2644 5666 in
2659 5608 3031 5681 quibusdam
3055 5608 3201 5667 locis
3217 5608 3487 5682 ipsarum
3518 5606 3809 5674 villarum,
