3976 6180
1948 170 2126 224 νιτΑ.

3636 185 3744 239 910

315 293 380 349 in
405 291 705 366 aliquibus
732 308 873 348 vero
900 296 1018 349 tota
1043 293 1122 349 ad
1143 294 1482 350 dominium
1505 292 1841 368 perveniret
1862 292 1974 349 fra-
2008 297 2057 349 Α
2088 292 2186 349 Dei
2216 293 2477 351 famulus
2500 294 2894 353 Leodebobus
2918 297 3081 355 abba
3105 301 3338 373 exstitit,
3367 304 3600 361 habens
3627 307 3742 363 sub

316 387 496 439 trum.
527 382 640 447 Qui
670 380 940 437 videlicet
970 398 1115 437 usus
1146 382 1437 439 hactenus
1464 388 1751 440 servatur.
1784 382 1979 446 Quod-

313 487 434 543 que
487 469 683 540 magis
728 486 869 525 eum
912 470 1153 531 divitem
1202 471 1383 527 fuisse
1421 472 1706 537 declarat,
1739 487 1861 526 non
1891 475 1979 526 est

309 558 734 628 omittendum,
768 558 984 614 emisse
1034 559 1308 616 videlicet
1350 560 1518 616 illum
1566 560 1977 615 htereditatem

315 649 579 718 Thomas,
601 648 920 719 cujusdam
948 649 1224 706 Parisiaci
1255 650 1419 718 civis,
1444 649 1627 706 obrisi
1656 650 1788 705 auri
1818 648 1977 705 mille

314 740 380 793 et
407 736 697 793 sexcentis
726 736 953 793 solidis.
986 740 1251 794 Testatur
1277 738 1394 793 hoc
1421 739 1630 794 charta
1661 737 1977 795 memorati

320 826 642 885 venditoris
671 825 750 883 ad
778 826 979 898 ipsum
1008 826 1303 882 domuum
1340 826 1769 882 Leodebodum
1798 826 1974 894 facta,

318 914 381 971 in
423 916 642 972 nostris
688 914 948 971 archivis
988 915 1317 985 recondita,
1347 915 1483 971 licet
1508 919 1799 971 vetustate
1837 931 1977 970 con-

320 1008 582 1076 sumpta.
612 1005 799 1076 Cujus
829 1004 1190 1061 hereditatis
1219 1005 1283 1081 in
1312 1004 1606 1061 territorio
1627 1006 1975 1061 Aureliano-

317 1109 453 1151 rum
494 1092 617 1149 sitas
648 1093 849 1151 media
879 1110 1018 1167 pars
1062 1093 1141 1149 ab
1172 1109 1243 1149 eo
1271 1093 1411 1149 huic
1442 1110 1613 1150 sacro
1645 1094 1858 1149 collata
1889 1097 1978 1149 est

316 1183 470 1255 loco,
503 1183 621 1242 alia
664 1184 979 1241 medietate
1005 1184 1369 1241 monasterio
1397 1189 1619 1241 sanctae
1658 1184 1848 1241 Marias
1890 1199 1979 1239 res

315 1278 619 1343 manente,
635 1274 802 1347 quod
823 1274 1073 1347 quidam
1095 1277 1379 1342 Joannes,
1393 1279 1458 1330 ut
1483 1290 1669 1346 supra
1689 1273 1978 1346 scriptum

318 1368 424 1433 est,
471 1380 507 1420 α
552 1363 964 1420 fundamentis
1016 1369 1449 1435 construxerat,
1483 1365 1779 1437 cujusque
1820 1363 1978 1419 idem

2084 398 2146 437 se
2192 383 2584 440 Fulchaldum
2640 384 2907 442 nobilem
2936 387 3152 444 virum.
3184 391 3467 455 Quartam
3497 407 3743 465 quoque

2085 475 2311 542 partem
2363 473 2437 528 de
2480 475 2785 530 Suncanto
2827 479 3011 558 atque
3041 477 3240 534 villam
3267 480 3680 537 Warentiarias
3706 497 3744 537 a

2086 560 2366 616 Machilde
2394 561 2617 618 femina
2649 578 2745 619 ccc
2778 564 3050 635 probatis
3082 568 3212 622 auri
3245 567 3471 637 solidis,
3502 569 3744 626 Rosdon

2085 648 2163 703 ab
2199 650 2558 707 Auderanno
2609 668 2673 708 cc
2718 652 2997 723 ejusdem
3050 655 3277 712 metalli
3331 656 3475 713 emit
3521 658 3742 714 solidis.

2086 740 2219 810 Ipse
2262 756 2402 795 vero
2450 756 2640 812 usque
2690 742 2768 797 ad
2815 747 3099 800 octavum
3157 744 3463 801 decimum
3516 762 3748 804 annum

2084 828 2399 884 memorati
2445 829 2600 898 regis
2656 830 2931 887 Clodovei
2964 833 3321 906 perdurans,
3354 836 3749 907 postmodum

2083 914 2404 971 laudabilis
2444 917 2578 973 vitae
2631 934 2874 975 cursum
2922 927 3128 978 sancto
3157 923 3275 979 ﬁne
3304 923 3615 981 conclusit.
3648 928 3750 981 Re-

2086 1006 2397 1078 periuntur
2425 1011 2627 1063 autem
2659 1008 2738 1063 ab
2771 1012 3179 1068 lncarnatione
3206 1012 3438 1070 Domini
3463 1029 3589 1070 non
3617 1014 3745 1087 plu-

2083 1110 2181 1150 res
2230 1111 2418 1167 quam
2467 1100 2572 1151 620
2620 1098 2973 1168 praeteriisse
3024 1102 3188 1173 anni,
3217 1102 3410 1158 donec
3439 1120 3475 1159 a
3516 1104 3745 1160 domno

2086 1185 2445 1241 Leodebodo
2470 1185 2697 1242 fabrica
2726 1187 2908 1258 hujus
2940 1190 3093 1245 sacri
3122 1196 3317 1263 ccepta
3344 1197 3436 1248 est
3464 1194 3741 1264 coenobii,

2086 1274 2407 1331 auxiliante
2455 1275 2708 1331 Domino
2758 1282 2964 1334 nostro
3005 1281 3148 1334 Jesu
3179 1280 3425 1343 Christo,
3459 1282 3563 1353 qui
3608 1282 3750 1339 vivit

2086 1368 2145 1420 et
2172 1369 2401 1434 regnat.

320 1488 590 1559 Emplicit
622 1495 1035 1546 testamentum
1087 1490 1415 1546 Leodebodi
1431 1488 1667 1573 abbatis
1694 1489 2050 1573 monasterii
2070 1490 2330 1573 san-cuii
2348 1490 2537 1573 niani,
2561 1492 2723 1573 quod
2747 1493 2981 1562 factum
3027 1498 3113 1549 est
3150 1493 3258 1549 sub
3293 1494 3585 1553 Clodoveo
3616 1511 3751 1569 rege

1418 1561 1793 1617 Francorum
1820 1560 1951 1628 ﬁlio
1988 1561 2320 1629 Dagoberlz'
2345 1560 2631 1617 Senioris.

1850 1632 2010 1688 Fiat.
2050 1632 2208 1687 Fiat.

3424 1824 3711 1839 mauu—-

380 1944 932 2063 INiJIPIT
992 1944 1635 2065 EPITOMA
1721 1945 2098 2062 iTxiﬂ
2164 1944 2589 2066 REGIS
2649 1943 3381 2067 ROTBERTI
3445 1950 3686 2070 PII.

1650 2251 2426 2366 PREFATIO.

387 2430 652 2486 leestis
698 2431 931 2503 imperii
962 2430 1247 2500 dignitas,
1280 2431 1374 2486 cui
1407 2431 1651 2503 spiritus
1684 2432 1979 2504 superbiae
2017 2434 2062 2485 B
2093 2432 2219 2487 suis
2239 2432 2418 2487 rebus
2440 2430 2697 2503 propriis
2720 2396 2929 2487 sancto
2955 2433 3125 2488 Petro
3141 2433 3752 2502 Aurelianensi,dom-

318 2519 568 2592 aequalis
596 2520 780 2576 voluit
831 2536 969 2575 esse
1015 2525 1298 2592 potestas,
1331 2520 1506 2590 elegit
1533 2521 1594 2575 in
1624 2521 1739 2575 hoc
1768 2522 1982 2576 saeculo

318 2609 638 2683 principes,
670 2609 776 2682 qui
803 2614 1077 2678 regerent
1128 2610 1311 2679 hujus
1361 2609 1562 2664 smculi
1612 2614 1843 2681 sceptra
1879 2626 1984 2682 po-

324 2703 528 2755 tentes.
561 2702 630 2754 Et
657 2699 807 2754 sicut
851 2703 1060 2754 sancta
1084 2698 1361 2766 Ecclesia,
1386 2715 1521 2771 quae
1547 2702 1635 2755 est
1664 2704 1853 2755 mater
1878 2716 1983 2755 no-

322 2793 463 2853 stra,
488 2787 749 2844 obtinuit
777 2787 888 2843 sibi
914 2787 993 2844 ad
1021 2788 1356 2856 regendum
1382 2788 1679 2861 populum
1706 2789 1805 2845 Dei
1836 2804 1982 2861 pon-

323 2878 529 2945 tiﬁces,
563 2876 816 2933 abbates
840 2882 897 2932 et
926 2881 1172 2932 caeteros
1215 2876 1367 2933 sacri
1398 2877 1624 2932 ordinis
1656 2877 1980 2943 ministros,

320 2968 403 3023 ita
446 2971 505 3023 et
549 2966 610 3021 in
658 2967 773 3021 hoc
821 2966 1053 3022 mundo
1081 2966 1257 3035 elegit
1284 2966 1694 3039 imperatores,
1726 2983 1897 3037 reges
1926 2972 1984 3024 et

321 3057 623 3130 principes
652 3075 685 3109 ‹
711 3055 792 3111 ad
812 3055 1142 3111 vindictam
1171 3055 1624 3112 malefactorum
1654 3078 1680 3106 »
1707 3062 1763 3112 et
1789 3057 1867 3113 ad
1896 3073 1984 3112 re-

322 3145 704 3218 primendam
743 3146 1103 3218 proterviam
1145 3146 1512 3218 iniquorum,
1544 3151 1610 3202 ut
1630 3146 1975 3202 laudaretur

324 3239 478 3292 Deus
502 3235 563 3291 in
589 3235 807 3291 saecula
836 3236 1214 3291 szeculorum.
1238 3238 1301 3290 Et.
1320 3235 1464 3308 quia
1492 3252 1529 3291 a
1557 3236 1826 3308 patribus
1852 3253 1980 3292 mo-

322 3325 566 3383 nasterii
602 3324 813 3381 domui
841 3326 1057 3382 Aniani
1102 3342 1299 3381 sermo
1343 3326 1600 3399 sumpsit
1647 3326 1981 3393 exordium,

322 3414 731 3471 necessarium
761 3419 849 3470 est
876 3420 933 3471 et
962 3415 1101 3471 utile
1130 3418 1196 3471 ut
1229 3431 1387 3470 unus
1417 3416 1615 3471 adhuc
1646 3416 1985 3489 praecipuus

323 3508 493 3577 pater
520 3508 795 3560 sumatur
820 3520 931 3577 pro
954 3504 1258 3575 omnibus,
1285 3509 1349 3559 ut
1378 3504 1601 3561 habeat
1629 3504 1704 3560 de
1734 3522 1806 3560 eo
1832 3505 1987 3561 leva-

322 3611 465 3651 men
528 3594 725 3651 omnis
780 3595 1069 3665 mundus,
1123 3595 1268 3667 quia
1318 3612 1459 3651 eum
1511 3596 1742 3653 bonum
1811 3596 1987 3667 elegit

325 3683 538 3741 Christi
566 3684 802 3740 Domini
821 3685 1009 3757 pietas
1034 3688 1091 3740 et
1116 3706 1143 3733 ‹‹
1167 3685 1471 3740 constituit
1495 3702 1674 3758 super
1694 3685 1985 3743 familiam

2089 2538 2182 2577 nte
2209 2520 2401 2577 Mariae
2421 2525 2479 2575 et
2499 2524 2705 2577 sancto
2726 2522 2894 2575 Petro
2911 2519 3270 2578 Floriacensi
3285 2524 3563 2590 contulit;
3590 2540 3751 2580 nunc

2090 2610 2228 2665 huic
2279 2609 2500 2682 scripto
2550 2609 2770 2665 addere
2818 2608 3164 2664 curavimus
3210 2611 3397 2683 quod,
3438 2611 3499 2667 in
3540 2628 3753 2668 omnes

2092 2702 2276 2754 terras
2308 2715 2493 2754 sonus
2524 2699 2725 2755 exiens
2758 2698 2994 2771 pietatis
3041 2704 3098 2756 et
3143 2701 3423 2757 bonitatis
3472 2701 3751 2770 Rotberti,

2092 2788 2432 2844 suavissimi
2457 2793 2513 2845 et
2542 2788 2799 2861 piissimi
2828 2788 2985 2859 regis
3016 2793 3401 2859 Francorum,
3427 2790 3532 2847 ﬁlii
3560 2791 3757 2861 Hugo-

2090 2877 2183 2933 nis
2209 2878 2384 2947 regis,
2416 2879 2578 2935 hunc
2608 2883 2905 2949 sanctum,
2936 2880 2999 2936 in
3027 2884 3325 2953 quantum
3355 2881 3566 2954 potuit,
3585 2896 3753 2939 exor-

2092 2967 2274 3033 navit,
2308 2966 2510 3024 dilexit
2556 2972 2613 3024 et
2658 2968 2931 3025 excoluit.
2981 2972 3109 3036 Quo
3149 2970 3533 3038 concedente,
3566 2970 3752 3026 vitam

2092 3056 2274 3126 hujus
2322 3056 2797 3113 excellentissimi
2846 3058 3002 3127 regis
3048 3059 3269 3116 adoriri
3296 3060 3574 3132 cupimus
3603 3074 3751 3132 prm-

2095 3145 2362 3200 sentibus
2387 3149 2443 3201 et
2468 3146 2678 3201 futuris
2698 3146 3069 3203 imitabilem.
3101 3152 3250 3204 Nam
3275 3149 3372 3204 hic
3400 3148 3754 3218 languentes

2093 3234 2311 3290 animae
2357 3234 2715 3308 perspicient
2761 3236 2909 3308 quid
2960 3236 3287 3303 charitatis,
3318 3236 3668 3292 humilitatis
3697 3241 3756 3293 et

2094 3323 2514 3380 misericordia:
2540 3324 2779 3380 valeant
2803 3340 3007 3397 opera,
3038 3325 3164 3381 sine
3194 3324 3415 3397 quibus
3446 3324 3650 3381 nullus
3676 3324 3758 3381 ad

2092 3429 2279 3483 regna
2307 3414 2522 3487 poterit
2545 3414 2856 3486 pervenire
2880 3414 3162 3471 caelestia.
3188 3415 3253 3470 In
3277 3414 3503 3488 quibus
3530 3414 3613 3469 ita
3636 3413 3758 3470 eni-

2096 3504 2220 3571 tuit,
2253 3507 2319 3558 ut
2361 3507 2497 3575 post
2544 3503 2993 3560 sanctissimum
3040 3518 3246 3574 regem
3276 3504 3756 3577 prophetamque

2094 3591 2281 3647 David
2309 3591 2509 3647 nullus
2539 3591 2592 3647 ei
2619 3597 2979 3665 aequaretur,
3003 3592 3302 3666 praecipue
3322 3592 3383 3649 in
3412 3595 3623 3650 sancta
3652 3593 3760 3648 hu-

2093 3681 2360 3752 militate,
2385 3697 2521 3753 quae
2552 3697 2790 3754 semper
2820 3684 2939 3738 Deo
2966 3682 3245 3755 proxima
3272 3686 3572 3739 amatores
3617 3696 3759 3737 suos

329 3790 505 3831 suam
527 3797 554 3824 ››
603 3773 809 3830 divina
856 3775 1163 3847 majestas.
1210 3774 1298 3829 Ad
1329 3773 1478 3847 quid
1519 3774 1631 3830 ista
1672 3775 1985 3847 protuleri-
2026 3804 2066 3859 ρ
2096 3787 2344 3844 corpore
2389 3772 2566 3827 simul
2608 3775 2725 3827 Deo
2757 3773 3068 3841 conjungit
3097 3777 3154 3827 et
3185 3772 3412 3843 spiritu.
3456 3772 3625 3859 Initio
3651 3787 3760 3826 au-

326 3879 484 3933 mus,
515 3863 811 3919 dicamus.

397 3952 841 4025 Omnipotentia
868 3951 1046 4023 igitur
1073 3951 1499 4023 omnipotentis
1533 3952 1634 4007 Dei
1662 3952 1899 4008 volente
1931 3955 1989 4008 et

320 4043 504 4100 beato
533 4043 768 4099 Aniano
792 4042 1138 4110 auxiliante,
1169 4041 1527 4097 memoriam
1567 4041 1776 4097 domni
1806 4046 1863 4097 et
1884 4058 1987 4097 ve-

322 4132 581 4190 nerandi
617 4131 957 4189 Leodebodi
1004 4132 1241 4188 abbatis
1289 4131 1635 4187 monasterii
1686 4130 1990 4204 saepedicti

323 4223 516 4280 sancti
544 4222 759 4280 Aniani
796 4221 1047 4278 fecimus
1093 4237 1201 4294 per
1249 4224 1694 4291 testamentum,
1724 4220 1891 4293 quod
1915 4219 1991 4276 de

2090 3864 2213 3915 tem
2241 3859 2653 3931 descriptionis
2675 3874 2923 3914 omnem
2943 3859 3144 3913 vultus
3165 3859 3322 3913 illius
3341 3858 3761 3913 habitudinem

2096 3948 2436 4021 corporisve
2493 3948 2876 4017 elegantiam,
2931 3951 3111 4018 prout
3156 3946 3275 4018 ipsi
3321 3944 3759 4018 perspeximus,

2094 4038 2511 4113 propalamus,
2540 4038 2869 4108 adjuvante
2901 4036 3155 4091 Domino
3197 4039 3403 4091 nostro
3430 4037 3569 4090 Jesu
3598 4034 3762 4091 Chri-

2098 4132 2209 4195 sto,
2237 4126 2362 4199 qui,
2391 4126 2494 4181 ubi
2524 4125 2670 4195 vult,
2702 4129 2761 4181 et
2788 4124 3098 4198 quomodo
3150 4128 3207 4182 et
3252 4125 3347 4181 cui
3376 4123 3524 4198 vult,
3557 4123 3765 4184 inclita

2100 4217 2364 4274 bonitate
2397 4215 2642 4288 aspirat.

1741 4360 1990 4401 EXPLICIT
2029 4357 2315 4400 PREFATIO
2324 4384 2336 4397 .

1531 4519 2097 4635 INCIPIT
2206 4517 2595 4631 VITA.

403 4716 468 4770 In
500 4717 927 4789 tempore,quo
950 4712 1209 4787 respexit
1230 4715 1385 4768 Deus
1415 4727 1595 4783 super
1622 4710 1775 4767 ﬁlios
1802 4709 1993 4767 homi-
2028 4710 2074 4764 D
2104 4708 2436 4769 admodum
2468 4708 2654 4781 plana
2681 4710 2739 4762 et
2762 4706 2915 4761 bene
2941 4704 3144 4773 ducta,
3176 4700 3333 4757 oculi
3358 4698 3769 4789 humilesne.-

328 4821 501 4870 num,
533 4808 599 4861 ut
624 4803 870 4874 videret,
903 4802 951 4858 si
980 4806 1136 4858 esset
1176 4802 1509 4871 intelligens
1553 4805 1655 4857 aut
1683 4800 1992 4874 requirens

329 4898 544 4965 Deum,
572 4892 680 4950 fuit
713 4909 817 4949 rex
848 4894 1213 4949 Francorum
1244 4892 1581 4961 Rotbertus,
1614 4890 1842 4961 origine
1880 4906 1990 4947 na-

328 4987 429 5040 tus
458 4981 849 5052 nobilissima,
864 4987 1029 5055 patre
1054 4981 1265 5039 illustri
1294 4982 1565 5051 Hugone,
1589 4983 1780 5038 matre
1804 4979 1994 5036 Adhe-

329 5071 488 5129 laide
518 5070 794 5138 vocitata,
827 5088 959 5144 quae
990 5071 1143 5127 adeo
1198 5070 1353 5127 bene
1404 5068 1651 5126 laudata
1701 5068 1847 5126 tanti
1890 5067 1995 5125 ﬁlii

332 5160 501 5231 digni
532 5160 746 5217 exstitit
775 5159 1185 5233 praerogativa.
1223 5159 1361 5228 Ejus
1406 5159 1627 5231 inclyta
1656 5157 1991 5231 progenies,

335 5252 507 5309 sicuti
531 5251 660 5324 ipse
692 5251 814 5307 suis
845 5250 1063 5307 sanctis
1088 5253 1145 5305 et
1169 5246 1517 5303 humillimis
1540 5247 1845 5303 asserebat
1870 5262 1997 5302 ver-

332 5340 449 5410 bis,
482 5340 561 5398 ab
592 5339 867 5397 Ausoniae
899 5337 1169 5413 partibus
1219 5335 1628 5392 descenderat.
1670 5335 1871 5391 Probis
1900 5334 1997 5390 hic

335 5430 571 5489 actibus
613 5430 948 5493 decoratus,
998 5426 1300 5482 crescebat
1344 5423 1610 5497 quotidie
1649 5425 1996 5481 meritorum

332 5519 565 5577 lumine
593 5518 698 5593 qui
717 5522 844 5575 erat
867 5515 1184 5588 insignitus
1214 5514 1391 5570 totius
1416 5510 1674 5569 scientiae
1695 5512 2001 5586 perfectio-

337 5625 436 5667 ne.
466 5609 651 5682 Hujus
670 5608 849 5685 igitur
874 5610 1101 5665 statura
1124 5602 1388 5678 corporis
1409 5602 1699 5672 eminens,
1724 5603 1995 5659 caesaries

2100 4814 2194 4854 res
2222 4802 2508 4872 porrectae
2540 4800 2597 4852 et
2624 4794 2863 4869 patulae,
2897 4810 2965 4849 os
2999 4806 3183 4847 suave
3213 4794 3269 4845 et
3298 4788 3474 4845 dulce
3505 4786 3583 4842 ad
3615 4786 3765 4843 dan-

2100 4890 2250 4945 dum
2280 4892 2496 4945 sanctae
2526 4884 2693 4958 pacis
2732 4882 3033 4949 osculum,
3066 4879 3258 4936 barba
3307 4876 3448 4932 satis
3490 4876 3762 4945 honesta,

2100 4977 2335 5037 humeri
2364 4976 2544 5046 hujus
2574 4974 2635 5030 in
2666 4972 2855 5030 altum
2885 4969 3159 5044 porrecti.
3191 4971 3423 5024 Corona
3453 4965 3632 5049 capiti
3661 4965 3770 5021 im-

2102 5068 2296 5140 posita
2323 5063 2684 5120 decernebat
2703 5078 2841 5117 eum
2869 5060 2997 5116 avis
3027 5063 3084 5114 et
3111 5055 3297 5114 atavis
3327 5054 3506 5130 stirpe
3528 5070 3769 5128 proces-

2105 5157 2252 5212 cisse
2273 5154 2458 5224 regia.
2488 5152 2711 5209 Sedens
2740 5166 2897 5222 equo
2921 5148 3105 5218 regio,
3129 5145 3398 5203 mirabile
3419 5145 3604 5216 dictu,
3617 5160 3770 5219 pene

2097 5241 2393 5314 jugebant
2416 5239 2641 5313 pedum
2670 5237 2836 5304 digiti
2864 5235 3168 5307 calcaneo,
3196 5239 3252 5291 et
3266 5236 3381 5292 hoc
3408 5236 3532 5291 erat
3562 5232 3770 5290 viden-

2103 5330 2263 5387 tibus
2291 5329 2352 5385 in
2384 5327 2604 5384 seaculo
2632 5343 2743 5401 pro
2775 5325 3083 5383 miraculo.
3118 5328 3251 5383 Erat
3300 5325 3359 5381 in
3404 5341 3475 5380 eo
3517 5323 3683 5394 jugis
3714 5326 3774 5377 et

2107 5420 2385 5493 frequens
2418 5417 2497 5473 ad
2532 5419 2720 5472 Deum
2747 5415 2956 5481 oratio,
2987 5431 3253 5487 genuum
3285 5414 3464 5472 flexio
3493 5413 3771 5468 innume-

2106 5508 2309 5567 rabilis
2339 5512 2465 5565 erat
2492 5522 2602 5579 pro
2629 5510 2809 5575 certo,
2838 5509 2915 5574 et,
2949 5508 3013 5561 ut
3032 5504 3228 5561 verbis
3254 5501 3469 5558 Aurelii
3497 5498 3777 5557 Victorini

2106 5601 2341 5675 loquar,
2376 5598 2455 5655 ad
2480 5597 2761 5654 humanae
2784 5593 3262 5655 conversationis
3290 5590 3776 5664 exemplum,per
