3976 6180
314 190 410 246 911

1502 178 1801 235 ROBERTI
1838 173 2044 232 REGIS
2084 174 2529 232 FRANCORUM.

3635 178 3742 237 912

308 311 532 368 laboris
562 325 781 381 genera
804 307 1102 372 universa,
1129 303 1221 360 vir
1246 306 1564 376 provectus
1592 302 1669 359 ad
1701 315 1962 357 summa.
1995 298 2041 351 Α
2081 296 2295 367 verbis,
2327 302 2384 355 et
2414 299 2495 355 sic
2526 315 2628 355 eos
2657 299 2873 356 illaesos
2902 299 2983 356 ad
3026 315 3138 356 sua
3178 299 3411 371 regredi
3433 301 3648 373 jussit.
3684 307 3752 359 In

312 403 535 459 Sistens
563 401 624 455 in
647 395 995 455 consistorio
1026 394 1298 450 clientem
1329 409 1391 448 se
1418 409 1546 448 esse
1575 390 1965 449 libentissime

307 490 620 547 fatebatur.
654 491 977 559 Nunquam
1004 483 1224 555 injuria
1270 486 1515 554 accepta
1563 481 1642 537 ad
1679 479 1964 536 ulciscen-

306 581 454 637 dum
483 578 718 635 ductus.
755 575 1013 631 Amabat
1068 571 1526 646 simplicitatem,
1560 570 1870 628 communi
1900 585 1963 625 se

306 670 490 727 affatu
519 675 575 725 et
602 666 877 724 convivio
903 669 961 721 et
980 663 1222 720 incessu
1246 662 1570 735 prabebat.
1602 660 1964 735 Eloquentia

305 762 538 815 tantum
568 754 944 821 incumbens,
977 755 1042 808 ut
1069 750 1271 807 nullus
1316 750 1614 806 laberetur
1642 750 1769 807 dies
1814 749 1963 823 quin

302 848 523 919 legeret
552 843 923 908 Psalterium,
956 845 1013 897 et
1042 844 1314 897 exoraret
1340 856 1477 896 cum
1509 843 1715 897 sancto
1743 838 1964 895 Davide

305 942 495 994 Deum
549 934 930 991 altissimum.
992 930 1220 987 Exstitit
1269 930 1448 1002 mitis,
1500 935 1725 1000 gratus,
1777 929 1962 986 civilis

305 1026 492 1082 animi
523 1029 579 1081 et
605 1023 806 1096 lepidi,
831 1020 1024 1092 magis
1051 1019 1359 1076 beneﬁcus
1390 1036 1578 1093 quam
1606 1019 1886 1076 blandus.

376 1115 508 1171 Fuit
535 1113 695 1170 idem
740 1128 846 1168 rex
888 1108 1363 1183 sapientissimus
1391 1108 1756 1177 litterarum;
1789 1110 1962 1180 cujus

301 1202 766 1277 prudentissimo
797 1199 961 1256 cordi
1005 1201 1173 1254 erant
1216 1197 1391 1254 insita
1439 1214 1475 1253 a
1522 1202 1638 1254 Deo
1668 1198 1810 1254 data
1834 1214 1964 1271 per-

301 1294 464 1350 {ecta
512 1290 770 1347 scientia
808 1290 989 1345 dona.
1024 1290 1178 1343 Nam
1208 1303 1245 1343 a
1271 1287 1542 1360 piissima
1570 1292 1761 1344 matre
1792 1288 1962 1344 scho-

300 1378 372 1434 la
402 1378 677 1435 Remensi
705 1377 979 1447 traditus,
1011 1377 1240 1433 domno
1285 1376 1549 1432 Girberto
1581 1376 1659 1432 ad
1689 1377 1962 1432 erudien-

300 1468 447 1523 dum
496 1472 585 1523 est
635 1467 831 1534 datus,
872 1466 977 1539 qui
1020 1483 1157 1523 eum
1213 1465 1571 1521 sufficienter
1613 1465 1961 1521 liberalibus

300 1558 613 1615 instrueret
640 1557 988 1631 disciplinis,
1020 1560 1085 1612 ut
1112 1556 1174 1612 in
1200 1556 1484 1611 omnibus
1523 1559 1643 1611 Deo
1690 1556 1962 1628 omnipo-

2071 384 2395 444 latrociniis
2442 404 2585 445 vero
2612 400 2949 462 pauperum
2978 388 3331 445 clericorum
3358 394 3416 447 et
3436 389 3751 448 laicorum

2074 473 2186 530 sibi
2211 474 2406 548 illatis,
2437 477 2695 550 adplene
2722 482 2850 534 erat
2876 478 3272 546 consentiens,
3299 495 3436 552 qua
3464 497 3586 554 pro
3616 497 3755 538 cer-

2074 568 2132 620 to
2161 571 2331 622 erant
2372 567 2433 623 in
2464 584 2613 625 auro
2642 567 2739 625 vel
2777 573 3026 640 argento
3055 573 3115 625 et
3139 569 3595 642 pretiosissimis
3649 588 3754 628 or-

2070 656 2390 713 namentis.
2424 657 2772 715 Volentibus
2815 675 2886 715 ea
2931 658 3289 730 investigare
3318 659 3515 716 minas
3548 660 3756 717 dabat

2070 745 2299 815 virtute,
2327 747 2538 818 jurans
2588 748 2821 805 Domini
2867 748 3072 817 ﬁdem,
3104 765 3180 805 ne
3225 749 3550 823 perderent
3604 766 3751 824 qua

2070 841 2540 909 asportaverant.
2583 839 2840 911 Stampis
2887 844 3082 896 castro
3129 840 3339 910 regina
3386 842 3753 899 Constantia

2068 923 2362 997 palatium
2390 932 2801 985 construxerat
2824 928 3048 999 nobile,
3072 929 3253 986 simul
3283 946 3423 986 cum
3442 931 3745 988 oratorio.

2071 1016 2195 1079 Quo
2257 1015 2585 1073 delectatus
2636 1034 2740 1073 rex
2795 1018 2875 1075 ad
2929 1019 3356 1092 prandendum
3400 1036 3547 1077 cum
3618 1021 3748 1077 suis

2069 1103 2312 1175 assedit,
2335 1105 2571 1179 impleri
2598 1106 2852 1163 domum
2885 1107 3106 1164 sanctis
3133 1108 3506 1181 pauperibus
3535 1109 3742 1180 jussit.

2071 1196 2224 1248 Inter
2243 1209 2400 1266 quos
2429 1194 2507 1250 ad
2536 1194 2721 1268 pedes
2762 1196 2893 1267 ejus
2918 1212 3077 1253 unus
3106 1213 3168 1253 se
3198 1196 3533 1271 collocans,
3563 1199 3650 1256 ab
3675 1215 3746 1255 eo

2069 1280 2182 1336 sub
2211 1297 2422 1339 mensa
2454 1283 2700 1340 satiatus
2724 1288 2831 1341 est.
2866 1285 2977 1351 Qui
3019 1301 3144 1342 non
3173 1285 3506 1343 obliviosus
3541 1286 3746 1344 factus

2068 1377 2514 1444 ornamentum,
2547 1373 2715 1447 quod
2744 1379 2869 1431 erat
2904 1375 2966 1431 in
2996 1392 3102 1432 sex
3128 1376 3318 1432 unciis
3343 1376 3478 1433 auri
3507 1376 3744 1451 depen-

2067 1460 2216 1517 dens
2243 1478 2279 1517 a
2308 1461 2583 1532 genibus,
2615 1468 2672 1519 et
2700 1464 2867 1536 quod
2914 1480 3023 1521 nos
3055 1464 3263 1536 lingua
3291 1466 3522 1523 rustica
3559 1466 3746 1523 label-

2067 1548 2157 1605 los
2203 1566 2511 1619 vocamus,
2566 1553 2698 1625 ipso
2750 1552 3174 1625 conspiciente,
3226 1552 3463 1610 cultello
3513 1554 3736 1627 diripit,

300 1648 441 1705 tenti
463 1647 861 1721 complaceret
886 1646 1205 1702 virtutibus
1237 1645 1434 1702 almis.
1463 1648 1824 1718 Factumque
1850 1651 1954 1702 est.
1995 1652 2037 1708 Β
2068 1640 2427 1712 quantocius
2457 1640 2852 1697 discessurus.
2892 1642 3165 1699 Liberata
3192 1649 3487 1701 vacuatur
3517 1644 3739 1700 domus

300 1742 352 1794 Is
382 1738 606 1811 quippe
650 1735 971 1801 Girbertus,
1005 1751 1115 1807 pro
1162 1734 1430 1790 maximo
1480 1751 1601 1789 sua
1652 1734 1957 1807 sapientia

298 1826 530 1894 merito,
560 1839 683 1898 qua
712 1828 834 1880 toto
864 1823 1138 1880 radiabat
1184 1823 1246 1878 in
1279 1822 1531 1892 mundo,
1562 1822 1845 1879 donativo
1873 1840 1960 1879 re-

299 1915 389 1987 gis
418 1913 686 1985 Hugonis
736 1928 983 1968 munere
1012 1912 1388 1984 pontificium
1419 1911 1673 1985 adeptus
1711 1914 1959 1968 Remen-

299 2019 388 2084 se,
413 2018 533 2060 non
562 2001 763 2057 multis
793 2000 967 2056 annis
1015 2000 1163 2055 illud
1208 2000 1525 2057 adornavit
1556 2000 1866 2073 splendide
1897 2000 1958 2055 in

296 2093 390 2149 his
439 2109 575 2165 qua
627 2091 821 2147 forent
873 2089 1210 2146 necessaria
1258 2089 1530 2145 Ecclesia
1583 2094 1823 2146 sancta.
1878 2093 1956 2146 Eo

296 2197 562 2255 namque
592 2180 892 2250 derelicto,
926 2179 1361 2237 Ravennatium
1414 2179 1608 2235 factus
1651 2184 1739 2235 est
1765 2184 1959 2235 rector

297 2271 376 2329 ab
403 2275 611 2329 Ottone
643 2271 733 2327 III.
759 2273 838 2326 De
864 2286 986 2343 quo
1011 2269 1090 2325 ad
1120 2269 1521 2343 apostalatum
1546 2266 1694 2324 Petri
1724 2272 1959 2341 aposto-

293 2361 335 2418 li
365 2359 723 2416 sanctissimi
768 2358 1016 2414 festinus
1068 2358 1499 2426 conscendens,
1541 2357 1731 2414 multa
1776 2357 1839 2413 in
1885 2373 1958 2414 eo

294 2449 579 2505 virtutum
610 2450 891 2521 operatus
919 2451 1004 2503 est
1027 2446 1291 2517 insignia
1323 2452 1380 2503 et
1407 2447 1709 2520 pracipue
1729 2446 1791 2502 in
1812 2445 1959 2503 elee-

295 2553 558 2609 mosyna
584 2540 809 2603 sancta,
832 2552 1020 2609 quam
1049 2536 1273 2592 fortiter
1298 2536 1501 2603 tenuit,
1529 2536 1678 2591 dum
1706 2535 1959 2592 ﬁdeliter

294 2626 454 2682 vixit.
489 2628 644 2682 Inter
692 2628 904 2680 catera
947 2624 1022 2680 de
1080 2640 1143 2680 se
1199 2624 1369 2680 latus
1427 2628 1485 2680 et
1532 2623 1737 2680 hilaris
1776 2622 1856 2681 ita
1896 2623 1957 2679 in

296 2717 362 2772 Β.
394 2714 586 2772 littera
614 2714 791 2771 lusit:

296 2805 544 2862 Scandit
574 2806 649 2861 ab
678 2807 749 2860 R.
784 2803 1093 2859 Girbertus
1131 2804 1194 2858 in
1225 2805 1294 2860 R.
1327 2808 1457 2871 post
1496 2818 1660 2872 papa
1697 2804 1855 2874 viget
1883 2804 1953 2858 It.

278 2894 416 2951 'Hoc
442 2899 643 2968 aperte
674 2893 1098 2949 demonstrans
1127 2891 1294 2964 quod
1321 2891 1381 2946 hi
1414 2896 1530 2947 tres
1575 2891 1955 2964 episcopatus

2068 1744 2105 1784 a
2147 1743 2487 1801 pauperum
2518 1734 2777 1801 caterva,
2807 1729 3065 1803 imperat
3103 1730 3284 1801 longe
3332 1748 3370 1788 a
3397 1748 3460 1788 se
3498 1732 3733 1806 expelli,

2066 1817 2171 1889 qui
2212 1817 2343 1889 jam
2396 1818 2591 1875 satiati
2646 1818 2883 1875 fuerant
2959 1819 3233 1876 carnium
3285 1837 3391 1877 esu
3443 1820 3636 1877 simul
3687 1826 3738 1877 et

2065 1906 2303 1980 poculo.
2338 1908 2609 1980 Cumque
2637 1913 2948 1979 surgerent
2968 1926 3005 1965 a
3025 1926 3257 1978 mensa,
3288 1909 3509 1984 aspicit
3532 1912 3734 1982 regina

2067 1995 2389 2052 Dominum
2444 2013 2626 2052 suum
2679 1996 3023 2054 fraudatum
3093 1998 3303 2068 gloria.
3361 2002 3429 2057 Et
3499 1999 3732 2057 turbata

2067 2090 2274 2141 contra
2305 2091 2583 2142 sanctum
2612 2086 2711 2142 Dei
2736 2102 2858 2142 non
2887 2088 3222 2144 constantia
3247 2088 3499 2162 protulit
3519 2089 3726 2146 verba:

2068 2178 2257 2243 «Heu,
2292 2175 2488 2231 senior
2514 2175 2673 2232 bone
2703 2177 2715 2232 Ξ
2767 2177 2902 2250 quis
2948 2177 3332 2234 inimicorum
3365 2178 3464 2235 Dei
3496 2196 3609 2237 vos
3638 2196 3729 2236 au-

2065 2281 2169 2321 reo
2198 2265 2413 2321 vestitu
2441 2264 2783 2339 deturpavit
2806 2266 3061 2324 honesto
3080 2270 3109 2325 ‘I
3132 2271 3237 2339 Me,
3268 2268 3485 2342 inquit,
3522 2269 3724 2343 aliquis

2067 2369 2189 2409 non
2219 2352 2578 2426 deturpavit,
2611 2354 2717 2409 sed
2754 2354 2834 2410 illi
2890 2355 2996 2428 qui
3038 2355 3283 2412 abstulit
3319 2358 3724 2414 necessarium

2066 2442 2263 2513 magis
2292 2458 2482 2515 quam
2510 2442 2705 2511 nobis,
2734 2443 2970 2500 volente
3000 2447 3140 2513 Deo,
3174 2445 3463 2518 proﬁciet.
3498 2470 3528 2498 »ι
3560 2446 3721 2505 Sede-

2067 2532 2140 2587 tis
2164 2531 2256 2587 his
2310 2531 2582 2602 vocibus,
2637 2532 2887 2589 collocat
2938 2550 3000 2589 se
3053 2534 3114 2590 in
3161 2535 3423 2592 oratorio
3469 2552 3600 2609 rex,
3630 2536 3719 2593 Dei

2066 2620 2229 2677 dono
2253 2619 2563 2676 latiﬁcans
2592 2636 2655 2676 se
2685 2620 2760 2676 de
2791 2636 2900 2677 suo
2927 2621 3160 2694 perdito
3189 2628 3247 2679 et
3272 2623 3347 2679 de
3378 2641 3506 2681 sua
3527 2625 3716 2697 conju-

2067 2708 2156 2779 gis
2184 2708 2365 2779 dicto,
2396 2708 2731 2765 astantibus
2784 2708 2865 2765 ibi
2901 2709 3130 2767 domno
3177 2711 3493 2770 Guillelmo
3542 2713 3715 2770 Divic-

2065 2798 2348 2854 nensium
2375 2798 2615 2870 abbate,
2640 2797 2818 2854 simul
2840 2803 2899 2855 et
2925 2799 3132 2856 Odone
3151 2801 3368 2858 comite
3397 2806 3459 2859 et
3476 2818 3595 2860 non
3618 2801 3713 2858 mi-

2067 2887 2243 2945 nimis
2274 2891 2636 2943 Francorum
2666 2887 3050 2960 primoribus.
3084 2890 3375 2955 Quadam
3425 2891 3617 2948 adhuc
3644 2890 3709 2948 de

296 2984 575 3051 honores,
598 2999 752 3056 quos
775 2981 1152 3056 professione
1176 2980 1465 3050 regularis
1490 2980 1619 3036 vita
1649 2979 1833 3053 patris
1856 2982 1958 3037 Be—
1997 2980 2038 3037 C
2066 2977 2196 3049 ejus
2246 2993 2371 3033 non
2417 2976 2670 3033 minima
2707 2977 2921 3050 pietate
2954 2979 3259 3036 narranda
3300 2985 3460 3037 sunt.
3490 2979 3707 3037 Prasuli

296 3073 515 3130 nedicti
545 3072 883 3129 monachus
933 3071 1124 3127 factus
1154 3070 1437 3142 suscepit,
1468 3069 1618 3126 rexit
1645 3074 1702 3125 et
1746 3070 1955 3144 tenuit,

297 3163 477 3234 hujus
506 3165 570 3220 Β.
602 3161 805 3218 littera
852 3159 1023 3229 signo
1070 3159 1131 3215 in
1164 3158 1356 3232 capite
1387 3163 1525 3213 sunt
1554 3158 1859 3215 declarati.
1894 3164 1954 3215 In

297 3252 681 3309 addiscendis
710 3266 853 3307 vero
904 3249 1131 3306 artibus
1181 3249 1276 3304 hic
1328 3247 1416 3302 vir
1456 3247 1556 3304 Dei
1583 3247 1956 3304 humillimus

294 3342 590 3397 domnum
619 3345 904 3411 lngonem
936 3338 1229 3407 collegam
1254 3336 1483 3405 habuit,
1508 3353 1689 3408 quem
1710 3337 1957 3393 abbatia

295 3430 350 3485 S.
376 3430 603 3487 Martini
632 3428 1042 3487 Masciacensis
1064 3429 1534 3492 remuneratum,
1553 3430 1689 3497 post
1713 3426 1958 3482 abbatia

297 3522 350 3574 S.
374 3517 650 3573 Germani
669 3514 1083 3571 Parisiacensis
1109 3513 1401 3584 inclytum
1431 3513 1650 3568 saculo
1676 3514 1953 3583 reddidit,

295 3611 359 3661 ut
387 3604 641 3660 decebat
670 3608 902 3659 tantum
932 3603 1147 3657 virum.
1181 3604 1484 3665 Quantum
1536 3606 1738 3656 autem
1785 3602 1847 3657 in
1886 3619 1957 3658 eo

293 3695 511 3750 harum
540 3692 826 3748 virtutum
855 3691 1221 3746 incrementa
1247 3689 1543 3759 viguerint
1569 3705 1682 3745 nos
1706 3690 1957 3748 brevita-

290 3783 332 3839 ti
360 3783 663 3838 studentes
693 3779 902 3854 paucis
932 3778 1221 3834 adnotare
1247 3777 1611 3833 curavimus.

366 3873 640 3939 Quodam
698 3877 966 3943 tempore
1021 3867 1244 3942 palatio
1298 3867 1670 3940 Compendii,
1722 3869 1818 3924 hic
1869 3869 1955 3925 vir

289 3960 735 4031 misericordia,
778 3960 869 4014 vir
917 3956 1172 4031 pietatis,
1217 3955 1468 4028 positus,
1517 3973 1706 4013 unum
1761 3957 1953 4030 quod-

290 4050 434 4105 dam
485 4050 567 4105 ibi
612 4049 675 4105 in
722 4065 844 4103 uno
884 4050 1164 4119 operatus
1196 4049 1305 4111 est,
1339 4044 1507 4117 quod
1537 4045 1702 4100 omni
1732 4046 1953 4102 saculo

290 4138 482 4209 patuit
527 4142 584 4193 et
628 4137 854 4194 cunctis
904 4152 1011 4207 pro
1048 4136 1181 4208 ipsa
1209 4134 1428 4208 pietate
1459 4140 1515 4191 et
1544 4134 1953 4192 misericordia

289 4225 574 4281 imitabile
603 4226 855 4298 reliquit.
892 4229 1175 4282 Sanctum
1207 4226 1434 4280 Pascha
1469 4225 1568 4281 illo
1595 4225 1655 4281 in
1685 4226 1818 4282 loco
1848 4242 1953 4282 rex

2067 3066 2307 3123 cuidam
2355 3066 2723 3138 [Leothorico
2775 3069 3106 3125 Senonensi
3135 3069 3603 3146 archiepiscopo]
3640 3069 3704 3127 de

2065 3156 2318 3212 Domino
2365 3172 2491 3212 non
2539 3156 2693 3212 bene
2746 3157 3021 3214 sentienti
3058 3163 3115 3214 et
3141 3160 3434 3233 quarenti
3462 3176 3563 3233 pro
3588 3158 3703 3232 qui-

2064 3246 2331 3302 busdam
2375 3246 2571 3302 causis
2610 3246 3032 3318 probationem
3081 3248 3143 3304 in
3191 3265 3443 3322 corpore
3490 3246 3697 3305 Domini

2065 3337 2251 3393 nostri
2277 3340 2412 3393 Jesu
2444 3337 2651 3394 Christi
2679 3337 2927 3410 indigne
2958 3339 3089 3396 tulit
3108 3356 3212 3395 rex
3242 3346 3472 3397 amator
3486 3338 3693 3396 bonita-

2066 3426 2137 3483 tis
2185 3431 2241 3483 et
2268 3427 2506 3500 scripsit
2547 3427 2600 3482 ei
2643 3427 2703 3483 in
2749 3427 2841 3483 his
2873 3429 3109 3486 verbis:
3169 3432 3364 3488 «Cum
3390 3430 3457 3485 sit
3480 3428 3570 3484 tibi
3594 3442 3688 3482 no-

2066 3530 2205 3569 men
2232 3514 2489 3570 scientia
2523 3519 2579 3570 et
2603 3532 2726 3571 non
2755 3515 2951 3572 luceat
2978 3516 3041 3572 in
3083 3522 3136 3573 te
3164 3517 3357 3573 lumen
3385 3513 3670 3587 sapientia,

2064 3603 2249 3658 miror
2288 3619 2412 3674 qua
2439 3600 2668 3659 ratione
2699 3604 2999 3677 quaesieris
3038 3621 3149 3678 pro
3194 3605 3301 3662 tuis
3325 3600 3666 3676 iniquissimis

2062 3689 2327 3763 imperiis
2357 3694 2413 3745 et
2442 3706 2550 3763 pro
2581 3690 2857 3748 infestato
2906 3692 3044 3749 odio
3093 3692 3263 3766 quod
3307 3708 3438 3763 erga
3461 3689 3552 3747 Dei
3571 3702 3673 3744 ser-

2062 3796 2168 3835 vos
2198 3778 2386 3835 habes
2430 3779 2935 3836 examinationem
2979 3797 3038 3837 in
3070 3798 3321 3855 corpore
3351 3787 3406 3838 et
3431 3777 3684 3850 sanguine

2066 3868 2334 3936 Domini;
2385 3873 2442 3925 et
2472 3886 2610 3925 cum
2662 3869 2776 3925 hoc
2826 3870 2897 3926 sit
2948 3871 3115 3944 quod
3147 3888 3184 3927 a
3211 3872 3395 3928 dante
3422 3867 3693 3928 sacerdote

2062 3957 2306 4014 dicitur:
2337 3958 2567 4028 Corpus
2596 3960 2835 4015 Domini
2861 3962 3054 4016 nostri
3078 3962 3220 4018 Jesu
3251 3963 3484 4018 Christi
3506 3961 3573 4016 sit
3603 3955 3696 4013 tibi

2061 4048 2226 4103 salus
2272 4050 2487 4104 anima
2516 4054 2569 4104 et
2617 4052 2906 4118 corporis,
2938 4066 3045 4105 cur
3074 4055 3139 4106 tu
3177 4051 3495 4107 temerario
3534 4063 3627 4105 ore
3650 4049 3699 4101 et

2060 4136 2290 4210 polluto
2315 4137 2480 4193 dicas
2506 4154 2518 4191 :
2568 4138 2638 4193 Si
2655 4138 2874 4208 dignus
2896 4155 2955 4195 es
2984 4142 3205 4213 accipe,
3240 4157 3379 4197 cum
3409 4141 3487 4197 sit
3526 4136 3698 4195 nullus

2060 4227 2166 4298 qui
2176 4226 2468 4282 habeatur
2486 4225 2745 4297 dignus?
2765 4229 2880 4284 Cur
2901 4227 3189 4285 divinitati
3211 4229 3490 4285 attribuis
3508 4242 3700 4285 arum-

290 4313 566 4369 amabilis
617 4313 1021 4369 celebraturus
1082 4312 1145 4367 in
1208 4312 1304 4368 die
1363 4330 1548 4369 coena
1605 4314 1860 4383 Domini,
1916 4331 1952 4371 a
1985 4318 2028 4372 D
2062 4331 2174 4370 nas
2220 4316 2487 4388 corporis
2536 4320 2591 4371 et
2637 4315 2946 4373 inﬁrmum
2977 4318 3199 4374 doloris
3229 4320 3486 4376 humani
3513 4316 3701 4374 divina

288 4401 608 4459 duodecim
655 4401 876 4473 iniqua
907 4400 1366 4473 conspirationis
1411 4402 1668 4458 ducibus
1706 4420 1870 4459 mors
1900 4404 1953 4459 ei

281 4496 625 4567 juramento
687 4490 1065 4565 promittitur,
1125 4490 1243 4546 vita
1308 4490 1694 4563 abstrahitur,
1757 4494 1953 4550 honor

283 4585 484 4657 regius
519 4583 755 4640 tollitur.
799 4581 941 4655 Capi
971 4596 1073 4637 eos
1121 4584 1178 4635 et
1229 4579 1451 4636 adduci
1498 4585 1635 4636 ante
1685 4599 1746 4637 se
1779 4583 1952 4652 jubet

282 4690 385 4730 rex
419 4672 811 4729 mittissimus.
844 4672 1231 4725 Percontatus
1274 4683 1377 4723 eos
1424 4669 1675 4725 mandat
1727 4673 1949 4728 servari

282 4762 467 4818 domo
511 4760 702 4818 Caroli
752 4758 933 4829 Calvi,
966 4757 1270 4827 regalibus
1325 4756 1586 4830 dapibus
1636 4758 1949 4831 opulenter

279 4851 442 4907 reﬁci
471 4855 529 4907 et
575 4851 635 4906 in
690 4849 785 4906 die
819 4852 1041 4905 sancta
1073 4846 1537 4903 Resurrectiouis
1566 4848 1946 4920 perceptione

279 4939 546 5007 corporis
593 4944 650 4995 et
696 4937 1005 5009 sanguinis
1046 4936 1283 4993 Domini
1332 4936 1520 4993 nostri
1562 4938 1705 4992 Jesu
1733 4937 1946 4995 Christi

275 5028 589 5098 insigniter
641 5027 1023 5102 pramuneri.
1079 5026 1356 5083 Secunda
1434 5030 1636 5082 autem
1700 5026 1945 5085 Sabbati

275 5118 658 5190 proferuntur
706 5118 768 5174 in
814 5117 1105 5189 medium,
1148 5116 1519 5188 judicantur,
1550 5115 1940 5187 damnantur,

275 5212 332 5263 et
388 5223 568 5280 super
620 5223 724 5263 eos
778 5212 862 5263 tot
916 5207 1220 5265 sententia
1277 5210 1427 5280 quot
1472 5206 1766 5263 homines.
1820 5212 1940 5265 Au-

273 5295 420 5351 divit
462 5295 575 5350 ista
625 5295 904 5368 princeps
957 5297 1074 5364 Dei,
1117 5297 1253 5369 pius
1310 5301 1370 5353 et
1413 5295 1704 5370 prudens,
1746 5297 1939 5355 sciens

273 5388 332 5442 et
365 5383 718 5455 intelligens,
760 5389 817 5441 et
866 5386 1030 5458 ipsos
1080 5391 1326 5460 propter
1361 5386 1695 5457 benignum
1731 5389 1937 5444 Jesum

272 5475 547 5542 absolvit,
580 5475 788 5532 dicens
822 5490 943 5531 non
976 5475 1194 5531 debere
1224 5476 1502 5531 damnari
1548 5476 1654 5549 qui
1700 5476 1938 5533 fuerant

268 5565 610 5639 pramuniti
662 5564 798 5622 cibo
867 5568 1133 5637 potuque
1190 5564 1433 5621 caelesti.
1488 5565 1600 5621 Sed
1666 5581 1739 5621 ne
1806 5582 1934 5621 am-

268 5652 426 5726 plius
452 5653 589 5709 talia
618 5655 679 5709 in
709 5654 913 5726 aliquo
944 5658 1232 5723 gererent,
1260 5654 1385 5710 suis
1416 5654 1640 5711 sanctis
1669 5655 1927 5728 imperat

2063 4404 2366 4461 connectis
2394 4410 2621 4461 natura
2646 4406 2672 4461 εἰ
2698 4409 2914 4462 Jurans
2946 4407 3180 4464 Domini
3208 4408 3415 4479 ﬁdem,
3449 4408 3703 4484 princeps

2062 4493 2183 4560 Dei,
2214 4494 2569 4567 privaberis,
2601 4494 2813 4568 inquit,
2845 4496 3073 4553 honore
3118 4497 3445 4570 pontificis,
3489 4496 3596 4555 nisi
3637 4491 3704 4551 ab

2060 4583 2152 4638 his
2174 4583 2516 4656 resipueris,
2541 4588 2597 4639 et
2617 4584 3005 4641 damnaberis
3035 4603 3173 4642 cum
3202 4586 3294 4642 his
3314 4586 3421 4660 qui
3454 4585 3709 4643 dixerunt

2061 4672 2344 4728 Domino:
2374 4674 2598 4730 Recede
2625 4689 2662 4729 a
2693 4675 2879 4742 nobis,
2906 4678 2963 4730 et
2990 4690 3111 4731 non
3140 4674 3600 4733 communicatis
3625 4670 3703 4727 his

2057 4762 2277 4834 quibus
2323 4761 2579 4818 dicitur:
2638 4763 3137 4836 Appropinquate
3203 4765 3347 4835 Deo,
3409 4773 3471 4822 et
3508 4775 3705 4834 appro-

2047 4850 2371 4923 pinquabit
2416 4851 2656 4907 vobis.»
2718 4851 2817 4907 His
2867 4851 3061 4907 verbis
3112 4852 3332 4925 prasul
3385 4869 3514 4911 non
3567 4851 3703 4907 bene

2053 4938 2290 5012 doctus,
2344 4957 2382 4997 a
2438 4955 2575 5011 rege
2635 4941 2735 5014 pio
2801 4945 2857 4997 et
2915 4940 3081 4998 bono
3147 4942 3453 5016 sapienter
3501 4942 3703 4999 instru-

2053 5033 2202 5097 ctus,
2250 5029 2493 5103 quievit,
2525 5030 2827 5086 obmutuit
2863 5034 2919 5087 et
2969 5030 3129 5088 siluit
3183 5047 3220 5087 a
3266 5032 3553 5104 dogmate
3590 5041 3705 5104 per-

2051 5132 2246 5186 verso,
2275 5118 2441 5191 quod
2485 5124 2611 5175 erat
2661 5118 3027 5176 contrarium
3081 5120 3248 5176 omni
3283 5120 3450 5178 bono
3499 5124 3557 5177 et
3587 5119 3701 5190 jam

2050 5207 2360 5264 crescebat
2382 5208 2444 5263 in
2478 5208 2718 5264 saculo.

2124 5300 2186 5352 In
2200 5296 2337 5352 sinu
2358 5297 2565 5354 matris
2584 5297 2855 5354 Ecclesia
2877 5297 3203 5356 collocatus
3222 5299 3331 5356 iste
3357 5300 3459 5357 Dei
3488 5309 3697 5360 servus,

2053 5385 2247 5443 factus
2262 5391 2353 5442 est
2382 5387 2669 5461 Dominici
2695 5387 2963 5461 corporis
2991 5392 3049 5445 et
3076 5388 3387 5459 sanguinis
3408 5398 3699 5446 vasorum-

2052 5492 2169 5547 que
2200 5476 2330 5546 ejus
2361 5480 2561 5532 custos
2591 5460 2968 5533 fortissimus.
2990 5478 3081 5533 Ad
3111 5493 3377 5549 unguem
3405 5478 3489 5535 ita
3517 5485 3698 5549 peror-

2048 5564 2270 5621 dinans
2301 5570 2536 5636 cuncta,
2554 5566 2729 5639 quasi
2754 5565 3055 5623 videretur
3078 5569 3232 5624 Deus
3260 5566 3482 5641 suscipi
3505 5577 3622 5622 non
3641 5564 3696 5615 ut

2046 5654 2108 5711 in
2132 5654 2391 5725 alterius,
2411 5654 2515 5711 sed
2545 5654 2607 5711 in
2632 5656 2877 5729 propria
2902 5662 3127 5715 sancta
3152 5656 3481 5730 maiestatis
3497 5650 3691 5726 gloria.
