3994 6166
314 183 422 237 913

1965 180 2146 237 νιτΑ.

3659 194 3764 247 914

315 307 453 360 Ηωο
481 305 612 376 ejus
644 303 905 372 devotio,
939 302 1070 358 haec
1091 306 1218 358 erat
1246 299 1419 358 fortis
1446 301 1742 372 provisio,
1782 306 1849 359 ut
1879 319 2003 358 cor—
2039 307 2088 359 Α
2111 306 2398 364 mandata
2428 326 2440 363 :
2475 332 2503 359 ‹‹
2525 313 2749 368 Recede
2776 314 3018 381 abhinc,
3041 315 3250 372 recede
3287 335 3299 384 ;
3352 314 3608 371 sufﬁciat
3661 315 3766 370 tibi

314 395 392 450 de
423 395 654 450 mundo
678 399 736 450 et
777 394 995 449 vestitu
1047 393 1312 449 candido
1376 392 1534 446 Deus
1592 393 2008 449 immolaretur

313 498 429 556 pro
457 483 635 538 totius
668 481 881 538 mundi
908 482 1166 554 piaculo.
1201 481 1329 536 Hoc
1364 479 1668 536 servitutis
1716 481 2007 553 obsequio

316 571 738 628 delectabatur
765 571 933 627 terris
966 571 1199 644 positus
1226 571 1361 641 jam
1392 568 1453 623 in
1488 569 1675 625 coelis.
1708 570 2008 627 Iucunda-

313 660 488 716 batur
520 660 581 715 in
623 664 971 716 sanctorum
997 658 1358 732 pignoribus
1390 672 1426 711 a
1451 672 1515 712 se
1550 674 1703 714 auro
1729 663 1787 715 et
1802 675 2011 730 argen-

315 752 380 804 to
411 747 562 804 bene
588 749 819 804 ornatis
850 748 1120 804 vestibus
1151 747 1331 811 albis,
1383 748 1868 804 sacerdotalibus
1917 747 2007 802 in-

317 837 652 904 dumentis,
689 836 969 892 crucibus
999 836 1298 910 pretiosis,
1336 834 1631 892 calicibus
1657 854 1806 893 auro
1844 837 2008 892 bono

317 925 647 993 fabricatis,
683 925 1002 980 thuribulis
1036 925 1291 982 electum
1317 925 1662 996 thymiama
1709 927 2010 1000 proferen-

314 1014 495 1083 tibus,
530 1015 700 1070 vasis
732 1015 1030 1084 argenteis
1058 1014 1136 1070 ad
1166 1013 1672 1071 emundationem
1711 1031 2007 1071 manuum

2111 395 2276 466 quod
2305 396 2622 467 abstulisti,
2667 403 2810 473 quia
2868 409 2924 459 et
2981 403 3147 460 alteri
3198 405 3605 460 necessarium
3663 403 3770 459 erit

2113 485 2277 555 quod
2307 485 2605 558 reliquum
2630 494 2735 544 est.
2775 515 2800 539 η
2853 492 3148 548 Confusus
3176 493 3327 550 latro
3384 491 3786 548 ahscessitad‘

2111 572 2431 646 imperium
2452 577 2888 651 sanctiviri,qui
2908 581 3376 652 periclitantibus
3393 587 3450 638 et
3465 580 3771 654 pauperri-

2112 662 2226 717 mis
2257 663 2372 719 hoc
2399 666 2808 722 consentiebat
2827 684 2900 723 ex
2929 685 3094 724 more
3121 687 3229 742 pro
3264 671 3364 727 Dei
3422 686 3645 737 amore,
3705 674 3771 725 ut

2113 750 2360 806 haberet
2390 768 2492 808 eos
2522 754 2685 826 apud
2716 758 2900 810 Deum
2924 757 3341 813 intercessores
3368 775 3521 831 quos
3547 757 3771 813 sciebat

2108 839 2237 910 jam
2269 857 2395 896 esse
2422 841 2610 898 factos
2643 844 2742 900 Dei
2773 845 2948 900 cives.

2189 929 2368 985 Sedes
2399 931 2638 1002 regalis,
2672 933 2969 991 Pisciacus
3001 934 3179 1003 dicta,
3221 951 3404 1008 supra
3431 939 3769 1008 Sequanam

2114 1017 2332 1090 posita,
2370 1022 2731 1076 Francorum
2761 1022 3001 1091 rcgihus
3031 1024 3171 1078 satis
3202 1029 3292 1080 est
3316 1028 3674 1096 opportuna.
3711 1027 3771 1078 In

304 1104 671 1171 sacerdotis,
701 1103 806 1176 qui
829 1103 1027 1158 stabat
1057 1103 1157 1159 illa
1186 1104 1341 1158 hora
1373 1102 1642 1160 fundens
1669 1121 1876 1177 preces
1931 1104 2009 1160 ad

308 1198 502 1251 Deum
531 1209 652 1266 pro
676 1193 857 1250 totius
883 1193 1093 1266 populi
1116 1193 1367 1249 delictis.
1411 1195 1478 1248 Et
1518 1194 1670 1266 quid
1700 1195 1727 1250 ἱ)
1782 1197 1895 1250 Vas
1920 1193 2008 1248 vi-

2117 1121 2186 1160 ea
2242 1107 2608 1163 monasteria
2653 1109 2762 1164 tria
2813 1109 2891 1164 ab
2949 1110 3212 1182 antiquis
3265 1111 3406 1166 viris
3453 1110 3773 1166 didicimus

2115 1195 2290 1262 facta,
2317 1211 2506 1251 unum
2535 1197 2593 1252 in
2625 1197 2920 1254 honorem
2951 1205 3172 1255 sanctas
3204 1201 3418 1266 Mariae,
3447 1200 3609 1255 aliud
3642 1215 3776 1255 san-

313 1287 552 1341 narium
579 1300 656 1340 ex
683 1288 932 1352 argento
961 1281 1214 1352 factum,
1247 1282 1418 1355 quod
1450 1285 1746 1340 canthara
1767 1283 2005 1346 dicitur,

317 1391 353 1431 a
379 1390 488 1430 suo
519 1373 798 1446 quodam
825 1371 1046 1427 clerico
1074 1371 1270 1427 fuerat
1298 1371 1570 1426 furatum
1605 1391 1617 1440 ;
1651 1372 1818 1445 quod
1865 1388 2005 1426 eum

319 1463 692 1520 omnimodis
720 1462 943 1518 tristem
974 1460 1262 1516 reddidit.
1289 1463 1416 1516 Non
1452 1461 1540 1516 sic
1563 1467 1765 1517 autem
1797 1465 1863 1516 ut
1892 1466 2011 1516 tur-

316 1554 564 1610 baretur
594 1551 845 1607 clericus
874 1549 980 1622 qui
1020 1553 1234 1623 postea
1266 1547 1373 1604 fuit
1393 1549 1475 1605 illi
1507 1551 1829 1622 pretiosus.
1865 1553 2010 1604 Exa-

2115 1285 2188 1339 cti
2219 1285 2490 1354 Joannis,
2521 1287 2758 1342 tertium
2790 1289 2981 1344 sancti
3015 1289 3240 1345 Martini
3294 1289 3669 1344 confessoris.
3733 1293 3774 1344 Ε

2114 1375 2336 1445 quibus
2369 1391 2555 1431 unum
2589 1376 2649 1431 in
2680 1377 2907 1432 honore
2940 1384 3161 1434 sanctae
3191 1379 3382 1434 Mariae
3421 1379 3627 1434 matris
3665 1382 3775 1433 Do-

2114 1462 2260 1516 mini
2293 1479 2395 1518 rex
2437 1463 2636 1518 bonus
2690 1482 3006 1521 assumens
3049 1472 3106 1522 et
3155 1483 3191 1521 a
3239 1483 3398 1522 novo
3444 1467 3773 1535 mdificans,

2103 1549 2261 1607 illud
2286 1550 2347 1604 in
2380 1554 2746 1608 ornamentis
2779 1558 2833 1609 et
2855 1553 3100 1621 clericis,
3131 1571 3280 1610 auro
3308 1558 3364 1610 et
3392 1559 3638 1624 argento
3683 1571 3777 1609 sa-

318 1642 717 1698 minationem
747 1639 885 1695 furti
915 1638 1211 1693 minitans
1234 1653 1336 1692 rex
1362 1636 1512 1703 ﬁeri,
1561 1639 1767 1694 volens
1799 1637 2010 1692 nolens
2045 1658 2084 1710 Β
2115 1640 2188 1695 tis
2215 1641 2567 1696 honorabile
2599 1642 2872 1699 reddidit.
2900 1647 3028 1709 Quo
3057 1645 3346 1700 laudandi
3378 1649 3564 1700 Deum
3617 1660 3776 1699 nun-

322 1732 592 1796 clericus,
625 1728 768 1785 mali
797 1732 1067 1801 patrator
1117 1727 1336 1799 operis,
1396 1727 1695 1800 qumsivit,
1755 1725 2011 1782 redemit

323 1825 383 1877 et
415 1837 526 1876 suo
557 1819 705 1875 illud
736 1819 868 1874 loco
889 1818 1168 1873 restituit.
1224 1821 1286 1872 in
1328 1817 1442 1872 hoc
1474 1833 1580 1872 rex
1632 1817 1732 1872 Dei
1777 1815 2009 1872 amicus

331 1910 609 1967 alludens
640 1909 852 1964 clerico
883 1907 1130 1963 dicebat
1163 1925 1176 1962 :
1211 1929 1238 1956 ‹‹
1273 1907 1476 1964 Melius
1523 1922 1653 1962 esse
1704 1906 1764 1962 in
1822 1906 2009 1961 domo

329 1997 574 2071 propria
605 2001 923 2070 apportare
945 2012 1137 2068 quam
1166 1999 1506 2068 exportare,
1545 2011 1620 2050 ne
1677 1993 2011 2050 efﬁceretur

332 2087 540 2142 similis
566 2085 756 2155 Judae,
784 2085 888 2158 qui
919 2085 1012 2140 fur
1039 2089 1191 2153 erat,
1251 2089 1308 2140 et
1362 2083 1596 2140 loculos
1657 2083 1892 2140 habens
1941 2098 2013 2137 ea

327 2191 468 2248 quae
496 2174 886 2230 mittebantur
925 2173 1288 2246 exportahat
1341 2174 1538 2244 (Joan.
1571 2189 1673 2239 xu,
1703 2174 1779 2242 6).
1815 2195 1844 2222 ››
1897 2173 2012 2226 Ha-

324 2263 461 2318 buit
490 2263 650 2318 enim
681 2267 891 2335 postea
915 2263 1078 2318 hunc
1109 2278 1232 2316 suae
1273 2261 1509 2317 utilitati
1531 2260 1903 2334 proximum,
1959 2263 2017 2314 et

326 2352 424 2408 sui
454 2351 599 2408 boni
657 2351 887 2407 consilii
947 2351 1224 2420 dignum.
1290 2350 1527 2406 Sciebat
1571 2349 1665 2404 hic
1698 2348 2013 2421 piissimus

327 2442 431 2497 Dei
455 2441 666 2498 virtute
697 2458 807 2496 sua
837 2445 894 2497 et
918 2440 1115 2496 aliena
1144 2456 1354 2496 curare
1377 2439 1650 2508 vulnera,
1671 2438 2012 2493 secundum

325 2531 521 2604 patris
551 2531 849 2587 Benedicti
880 2529 1189 2596 mandata,
1215 2545 1339 2584 non
1371 2529 1648 2597 detegere
1701 2532 1755 2582 et
1809 2527 2012 2600 publi-

329 2638 492 2678 care.
531 2622 721 2692 Hujus
750 2622 930 2692 igitur
959 2625 1206 2693 peccata
1232 2636 1343 2693 pro
1375 2618 1476 2675 tali
1502 2618 1659 2673 facto
1699 2632 1810 2672 sua
1856 2621 2013 2674 Deus

329 2711 534 2768 deleat
563 2727 917 2784 quaesumus
949 2710 1284 2779 clementia,
1320 2713 1403 2776 ut,
1461 2707 1684 2763 sanctis
1725 2708 2014 2762 omnibus

330 2799 867 2866 intercedentibus,
900 2798 1207 2871 possideat
1230 2798 1535 2869 justorum
1559 2794 1784 2866 gaudia
1811 2811 2015 2869 repro-

330 2905 542 2946 missa.

2116 1744 2301 1800 quam
2334 1728 2518 1784 tinem
2549 1730 2778 1786 habuit.
2817 1734 2998 1787 Porro
3028 1733 3400 1788 orationibus
3441 1732 3524 1787 ibi
3573 1731 3778 1787 adhtB-

2116 1833 2253 1871 rens
2281 1817 2422 1885 Deo,
2459 1835 2595 1874 cum
2625 1819 2703 1874 ad
2733 1819 2932 1875 locum
2964 1821 3404 1892 repausationis
3437 1820 3530 1876 sui
3559 1819 3778 1875 humil-

2117 1903 2243 1960 limi
2273 1907 2538 1978 corporis
2564 1913 2974 1975 reverteretur,
3001 1914 3137 1980 post
3165 1913 3436 1965 assuetos
3465 1910 3526 1964 in
3555 1908 3778 1964 oratio-

2118 2011 2192 2050 ne
2223 1995 2628 2068 lacrymarum
2680 1998 2901 2054 imbres
2955 1997 3140 2064 fusos,
3201 1998 3426 2054 invenit
3465 1997 3549 2053 ibi
3600 2013 3779 2053 suam

2120 2084 2390 2142 lanceam
2413 2103 2448 2142 a
2479 2087 2732 2157 conjuge
2760 2087 3024 2158 gloriosa
3040 2087 3192 2144 bene
3208 2092 3455 2157 argento
3475 2092 3776 2160 paratam.

2123 2179 2283 2230 Hanc
2311 2175 2700 2231 considerans
2730 2177 2941 2248 aspicit
2961 2194 2996 2232 a
3023 2177 3164 2232 foris
3195 2179 3242 2232 si
3281 2177 3630 2249 quempiam
3684 2194 3780 2233 re-

2121 2265 2338 2337 periret
2368 2270 2684 2335 argentum
2704 2267 2817 2322 hoc
2849 2267 2943 2322 cui
2999 2267 3406 2323 necessarium
3458 2267 3624 2321 foret.
3692 2272 3782 2322 ln-

2121 2354 2485 2427 veniensque
2543 2355 2871 2427 quemdam
2915 2357 3388 2426 pauperrimum,
3453 2354 3781 2426 interrogat

2122 2449 2292 2499 caute
2319 2445 2367 2499 si
2396 2444 2642 2500 haberet
2667 2444 2892 2516 aliquid
2923 2445 3264 2502 ferramenti
3293 2461 3416 2518 quo
3447 2450 3650 2519 posset
3677 2461 3782 2502 au-

2122 2533 2257 2588 ferri
2279 2539 2613 2603 argentum.
2649 2534 2894 2604 Pauperi
2925 2534 3112 2589 inscio
3139 2537 3219 2591 ad
3246 2535 3393 2607 quid
3414 2536 3494 2592 ita
3516 2536 3777 2608 require-

2121 2627 2208 2678 ret
2232 2623 2312 2677 ait
2345 2621 2444 2677 Dei
2475 2622 2736 2677 famulns
2771 2627 2832 2676 ut
2859 2623 3165 2695 perquirat
3189 2624 3568 2696 quantocius.
3625 2628 3779 2681 Inter

2121 2713 2248 2766 haec
2276 2711 2528 2767 orationi
2574 2711 2844 2766 vacabat.
2898 2711 3238 2768 Adveniens
3298 2711 3346 2765 is
3399 2711 3503 2784 qui
3554 2712 3778 2769 missus

2123 2801 2313 2856 fuerat
2366 2800 2795 2856 ferramentum
2843 2800 3012 2856 oﬂ‘ert
3057 2801 3152 2856 tali
3214 2800 3378 2874 operi
3429 2801 3570 2856 satis
3631 2819 3777 2858 con-

2124 2906 2362 2959 gruum.
2398 2889 2764 2946 Obserantur
2793 2889 2947 2946 ostia
2989 2889 3210 2946 domus
3248 2895 3305 2946 et
3329 2905 3432 2945 rex
3462 2906 3600 2946 cum
3624 2907 3777 2964 pau-

409 2983 756 3047 Pergratum
781 2978 928 3034 mihi
958 2982 1047 3033 est
1067 2981 1122 3033 et
1149 2978 1262 3032 hoc
1293 2975 1544 3032 auribus
1565 2974 1847 3066 intimare
1871 2974 2012 3030 ﬁde-
2041 3009 2084 3066 ο
2121 2996 2261 3052 pere
2289 2983 2605 3048 argentum
2627 2995 2662 3033 a
2691 2978 2900 3035 lancea
2931 2978 3204 3035 auferens
3252 2979 3620 3051 pauperculo
3673 2981 3780 3038 dat

332 3069 508 3136 lium,
565 3067 730 3140 quod
796 3072 885 3122 est
937 3066 1185 3122 omnino
1232 3068 1481 3120 narratu
1559 3063 2010 3135 dignissimum,

331 3157 690 3214 Provocabit
717 3173 830 3212 nos
891 3159 1076 3211 Deum
1129 3158 1404 3210 amantes
1463 3153 1523 3208 in
1584 3155 1702 3210 hoc
1749 3151 2012 3208 liberalis

328 3249 504 3305 istius
533 3245 895 3302 serenissimi
925 3244 1048 3313 regi
1079 3241 1392 3310 memoria,
1445 3246 1502 3296 et
1561 3243 1698 3313 ejus
1743 3242 2012 3313 operatio

327 3339 539 3408 digna,
573 3352 710 3392 cum
740 3334 1022 3391 cordibus
1049 3332 1318 3387 fidelium
1350 3335 1407 3386 et
1434 3330 1780 3387 inﬁdelium
1805 3331 2012 3386 tinnie-

327 3429 409 3484 rit
441 3427 606 3496 tuba,
633 3441 756 3480 non
786 3423 886 3479 illa
916 3438 1053 3494 quae
1079 3437 1151 3476 ex
1183 3424 1534 3487 aeramento,
1573 3420 1684 3476 sed
1711 3437 1848 3492 quae
1871 3437 2011 3492 pro-

331 3516 494 3574 cedit
525 3516 599 3570 de
629 3513 854 3569 caelesti
897 3513 1202 3579 thesauro,
1257 3515 1314 3566 et
1369 3509 1654 3582 aperiens
1708 3525 1777 3564 os
1833 3527 2011 3566 suum

332 3606 516 3661 dicit:
553 3603 858 3660 Conclude
888 3603 1319 3670 eleemosynam
1347 3601 1412 3654 in
1443 3600 1583 3655 sinu
1609 3602 1924 3670 pauperis,
1956 3607 2010 3656 et

336 3698 472 3766 ipsa
489 3709 604 3764 pro
631 3700 686 3748 te
715 3691 988 3748 exorabit
1019 3691 1230 3760 (Eceli.
1253 3705 1417 3755 xxix,
1456 3691 1562 3759 15).
1590 3693 1722 3745 Haec
1781 3689 1856 3744 de
1912 3690 2013 3745 tali

337 3785 468 3840 viro
498 3783 847 3853 cogitantes.
883 3783 1208 3835 occurrunt
1229 3778 1403 3834 nobis
1428 3778 1604 3850 plura
1632 3779 2009 3847 cogitatione,

343 3874 557 3930 auditu
583 3878 641 3927 et
671 3887 971 3936 sermone,
1001 3885 1136 3942 quae
1168 3883 1290 3923 non
1318 3873 1572 3939 possunt
1624 3867 1842 3924 ascribi
1888 3885 2012 3941 prae

341 3962 750 4030 multitudine,
781 3962 926 4034 quia
947 3960 1046 4014 illa
1077 3958 1243 4014 solus
1277 3960 1428 4013 Deus
1468 3960 1712 4026 agnovit
1737 3975 1846 4014 sua
1879 3958 2013 4014 forti

343 4051 668 4126 prudentia
695 4054 751 4105 et
771 4049 1038 4114 scientia,
1091 4045 1332 4116 ingenio
1390 4049 1446 4100 et
1495 4049 1645 4110 arte,
1703 4063 1839 4119 quae
1889 4063 2013 4103 non

343 4143 608 4214 possunt
628 4134 1061 4209 comprehendi
1091 4131 1446 4188 miserabilis
1476 4133 1738 4188 hominis
1777 4135 2010 4191 virtute.

348 4231 416 4284 Et
445 4227 592 4299 quia
620 4242 657 4281 a
686 4225 860 4281 nobis
891 4222 1157 4293 diligitur
1185 4220 1476 4290 mundus,
1535 4220 1904 4278 delectamur
1953 4224 2012 4279 in

345 4318 534 4387 hujus
565 4313 1044 4371 excellentissimi
1074 4311 1230 4381 regis
1256 4309 1563 4382 operibus,
1588 4310 1647 4365 in
1680 4312 1920 4382 quibus,
1951 4319 2014 4369 ut

348 4405 675 4473 credimus,
722 4403 1006 4460 laudatur
1062 4402 1236 4467 Deus,
1289 4402 1407 4454 Rex
1464 4398 1784 4470 gloriosus,
1842 4409 2013 4473 cujus

353 4495 522 4565 regni
551 4496 741 4550 haeres
773 4493 879 4548 erit
910 4495 1232 4564 perpetuus
1262 4489 1364 4562 qui
1388 4489 1495 4544 fuit
1521 4489 1737 4544 mentis
1789 4496 1846 4546 et
1889 4509 2015 4547 cor-

352 4586 520 4660 poris
567 4584 798 4653 integra
839 4581 1103 4638 bonitate
1159 4579 1540 4652 conspicuus.
1573 4578 1724 4644 Quia
1755 4581 1882 4651 ejus
1921 4582 2015 4653 ju-

352 4674 557 4731 cunda
577 4678 633 4729 et
661 4671 995 4728 delectabili
1014 4670 1134 4725 vita
1160 4669 1360 4725 adhuc
1391 4670 1682 4724 frueretur
1727 4671 2012 4742 mundus,

355 4765 564 4821 credat
601 4763 764 4818 orbis
791 4761 1124 4825 universus,
1149 4759 1198 4814 si
1226 4759 1515 4814 voluisset
1547 4758 1646 4814 Dei
1675 4759 1853 4815 Filius
1904 4755 2014 4833 pro

355 4853 775 4927 peccatoribus
807 4850 1063 4906 occisus.

430 4941 773 5014 Aliquando
797 4939 1209 5012 proiiciscente
1236 4954 1306 4994 eo
1339 4939 1415 4994 ad
1447 4937 1759 4994 ecclesiam
1793 4943 1850 4995 et
1881 4955 2016 5011 pro-

357 5037 543 5087 strato
567 5031 628 5085 in
651 5030 919 5086 oratione
943 5044 1146 5084 coram
1171 5030 1306 5090 Deo,
1334 5027 1629 5099 quiddam
1647 5028 2016 5083 verecundia:

356 5123 423 5178 in
438 5119 806 5177 ornamentis
818 5117 1062 5190 pellium
1079 5134 1116 5172 a
1133 5121 1339 5172 sancto
1371 5116 1523 5172 collo
1545 5117 2016 5189 dependentium

359 5211 645 5267 sustinuit
672 5227 776 5265 rex
802 5208 959 5264 mitis
989 5211 1046 5263 et
1076 5205 1254 5262 corde
1289 5205 1551 5261 humilis.
1589 5207 1892 5263 Fundente
1948 5223 2020 5262 eo

359 5315 571 5374 preces
604 5299 682 5354 ad
703 5301 910 5364 Deum,
953 5299 1107 5352 astat
1136 5310 1166 5349 e
1197 5294 1473 5365 proximo
1531 5297 1799 5366 Rapaton
1845 5295 2018 5365 latro,

361 5405 489 5445 non
521 5388 616 5443 ille
647 5386 1002 5442 fortissimus
1025 5383 1303 5457 princeps
1333 5382 1659 5450 latronum,
1713 5384 1818 5456 qui
1866 5387 2023 5439 tenet

362 5478 613 5534 lectione
639 5476 1043 5550 principatum
1073 5474 1132 5529 in
1153 5472 1306 5528 libro
1331 5475 1578 5540 Regum.
1616 5476 1762 5528 Nam
1801 5473 2022 5528 medie-

365 5573 549 5624 tatem
580 5567 852 5623 ﬁnalium
875 5563 1190 5620 chlamidis
1221 5561 1374 5631 regis
1422 5560 1700 5616 auferens
1755 5563 1884 5617 haec
1943 5562 2021 5617 ab

363 5672 440 5713 eo
467 5656 724 5728 suscepit
749 5652 1234 5711 mansuetissima
1262 5654 1320 5706 et
1342 5649 1506 5707 omni
1550 5650 1724 5707 melle
1753 5649 2023 5707 dulciora

2119 3069 2273 3125 bene
2306 3068 2550 3134 faciens,
2581 3068 2785 3123 etsuis
2833 3067 2959 3140 ipse
3006 3069 3228 3124 sanctis
3279 3067 3560 3124 manibus
3606 3071 3658 3124 ei
3715 3070 3778 3127 in

2122 3157 2431 3214 sacculum
2464 3157 2702 3212 mittens
2723 3157 2826 3212 dat
2850 3157 2910 3212 in
2933 3158 3255 3223 mandatis,
3290 3157 3440 3212 sicut
3465 3174 3598 3213 mos
3629 3164 3774 3229 erat,

2121 3251 2185 3302 ut
2211 3246 2322 3302 sibi
2348 3246 2408 3301 in
2438 3245 2746 3301 redeundo
2776 3246 3142 3318 prospiceret
3164 3262 3237 3301 ne
3265 3262 3414 3301 uxor
3459 3246 3588 3316 ejus
3636 3263 3776 3303 eum

2120 3337 2320 3392 videre
2351 3340 2572 3408 posset.
2605 3335 2926 3390 Obaudivit
2945 3336 3258 3408 praaceptis
3273 3335 3430 3405 regis
3451 3336 3777 3390 necessitas

2121 3424 2424 3497 pauperis.
2459 3423 2712 3479 Peractis
2742 3423 2855 3490 his,
2885 3425 3346 3495 advenitregina
3369 3424 3594 3480 mirans
3609 3424 3778 3496 quod

2121 3514 2344 3570 factum
2376 3513 2550 3568 fuerit
2579 3513 2652 3568 de
2692 3512 2924 3583 lancea,
2956 3529 3089 3585 quae
3149 3513 3232 3568 sic
3280 3518 3406 3569 erat
3451 3513 3776 3582 destructa,

2120 3603 2194 3658 de
2234 3620 2358 3675 qua
2385 3602 2667 3674 sperabat
2704 3602 3024 3658 dominum
3079 3619 3260 3658 suum
3317 3602 3452 3658 forti
3490 3601 3777 3657 laetiﬁcari

2121 3692 2327 3762 gloria.
2361 3692 2448 3747 Ad
2479 3691 2607 3746 haec
2641 3692 2873 3747 Domini
2898 3692 3080 3748 fidem
3107 3694 3321 3762 jurans
3347 3709 3451 3748 rex
3470 3693 3609 3762 joco
3663 3692 3776 3748 hu-

2117 3782 2214 3851 jus
2241 3797 2304 3835 se
2326 3797 2447 3836 non
2469 3797 2603 3835 esse
2635 3780 2773 3835 facti
2800 3780 3288 3846 conscium,inter
3318 3797 3420 3836 eos
3446 3779 3775 3836 amicahilis

2119 3874 2207 3923 est
2238 3873 2443 3924 exorta
2465 3867 2765 3923 contentio
2818 3868 3040 3940 quibus
3097 3869 3491 3939 eleemosynae
3545 3867 3778 3936 largitio

2119 3957 2342 4030 profuit
2363 3961 2418 4012 et
2446 3955 2730 4028 proderit,
2764 3955 3014 4012 faciente
3053 3957 3192 4022 Deo,
3253 3956 3504 4012 mortuis
3532 3955 3772 4020 saeculo,

2119 4047 2458 4102 viventibus
2491 4049 2629 4102 Deo.
2657 4045 2948 4111 Quasdam
2973 4045 3172 4101 adhuc
3197 4045 3272 4101 de
3298 4061 3427 4115 ejus
3457 4060 3580 4100 non
3606 4044 3777 4100 mini-

2121 4153 2220 4192 ma
2248 4137 2465 4209 pietate
2491 4135 2800 4192 narranda
2820 4140 2980 4191 sunt.

2194 4227 2450 4285 Clericus
2480 4225 2730 4298 quidam
2760 4225 3165 4300 pauperculus
3187 4225 3261 4282 de
3290 4241 3478 4296 regno
3517 4224 3777 4280 Lotharii

2124 4318 2346 4383 exiens,
2397 4315 2471 4371 ad
2504 4316 2665 4370 hunc
2720 4315 2796 4371 de
2851 4331 2974 4388 quo
3024 4315 3328 4387 loquimur
3379 4330 3621 4369 servum
3680 4313 3779 4369 Dei

2126 4407 2388 4476 veniens,
2417 4410 2505 4462 est
2525 4410 2818 4478 receptus.
2845 4409 2897 4461 ls
2930 4421 3146 4477 nempe
3181 4404 3430 4460 clericus
3489 4403 3776 4473 Oggerius

2127 4495 2458 4551 dicebatur.
2513 4493 2625 4560 Qui
2676 4509 2816 4550 eum
2865 4494 3054 4549 nimia
3107 4493 3373 4549 bonitate
3423 4492 3778 4565 suscipiens,

2126 4601 2236 4640 suo
2265 4589 2608 4640 sanctorum
2639 4583 2888 4653 collegio
2933 4582 3183 4638 sociavit
3232 4581 3582 4637 clericorum
3639 4596 3777 4636 eum

2127 4671 2487 4728 sufﬁcienter
2507 4673 2569 4728 in
2598 4673 2689 4728 his
2719 4688 2854 4744 quas
2885 4669 3113 4737 debuit,
3141 4669 3472 4737 adornavit,
3532 4683 3780 4742 sperans

2129 4777 2331 4816 secum
2362 4761 2774 4816 habitaturum
2802 4775 2926 4814 non
2970 4758 3178 4830 paucis
3223 4757 3438 4813 diebus
3490 4762 3546 4813 et
3584 4757 3776 4813 annis.

2128 4851 2344 4904 Verum
2365 4849 2425 4903 in
2449 4848 2541 4902 his
2570 4864 2705 4919 quae
2740 4846 3062 4918 praevidere
3093 4844 3284 4900 noluit
3334 4845 3611 4900 inventus
3666 4850 3776 4900 est.

2129 4942 2277 4994 Nam
2309 4953 2488 5010 super
2511 4953 2650 4992 eum
2675 4936 2833 4992 dicta
2859 4927 3048 4990 David
3075 4935 3383 5007 prophetae
3429 4935 3640 4990 merito
3695 4933 3780 4989 di-

2131 5033 2224 5083 cta
2249 5031 2385 5082 sunt
2420 5044 2431 5080 :
2471 5026 2655 5082 Verba
2685 5027 2805 5082 oris
2834 5028 2961 5094 ejus
2994 5027 3279 5096 iniquitas
3331 5029 3386 5079 et
3415 5023 3606 5078 dolus.
3656 5025 3780 5079 No-

2133 5118 2245 5172 luit
2276 5116 2630 5185 intelligere,
2660 5120 2723 5168 ut
2753 5115 2894 5170 bene
2913 5119 3134 5183 ageret.
3162 5113 3544 5183 Iniquitatem
3595 5113 3779 5167 medi-

2131 5211 2292 5261 tatus
2319 5210 2402 5260 est
2424 5206 2485 5259 in
2514 5204 2699 5259 cubili
2724 5219 2851 5258 suo.
2879 5203 3087 5258 Astitit
3119 5203 3282 5258 omni
3307 5202 3414 5258 viae
3439 5217 3559 5257 non
3591 5201 3778 5270 bonae,

2131 5295 2426 5350 malitiam
2457 5300 2654 5350 autem
2686 5308 2805 5348 non
2854 5293 3085 5349 audivit
3135 5293 3322 5362 (Psal.
3374 5307 3551 5359 xxxv,
3596 5295 3650 5358 4,
3704 5292 3778 5362 5).

2134 5381 2498 5456 Splendebat
2525 5381 2750 5454 quippe
2779 5381 2839 5436 in
2863 5398 2934 5437 eo
2984 5381 3214 5454 species
3257 5381 3422 5436 Iudae
3487 5381 3783 5436 traditoris

2133 5471 2388 5536 Domini,
2413 5471 2518 5544 qui
2545 5471 2774 5526 loculos
2814 5469 3070 5541 habens,
3119 5487 3188 5525 ea
3227 5485 3362 5541 quae
3399 5468 3785 5524 mittebantur

2136 5559 2510 5634 exportabat.
2538 5563 2687 5616 Nam
2743 5558 3014 5631 quodam
3072 5562 3338 5630 tempore
3392 5557 3783 5628 advesperas-

2139 5654 2307 5708 cente
2356 5650 2507 5706 hora
2556 5647 2693 5717 diei,
2724 5663 2892 5704 caena
2932 5663 3070 5702 cum
3114 5647 3235 5702 suis
3258 5648 3519 5717 sumpta,
3553 5643 3783 5698 incum-
