3996 6178
307 170 415 221 915

1502 161 1817 221 ROBERTI
1858 160 2072 217 REGIS
2107 161 2555 220 FRANCORUM.
3607 174 3695 230 9η

307 289 591 347 bentibus
610 290 739 361 jam
768 290 960 345 noctis
988 288 1272 359 tenebris,
1303 288 1556 346 dumad
1574 288 1958 363 complenda,
1990 287 2044 343 Α
2079 286 2339 360 palatius
2357 286 2507 342 illud
2544 286 2838 360 frequenti
2860 288 3025 359 regio
3078 294 3371 345 conventu
3425 291 3497 348 sit
3534 293 3704 351 hono-

311 384 367 435 et
396 395 532 452 quae
558 383 696 434 sunt
722 382 839 433 Deo
860 378 1172 434 reddenda
1220 378 1527 449 cogitaret,
1587 379 1667 436 ad
1712 380 1965 435 domum

312 469 415 525 Dei
444 468 518 524 de
547 454 714 523 more
736 467 1046 537 processit,
1079 468 1489 540 praeeuntibus
1517 475 1653 526 ante
1695 486 1756 525 se
1801 469 1969 524 cleri-

314 559 398 614 cis
437 574 575 613 cum
600 556 971 614 eeroferariis
993 572 1119 614 non
1140 557 1377 614 minimi
1402 559 1707 632 ponderis.
1742 559 1971 624 Quibus

311 647 538 720 positis,
573 646 937 718 signiﬁcavit
958 663 1064 704 rex
1092 647 1337 704 humilis
1360 664 1436 706 ne
1488 651 1839 706 accederent
1891 648 1970 704 ad

308 737 563 794 excelsa.
600 739 724 793 Stat
752 753 856 793 rex
884 737 946 793 in
976 737 1222 808 angulo,
1270 742 1328 794 et
1384 739 1563 795 corde
1618 739 1792 795 tacito
1850 742 1970 794 Deo

310 842 421 880 suo
453 826 649 881 reddit
677 831 817 881 vota
842 827 1136 897 jucundo.
1179 826 1463 884 Meditans
1518 844 1662 897 ergo
1717 828 1776 883 in
1834 844 1970 883 con-

312 920 522 988 spectu
575 916 833 983 Domini,
890 916 1107 988 aspicit
1137 916 1268 987 jam
1292 917 1520 973 dictum
1547 918 1865 987 Ogecrium
1892 918 1965 973 ad

310 1005 499 1061 altare
522 1005 828 1075 accedere,
858 1020 1098 1061 cereum
1127 1006 1205 1061 ad
1236 1010 1455 1062 terram
1478 1007 1799 1080 deponere,
1834 1024 1971 1062 can-

309 1092 629 1149 delabrum
654 1093 791 1148 sinu
821 1099 1156 1164 contegere.
1200 1094 1539 1151 'l‘urbantur
1590 1096 1807 1163 clerici,
1866 1097 1971 1168 qui

310 1183 495 1253 hujus
523 1182 815 1238 latrocinii
866 1183 1201 1238 debuerant
1229 1201 1361 1240 esse
1420 1185 1717 1241 custodes.
1782 1187 1973 1258 Inqui—

312 1275 451 1326 runt
478 1271 794 1327 dominum
826 1286 1031 1340 regem
1060 1272 1135 1328 de
1158 1273 1311 1328 furto
1342 1292 1355 1341 ;
1389 1274 1609 1346 quibus
1640 1291 1701 1330 se
1727 1291 1971 1347 respon-

312 1360 399 1417 dit
431 1361 663 1415 nescire
685 1360 807 1415 ullo
840 1361 1043 1416 modo.
1068 1363 1338 1419 Pervenit
1357 1364 1471 1419 hoc
1512 1365 1585 1419 ad
1614 1381 1789 1420 aures
1817 1369 1971 1422 Con-

314 1448 543 1504 stantia:
574 1450 794 1520 reginae
825 1451 954 1521 ejus
981 1453 1276 1522 conjugis,
1310 1453 1385 1510 de
1413 1470 1537 1526 qua
1583 1455 1835 1526 quidam
1892 1456 1970 1511 ad

311 1554 533 1594 nomen
561 1539 691 1610 ejus
720 1540 861 1595 lusit
888 1540 1096 1596 dicens
1126 1559 1138 1596 :

384 1631 678 1685 Constans
708 1633 766 1685 et
790 1630 977 1698 fortis,
1009 1647 1145 1703 quas
1175 1647 1298 1687 non
1326 1634 1672 1689 Constantia
1700 1634 1869 1690 ludit.

389 1717 523 1773 Haac
558 1733 811 1774 accensa
834 1719 1034 1775 furore
1060 1720 1223 1790 jurat
1277 1736 1384 1792 per
1437 1722 1704 1778 animam
1758 1724 1968 1779 Willel-

312 1805 394 1860 mi
426 1806 519 1860 sui
550 1806 831 1876 genitoris
861 1808 1216 1863 custodibus
1256 1809 1416 1864 mela
1449 1826 1510 1865 se
1570 1811 1968 1881 irrogaturam

312 1893 462 1965 fore,
488 1894 819 1950 luminibus
850 1897 1071 1968 privari
1098 1901 1154 1952 et
1183 1896 1357 1953 malis
1391 1898 1520 1954 aliis
1559 1898 1881 1973 deturpari,
1910 1900 1971 1957 ni

312 1982 569 2037 reddant
588 1984 754 2055 quod
784 1984 1056 2040 ablatum
1086 1986 1278 2041 fuerat
1306 1986 1380 2041 de
1440 1988 1725 2045 thesauro
1780 1992 1969 2047 sancti

311 2074 367 2125 et
388 2070 553 2141 justi.
588 2075 703 2126 Hoc
735 2072 835 2127 ubi
869 2074 1097 2130 audivit
1122 2074 1183 2129 in
1209 2091 1333 2147 quo
1364 2079 1491 2132 erat
1520 2079 1753 2151 requies
1785 2081 1970 2151 pietas

311 2158 407 2226 tis,
437 2176 577 2215 eum
607 2161 712 2233 qui
760 2166 886 2217 erat
936 2162 1310 2219 latrunculus
1374 2165 1701 2233 advocans,
1757 2168 1840 2224 ita
1894 2169 1973 2224 ad

315 2262 454 2303 eum
479 2248 717 2304 locutus
747 2254 836 2305 est
867 2267 880 2304 :
916 2272 943 2299 κ
969 2252 1171 2307 Amice
1203 2253 1437 2322 Oggeri,
1469 2254 1565 2309 abi
1624 2255 1763 2310 hinc
1820 2258 1970 2328 jam,

314 2353 389 2392 ne
421 2342 473 2393 te
503 2343 824 2394 consumat
848 2340 1196 2396 inconstans
1231 2343 1574 2399 Constantia
1627 2360 1776 2400 uxor
1813 2362 1970 2403 mea.

313 2426 636 2484 Sufﬁciunt
664 2430 823 2482 enim
841 2443 977 2500 qua:
1008 2428 1221 2496 habes,
1254 2430 1445 2486 donec
1465 2431 1646 2487 intres
1667 2434 1729 2488 in
1756 2438 1974 2491 terram

315 2515 642 2571 nativitatis
694 2519 835 2572 tute.
889 2517 971 2574 Sit
1026 2518 1316 2573 Dominus
1375 2524 1570 2575 tecum
1630 2522 1975 2596 ubicunque

315 2604 667 2675 perrexeris.
705 2626 733 2654 ι)
769 2605 875 2661 Ubi
904 2607 1020 2662 hoc
1053 2607 1280 2662 audivit
1328 2608 1465 2663 furti
1512 2610 1814 2672 dominus,
1875 2628 1975 2668 ca-

316 2692 466 2746 dens
535 2693 615 2748 ad
676 2694 861 2767 pedes
914 2695 1168 2767 piissimi
1218 2697 1376 2767 regis
1430 2698 1810 2755 volutabatur
1863 2702 1977 2757 ela-

315 2795 493 2835 mans
525 2798 538 2836 :
574 2804 601 2830 ‹‹
638 2784 927 2839 Succurre
958 2784 1127 2856 mihi,
1155 2784 1422 2854 domine,
1455 2804 1755 2845 succurre.
1792 2812 1819 2839 ››
1844 2794 1975 2862 ipse

316 2886 459 2925 vero
488 2870 697 2926 volens
727 2888 865 2928 eum
896 2873 1142 2945 eripere,
1172 2874 1447 2931 dicebat:
1483 2897 1510 2924 ‹‹
1543 2879 1769 2945 Transi,
1792 2880 1977 2935 transi

316 2959 439 3015 noli
464 2959 560 3014 hic
585 2976 959 3031 permanere,
998 2985 1027 3013 »
1053 2963 1208 3019 dans
1230 2964 1283 3019 ei
1311 2969 1369 3020 et
1394 2965 1510 3022 alia
1539 2982 1679 3022 cum
1717 2969 1810 3024 his
1839 2985 1976 3042 quae
2007 2996 2046 3054 ο

318 3047 793 3120 absportaverat,
823 3066 898 3106 ne
936 3051 1215 3108 deﬁceret
1271 3053 1331 3108 in
1386 3056 1503 3111 via.
1560 3058 1695 3112 Post
1750 3058 1977 3131 aliquot

319 3136 446 3192 dies
475 3137 638 3194 idem
664 3139 766 3195 Dei
786 3139 1049 3197 famulus
1097 3141 1346 3198 credens
1398 3144 1567 3200 illum
1616 3147 1747 3217 jam
1795 3163 1975 3219 posse

319 3241 497 3282 suum
520 3227 785 3297 attigisse
813 3228 1032 3301 solum,
1063 3246 1388 3288 conversus
1416 3234 1493 3289 ad
1519 3251 1659 3291 suos
1693 3236 1887 3308 lepide
1919 3241 1977 3294 et

313 3314 750 3386 jucundissime
781 3318 970 3376 dixit:
1004 3341 1033 3369 «
1067 3322 1110 3376 Ο
1136 3320 1296 3376 bone
1340 3322 1585 3378 Theudo
1640 3324 1757 3393 (hic
1814 3327 1973 3381 enim

317 3405 371 3459 ei
400 3410 526 3461 erat
549 3405 881 3479 familiaris)
913 3413 975 3464 ut
1004 3409 1151 3479 quid
1182 3413 1416 3466 tantum
1440 3411 1680 3467 laboras
1709 3412 1771 3468 in
1815 3431 1975 3486 qure-

315 3494 505 3549 rendo
553 3494 939 3565 candelabro,
998 3513 1137 3552 cum
1179 3500 1334 3553 Deus
1391 3499 1775 3571 omnipotens
1827 3502 1974 3559 illud

318 3599 429 3638 suo
467 3584 802 3641 attribuerit
850 3587 1222 3658 pauperculo
1250 3588 1279 3643 ‘I
1338 3589 1501 3645 Scias
1541 3591 1760 3646 etenim
1800 3597 1862 3647 tu
1917 3598 1975 3649 et

318 3672 404 3727 tui
419 3672 585 3744 quod
612 3673 693 3728 illi
719 3673 856 3746 plus
884 3691 1073 3747 quam
1092 3676 1270 3731 nobis
1295 3679 1735 3735 neeecssarium
1762 3681 1971 3750 fuerat,

319 3775 460 3816 cum
490 3763 645 3816 Deus
670 3762 846 3818 nobis
871 3763 1292 3835 peccatoribus
1319 3767 1525 3822 omnia
1553 3783 1688 3840 quae
1720 3776 1859 3825 sunt
1914 3771 1975 3827 in

317 3849 488 3905 terris
518 3851 869 3921 attribuerit,
902 3854 969 3908 ut
997 3852 1429 3910 subveniamus
1468 3858 1858 3929 pauperibus,
1882 3876 1974 3915 oro

318 3938 557 4009 phanis,
585 3939 784 3995 viduis
812 3945 870 3996 et
895 3942 1061 3996 omni
1088 3943 1315 4015 populo
1343 3944 1499 4000 Dei.»

390 4028 680 4086 Palatium
716 4030 975 4101 insigne,
1009 4033 1174 4104 quod
1204 4038 1295 4088 est
1345 4035 1619 4102 Parisius,
1681 4053 1789 4093 suo
1838 4055 1976 4095 con-

319 4121 657 4174 struxerant
679 4120 854 4190 jussu
880 4119 1166 4177 oﬂieiales
1191 4122 1341 4193 ejus.
1376 4125 1543 4189 Quod
1574 4126 1781 4182 volens
1820 4142 1972 4200 prte-

320 4208 511 4263 sentia
536 4208 627 4263 sui
654 4208 750 4264 die
779 4214 988 4265 sancto
1013 4211 1257 4267 Paschte
1292 4214 1612 4285 nobilitari,
1666 4234 1831 4273 more
1886 4235 1972 4275 re-

318 4294 436 4365 gali
470 4295 648 4365 jussit
678 4312 959 4352 mensam
1015 4300 1235 4370 parari.
1298 4304 1568 4375 Cumque
1612 4320 1836 4377 aquam
1896 4308 1971 4364 ad

317 4382 654 4440 abluendas
692 4399 914 4441 manus
968 4392 1185 4458 praesto
1243 4388 1508 4457 haberet,
1560 4394 1729 4449 adest
1780 4411 1974 4452 caecus

315 4472 567 4546 quidam
595 4474 747 4530 inter
770 4489 1109 4547 pauperum
1165 4478 1609 4537 multitudinem
1639 4498 1844 4538 coram
1902 4500 1974 4542 eo

314 4563 742 4632 assistentium,
798 4564 904 4637 qui
953 4564 1114 4621 illius
1165 4572 1334 4624 erant
1384 4571 1732 4628 memoriale
1785 4576 1970 4630 conti-

311 4665 527 4719 nuum,
562 4651 669 4724 qui
698 4658 764 4708 ut
790 4652 871 4708 illi
897 4664 1123 4726 aquam
1144 4656 1397 4726 jactaret
1426 4656 1485 4711 in
1518 4657 1729 4715 faciem
1760 4661 1974 4717 humil-

313 4738 525 4795 limam
556 4756 817 4813 precem.
850 4743 1045 4799 Atille
1102 4745 1409 4811 continuo,
1458 4746 1619 4803 velut
1668 4765 1780 4821 pro
1834 4751 1973 4821 joco

313 4828 542 4884 ducens
566 4831 853 4904 pauperis
881 4846 1143 4905 precem,
1174 4834 1323 4890 dum
1371 4836 1636 4907 primum
1675 4838 1735 4893 in
1785 4839 1975 4895 mani-

312 4918 428 4974 bus
459 4920 689 4992 accepit
719 4935 970 4995 aquam,
992 4922 1149 4979 illius
1187 4924 1437 4996 projecit
1465 4925 1527 4980 in
1570 4926 1804 4982 faciem.
1862 4930 1973 4995 Qui

313 5020 476 5075 mox,
508 5009 851 5068 videntibus
875 5012 1106 5069 cunctis
1126 5014 1516 5086 optimatibus
1546 5016 1969 5090 quiastabant,

313 5112 453 5152 cum
481 5101 855 5171 respersione
884 5116 1057 5174 aquaa
1084 5102 1309 5159 amissa
1338 5102 1653 5160 oculorum
1693 5107 1969 5173 caecitate,

313 5186 871 5252 eongratulantibus
897 5191 1127 5247 cunctis
1151 5190 1213 5246 in
1268 5192 1541 5259 Domino,
1587 5194 1773 5250 laetior
1821 5196 1972 5252 inter

315 5274 597 5329 convivas
626 5275 927 5334 discubuit
953 5282 1227 5352 prandio.
1257 5281 1501 5353 Fuitque
1539 5283 1969 5342 discumbenti-

310 5361 431 5417 bus
462 5364 585 5417 tota
614 5362 709 5418 die
738 5365 989 5437 hujusce
1016 5373 1095 5424 rei
1123 5370 1527 5425 confabulatio
1553 5372 1630 5427 ad
1689 5374 1966 5446 omnipo-

313 5450 488 5505 tentis
516 5450 758 5509 laudem
808 5458 946 5523 Dei;
998 5476 1253 5528 qatm'um
1308 5462 1489 5514 verba
1541 5463 1689 5517 forte
1719 5461 1969 5520 fuissent

314 5554 467 5594 vana
488 5542 777 5615 etotiosa,
802 5545 918 5599 nisi
959 5550 1122 5601 tanto
1171 5548 1397 5603 lumine
1457 5548 1647 5605 ferent
1698 5550 1965 5607 illustrati

312 5628 411 5684 illo
442 5629 556 5687 die.
592 5637 704 5689 Nec
734 5632 1032 5689 immerito
1062 5651 1204 5692 sane
1231 5639 1427 5710 potest
1446 5638 1771 5696 existimari
1801 5642 1968 5714 quod

2077 376 2361 444 randum,
2392 376 2556 449 quod
2583 376 2786 433 divina
2830 377 3013 433 virtus
3048 376 3149 433 tali
3190 378 3490 437 decoravit
3548 384 3707 443 mira-

2078 465 2214 521 culo
2244 470 2300 521 et
2326 465 2533 538 populi
2565 466 2823 522 sacravit
2872 466 3088 537 jubilo,
3147 466 3293 523 dum
3336 471 3491 525 vesci
3542 473 3708 532 voluit

2077 554 2159 609 ibi
2181 554 2605 610 devotissimus
2630 571 2735 611 rex
2765 555 2860 610 die
2885 555 3102 629 primo.

2152 643 2358 713 Vigore
2390 643 2630 713 justitiaa
2683 644 2894 715 vigens
2944 645 3107 701 idem
3164 661 3266 702 rex
3314 649 3708 706 serenissimus

2078 732 2357 787 studebat
2385 748 2507 787 non
2539 733 2875 789 continuari
2897 750 2964 790 os
3011 749 3189 789 suum
3233 736 3566 801 mendacio,
3614 738 3706 794 sed

2076 820 2381 876 veritatem
2405 821 2584 877 corde
2610 826 2668 878 et
2695 838 2796 877 ore
2825 822 3110 895 proferre,
3144 824 3375 879 Domini
3409 826 3503 880 Dei
3543 825 3707 882 ﬁdem

2077 911 2290 980 jurans
2324 910 2585 966 assidue.
2624 912 2787 966 Unde
2820 912 3108 967 nimirum
3130 928 3291 983 suos,
3320 930 3354 969 a
3383 913 3599 986 quibus
3624 931 3707 972 sa-

2080 1005 2458 1055 cramentum
2486 1000 2831 1072 recipiebat,
2862 1001 3072 1056 volens
3098 1002 3424 1073 justiﬁcare
3442 1004 3706 1076 quemad-

2078 1090 2331 1145 modum
2365 1090 2653 1161 seipsum,
2688 1089 2905 1147 fecerat
2932 1104 3126 1147 unum
3150 1092 3577 1165 phylacterium
3601 1094 3707 1150 olo-

2079 1178 2493 1249 cristallinum,
2521 1180 2581 1235 in
2614 1195 2765 1252 gyro
2798 1196 2946 1236 auro
2995 1197 3149 1253 puro
3197 1182 3571 1249 adornatum,
3613 1184 3706 1240 ab-

2081 1285 2229 1340 sque
2257 1268 2511 1339 alicujus
2536 1270 2726 1325 sancti
2770 1270 3094 1342 pignorum
3146 1271 3493 1335 inclusione,
3552 1288 3708 1345 super

2077 1358 2245 1430 quod
2271 1358 2558 1428 jurabant
2585 1358 2674 1413 sui
2706 1359 3010 1431 primates,
3047 1360 3156 1415 hac
3186 1361 3288 1431 pia
3310 1360 3705 1417 fraudeuescii.

2079 1446 2251 1501 Aliud
2286 1463 2527 1519 quoque
2553 1448 2732 1517 jussit
2762 1449 2961 1519 parari
2988 1454 3254 1518 argento.
3278 1450 3341 1504 in
3368 1465 3489 1520 quo
3534 1451 3708 1522 posuit

2079 1552 2261 1589 ovum
2295 1536 2613 1602 cujusdam
2647 1538 2775 1591 avis
2798 1553 2934 1609 quae
2964 1543 3208 1593 vocatur
3262 1538 3505 1611 grippis,
3552 1550 3708 1611 super

1999 1642 2041 1693 Β
2079 1624 2243 1696 quod
2274 1628 2470 1679 minus
2500 1628 2773 1697 potentes
2801 1632 2857 1680 et
2885 1627 3136 1680 rusticos
3184 1626 3391 1697 jurare
3436 1627 3706 1699 praecipie-

2078 1713 2203 1768 bat.
2236 1715 2279 1767 Ο
2311 1730 2497 1785 quam
2526 1714 2682 1769 bene
2721 1720 2779 1770 et
2825 1730 3087 1783 congrue
3148 1716 3288 1770 huic
3343 1719 3542 1771 sancto
3603 1717 3704 1771 viro

2080 1803 2451 1857 concordant
2480 1801 2635 1857 illius
2668 1804 2854 1857 sancti
2887 1803 3047 1858 dicta
3074 1803 3385 1875 prophetae
3437 1803 3662 1859 dicentis
3689 1818 3700 1859 :

2079 1890 2390 1945 Habitubit
2424 1893 2483 1946 in
2516 1892 3009 1947 tarbernaculum
3048 1893 3369 1964 Altissimi,
3391 1896 3492 1964 qui
3544 1894 3703 1964 loqui-

2081 1986 2183 2035 tur
2217 1981 2523 2036 veritatem
2554 1982 2615 2036 in
2645 1981 2822 2036 corde
2866 1997 2972 2035 suo
2996 1996 3019 2037 .·
3061 1983 3168 2053 qui
3209 1997 3329 2037 non
3378 1984 3493 2053 egit
3526 1983 3701 2037 delum

2080 2070 2143 2124 in
2172 2071 2402 2139 lingua,
2435 2086 2541 2125 nec
2566 2071 2709 2139 fecit
2734 2070 3018 2139 proximo
3060 2086 3166 2126 suo
3222 2072 3471 2137 malum,
3525 2077 3572 2127 et
3620 2085 3701 2140 0pc

2073 2160 2387 2227 probrz‘um
2410 2175 2529 2214 non
2562 2162 2789 2228 accein't
2822 2160 3135 2216 adversum
3189 2163 3528 2230 proximum
3556 2174 3699 2216 suum

2084 2248 2419 2317 (Psal.x1v,
2452 2254 2529 2315 3).
2564 2247 2666 2301 Cui
2712 2249 2917 2320 utique
2971 2248 3134 2303 bono
3190 2248 3361 2304 illum
3418 2248 3700 2305 adhaesisse

2083 2338 2206 2389 tota
2248 2335 2446 2389 cordis
2492 2335 2816 2390 intentione
2880 2335 3277 2391 certissimum
3330 2342 3431 2403 est,
3490 2342 3546 2389 ut
3597 2349 3697 2388 me-

2083 2428 2310 2479 reretur
2338 2440 2471 2479 esse
2501 2424 2560 2479 in
2591 2440 2851 2497 superna
2882 2425 3225 2480 haereditate
3271 2426 3570 2481 beatorum
3618 2436 3698 2477 cod

2084 2512 2297 2567 haeres.

2157 2605 2390 2667 Quanta
2418 2618 2560 2658 vero
2589 2603 2938 2659 humilitatis
2957 2603 3140 2659 virtus
3158 2603 3223 2658 in
3240 2619 3312 2658 eo
3334 2603 3498 2659 fuerit
3521 2601 3698 2675 paucis

2086 2693 2446 2748 edicendum
2472 2699 2560 2748 est
2590 2693 2809 2749 verbis.
2842 2694 3224 2766 Colloquium
3278 2710 3413 2749 cum
3444 2691 3698 2766 episcopis

2087 2781 2179 2836 sui
2215 2781 2384 2851 regni
2414 2782 2645 2837 habens
2696 2798 2798 2837 rex
2850 2783 3113 2854 humilis,
3171 2783 3328 2838 inter
3377 2779 3696 2852 colloquium

2086 2884 2585 2941 unumquemque
2611 2870 2927 2941 aspiciens,
2961 2870 3107 2925 vidit
3159 2870 3487 2942 quemdam
3523 2879 3695 2923 eorum

2086 2956 2244 3011 mole
2275 2957 2470 3029 carnis
2504 2963 2841 3029 gravatum,
2870 2960 3055 3030 pe'lcs
3088 2975 3235 3013 suos
3272 2957 3590 3031 dependere
3633 2951 3693 3006 ab

2086 3045 2223 3103 alto.
2280 3046 2492 3102 Pietate
2544 3048 2759 3102 ductus
2812 3064 2849 3104 a
2900 3048 3076 3119 longe
3129 3064 3410 3120 quaerens
3438 3043 3691 3118 subpeda‘

2085 3152 2269 3192 neum
2300 3137 2517 3209 reperit
2545 3154 2753 3193 unum.
2780 3139 2953 3204 Quod
2983 3138 3270 3194 manibus
3294 3142 3409 3195 Deo
3436 3142 3490 3193 et
3533 3133 3691 3190 homi-

2084 3225 2264 3281 nibus
2288 3226 2505 3281 charus
2536 3228 3016 3298 apprehendens,
3068 3228 3216 3282 illud
3262 3234 3425 3283 tanto
3474 3220 3690 3298 pontiﬁci

2084 3316 2296 3371 offerre
2322 3332 2443 3370 non
2467 3318 2763 3372 recusavit
2792 3325 2849 3372 et
2891 3318 3003 3372 sub
3060 3317 3320 3390 pedibus
3363 3318 3484 3387 ejus
3510 3325 3690 3387 ponere

2083 3420 2208 3460 non
2237 3410 2325 3460 est
2348 3404 2730 3474 dedignatus.
2764 3410 2897 3462 Erat
2925 3412 3124 3462 autem
3155 3408 3255 3463 hic
3277 3407 3573 3479 episcopus
3594 3400 3691 3456 Lin‘

2032 3516 2041 3527 ο
2084 3495 2392 3564 gonensis,
2428 3496 2778 3551 Lambertus
2808 3497 3051 3552 nomine
3076 3497 3294 3563 dictus,
3329 3494 3570 3559 scientia,
3620 3506 3689 3544 re-

2082 3585 2302 3653 ligione
2332 3590 2388 3640 et
2415 3585 2681 3641 bonitate
2707 3586 2960 3658 pollens.
2996 3592 3058 3642 In
3116 3602 3346 3657 magna
3394 3584 3591 3642 etenim
3634 3594 3687 3633 ex

2083 3674 2199 3729 hoc
2226 3674 2619 3730 admiratione
2647 3691 2759 3747 pro
2790 3676 2888 3731 tali
2940 3678 3092 3731 facto
3124 3693 3339 3732 omnes
3392 3671 3625 3748 episcopi
3646 3673 3689 3722 et

2083 3763 2384 3835 principes
2404 3764 2668 3820 habuere
2695 3766 3046 3837 smpet‘atum
3074 3766 3422 3823 Rotbertum
3478 3756 3688 3818 humilli-

2084 3869 2254 3908 mum
2284 3858 2341 3908 et
2364 3853 2655 3925 inclytum
2696 3871 2917 3919 regem.

2158 3946 2209 3996 ls
2239 3942 2465 4014 quippe
2504 3959 2606 3999 rex
2660 3947 2779 3998 Deo
2840 3944 3089 3999 dilectus
3140 3940 3447 4001 Hotbertus
3494 3950 3685 4009 semper

2082 4031 2355 4087 meminit
2379 4036 2599 4087 sanctae
2630 4033 2798 4101 legis,
2826 4034 2971 4104 quia
3000 4050 3240 4089 memor
3270 4035 3375 4089 fuit
3398 4030 3570 4104 operis
3608 4023 3681 4079 Dei

2082 4120 2143 4175 in
2174 4119 2459 4175 omnibus
2498 4122 2610 4176 viis
2641 4121 2787 4175 suis.
2849 4122 3079 4178 Sciebat
3132 4124 3353 4179 etenim
3408 4120 3678 4191 scriptum:

2086 4232 2113 4257 ‹‹
2138 4210 2412 4279 Scientia,
2438 4209 2660 4269 virtus:
2694 4218 2895 4266 custos
2928 4212 3176 4277 virtutis,
3242 4211 3525 4268 humilitas
3571 4214 3673 4257 san-

2081 4302 2194 4354 cta.
2231 4321 2259 4348 »
2297 4301 2360 4353 Et
2383 4298 2527 4353 illud
2562 4300 2715 4354 beati
2744 4316 2919 4372 papae
2948 4302 3211 4370 Gregorii
3244 4318 3256 4357 :
3289 4301 3439 4367 «Qui
3466 4297 3568 4351 sine
3587 4291 3665 4345 liu-

2082 4388 2325 4443 militate
2356 4388 2601 4443 virtutes
2634 4397 2978 4460 congregat,
3011 4391 3186 4462 quasi
3211 4392 3272 4446 in
3310 4394 3527 4445 ventum
3570 4375 3665 4452 Ριιιο

2081 4494 2281 4533 verem
2306 4483 2559 4550 portat.»
2603 4482 2842 4549 Legerat
2893 4480 3037 4552 quid
3097 4480 3313 4536 dixerit
3358 4476 3573 4551 quidam
3616 4479 3671 4521 ei

2082 4567 2350 4623 Patribus
2385 4585 2398 4621 :
2461 4584 2491 4621 ‹
2524 4569 2731 4624 Omnis
2777 4568 2950 4624 labor
2998 4569 3125 4624 sine
3164 4569 3483 4625 humilitate
3525 4571 3676 4615 vanus

2081 4662 2171 4713 est
2201 4677 2214 4723 ;
2246 4657 2599 4713 humilitatis
2632 4658 2871 4728 signum
2898 4659 3002 4714 dat
3052 4672 3307 4724 regnum
3361 4655 3628 4712 caelorum.
3654 4666 3675 4692 »ι

2084 4751 2199 4802 Nos
2250 4761 2392 4815 ergo
2449 4762 2691 4803 oremus
2748 4747 3223 4821 omnipotentem
3274 4751 3470 4811 Deum,
3519 4743 3572 4793 ut
3603 4734 3677 4790 hic

2082 4834 2323 4905 electus,
2356 4836 2461 4908 qui
2491 4836 2763 4908 deposito
2793 4837 2960 4891 omni
2993 4844 3222 4892 tumore
3252 4831 3527 4907 superbire
3563 4838 3678 4880 c0n~

2075 4924 2320 4995 junctus
2347 4930 2440 4980 est
2460 4926 2688 4981 Christo
2711 4929 2829 4981 Deo
2859 4932 3079 4981 sanctas
3107 4923 3446 4981 humilitatis
3487 4918 3677 4973 virtute.

2079 5013 2161 5069 ita
2187 5014 2580 5085 illijungatur
2608 5014 2667 5069 in
2697 5014 2915 5069 saeculo
2946 5021 3217 5081 venturo,
3278 5018 3339 5068 ut
3391 5012 3444 5066 in
3489 5001 3677 5078 judicio

2078 5119 2116 5159 a
2142 5103 2376 5159 sinistra
2400 5107 2567 5177 parte
2597 5102 2951 5175 disjunctus,
2980 5119 3105 5160 non
3132 5103 3388 5159 inveniat
3421 5100 3477 5154 in
3498 5111 3561 5152 eo
3606 5094 3680 5177 16f

2078 5208 2181 5248 sus
2212 5176 2474 5249 Christus
2504 5193 2671 5267 quod
2726 5193 2975 5249 damnet
3029 5194 3090 5249 in
3142 5207 3343 5266 paena,
3399 5186 3496 5243 sed
3540 5176 3677 5255 quod

2077 5282 2295 5353 pietate
2345 5282 2659 5355 multiplici
2703 5282 2997 5355 provehat
3055 5283 3133 5338 ad
3178 5293 3472 5341 coronam,
3522 5281 3676 5367 quam

2076 5372 2349 5442 promisit
2377 5371 2763 5442 diligentibus
2796 5386 2856 5427 se
2897 5371 2976 5427 ad
3025 5370 3291 5442 gloriam.
3355 5364 3673 5456 HicAeteni'I‘n

2075 5461 2165 5516 vir
2192 5462 2289 5516 Dei
2317 5466 2515 5518 tantus
2541 5478 2612 5517 ac
2650 5462 2783 5517 talis
2834 5462 3001 5533 quod
3046 5460 3283 5525 amavit,
3327 5453 3481 5530 quod
3504 5448 3671 5521 cupiit,

2073 5552 2240 5623 quod
2297 5552 2563 5620 credidit,
2625 5552 2780 5607 Deus
2830 5558 2919 5608 est
2970 5550 3091 5608 Rex
3149 5564 3372 5619 regum,
3428 5539 3669 5600 Dominus

2072 5641 2463 5699 dominorum
2486 5656 2624 5714 spes
2654 5642 2859 5714 utique
2897 5648 3057 5699 certa
3083 5640 3360 5705 ﬁdelium.
