3976 6180
202 185 305 243 917

1823 173 2007 231 νιτΑ.

3530 178 3633 232 918

266 301 628 367 Jactantiam
675 301 971 377 superbiae
1030 300 1249 357 mentis
1281 316 1317 357 a
1344 316 1405 357 se
1436 297 1705 370 rejiciens
1754 310 1857 351 rex
1890 296 1940 353 Α
1978 297 2193 370 amico,
2216 299 2392 361 beato
2416 300 2690 358 videlicet
2720 299 3023 374 Dionysio,
3078 299 3347 358 casulam
3377 298 3529 354 miro
3551 299 3638 355 ίιί-

198 391 442 459 humilis
471 397 683 448 etcum
707 389 1016 463 multiplici
1049 391 1265 467 pietate
1296 386 1705 445 nominandus
1728 387 1863 441 Rot-

196 480 402 541 bertus
432 480 713 542 studebat
738 479 818 536 illi
852 496 1087 559 semper
1134 479 1370 554 placere
1400 476 1717 534 virtutibus
1761 475 1867 531 bo-

196 570 293 627 nis
322 570 428 643 qui
456 569 689 627 habitat
714 570 773 625 in
813 570 1081 633 excelsis.
1116 569 1393 626 Devitans
1422 567 1712 623 sublimes
1742 581 1867 620 sus-

198 659 459 735 cipiebat
486 675 640 734 quos
670 663 904 732 poterat
926 659 1206 729 humiles,
1256 658 1358 733 qui
1390 657 1562 714 certis
1592 651 1870 726 tempori-

198 748 319 809 bus
352 765 520 805 veras
547 764 685 807 vero
717 751 836 805 Deo
882 748 1200 805 redderent
1234 748 1466 805 laudes.
1511 742 1779 816 Suscepit
1806 741 1866 807 in

197 837 318 897 hoc
350 842 406 897 et
441 837 785 912 exemplum
833 837 911 893 ab
966 837 1284 895 Ambrosio
1338 835 1866 893 Mediolanensnum

197 926 449 989 civitatis
478 926 801 987 venerabili
855 925 1161 1000 episcopo,
1215 925 1318 998 qui
1372 925 1547 980 binos
1598 920 1868 978 Ecclesiae

200 1032 352 1085 suae,
384 1016 479 1072 cui
510 1015 891 1089 praesidebat,
927 1015 1172 1072 clericos
1198 1030 1308 1089 pro
1338 1014 1575 1071 incessu
1605 1010 1867 1083 superbo

197 1104 487 1174 gravibus
520 1104 760 1167 tradidit
788 1103 1087 1172 lamentis,
1129 1104 1342 1165 donec,
1375 1102 1603 1159 calcato
1635 1106 1865 1155 tumore

199 1192 522 1266 superbiae,
601 1192 981 1251 addiscerent
1045 1192 1378 1248 humilitate
1438 1205 1708 1263 pergere,
1763 1185 1865 1259 qui

194 1287 371 1341 erant
398 1283 644 1342 correcti
672 1282 840 1352 virga
871 1282 1257 1338 sacerdotalis
1290 1279 1639 1353 disciplinae.
1703 1276 1865 1332 Idem

193 1388 464 1446 namque
485 1371 699 1429 beatus
730 1371 1018 1444 pontifex,
1047 1372 1109 1427 in
1139 1375 1391 1428 tractatu
1443 1372 1523 1426 De
1560 1366 1784 1424 diluvio
1811 1370 1868 1422 et

195 1478 340 1518 arca
366 1465 505 1530 Noe,
536 1462 777 1519 habitus
806 1463 921 1518 hoc
969 1461 1154 1517 modo
1186 1460 1597 1529 arrogantium
1636 1455 1867 1511 curavit

197 1551 679 1622 edicere,scilicet
705 1551 913 1623 quales
942 1549 1418 1606 describitlsaias
1447 1547 1664 1604 Judaei}:
1686 1545 1862 1615 tilias,

1976 384 2114 441 dem
2146 403 2323 460 opere
2343 389 2565 446 factam
2591 388 2859 445 contulit.
2894 388 2998 445 Cui
3027 392 3084 444 et
3112 388 3294 455 aliud,
3323 393 3385 443 ut
3404 391 3634 444 tantam

1976 473 2225 532 decebat
2260 477 2568 549 feminam,
2623 484 3048 535 ornamentum
3097 476 3415 546 contexuit,
3468 476 3634 550 quod

1976 568 2219 618 vocatur
2243 566 2405 621 orbis
2442 572 2752 635 terrarum,
2785 566 2869 622 illi
2918 566 3109 623 Caroli
3155 565 3314 622 Calvi
3342 564 3635 619 dissimili-

1977 669 2167 708 mum.
2201 655 2487 728 Sperabat
2515 657 2674 713 enim
2706 674 2767 715 se
2796 660 2916 714 Deo
2945 656 3137 713 ﬁdelis
3168 655 3375 726 regina
3404 659 3636 729 partem

1976 740 2315 799 habituram
2340 761 2477 800 cum
2509 763 2598 813 eo,
2646 746 2741 802 cui
2766 746 3128 820 promiserat
3176 748 3330 800 Deus
3358 758 3636 799 sermone

1976 846 2099 885 non
2130 848 2300 887 casso
2327 832 2783 905 impetraturum
2808 851 2917 907 pro
2945 833 3414 907 quibuscunque
3441 831 3639 905 petiis-

1978 926 2083 975 set.
2120 922 2345 977 Etenim
2376 922 2530 978 illius
2562 924 2840 981 universa
2868 923 3184 997 progenies
3215 921 3509 978 famulam
3570 937 3635 975 se

1974 1008 2121 1065 tanti
2153 1011 2432 1082 martyris
2459 1012 2517 1066 in
2544 1012 2708 1067 omni
2724 1028 2901 1085 opere
2917 1010 3350 1086 proclamabat,
3374 1009 3635 1065 reddens

1976 1098 2230 1154 Domino
2248 1116 2357 1156 suo
2382 1118 2517 1173 quae
2540 1105 2678 1156 sunt
2700 1103 2849 1157 servi
2896 1101 3109 1159 debitae
3136 1099 3429 1157 servitutis
3459 1099 3634 1154 obse-

1974 1187 2136 1261 quia.
2174 1191 2353 1245 Erant
2382 1190 2681 1262 siquidem
2725 1190 2865 1246 huic
2920 1189 3286 1260 generationi
3344 1188 3631 1262 speciales

1975 1276 2173 1343 amici,
2206 1283 2412 1334 sancta
2443 1278 2715 1336 videlicet
2740 1279 2938 1349 Maria,
2983 1283 3040 1336 et
3063 1282 3231 1352 pater
3261 1281 3317 1335 et
3357 1276 3483 1332 dux
3506 1292 3633 1333 mo-

1972 1366 2308 1423 nachorum
2367 1373 2608 1423 sanctus
2654 1368 3026 1435 Benedictus,
3083 1371 3324 1425 sanctus
3391 1381 3636 1438 quoque

1975 1456 2277 1527 Martinus,
2302 1462 2545 1517 sanctus
2571 1474 2682 1513 nec
2711 1474 2786 1515 ne
2813 1458 3081 1514 Anianus
3111 1460 3293 1528 atque
3337 1453 3637 1511 victoriosi

1974 1549 2267 1617 martyres
2300 1546 2511 1602 Christi
2537 1548 2842 1603 Cornelius
2875 1552 2931 1605 et
2980 1547 3313 1623 Cyprianus
3340 1562 3353 1613 ;
3394 1542 3637 1616 optatis-

197 1641 517 1698 oculorum
548 1641 841 1697 micantes
884 1641 1129 1697 nutibus
1159 1645 1215 1697 et
1244 1641 1364 1696 alta
1393 1656 1454 1695 se
1482 1638 1705 1695 cervice
1742 1637 1865 1708 jac-
1894 1648 1935 1707 Β
1975 1634 2164 1690 simus
2188 1650 2327 1691 vero
2358 1635 2652 1705 gloriosus
2681 1641 2910 1709 martyr
2956 1636 3274 1707 Dionysius
3318 1649 3388 1690 ac
3414 1631 3638 1704 inclyta

198 1735 413 1791 tantes.
464 1733 613 1787 Sunt
641 1730 803 1787 enim
828 1730 929 1801 huj
941 1730 1176 1786 usmodi
1206 1730 1497 1798 erigentes
1526 1726 1861 1800 supercilia,

194 1820 407 1877 intlato
437 1819 640 1890 corde,
689 1819 846 1875 elato
875 1824 1132 1892 pectore,
1157 1819 1380 1875 cervice
1425 1818 1728 1889 resupina,
1759 1815 1865 1888 qui

200 1908 404 1972 solum
433 1908 682 1981 quidem
713 1908 936 1981 pedum
960 1908 1382 1981 praestringunt
1427 1907 1708 1976 vestigiis,
1743 1910 1864 1961 toto

200 2001 408 2059 autem
442 2013 505 2052 se
527 1996 1012 2069 librantcorpore
1042 2001 1098 2051 et
1118 1995 1281 2052 inani
1311 1996 1688 2069 suspendunt
1707 1999 1862 2050 texa-

199 2085 382 2141 mine.
418 2090 481 2142 1n
542 2086 742 2158 priora
794 2100 1002 2155 gressu
1048 2085 1366 2157 prodeunt,
1422 2085 1484 2140 in
1533 2084 1863 2156 posteriora

196 2170 480 2228 verticem
503 2172 878 2238 reclinantes,
911 2170 1129 2227 coelum
1161 2176 1432 2244 spectant
1466 2189 1478 2227 :
1504 2176 1721 2229 terram
1753 2188 1861 2228 au-

189 2260 315 2314 tem
340 2258 672 2327 fastidiunt,
704 2264 996 2332 tanquam
1020 2259 1261 2315 cervicis
1309 2260 1515 2317 dolore
1541 2260 1762 2331 suffixi,
1802 2265 1864 2318 ut

187 2362 332 2402 eam
356 2346 643 2405 inchoare
675 2363 796 2403 non
826 2348 1079 2419 possint.
1118 2351 1231 2405 llos
1263 2350 1442 2419 igitur
1466 2349 1684 2406 delevit
1708 2353 1862 2406 Deus

186 2434 269 2501 de
299 2435 450 2492 libro
508 2437 665 2507 vitae,
699 2436 906 2493 dicens
942 2456 955 2494 :
991 2439 1192 2494 Omnis
1223 2440 1325 2510 qui
1367 2454 1433 2494 se
1471 2441 1726 2505 exultat,
1759 2441 1865 2494 liu-

186 2527 532 2585 miliabitur
557 2528 722 2599 (Luc.
753 2544 873 2595 xiv,
906 2528 1014 2600 tt).
1066 2532 1181 2583 Nec
1202 2528 1355 2584 inter
1385 2529 1598 2584 merita
1628 2534 1863 2585 sancto-

186 2632 336 2675 rum
366 2617 724 2674 commentis
758 2618 887 2688 [al.,
930 2617 1316 2680 commeritis]
1373 2616 1515 2673 facit
1562 2619 1865 2675 adhaerere

186 2704 564 2765 caelestibus.
600 2706 737 2761 H1130
777 2705 1001 2761 idcirco
1040 2705 1325 2773 divimus,
1383 2711 1448 2762 ut
1500 2714 1868 2776 cognoscant

184 2810 412 2851 omnes
440 2796 575 2871 quis
601 2794 662 2850 in
689 2799 856 2851 tanto
881 2798 1245 2850 Francorum
1274 2795 1631 2869 imperatore
1651 2797 1866 2865 mundi

184 2883 374 2949 fuerit
402 2884 741 2958 despectus,
773 2884 878 2958 qui
928 2883 1260 2945 humilitate
1316 2890 1523 2942 sancta
1576 2886 1864 2953 ccelorum

186 2972 470 3046 possedit
494 2988 701 3043 regna.

271 3150 463 3221 Hujus
486 3150 667 3222 igitur
694 3150 901 3224 inclyti
921 3152 1080 3223 regis
1107 3167 1254 3215 avus
1284 3154 1326 3215 Η
1336 3166 1474 3222 ugo,
1492 3168 1603 3225 pro
1623 3152 1860 3227 pietate,

184 3240 494 3310 bonitate,
522 3241 868 3297 fortitudine
899 3245 1147 3313 Magnus
1177 3242 1394 3309 dictus,
1430 3244 1864 3299 monasterium

186 3333 254 3387 S.
284 3329 547 3400 Maglorii
576 3330 934 3387 confessoris
973 3331 1181 3389 Christi
1222 3331 1284 3387 in
1315 3331 1549 3389 civitate
1605 3332 1863 3397 Parisius

183 3417 378 3473 simul
412 3434 550 3473 cum
596 3417 718 3475 filio
776 3423 1128 3475 construens
1180 3419 1477 3487 nobiliter,
1528 3422 1863 3478 monachos

184 3508 312 3564 sub
345 3507 553 3579 regula
582 3509 766 3581 patris
798 3510 1094 3567 Benedicti
1144 3510 1334 3566 vivere
1366 3515 1609 3583 paratos
1632 3510 1717 3569 ibi
1748 3510 1864 3566 col-

182 3600 374 3669 locat,
403 3604 460 3654 et
488 3599 548 3654 in
573 3615 722 3655 auro
747 3599 838 3656 vel
867 3605 1114 3671 argento
1133 3600 1337 3656 locum
1364 3600 1563 3674 ipsum
1595 3601 1773 3671 dicat,
1806 3604 1863 3658 et

183 3689 421 3763 caeteris
449 3688 837 3761 ornamentis,
870 3705 980 3763 pro
1003 3690 1190 3745 salute
1224 3706 1334 3745 sua
1364 3694 1421 3746 et
1458 3690 1561 3746 filii
1590 3706 1660 3747 ac
1710 3691 1862 3748 futu-

183 3794 279 3849 ra:
335 3777 710 3849 posteritatis.
770 3781 947 3835 Mater
1014 3794 1257 3852 quoque
1315 3778 1443 3848 ejus
1517 3780 1862 3852 supradicta

186 3866 564 3934 Adhelaidis,
624 3867 986 3924 admiranda
1036 3868 1178 3923 satis
1210 3867 1270 3923 in
1302 3872 1513 3923 sancta
1542 3867 1861 3924 devotione

180 3956 422 4028 regina,
452 3956 588 4013 fecit
618 3957 1049 4014 monasterium
1082 3956 1271 4012 sancti
1324 3956 1665 4027 Frambaldi
1685 3957 1746 4013 in
1780 3957 1859 4013 ci-

182 4047 371 4118 vitate
401 4045 845 4119 Silvanectensi,
879 4046 982 4102 ubi
1011 4044 1335 4102 duodecim
1363 4044 1443 4103 ad
1474 4045 1860 4115 serviendum

182 4135 449 4192 Domino
472 4135 718 4191 clericos
751 4135 911 4192 misit
935 4140 993 4191 et
1016 4136 1091 4191 de
1122 4134 1345 4208 quibus
1374 4134 1641 4201 viverent
1665 4134 1859 4193 abun-

183 4222 264 4277 de
298 4223 793 4281 subministravit.
846 4224 1185 4282 Construxit
1232 4229 1288 4280 et
1308 4224 1742 4282 monasterium
1798 4225 1859 4281 in

182 4311 483 4371 territorio
514 4314 850 4386 Parisiensi,
878 4314 1016 4371 villa
1044 4331 1179 4389 quae
1207 4314 1421 4370 dicitur
1459 4313 1856 4385 Argentoilus,

186 4402 299 4457 ubi
328 4419 651 4473 numerum
702 4403 1055 4460 ancillarum
1083 4405 1185 4460 Dei
1212 4419 1334 4460 non
1375 4403 1695 4459 minimum
1741 4404 1856 4461 sub

188 4506 411 4547 norma
434 4492 624 4548 sancti
672 4493 972 4549 Benedicti
1026 4493 1215 4549 vivere
1246 4498 1488 4566 paratas
1520 4493 1808 4550 adunavit
1839 4512 1853 4563 ;

190 4579 270 4634 ad
305 4578 545 4651 laudem
570 4585 625 4637 et
673 4580 929 4652 gloriam
973 4581 1274 4655 bonorum
1297 4581 1571 4643 omnium
1602 4582 1855 4656 Inspira-

188 4670 335 4725 toris
358 4675 415 4725 et
436 4671 549 4725 sub
574 4671 802 4727 honore
834 4677 1057 4735 sanctae
1101 4672 1200 4745 Dei
1226 4670 1524 4742 genitricis
1570 4676 1855 4744 etperpe-

188 4764 308 4815 tuae
340 4759 585 4830 virginis
617 4760 806 4815 Mariae
839 4760 1235 4837 omnipotenti
1290 4760 1543 4817 Domino
1591 4761 1855 4818 dedicari

184 4853 242 4904 et
268 4849 605 4919 consecrari
630 4849 832 4905 voluit.
868 4850 1024 4906 Fecit
1046 4850 1434 4907 nihilominus
1461 4856 1669 4907 sancto
1702 4867 1853 4924 pon-

185 4937 331 4993 tifici
387 4938 633 4993 Martino
698 4938 967 4996 casulam
1025 4956 1173 4995 auro
1242 4945 1553 5013 operatam
1600 4940 1851 5012 optimo,

184 5026 341 5082 inter
370 5025 652 5099 scapulas
698 5028 1079 5098 majestatem
1122 5028 1247 5084 veri
1303 5028 1605 5107 pontiﬁcis
1664 5029 1852 5087 conti-

184 5120 453 5191 nentem,
488 5116 807 5171 Cherubim
832 5132 1076 5191 quoque
1108 5132 1178 5171 ac
1224 5117 1535 5191 Seraphim
1565 5118 1718 5174 colla
1742 5120 1854 5175 Do-

186 5203 468 5262 minatori
518 5205 792 5260 omnium
843 5204 1273 5283 submittentia.
1328 5206 1389 5260 ln
1435 5212 1672 5279 pectore
1710 5224 1850 5265 vero

184 5298 428 5365 Agnum
459 5293 581 5363 Dei,
614 5299 835 5349 nostrae
888 5293 1318 5366 redemptionis
1368 5295 1666 5365 hostiam;
1698 5313 1851 5370 quae

183 5386 322 5437 tuor
351 5398 383 5436 e
422 5382 664 5453 regione
711 5382 1029 5457 praeﬁgens
1058 5382 1344 5438 animalia
1375 5383 1696 5441 Dominum
1728 5386 1850 5456 glo-

184 5471 287 5525 riae
316 5469 651 5549 adorantia.
687 5470 839 5527 Fecit
868 5477 925 5526 et
945 5472 1137 5527 eidem
1162 5471 1336 5527 beato
1367 5471 1692 5529 confessori
1713 5490 1849 5547 cap-

186 5576 335 5633 pam
360 5576 548 5621 unam
573 5561 863 5641 intextam
881 5577 1029 5633 auro
1061 5580 1073 5629 ;
1108 5560 1261 5616 duas
1292 5576 1432 5615 vero
1454 5576 1527 5616 ex
1576 5566 1843 5632 argento.

1972 1724 2141 1795 virgo
2164 1724 2341 1781 beata
2390 1725 2709 1794 Genovefa,
2752 1729 2955 1783 Fertur
3004 1730 3205 1783 autem
3252 1722 3478 1781 dixisse
3510 1738 3637 1779 mo-

1972 1813 2129 1870 riens
2151 1812 2352 1870 bonus
2378 1817 2548 1871 Pater
2581 1834 2593 1871 :

2045 1926 2071 1950 ‹‹
2098 1905 2140 1959 Ο
2164 1903 2387 1976 optime
2416 1903 2520 1971 ﬁli,
2542 1919 2651 1977 per
2671 1907 2944 1961 sanctam
2970 1907 3027 1960 et
3055 1902 3433 1960 individuam
3449 1900 3635 1960 Trini-

1974 1997 2153 2050 tatem
2184 1999 2235 2050 te
2257 1994 2540 2061 obtestor,
2573 2010 2649 2050 ne
2674 1994 2923 2068 quando
2953 1993 3191 2050 animus
3215 1992 3506 2066 subripiat
3537 2007 3633 2048 ac-

1971 2084 2278 2156 quiescere
2305 2084 2565 2141 consiliis
2595 2084 2995 2151 adulantium,
3026 2084 3115 2141 vel
3147 2083 3502 2140 muneribus
3522 2080 3632 2137 do-

1970 2177 2187 2247 nisque
2211 2175 2520 2235 venenatis
2541 2179 2597 2231 te
2637 2176 2715 2233 ad
2736 2179 2875 2233 vota
2904 2191 3015 2231 sua
3043 2174 3312 2244 maligna
3332 2172 3633 2231 adducere

1972 2264 2338 2336 cupientium
2356 2281 2429 2327 ex
2452 2264 2545 2327 his
2569 2263 2825 2327 abbatiis
2849 2280 2985 2336 quae
3019 2263 3123 2319 tibi
3146 2267 3283 2336 post
3302 2264 3489 2318 Deum
3505 2276 3636 2335 per-

1971 2354 2283 2425 petualiter
2308 2354 2522 2427 detego
2548 2372 2562 2421 ;
2591 2369 2740 2411 neve
2770 2353 2958 2409 animi
2985 2353 3221 2409 levitate
3242 2353 3457 2411 ductus
3482 2366 3634 2425 quo-

1970 2442 2113 2507 libet
2139 2443 2322 2503 modo
2344 2442 2667 2511 distrahas,
2697 2441 2945 2514 diripias
2965 2445 3070 2499 aut
3082 2440 3171 2499 ira
3191 2441 3483 2501 excitante
3512 2440 3635 2497 dis-

1974 2530 2150 2604 sipes.
2178 2530 2519 2611 Specialiter
2538 2545 2680 2587 vero
2726 2530 2832 2586 tibi
2858 2528 3094 2585 inculco
3122 2528 3288 2586 nullo
3315 2533 3492 2602 pacto
3520 2528 3634 2589 du-

1974 2636 2105 2685 cem
2130 2619 2426 2688 omnium,
2455 2622 2688 2675 Patrem
2717 2618 2853 2675 dico
2885 2617 3290 2685 Benedictum,
3314 2622 3426 2673 ate
3451 2617 3638 2691 patia-

1973 2708 2053 2765 ris
2082 2708 2302 2779 divelli,
2332 2708 2499 2764 illum
2531 2708 2697 2781 apud
2717 2723 3105 2764 communem
3133 2705 3400 2763 iudicem
3431 2705 3638 2765 salutis

1973 2798 2225 2865 aditum,
2260 2797 2699 2871 tranquillitatis
2726 2801 2968 2873 portum
2996 2802 3254 2871 postque
3279 2794 3476 2853 carnis
3507 2793 3637 2853 obi.

1973 2893 2103 2949 tum
2135 2887 2464 2945 securitatis
2494 2888 2753 2960 asylum.
2790 2910 2818 2938 »

1903 3005 1943 3069 ρ
2045 2981 2186 3049 Quae
2218 2982 2420 3069 autem
2438 2978 2567 3034 haec
2594 2976 2809 3069 ancilla
2831 2976 2951 3069 Dei,
2966 2980 3158 3069 mater
3181 2974 3637 3069 prudentissimi

1971 3068 2127 3138 regis
2158 3067 2436 3139 Rotberti,
2459 3084 2643 3141 cpera
2670 3067 2834 3123 bona
2862 3066 3080 3133 fecerit,
3112 3068 3322 3141 paucis
3343 3066 3635 3125 adnotare

1971 3157 2132 3215 libet.
2189 3161 2319 3230 ipse
2343 3157 2580 3227 juvenis
2626 3155 2943 3213 laborabat
2971 3155 3105 3212 forti
3132 3155 3477 3215 inﬁrmitate
3502 3169 3633 3210 cor-

1972 3248 2154 3321 poris,
2187 3248 2263 3302 de
2290 3263 2416 3320 qua
2449 3251 2575 3301 erat
2603 3245 2757 3318 patri
2783 3249 2840 3302 et
2864 3245 3040 3302 matri
3069 3245 3131 3301 in
3160 3245 3371 3301 timore
3399 3243 3633 3316 pericu-

1971 3335 2117 3391 lum.
2150 3338 2260 3391 Pro
2281 3351 2403 3407 quo
2426 3335 2561 3390 fecit
2580 3333 2640 3389 in
2669 3332 2887 3389 seniori
2908 3333 3158 3390 ecclesia
3186 3331 3634 3391 Aurelianensis

1972 3425 2242 3495 civitatis,
2272 3440 2460 3498 quam
2485 3429 2728 3480 sanctus
2758 3423 3034 3479 Evurtius
3056 3438 3164 3496 per
3192 3422 3294 3479 Dei
3322 3422 3634 3485 dexteram

1970 3514 2245 3571 fundavit
2270 3519 2326 3570 et
2356 3530 2522 3571 more
2552 3512 2951 3570 ecclesiastico
2988 3512 3294 3571 benedixit
3315 3512 3376 3569 in
3406 3514 3633 3573 saneta

1970 3609 2025 3661 et
2051 3605 2299 3661 viviticee
2334 3604 2535 3661 Crucis
2564 3605 2793 3661 honore
2816 3604 3145 3674 imaginem
3174 3600 3407 3669 Domini
3436 3606 3493 3659 et
3511 3600 3634 3665 εει.

1966 3693 2191 3750 vatoris
2218 3692 2405 3749 nostri
2436 3696 2576 3749 Jesn
2615 3692 2827 3749 Christi
2868 3692 3188 3766 pendentis
3232 3693 3294 3750 in
3324 3707 3522 3761 cruce,
3552 3707 3631 3753 ex

1969 3798 2118 3838 auro
2149 3798 2325 3855 puro,
2358 3787 2423 3838 ut
2450 3782 2801 3838 liberaretur
2824 3797 2860 3838 a
2889 3783 3096 3843 mortis
3125 3782 3412 3854 periculo,
3443 3796 3631 3852 quem

1971 3874 2124 3933 Deus
2171 3872 2554 3943 omnipotens
2578 3871 2709 3941 jam
2739 3870 2905 3942 apud
2943 3887 3007 3926 se
3043 3871 3391 3929 decreverat
3418 3883 3630 3937 regna-

1967 3968 2171 4021 turum
2222 3961 2283 4017 in
2334 3960 2585 4017 mundo.
2640 3964 2789 4016 Nam
2818 3964 2875 4015 et
2923 3959 3053 4028 ejus
3084 3959 3296 4013 virtute
3338 3956 3626 4013 liberatus

1968 4056 2074 4107 est.
2098 4050 2347 4107 Dederat
2377 4054 2576 4111 autem
2599 4052 2657 4104 ct
2681 4054 2853 4121 pater
2896 4063 3004 4119 pro
3029 4046 3152 4103 ﬁlio
3178 4045 3357 4102 unico
3405 4047 3628 4101 sanctas

1969 4140 2173 4196 Crucis
2193 4139 2327 4194 loco
2372 4152 2621 4193 urceum
2651 4140 3002 4207 argenteum
3043 4138 3402 4208 pensantem
3427 4150 3502 4190 Lx
3555 4132 3626 4191 lia-

1967 4227 2247 4300 bras,qui
2273 4241 2465 4298 usque
2494 4224 2574 4281 ad
2603 4225 2727 4281 haec
2755 4228 2962 4282 nostra
2991 4229 3264 4297 tempore.
3291 4223 3629 4297 permansit

1965 4317 2027 4373 in
2048 4316 2232 4373 domo
2264 4315 2364 4375 Dei
2394 4318 2621 4371 sancta.
2655 4318 2936 4372 Crescens
2974 4314 3199 4389 quippe
3231 4318 3401 4377 (etate
3447 4318 3507 4373 et
3537 4313 3626 4374 vir

1965 4406 2156 4467 factus
2184 4405 2393 4463 virtute
2444 4408 2629 4462 totam
2656 4408 2878 4465 terram
2917 4409 3137 4462 sanctae
3166 4404 3391 4474 Crucis,
3435 4418 3624 4478 quam

1966 4496 2141 4552 Fulco
2170 4495 2488 4568 episcOpus
2518 4510 2629 4568 pro
2679 4494 2975 4566 adjutorio
3005 4495 3098 4552 sui
3131 4494 3366 4565 Hugoni
3417 4498 3625 4565 poten-

1963 4584 2194 4639 tissimo
2225 4582 2565 4638 Belvacensi
2590 4582 2838 4639 dederat
2866 4601 2879 4652 ;
2911 4583 3007 4638 hic
3035 4582 3126 4638 vir
3147 4582 3267 4648 Dei,
3317 4580 3423 4651 qui
3441 4580 3621 4634 laude

1963 4678 2021 4737 et
2069 4672 2253 4731 verbo
2304 4673 2699 4746 omnipotenti
2753 4671 3168 4746 complacebat
3208 4673 3347 4738 Deo,
3402 4670 3619 4725 mmsto

1963 4764 2152 4824 factus
2182 4763 2407 4833 animo,
2457 4778 2565 4835 per
2620 4762 2840 4818 saecula
2888 4758 3249 4818 celebrando
3304 4756 3619 4814 salutiferae

1963 4853 2163 4910 Crucis
2188 4852 2321 4910 loco
2349 4869 2461 4908 suo
2485 4851 2745 4909 reddidit
2779 4849 2962 4907 dono.
3018 4849 3190 4905 Hunc
3227 4846 3487 4918 denique
3536 4844 3622 4901 lc-

1962 4959 2123 5013 cum,
2140 4941 2629 5001 Aurelianensem
2646 4940 2865 4999 scilicet
2884 4938 3111 5005 sedem,
3139 4935 3454 5009 specialius
3467 4951 3619 4990 sema

1960 5048 2067 5105 per
2096 5031 2320 5101 dilexit,
2349 5030 2493 5103 quia
2515 5029 2575 5085 in
2602 5046 2675 5086 ea
2701 5030 2879 5089 natus
2905 5026 3184 5093 adolevit,
3217 5029 3275 5082 et
3294 5028 3433 5098 post
3456 5039 3620 5096 rege-

1960 5124 2204 5177 neratus
2234 5135 2308 5174 ex
2337 5134 2497 5191 aqua
2525 5122 2582 5174 et
2608 5118 2826 5191 Spiritu
2872 5121 3100 5184 sancto,
3131 5116 3214 5172 ibi
3253 5114 3621 5188 assumptio-

1960 5207 2053 5262 nis
2080 5222 2202 5261 suae
2231 5206 2293 5262 in
2322 5222 2525 5277 regem
2556 5206 2887 5264 solemnem
2922 5205 3125 5278 utique
3146 5205 3410 5279 percepit
3432 5205 3616 5261 bene-

1960 5295 2304 5351 dictionem.
2368 5299 2635 5358 Domnus
2678 5295 2857 5352 etiam
2895 5296 3290 5355 Theodericus
3341 5294 3615 5368 ejusdem

1960 5384 2210 5447 civitatis
2274 5384 2617 5457 episcopus,
2673 5385 2847 5455 cm’us
2902 5402 3022 5443 vox
3080 5386 3325 5444 laudem
3380 5386 3615 5443 Domini

1958 5477 2137 5549 digne
2167 5479 2224 5531 et
2249 5474 2630 5533 laudabiliter
2657 5476 2985 5547 ernctabat,
3008 5478 3212 5534 volens
3263 5478 3471 5534 haberi
3492 5488 3617 5532 me-

1956 5567 2215 5624 moriam
2242 5565 2336 5622 sui
2363 5564 2624 5627 nominis
2661 5566 2723 5625 in
2750 5567 3114 5624 monasterio
3141 5570 3363 5622 sanctae
3389 5565 3611 5636 Crucis,

184 5649 439 5739 Speciali
501 5655 704 5735 autem
764 5667 874 5729 suo
939 5654 1078 5741 post
1139 5649 1460 5719 Dominum
1510 5650 1846 5712 amicorum
1950 5652 2125 5725 jubet
2145 5668 2254 5712 vas
2274 5650 2402 5710 ﬁeri
2420 5668 2495 5711 ex
2514 5655 2755 5717 centum
2783 5651 2988 5713 solidis
3007 5653 3137 5712 auri
3155 5649 3466 5726 cptimi,in
3488 5666 3616 5726 quo
