3976 6180
345 199 451 254 919

1536 185 1851 246 ROBERTI
1891 182 2095 242 REGIS
2137 186 2583 245 FRANCORUM.

346 321 794 377 consecraretur
826 314 1071 385 sanguis
1095 314 1332 371 Domini
1363 314 1548 371 nostri
1574 315 1715 369 Jesu
1768 309 1998 368 Christi.
2045 311 2091 365 Α
2119 325 2155 366 a
2186 311 2412 367 cunctis
2442 317 2500 368 et
2524 327 2760 383 semper
2789 316 3049 368 amatus.
3073 311 3172 367 Die
3197 313 3397 367 autem
3425 310 3661 384 primo
3684 325 3829 384 per-

344 412 626 468 Junxerat
654 423 716 462 se
749 409 911 461 tanto
959 406 1225 477 pontifici
1250 423 1353 461 rex
1383 409 1579 461 mente
1623 401 1856 462 humili.
1905 399 2010 472 qui

349 512 609 571 superno
647 499 841 551 tactus
866 511 1072 551 amore
1124 495 1260 551 fecit
1289 495 1349 550 in
1379 495 1509 568 ipso
1567 495 1776 549 sancto
1825 489 2009 545 calice

344 591 628 659 patenam
654 583 733 639 ad
755 582 1200 639 conﬁciendum
1229 583 1291 640 in
1307 600 1378 639 ea
1407 599 1624 656 corpus
1654 580 2010 651 Redempto-

341 674 422 729 ris
448 671 684 743 mundi,
716 675 782 727 ut
805 675 960 728 esset
988 672 1041 727 ei
1081 673 1272 728 crucis
1306 671 1684 743 signaculum
1731 669 1790 724 in
1839 665 2007 723 auxi-

341 762 491 818 lium
524 766 581 817 et
612 765 824 817 sancta
848 760 1054 833 passio
1084 777 1228 818 vera
1266 760 1483 816 anima
1545 758 1861 830 carnisque
1915 772 2008 813 re-

343 851 632 923 demptio.
666 849 1062 906 Nihilominus
1091 855 1148 906 et
1175 850 1469 906 domuum
1499 847 1840 905 Odolricum
1859 847 2010 919 epis-

344 955 568 1012 copum
599 937 661 993 in
687 937 1042 994 sacerdotali
1065 939 1420 994 vestimento
1448 937 1529 992 sic
1576 934 1909 998 honoravit,
1947 938 2013 990 ut

346 1033 552 1084 astans
580 1027 638 1082 in
671 1027 964 1083 sacriﬁcio
989 1027 1225 1083 Domini
1282 1027 1700 1083 circumtectus
1741 1040 1812 1079 ex
1845 1023 2011 1079 omni

344 1120 516 1190 parte
549 1131 698 1171 auro
755 1119 812 1171 et
866 1130 1136 1187 purpura
1187 1115 1506 1170 videretur.
1567 1112 1880 1170 Urceolum
1938 1128 2011 1167 ex

345 1203 628 1261 onichino
659 1202 907 1272 factum,
938 1203 1104 1275 quod
1136 1206 1591 1275 comparaverat
1641 1217 1745 1257 rex
1794 1199 2013 1255 ditissi-

345 1309 483 1348 mus
511 1291 702 1364 pretio
732 1308 802 1346 Lx
832 1290 1144 1358 librarum,
1177 1291 1392 1346 iterum
1413 1291 1525 1363 ipsi
1551 1293 1769 1345 sancta
1811 1288 2011 1344 Crucis

344 1381 479 1436 loco
509 1379 758 1435 contulit
788 1379 969 1436 simul
993 1397 1132 1435 cum
1149 1380 1266 1436 alio
1297 1384 1579 1450 argenteo
1600 1382 1655 1434 et
1675 1377 2006 1450 manipulo.

346 1469 515 1526 Dedit
545 1469 726 1524 etiam
757 1474 815 1524 et
860 1468 1041 1541 pallia
1070 1469 1182 1524 tria
1210 1470 1469 1542 pretiosa
1497 1468 1559 1523 in
1586 1470 1800 1523 ornatu
1832 1466 2013 1522 eccle-

347 1557 469 1629 sia,
504 1574 614 1629 pro
645 1573 756 1613 sua
809 1573 1179 1630 suorumque
1234 1557 1497 1612 ﬁliorum
1545 1557 1751 1623 salute,
1781 1561 1837 1611 et
1894 1555 2012 1612 alia

2116 398 2266 455 fecta
2293 400 2707 458 benedictione
2734 401 3010 468 mirabili,
3043 405 3212 474 pater
3254 402 3425 456 latus
3454 400 3688 456 factus
3747 400 3828 455 de

2114 487 2254 555 ﬁlio,
2287 490 2627 546 exsultabat
2663 489 2886 561 gaudio
2937 490 3251 546 immenso.
3294 488 3676 546 Admonitio
3713 505 3826 562 pa-

2116 576 2218 632 tris
2247 594 2316 634 eo
2339 578 2434 635 die
2466 579 2600 635 talis
2633 580 2788 636 facta
2817 584 2907 636 est
2928 580 2991 635 in
3020 579 3142 636 ﬁlio
3172 579 3333 635 bono
3365 597 3379 634 :
3416 602 3446 628 «
3478 578 3674 645 Vide,
3713 578 3821 644 ﬁli,

2118 681 2354 740 semper
2383 668 2462 722 sis
2491 685 2724 725 memor
2748 669 2869 735 Dei,
2892 669 2997 741 qui
3026 673 3079 724 te
3109 668 3285 724 hodie
3312 667 3706 740 participem
3729 669 3827 723 sui

2115 755 2253 811 fecit
2282 757 2470 827 regni,
2502 762 2567 813 ut
2594 757 2887 830 aequitatis
2917 763 2973 814 et
2994 758 3232 829 justitia
3260 757 3321 812 in
3351 757 3593 813 semitis
3642 755 3824 813 dele—

2117 845 2308 901 cteris.
2335 847 2526 914 Quod,
2549 863 2771 919 quaeso,
2791 848 3073 904 attribuat
3093 847 3406 904 mihiDeus
3425 853 3494 903 ut
3523 839 3819 912 videam,

2117 939 2171 990 et
2203 934 2306 990 tibi
2338 939 2402 990 ut
2426 936 2610 992 facias
2631 937 2807 1008 juxta
2835 935 2968 1008 ejus
2994 933 3387 1004 voluntatem,
3419 953 3567 1008 qua
3599 937 3824 992 omni-

2114 1023 2232 1078 bus
2264 1022 2744 1081 desiderantibus
2770 1041 2904 1081 eam
2929 1041 3166 1098 semper
3189 1026 3378 1082 adest.
3411 1048 3438 1074 »
3470 1025 3649 1081 Inter
3685 1025 3822 1082 hac

2116 1111 2327 1168 festiva
2354 1113 2646 1170 solemnia
2666 1114 2915 1186 quidam
2949 1114 3321 1185 clericorum,
3347 1129 3589 1170 vesano
3617 1115 3822 1171 corde

2120 1201 2440 1258 meditatus
2468 1219 2768 1275 perversa,
2784 1203 3074 1259 accelerat
3093 1201 3374 1276 perﬁcere
3397 1218 3492 1258 ea.
3517 1203 3820 1277 Speciem

2118 1291 2275 1346 cervi
2306 1308 2377 1347 ex
2408 1296 2654 1362 argento
2685 1308 2852 1347 mero
2881 1292 3018 1348 facti
3056 1292 3147 1347 vir
3177 1291 3277 1348 Dei
3305 1291 3547 1348 habens
3583 1293 3652 1348 in
3690 1295 3818 1349 the-

2119 1379 2310 1436 sauris
2342 1381 2466 1436 suis
2493 1396 2565 1436 eo
2616 1381 3026 1437 delectabatur
3056 1381 3429 1437 solemnibus
3458 1380 3663 1438 festis.
3700 1385 3817 1437 Ac;

2119 1471 2358 1538 ceperat
2386 1467 2500 1522 hoc
2526 1483 2748 1523 munus
2780 1485 2815 1523 a
2847 1467 3521 1538 duceANormannorum
3549 1463 3814 1525 Richar-

2118 1533 2296 1611 do—ad
2319 1572 2464 1610 usus
2494 1533 3314 1630 humanos,quodbenignus
3343 1557 3811 1628 ore,benignus

345 1646 539 1702 multa
566 1662 700 1719 quae
732 1661 856 1701 non
881 1650 1133 1718 possunt
1163 1645 1354 1701 littera
1398 1645 1591 1700 notari
1617 1661 1726 1700 nec
1756 1660 2010 1700 numero
2040 1664 2081 1719 Β
2119 1642 2317 1711 corde,
2349 1643 2612 1714 benigno
2642 1660 2766 1700 non
2796 1645 3020 1701 distulit
3041 1646 3306 1702 conferre
3336 1648 3639 1702 Deo.Erat
3663 1648 3810 1703 huic

346 1734 798 1808 comprehendi.
833 1736 1187 1790 Sanctorum
1205 1734 1364 1790 enim
1396 1751 1650 1807 corpora
1678 1737 2011 1806 martyrum

345 1825 744 1898 pretiosorum
770 1823 1069 1880 Saviniani
1104 1830 1160 1880 et
1186 1824 1658 1896 Potentiani',,qui
1687 1823 1852 1896 passi
1874 1826 2015 1880 sunt

347 1915 637 1970 acerrime
657 1914 718 1968 in
749 1915 1080 1969 Senonensi
1129 1914 1295 1980 urbe,
1325 1930 1492 1980 auro,
1525 1905 1814 1983 ’argento,
1849 1929 2014 1983 gem-

345 2003 460 2058 mis
491 2003 572 2058 ita
601 2001 831 2057 vestivit
859 2006 924 2057 ut
948 2002 1010 2056 in
1038 2001 1131 2057 his
1161 2001 1551 2057 delectaretur
1607 2002 1804 2057 omnis
1834 2017 2011 2056 mun-

346 2091 481 2160 dus,
516 2107 671 2164 quos
693 2090 753 2145 in
786 2089 954 2146 terris
985 2107 1087 2146 rex
1145 2090 1665 2158 honoriﬁcaverat,
1719 2090 1896 2146 laude
1927 2089 2012 2144 di-

347 2181 498 2252 gnis.
530 2184 816 2237 Praeterea
844 2180 1001 2236 Patri
1031 2180 1345 2236 Benedicto
1376 2185 1434 2236 et
1463 2180 1606 2246 suis,
1640 2181 1734 2236 cui
1776 2195 2014 2252 semper

345 2272 480 2328 totis
507 2271 845 2328 adhaserat
872 2269 1236 2342 praecordiis,
1287 2286 1398 2344 pro
1430 2285 1540 2326 sua
1563 2269 1625 2325 in
1652 2274 1774 2325 tota
1799 2267 2012 2324 mundi

342 2359 656 2415 latitudine
686 2359 1027 2415 admirabili
1055 2358 1592 2431 vita,piscatoriam
1623 2357 1878 2428 Ligeritti
1903 2358 2012 2412 ﬂu-

344 2447 525 2502 minis
572 2446 1040 2516 benignissimus
1090 2448 1375 2518 attribuit,
1417 2447 1642 2520 scripto
1665 2445 1929 2503 ﬁrmavit
1957 2451 2014 2502 et

345 2551 421 2592 ex
451 2536 545 2592 his
575 2535 658 2592 nil
683 2536 849 2592 aliud
869 2554 1056 2610 quam
1086 2537 1528 2594 intercessionis
1549 2536 1705 2592 illius
1733 2535 2014 2610 quasivit

345 2625 652 2697 suffragia.
672 2626 787 2682 Sed
806 2631 863 2682 et
890 2632 1260 2700 praceptum
1277 2627 1350 2683 de
1363 2625 1736 2683 immunitate
1762 2625 2013 2682 Floriaci

343 2715 481 2783 loci,
515 2732 621 2772 seu
647 2715 722 2771 de
752 2717 844 2771 his
874 2732 1010 2788 qua
1041 2717 1389 2773 monasterii
1417 2721 1767 2789 competunt
1794 2715 2012 2773 utilita-

346 2805 527 2872 tibus,
563 2804 912 2860 auctoritate
963 2805 1128 2874 regia
1155 2805 1418 2860 ﬁrmavit
1464 2809 1522 2860 et
1551 2804 1739 2875 sigillo
1797 2822 1906 2862 suo
1949 2811 2017 2863 ut

343 2893 546 2948 bonus
583 2897 640 2946 et
665 2891 905 2962 sapiens
935 2890 1260 2961 insignivit.
1293 2893 1358 2947 In
1388 2894 1755 2949 ornamentis
1787 2895 2012 2968 quippe

344 2977 762 3034 ecclesiasticis
795 2981 1028 3032 Patrem
1087 2979 1469 3036 Benedictum
1517 2981 1844 3044 honorans,
1887 3000 2012 3056 quo
2043 3018 2084 3075 ο

345 3082 419 3122 eo
444 3081 650 3121 amore.
709 3065 977 3122 dilexerit
1029 3067 1512 3125 manifestissime
1554 3072 1802 3144 aperuit.
1864 3076 2011 3128 Nam

349 3154 536 3211 altare
570 3159 790 3210 sancta
817 3154 918 3210 Dei
948 3156 1247 3226 genitricis
1279 3158 1465 3214 Maria
1494 3160 1677 3233 pallio
1714 3159 2016 3234 pretiosis-

348 3242 502 3299 simo
529 3248 668 3316 post
693 3243 919 3314 ignem,
950 3246 1056 3318 qui
1086 3245 1194 3302 fuit
1222 3246 1520 3305 immensa
1577 3250 1765 3306 nostri
1824 3251 2014 3307 sancti

342 3330 462 3387 loci
489 3331 822 3402 calamitas,
857 3334 1165 3406 cooperuit
1191 3340 1247 3391 et
1276 3336 1758 3408 thymiamaterio
1792 3355 2014 3411 usque-

346 3435 592 3493 quaque
623 3421 769 3477 satis
795 3421 1074 3489 mirabili,
1099 3439 1247 3480 auro
1277 3430 1335 3480 et
1357 3427 1611 3496 gemmis
1639 3427 1794 3483 bene
1824 3428 2013 3484 eleva-

345 3511 407 3563 to
436 3507 500 3562 in
519 3508 784 3575 sublimi,
816 3508 978 3564 hunc
1008 3517 1281 3569 sanctum
1329 3513 1712 3571 devotissime
1737 3515 2012 3572 nobilitas

345 3593 452 3648 vit.
480 3595 618 3650 Erat
646 3595 809 3650 enim
838 3600 896 3651 et
920 3596 1035 3652 hoc
1080 3599 1333 3673 adplenc
1365 3604 1728 3659 conveniens
1759 3603 2013 3677 thymia-

346 3681 670 3736 materium
702 3683 1006 3740 thuribulo
1031 3703 1212 3744 aureo
1245 3706 1281 3746 a
1328 3691 1613 3746 Gauzlino
1663 3692 1881 3748 abbate
1907 3693 2017 3749 mi-

345 3767 631 3826 rabilium
679 3770 900 3828 factore
928 3779 1184 3847 patrato,
1235 3780 1407 3850 cujus
1458 3795 1612 3851 opus
1657 3780 2016 3852 splendescit

346 3874 471 3933 prae
497 3859 783 3917 omnibus
814 3878 951 3935 qua
980 3863 1242 3922 vidimus
1262 3867 1377 3938 ipsi
1403 3868 1508 3938 qui
1528 3869 1656 3924 hac
1675 3870 2012 3942 scribimus,

344 3948 410 4004 in
440 3947 704 4006 Floriaco
732 3949 886 4006 loco.
932 3952 1359 4010 Monasterium
1411 3957 1465 4012 S.
1499 3956 1765 4014 Cassiani
1790 3959 2017 4016 confes-

349 4037 501 4094 soris
535 4039 760 4095 summi
790 4039 853 4096 in
883 4042 1088 4099 Hedua
1116 4042 1369 4108 civitate,
1393 4061 1527 4118 quae
1554 4051 1611 4102 et
1633 4049 2014 4119 Augustodu-

347 4140 488 4194 nus,
518 4127 706 4183 nimia
729 4129 996 4186 dirutum
1022 4139 1318 4190 vetustate
1347 4151 1384 4191 a
1408 4151 1567 4192 novo
1621 4137 1930 4196 aediﬁcavit
1959 4131 2016 4196 et

348 4210 414 4267 in
434 4226 506 4267 eo
533 4214 633 4268 Dei
655 4216 962 4274 ministros
980 4221 1281 4278 collocans
1301 4224 1633 4298 abbatiam,
1649 4228 1803 4283 sicut
1821 4228 2011 4301 prius,

350 4302 704 4387 construxit,
737 4305 1017 4377 prabens
1063 4316 1338 4383 sumptus
1368 4313 1460 4368 his
1484 4315 1590 4387 qui
1642 4316 1868 4374 ibidem
1894 4321 2016 4376 Deo

349 4371 888 4447 deservirentjtioc
920 4393 974 4448 ei
1003 4371 1289 4470 studium,
1316 4399 1444 4455 hac
1475 4371 1602 4471 ejus
1634 4371 1870 4476 semper
1894 4371 2018 4464 ifui't
2036 4371 2084 4427 Β

348 4476 415 4534 in
442 4493 623 4551 opere
645 4480 748 4536 Dei
777 4479 1074 4540 voluntas.

421 4655 649 4715 Palatio
678 4662 1032 4735 Compendii
1056 4665 1353 4725 damnum
1384 4671 1602 4729 accidit
1628 4675 1754 4744 regi
1781 4675 1842 4732 in
1861 4675 2018 4734 furto

351 4744 560 4804 nobili.
595 4750 864 4808 Instabat
888 4755 1030 4810 tunc
1056 4755 1184 4812 dies
1205 4760 1595 4834 Pentecostes,
1628 4780 1750 4836 quo
1767 4766 2018 4838 Spiritus

351 4840 600 4892 sanctus
632 4839 870 4912 replens
901 4843 1137 4900 animas
1157 4848 1411 4906 mundat
1431 4850 1699 4908 ﬁdelium
1729 4854 1933 4922 corda,
1954 4861 2020 4913 ut

345 4922 629 5015 placeant
643 4929 795 4985 Patri
821 4933 878 4986 et
909 4931 1068 5002 Filio,
1100 4935 1323 5007 quibus
1339 4940 1586 5012 aqualis
1603 4941 1853 5015 Spiritus
1885 4960 2017 5001 san-

349 5012 427 5068 cti
445 5016 661 5086 portio.
685 5019 900 5076 Volens
931 5021 1032 5079 illo
1057 5023 1152 5081 die
1179 5030 1348 5098 pater
1370 5044 1473 5085 rex
1504 5012 1797 5102 gloriosus
1825 5031 2016 5091 ﬁlium

349 5117 532 5194 suum
551 5109 808 5166 statuere
829 5109 894 5166 in
917 5127 1144 5185 regem,
1176 5117 1422 5175 nomine
1451 5120 1788 5194 Hugonem,
1871 5129 2018 5181 stre-

346 5189 653 5287 nuissima
677 5195 1000 5287 nobilitatis
1028 5203 1338 5274 juvenem,
1372 5223 1482 5280 pro
1510 5189 1808 5268 immensa
1829 5219 2016 5287 patris

347 5279 408 5331 et
419 5275 538 5367 ﬁlii
566 5279 856 5354 bonitate,
887 5304 1024 5361 quae
1055 5297 1183 5350 erat
1227 5275 1536 5367 divulgata
1566 5303 1687 5355 toto
1718 5275 2015 5360 terrarum

345 5364 514 5466 orbe,
643 5369 984 5466 faciendum
1006 5396 1147 5438 eum
1164 5364 1487 5444 festinabat
1508 5390 1706 5446 omnis
1723 5393 2010 5466 mundus,

343 5455 491 5528 quia
518 5456 929 5520 delectabatur
959 5467 1019 5524 in
1053 5471 1290 5530 talibus.
1353 5476 1479 5533 Fuit
1503 5478 1661 5534 enim
1689 5479 1785 5537 hic
1814 5455 2012 5538 bonus

338 5542 579 5643 juvenis
609 5550 1118 5614 excellentissima
1150 5563 1484 5637 probitatis,
1508 5585 1718 5626 omnes
1748 5571 2011 5643 comple-

343 5635 528 5704 ctens,
559 5653 771 5698 omnes
799 5642 1074 5716 diligens,
1106 5651 1341 5709 nullum
1370 5635 1729 5729 despiciens,
1753 5635 2002 5724 dilectus

2119 1738 2475 1790 ornamento
2506 1733 2829 1805 adjunctus
2862 1735 3126 1807 scyphus
3158 1751 3434 1802 corneus,
3477 1752 3614 1808 quo
3645 1737 3810 1792 defe-

2119 1821 2361 1877 rebatur
2382 1822 2592 1878 vinum
2643 1823 2720 1879 ad
2752 1822 3177 1879 celebrandum
3219 1823 3614 1881 sacriﬁcium.
3671 1829 3804 1882 Haec

2120 1911 2418 1984 aspiciens
2447 1911 2697 1984 quidam
2728 1912 2969 1986 pestifer
2993 1918 3050 1969 et
3075 1929 3340 1986 nequam
3387 1913 3677 1984 clericus,
3707 1932 3799 1970 ar=

2119 2001 2276 2074 ripit,
2309 2000 2515 2072 caligis
2555 2003 2844 2073 recondit,
2903 2004 3020 2059 huc
3068 2003 3326 2077 illucque
3375 1997 3619 2060 vadens
3673 2021 3796 2061 non

2120 2087 2348 2145 invenit
2401 2089 2496 2145 cai
2553 2107 2624 2146 ea
2662 2085 3000 2148 venditione
3057 2093 3481 2163 contribueret,
3515 2095 3618 2151 vel
3645 2111 3796 2168 quo—

2121 2178 2305 2235 modo
2335 2175 2495 2235 illam
2532 2180 2792 2253 speciem
2834 2181 2992 2237 cervi
3044 2182 3346 2239 destruere
3372 2190 3606 2256 posset.
3661 2188 3791 2242 Cre-

2121 2263 2390 2325 dendum
2417 2274 2505 2324 est
2533 2271 2759 2326 cunctis
2814 2286 2885 2326 ea
2914 2271 2997 2342 pii
3038 2271 3195 2341 regis
3251 2279 3487 2329 servata
3539 2276 3789 2345 meritis,

2121 2359 2224 2430 qui
2246 2363 2368 2414 toto
2399 2359 2576 2414 corde
2609 2364 2733 2416 erat
2763 2361 2881 2416 Deo
2908 2360 3121 2417 ﬁdelis.
3157 2365 3306 2418 Nam
3345 2363 3518 2419 tertia
3541 2363 3789 2421 Sabbati

2120 2447 2182 2502 in
2212 2448 2469 2503 oratorio
2502 2448 2705 2505 Turris
2735 2448 2926 2506 Caroli
2965 2449 3313 2524 colloquens
3343 2464 3487 2508 cum
3517 2455 3785 2524 quodam

2121 2535 2517 2592 familiaritate
2545 2537 2806 2608 perfecta
2858 2537 2970 2593 sibi
2999 2540 3344 2610 conjuncta,
3393 2547 3532 2598 ecce
3566 2542 3666 2598 fur
3690 2557 3782 2598 ve.

2120 2625 2290 2680 niens
2319 2631 2455 2681 ante
2485 2623 2668 2682 altare
2701 2642 2762 2682 se
2794 2618 3063 2695 collocat,
3097 2645 3303 2701 preces
3343 2631 3587 2687 inutiles
3621 2649 3782 2705 spar-

2121 2713 2204 2786 git
2231 2719 2288 2770 et
2315 2714 2497 2785 longa
2527 2717 2884 2788 protrahens
2916 2717 3193 2790 suspiria,
3220 2719 3564 2791 facistergio
3588 2721 3781 2778 altaris

2118 2803 2352 2878 prolixo
2382 2805 2590 2878 operit,
2622 2806 2798 2862 simul
2829 2823 2967 2862 cum
3000 2808 3253 2880 scypho,
3305 2813 3364 2864 et
3391 2810 3475 2866 sic
3504 2826 3782 2868 verecun=

2118 2893 2234 2948 dus
2258 2893 2421 2960 abiit,
2455 2895 2726 2949 nesciens
2755 2895 2936 2950 miser
2961 2909 3223 2968 quorum
3250 2889 3408 2953 oculi
3439 2912 3627 2972 super
3651 2913 3782 2957 eum

2119 2986 2289 3038 erant
2315 2981 2515 3038 deﬁxi.
2551 2986 2800 3040 Cessans
2817 3001 2920 3040 rex
2941 3001 2976 3040 a
2993 2984 3291 3059 colloquio
3318 2989 3576 3044 vaditad
3605 2991 3781 3046 altare

2119 3072 2272 3144 pede
2302 3071 2419 3127 levi
2439 3089 2578 3128 cum
2608 3074 2803 3130 amico
2834 3091 2996 3144 vero,
3029 3079 3086 3131 et
3115 3091 3226 3132 sua
3265 3077 3569 3150 accipiens
3594 3080 3784 3136 reddit

2119 3161 2291 3217 latus
2320 3161 2616 3233 ministro,
2647 3162 3039 3219 interminans
3089 3165 3252 3220 socio
3308 3180 3402 3234 ne,
3434 3158 3584 3224 dum
3617 3165 3781 3224 advi-

2119 3255 2300 3319 veret,
2333 3267 2555 3308 nomen
2577 3252 2706 3323 ejus
2735 3247 2953 3309 saeculo
2983 3251 3376 3311 innotesceret
3396 3261 3452 3312 et
3470 3262 3635 3314 tanto
3654 3257 3778 3315 viro

2118 3341 2549 3398 verecundiam
2578 3342 2815 3399 faceret.

2189 3433 2405 3487 Verum
2435 3432 2579 3505 quia
2604 3434 2856 3506 opponit
2906 3443 2967 3492 se
2998 3431 3216 3494 ucstra
3266 3427 3581 3495 narrationi
3619 3447 3770 3513 quo-

2119 3519 2402 3576 rumdam
2432 3529 2728 3594 perversa
2749 3525 2965 3581 mentis
2999 3526 3257 3597 intentio,
3281 3527 3374 3600 qui
3411 3544 3588 3583 omne
3644 3529 3758 3586 bo-

2122 3624 2268 3664 num
2298 3611 2465 3682 quod
2493 3611 2610 3685 ipsi
2639 3621 2947 3687 nequeunt
2976 3619 3219 3691 assequi
3262 3617 3378 3674 aliis
3407 3617 3671 3675 invidere
3699 3624 3758 3676 et

2120 3697 2504 3769 malignitatis
2533 3701 2842 3769 calcaneo,
2869 3711 3047 3777 prout
3065 3713 3336 3778 possunt,
3361 3723 3629 3780 premere
3646 3725 3773 3766 non

2121 3788 2500 3860 erubescunt,
2553 3793 2798 3865 quique,
2829 3795 2876 3849 si
2907 3795 3050 3868 quid
3108 3812 3385 3854 excessus
3431 3799 3777 3857 humanitus

2122 3878 2460 3936 admissum
2489 3887 2600 3948 est,
2632 3898 2703 3938 eo
2734 3889 2950 3940 cuncta
2976 3885 3118 3942 boni
3167 3886 3365 3961 operis
3406 3888 3779 3947 suecedentia

2123 3969 2395 4038 germina
2448 3967 2663 4028 canino
2693 3967 2868 4030 dente
2921 3975 3221 4034 oblatrant
3269 3979 3576 4045 suffocari,
3628 3977 3776 4037 hunc

2123 4057 2574 4116 sanctissimum
2596 4061 2790 4117 virum
2822 4063 3082 4121 lacerare
3109 4082 3231 4123 non
3257 4068 3739 4140 pertimescentes
3763 4076 3776 4124 τ

2122 4151 2270 4217 Non,
2301 4149 2600 4223 inquiunt,
2633 4152 2760 4208 hac
2803 4171 2937 4226 quae
2970 4156 3204 4228 prolata
3247 4155 3388 4215 sunt
3424 4159 3592 4216 bona
3616 4156 3686 4216 de
3714 4170 3777 4217 eo

2123 4252 2307 4308 opera
2332 4238 2411 4293 ad
2465 4239 2718 4296 salutem
2767 4240 2921 4298 illius
2978 4244 3326 4316 provenient
3372 4247 3617 4317 anima,
3647 4266 3780 4324 quos

2124 4324 2290 4382 niam
2327 4342 2450 4396 non
2491 4329 2796 4386 exhorruit
2846 4333 3078 4390 facinus
3121 4337 3524 4409 copulatiOnis
3557 4337 3775 4405 illicita,

2124 4415 2271 4470 dum
2301 4423 2694 4475 commatrem
2738 4425 2795 4476 et
2823 4421 2936 4478 sibi
2966 4423 3503 4496 Consanguinitatis
3553 4425 3776 4484 vinculo

2125 4516 2345 4560 nexam
2372 4505 2542 4563 duxit
2570 4524 2839 4565 uxorem.
2896 4512 3163 4578 Quorum
3211 4515 3778 4574 irrationabilitatem

2126 4589 2322 4666 placet
2347 4595 2602 4652 evidenti
2646 4603 2864 4654 sanctae
2917 4602 3232 4675 Scriptura
3287 4604 3511 4663 indicio
3543 4608 3776 4664 convin-

2127 4699 2278 4741 cere.
2311 4685 2446 4756 Sed,
2479 4701 2554 4742 ne
2611 4686 2758 4744 forte
2809 4688 3095 4763 loquendi
3133 4695 3508 4766 proclament
3559 4699 3773 4755 aditum

2128 4773 2240 4829 sibi
2265 4773 2597 4847 intercludi,
2633 4777 2776 4833 dent
2804 4779 2980 4835 nobis
3005 4781 3270 4854 aliquem
3301 4786 3429 4842 sine
3457 4788 3774 4862 prolapsio-

2125 4879 2200 4919 ne
2226 4863 2461 4921 dedicti.
2496 4865 2634 4929 Quis
2656 4883 2796 4923 vero
2827 4875 3063 4926 castum
3095 4889 3160 4927 se
3185 4873 3406 4931 habere
3437 4893 3542 4932 cor
3570 4878 3771 4949 gloria-

2124 4952 2335 5008 bitur?
2363 4971 2501 5009 cum
2527 4970 2636 5010 nec
2689 4957 2865 5012 unius
2923 4959 3041 5016 diei
3087 4961 3284 5019 infans
3339 4967 3610 5023 mundus
3655 4983 3771 5024 esse

2127 5042 2440 5129 Scriptura
2470 5044 2810 5103 testimonio
2838 5051 3265 5122 eomprobetur
3293 5055 3320 5110 ?
3369 5055 3679 5129 Siquidem
3703 5054 3770 5114 ob

2124 5128 2400 5186 inertiam
2431 5132 2854 5208 desipientium
2904 5142 3426 5214 comprimendam
3453 5128 3588 5202 hac
3626 5145 3770 5202 dixe-

2121 5217 2256 5286 rim,
2290 5235 2412 5276 non
2434 5227 2500 5278 ut
2526 5223 2638 5280 viri
2666 5224 2819 5282 ultro
2849 5229 3190 5300 paenitentis
3205 5231 3447 5306 culpam
3465 5235 3766 5292 occultem.

2125 5306 2284 5364 Sicut
2312 5309 2472 5366 enim
2503 5317 2745 5370 sanctus
2768 5316 2976 5387 David,
2998 5317 3131 5388 lege
3172 5320 3594 5393 prohibibitus,
3621 5321 3770 5380 Betha

2123 5395 2302 5452 sabee
2329 5407 2538 5456 contra
2564 5400 2653 5457 fas
2711 5405 3051 5477 concupivit
3104 5412 3161 5463 et
3185 5409 3400 5481 rapuit,
3447 5412 3528 5467 ita
3567 5417 3625 5468 et
3650 5413 3767 5483 iste,

2120 5492 2328 5544 contra
2357 5505 2540 5546 sacra
2565 5491 2703 5548 ﬁdei
2729 5493 2866 5564 jura
2895 5510 3103 5566 agens,
3137 5499 3448 5570 prafatam
3470 5503 3766 5560 mulierem

2119 5575 2343 5634 nefarie
2376 5579 2488 5635 sibi
2527 5581 2829 5654 copulavit
2855 5600 3126 5643 uxorem.
3189 5588 3273 5644 Illi
3323 5606 3445 5647 non
3472 5591 3667 5650 solum
3690 5610 3768 5649 sa-

2119 5663 2191 5725 tis
2219 5667 2410 5724 fuitin
2446 5669 2756 5728 mulierem
2800 5689 3108 5748 peccasse,
3165 5677 3274 5735 sed
3295 5680 3502 5741 molita
3545 5683 3654 5738 viri
3681 5684 3763 5738 in-
