3984 6180
226 220 324 276 921

1791 225 1968 282 VITA.

222 337 390 401 naxii
413 334 824 434 neceincurrit
853 335 1074 419 duplex
1102 343 1438 421 peccatum.
1482 342 1626 404 Huic
1654 341 1880 422 profec-
1909 348 1956 407 Α
1989 342 2224 410 sultavit
2248 351 2377 425 ejus
2405 350 2614 428 lingua
2639 351 2866 429 justitia
2895 355 2968 414 de
3013 357 3162 415 caelo
3206 363 3634 434 prospicientis,

223 439 284 489 to
315 433 510 503 magis
541 431 712 488 libuit
742 436 926 490 Deum
957 435 1298 504 offendisse,
1330 454 1516 510 quam
1566 454 1601 493 a
1630 437 1877 494 muliere

223 522 449 596 duplici
471 522 583 578 sibi
602 522 731 594 lege
761 524 1060 597 prohibita
1090 530 1286 582 torum
1321 543 1554 583 servare
1585 527 1876 582 immacu-

220 613 432 669 latum.
467 612 580 669 Sed
603 613 908 686 utriusque
931 615 1159 687 peccati
1181 616 1398 671 vulnus
1427 634 1600 673 verus
1627 617 1878 672 humani

221 701 458 772 generis
488 701 752 771 benigna
781 693 1173 775 dispusitione
1200 704 1434 760 sanavit
1463 699 1717 761 Medicus
1751 719 1762 760 :
1810 694 1876 760 il-

217 790 348 847 lum
378 807 486 864 per
510 791 739 847 Nathau
768 793 1122 865 prophetam
1155 811 1355 866 suum,
1400 795 1548 851 dum
1593 795 1876 867 pauperis

218 880 330 936 viri
385 879 561 936 unius
612 879 854 936 oviculae
904 887 962 937 et
1010 881 1204 938 divitis
1258 883 1462 939 ovium
1514 883 1878 940 abundantis

219 967 598 1024 multitudine
623 969 1035 1040 paradigmate
1061 971 1316 1042 objecto,
1359 987 1421 1026 se
1469 988 1637 1028 reum
1688 987 1874 1040 agno-

219 1073 393 1113 scens
421 1057 568 1113 dixit
597 1073 876 1130 peccasse
904 1077 918 1127 ;
947 1059 1126 1116 istum
1156 1077 1325 1133 aeque
1355 1077 1464 1133 per
1499 1061 1793 1116 domuum
1821 1065 1876 1115 et

215 1147 618 1202 venerabilem
652 1147 986 1218 Abbonem,
1022 1149 1483 1206 Floriaceusium
1513 1167 1548 1206 a
1581 1155 1698 1206 Deo
1723 1167 1874 1224 prae-

215 1233 470 1291 electum
524 1234 827 1302 abbatem,
876 1253 1058 1308 nunc,
1120 1237 1334 1294 Christi
1389 1239 1623 1294 favente
1663 1238 1872 1309 gratia,

216 1323 520 1380 miraculis
550 1338 887 1392 comscum,
919 1332 1118 1398 spreta
1149 1327 1354 1384 mortis
1385 1328 1700 1384 formidine
1726 1327 1874 1384 dure

214 1405 590 1488 increpatum
623 1414 901 1487 privatim
931 1421 988 1471 et
1014 1415 1272 1490 publice.
1307 1415 1487 1489 Cujus
1533 1417 1721 1474 sancti
1764 1407 1873 1474 viri

213 1502 542 1576 increpatio
572 1508 692 1560 tam
725 1503 829 1559 diu
859 1505 1106 1577 perstitit
1134 1506 1327 1562 donec
1374 1523 1477 1562 rex
1517 1506 1869 1562 mitissimus

214 1596 446 1648 reatum
473 1610 652 1648 suum
684 1598 1052 1663 agnosceret,
1085 1599 1141 1651 et
1167 1612 1353 1668 quam
1392 1595 1549 1651 male
1608 1595 1718 1652 sibi
1769 1613 1869 1652 co-

1985 457 2119 514 qua:
2145 447 2436 518 processit
2456 447 2531 503 de
2561 453 2726 504 utero
2758 449 2992 506 intactae
3024 446 3294 520 Virginis.

2059 535 2251 590 Unum
2283 553 2422 592 vero
2443 538 2735 611 quiddam
2761 540 3053 596 memoria
3100 538 3352 610 dignum
3393 557 3427 596 a
3475 548 3637 614 patre

1983 622 2166 692 hujus
2199 623 2400 697 inclyti
2425 628 2580 697 regis
2607 633 2663 684 et
2693 643 2729 685 a
2765 632 2881 685 Deo
2910 628 3077 686 electi
3137 636 3460 703 patratum,
3503 632 3640 690 huic

1983 710 2217 768 lectioni
2249 713 2504 772 inserere
2534 714 2785 787 dignum
2814 718 2977 774 duxi.
3039 723 3100 775 In
3151 737 3222 776 eo
3246 736 3512 793 namque
3552 735 3642 778 sa-

1983 799 2248 857 cerdotes
2270 803 2535 867 veridici,
2565 802 2815 863 abbates
2847 812 2904 863 et
2932 807 3234 879 monachi,
3263 815 3481 866 sanctae
3505 825 3642 865 nor‘

1982 904 2098 944 mw
2129 905 2252 945 non
2272 891 2476 962 nescii,
2509 895 2814 966 exemplar
2836 896 3140 963 virtutum,
3174 897 3340 971 quod
3379 915 3502 955 non
3551 913 3644 954 so—

1980 977 2107 1034 lum
2139 978 2374 1048 imitari,
2395 982 2498 1038 sed
2527 984 2703 1039 etiam
2733 985 3017 1042 admirari
3033 987 3286 1055 valeant,
3315 989 3636 1044 invenient.

1982 1070 2132 1124 Ante
2162 1069 2368 1126 omnia
2397 1076 2597 1128 autem
2629 1074 2860 1145 pietatis
2912 1081 2967 1132 et
3004 1077 3423 1134 misericordiae
3473 1079 3640 1135 omni

1979 1157 2158 1214 laude
2187 1160 2522 1218 extollenda
2553 1162 2827 1234 insignia.
2862 1166 3134 1230 Quodam
3180 1183 3443 1240 namque
3498 1173 3642 1223 tem-

1981 1263 2127 1320 pore
2161 1254 2440 1306 sanctum
2482 1250 2641 1307 diem
2698 1255 2939 1309 Paschae
2990 1255 3048 1310 in
3106 1256 3335 1311 civitate
3387 1256 3640 1312 Parisius

1981 1337 2325 1394 solemniter
2354 1339 2682 1412 celebrans,
2722 1344 2989 1400 secunda
3020 1343 3261 1401 Sabbati
3289 1346 3366 1401 ad
3388 1346 3638 1402 domum

1983 1439 2159 1483 suam
2191 1429 2357 1501 apud
2389 1431 2670 1486 Sanctum
2708 1433 3054 1505 Dionysium
3107 1433 3275 1490 laetus
3331 1449 3639 1505 regressus

1979 1521 2087 1587 est,
2114 1517 2318 1590 ibique
2349 1518 2646 1577 solemnes
2675 1522 2868 1592 exegit
2892 1523 3034 1578 dies.
3055 1524 3242 1580 Tertia
3268 1529 3467 1580 autem
3501 1521 3644 1581 Sab-

1977 1606 2102 1662 bati
2157 1606 2508 1665 adveniente
2564 1610 2732 1677 hora,
2783 1628 2906 1684 qua
2951 1612 3234 1668 laudibus
3292 1613 3642 1670 laudaretur

214 1681 525 1753 pulaverat
545 1681 854 1738 mulierem
880 1699 1124 1755 prorsus
1153 1685 1606 1759 derelinqueret,
1647 1690 1703 1742 et
1731 1701 1871 1760 pec-
1902 1705 1942 1759 Β
1978 1711 2086 1768 per
2109 1695 2314 1753 omnia
2339 1705 2557 1754 saecula
2585 1699 2763 1770 Deus,
2792 1681 2980 1770 surgit
3017 1717 3052 1756 a
3081 1702 3233 1757 lecto
3263 1706 3320 1757 et
3350 1702 3426 1757 ad
3457 1701 3640 1758 eccle-

214 1771 327 1826 cati
379 1771 684 1828 maculam
735 1777 901 1842 grata
962 1776 1078 1828 Deo
1135 1775 1537 1832 satisfactione
1598 1775 1865 1832 dilueret.

214 1861 471 1948 Uterque
500 1861 677 1932 igitur
697 1875 799 1917 re—x
821 1865 944 1948 Deo
975 1869 1274 1948 acceptus,
1306 1870 1508 1938 utpote
1537 1866 1616 1948 ab
1644 1865 1745 1921 illo
1774 1881 1870 1921 co-

211 1942 483 2006 ronatus.
518 1953 677 2016 Quos
709 1943 904 2008 nudos
934 1942 1161 2025 peperit
1191 1958 1402 2012 natura
1435 1943 1684 2025 mundo,
1737 1965 1871 2011 san-

213 2041 311 2093 cta
338 2037 725 2111 dispositione
757 2040 847 2095 sui
874 2041 1168 2111 gloriosos
1207 2042 1427 2099 habere
1457 2044 1644 2100 voluit
1673 2047 1730 2100 et
1776 2043 1866 2098 iu-

211 2124 402 2196 clytos
435 2127 670 2183 saeculo.
707 2131 771 2183 Et
795 2128 956 2200 quia,
1004 2135 1068 2186 ut
1097 2130 1176 2186 ait
1207 2131 1527 2204 Scriptura,
1584 2131 1868 2205 permittit

211 2215 364 2268 Deus
393 2213 519 2270 ﬁeri
549 2215 714 2288 quod
734 2231 862 2272 non
891 2218 1038 2288 vult,
1063 2219 1331 2290 permisit
1348 2219 1611 2291 benigna
1631 2221 1868 2294 dispen-

208 2301 358 2357 satio
389 2303 472 2359 sic
501 2319 604 2360 eos
624 2305 981 2362 occumbere
1010 2314 1277 2380 peccato,
1310 2314 1374 2364 ut
1400 2326 1464 2365 se
1495 2311 1866 2366 humanitate

205 2388 468 2464 aquales
498 2390 779 2476 subjectis
805 2403 1318 2466 recognoscerent,
1350 2403 1408 2455 et
1434 2398 1733 2472 reliquum
1779 2395 1864 2454 vi-

205 2475 279 2536 ιω
315 2483 553 2554 tempus
584 2475 798 2552 vigiliis
828 2487 883 2540 et
911 2479 1282 2543 orationibus
1313 2487 1660 2544 inhmi'endo
1712 2492 1868 2544 traua

207 2571 488 2642 sigerent,
523 2572 719 2630 varias
745 2590 1065 2648 corporum
1119 2572 1436 2650 passiones
1487 2573 1862 2649 sustinerent,

207 2665 271 2716 ut
294 2659 733 2735 adempleretur
760 2663 821 2719 in
870 2665 953 2720 eis
1003 2682 1188 2722 sacrae
1239 2666 1553 2740 Scriptura:
1601 2666 1864 2722 testimo-

203 2749 394 2817 nium,
423 2767 560 2824 quze
591 2753 671 2808 ait
703 2772 714 2809 :
749 2755 1016 2824 Corripit
1045 2757 1202 2812 Deus
1224 2771 1394 2827 quem
1423 2757 1644 2826 diligit,
1659 2757 1866 2826 ﬂagel-

208 2841 298 2896 lat
329 2845 525 2896 autem
557 2857 784 2899 omnem
814 2845 1006 2924 ﬁlium
1038 2861 1209 2916 quem
1240 2845 1452 2916 recipit
1509 2846 1709 2917 (Hebr.
1760 2862 1861 2913 xn,

203 2924 280 3001 6).
317 2927 568 3003 Uterque
595 2927 883 3004 peccavit,
915 2934 1081 3007 quad
1113 2925 1304 2990 solent
1327 2947 1529 3005 reges;
1561 2935 1665 2990 sed
1687 2951 1722 2990 a
1745 2938 1863 2992 Deo

201 3019 418 3076 visitati
449 3021 872 3094 poenituerunt,
907 3023 1217 3093 ﬂeverunt,
1237 3025 1676 3116 ingemuerunt,
1696 3018 1862 3116 quod
1892 3057 1935 3116 ο

198 3121 324 3166 non
356 3111 546 3167 solent
573 3122 760 3183 reges.
797 3113 1104 3186 Siquidem
1131 3115 1406 3188 exemplo
1444 3115 1601 3171 beati
1653 3114 1858 3184 David,

198 3191 465 3256 domnus
516 3189 626 3258 iSte
677 3207 880 3258 noster
931 3200 1245 3260 Rotbertus
1276 3204 1587 3260 confessus
1621 3207 1710 3260 est
1737 3204 1862 3260 cui-'-

199 3305 368 3362 pam,
420 3289 755 3348 obsecravit
795 3291 1252 3363 indulgentiam,
1287 3293 1622 3366 deploravit
1651 3309 1865 3349 terum-

197 3395 369 3448 nam,
423 3380 736 3450 jejunavit,
791 3381 982 3437 oravit
1033 3387 1089 3438 et
1140 3383 1529 3439 confessionis
1597 3400 1719 3438 sute
1777 3383 1860 3438 te-

199 3458 553 3524 stimonium
607 3469 670 3550 in
720 3476 1008 3550 perpetua
1064 3472 1286 3529 saecula
1349 3472 1592 3542 vulgato
1655 3473 1863 3528 dolore

195 3558 543 3615 transmisit.
607 3545 778 3625 Quod
835 3561 956 3617 mm
1017 3562 1377 3618 erubescunt
1423 3562 1615 3618 facere
1647 3561 1863 3634 privati

195 3665 304 3706 rex
356 3665 477 3704 non
531 3649 770 3705 erubuit
832 3651 1117 3708 conﬁteri.
1199 3652 1307 3715 Qui
1379 3656 1652 3708 tenentur
1724 3650 1864 3721 legi—

197 3739 316 3795 bus
371 3738 596 3795 audent
653 3755 831 3795 suum
887 3756 1106 3812 negare
1149 3745 1486 3813 peccatum,
1533 3739 1865 3809 dedignan-

196 3831 296 3883 tur
368 3842 581 3897 rogare
656 3827 1091 3899 indulgentiam
1175 3845 1361 3902 quam
1439 3827 1680 3900 petebat
1759 3828 1867 3900 qui

191 3915 378 3972 nullis
402 3915 636 3985 legibus
664 3916 978 3972 tenebatur
1005 3917 1308 3974 humanis.
1367 3915 1540 3982 Quod
1599 3915 1868 3988 peccavit

193 4003 559 4060 conditionis
587 4009 674 4060 est
702 4023 715 4072 ;
748 4003 912 4078 quod
946 4005 1305 4079 supplicavit
1337 4005 1718 4061 correctionis
1762 4007 1865 4059 La-

193 4101 348 4168 psus
377 4095 742 4164 communis,
785 4095 888 4151 sed
917 4093 1214 4150 confessio
1265 4093 1557 4167 specialis.
1613 4093 1863 4166 Culpam

194 4185 401 4257 itaque
428 4178 712 4241 incidisse
744 4185 972 4242 naturae
1002 4189 1108 4254 est,
1159 4183 1402 4239 diluisse
1461 4183 1714 4239 virtutis.
1776 4181 1864 4238 Ob

195 4275 315 4331 hoc
372 4270 655 4331 nimirum
708 4274 819 4330 ista
862 4272 1054 4330 facere
1115 4287 1240 4329 non
1318 4272 1630 4344 despexit,
1720 4271 1866 4344 quia

198 4361 432 4418 sciebat
485 4365 670 4419 Deum
719 4362 948 4436 pusillis
1001 4367 1057 4418 et
1112 4361 1349 4432 magnis
1378 4362 1500 4416 fore
1529 4359 1863 4416 timendum

197 4457 264 4508 et
311 4457 613 4523 potentem
668 4469 970 4525 quemque
1055 4450 1258 4508 divina
1324 4449 1638 4506 admoneri
1715 4449 1864 4506 Scri—

198 4544 383 4614 ptura
422 4557 435 4595 :
480 4541 714 4608 Quanto
767 4555 1020 4612 magnus
1076 4553 1156 4607 es,
1217 4538 1471 4596 humilia
1530 4544 1586 4594 te
1625 4540 1682 4594 in
1742 4554 1864 4594 om-

198 4629 380 4684 nibus
431 4636 482 4685 et
541 4646 741 4686 coram
794 4631 914 4686 Deo
962 4627 1220 4686 invenies
1263 4631 1550 4699 gratiam.
1615 4628 1714 4682 His
1757 4626 1865 4695 igi—

201 4723 302 4774 tur
349 4735 452 4773 rex
494 4717 757 4786 humilis,
809 4718 1043 4788 legibus
1097 4717 1429 4786 absolutus,
1487 4733 1608 4772 suae
1666 4721 1868 4772 tamen

200 4824 344 4864 reus
375 4808 484 4863 fuit
512 4808 910 4863 conscientiae.
946 4808 1176 4873 Quibus
1210 4807 1461 4862 vinculis
1493 4822 1554 4861 se
1585 4805 1867 4860 edomare

200 4896 583 4965 desiderans,
610 4896 884 4952 divinum
916 4897 1030 4952 sibi
1059 4902 1334 4969 precatur
1357 4895 1670 4963 auxilium,
1702 4899 1762 4948 ut
1789 4892 1867 4948 ab

201 4985 373 5040 omni
403 4984 669 5040 criminis
698 4983 834 5040 labe
865 4984 1208 5040 mundetur.
1245 4987 1311 5040 Et
1337 4999 1562 5052 revera,
1599 4999 1737 5038 cum
1761 4982 1868 5036 mi-

204 5073 279 5130 tis
309 5079 366 5129 et
393 5073 572 5130 corde
606 5080 958 5130 mansuetus
1009 5073 1249 5144 egregia
1308 5090 1545 5146 semper
1595 5070 1872 5128 habuerit

204 5169 456 5219 sanctus
485 5179 591 5220 rex
620 5179 743 5218 suae
791 5161 1273 5219 mansuetudinis
1327 5166 1385 5216 et
1438 5161 1675 5234 pietatis
1733 5161 1870 5216 iusi-

203 5252 371 5323 gnia,
405 5253 486 5308 ita
517 5256 580 5308 ut
605 5253 964 5309 adversariis
1014 5251 1136 5307 suis
1194 5250 1532 5322 frequenter
1579 5250 1873 5321 ignoverit

204 5345 390 5415 atque
421 5343 498 5399 ab
523 5359 733 5398 eorum
763 5358 908 5398 nece
939 5340 1369 5398 abstinendum
1395 5341 1711 5413 putaverit,
1749 5355 1869 5395 non

203 5437 296 5488 est
327 5432 549 5488 mirum
575 5431 743 5504 quod
773 5437 896 5487 tam
923 5433 1181 5501 graviter
1209 5428 1411 5485 doleat
1457 5430 1706 5484 noxium
1761 5429 1872 5484 sibi

204 5521 548 5594 Obrepsisse
575 5527 909 5594 peccatum.
941 5524 1007 5576 Et
1042 5519 1178 5575 ideo
1229 5535 1265 5574 a
1309 5518 1570 5590 peccatis
1619 5519 1876 5574 mortali-

208 5613 327 5668 bus
382 5611 622 5668 liberari
675 5629 739 5667 se
788 5611 1136 5684 postulavit,
1213 5609 1486 5670 laudavit
1552 5609 1873 5665 Dominum

211 5703 404 5758 Deum
429 5718 632 5769 suum,
659 5701 951 5772 justitiam
997 5702 1226 5762 Domini
1258 5698 1619 5772 praedicavit,
1670 5703 1725 5755 et
1768 5716 1870 5756 ex-

1979 1785 2130 1841 siam
2157 1785 2238 1840 ire
2270 1785 2570 1859 desponit.
2601 1789 2912 1862 Aspiciens
2969 1806 3111 1861 ergo
3168 1790 3330 1846 videt
3373 1791 3528 1846 duos
3568 1806 3641 1847 ex

1977 1874 2231 1954 adverso
2250 1875 2517 1946 jacentes
2547 1877 2607 1933 in
2639 1877 2882 1947 angulo,
2915 1879 3081 1951 operi
3103 1879 3442 1935 insistentes
3476 1879 3639 1936 nefa-

1976 1951 2084 2018 rio‘.
2121 1951 2347 2020 Horum
2375 1964 2673 2035 fragilitati
2704 1965 3049 2035 condolens,
3077 1972 3498 2024 ornamentum
3522 1967 3642 2040 pel-

1975 2052 2122 2108 lium
2152 2053 2319 2126 quod
2357 2058 2484 2110 erat
2528 2049 3046 2127 pretiosiSSimum,
3101 2055 3247 2114 tollit
3302 2073 3337 2113 a
3379 2056 3532 2114 collo
3581 2062 3638 2113 et

1976 2158 2156 2213 super
2181 2148 2526 2214 peccatores
2541 2144 2774 2217 projicit
2801 2145 2980 2202 corde
3003 2142 3284 2217 benigno.
3305 2148 3434 2212 Quo
3458 2145 3633 2211 facto,

1975 2230 2290 2287 ecclesiam
2322 2237 2665 2288 sanctorum
2709 2234 3181 2306 omnipotentem
3236 2238 3422 2290 Deum
3466 2248 3638 2303 roga-

1975 2323 2167 2387 turus,
2198 2321 2457 2390 intravit,
2492 2321 2595 2376 ubi
2627 2337 2737 2393 pro
2762 2321 2907 2394 ipsis
2936 2323 3352 2394 peccatoribus
3384 2338 3458 2378 ne
3489 2317 3639 2395 peri-

1973 2413 2105 2464 rent
2130 2409 2338 2466 oravit.
2372 2409 2728 2481 Pmlougata
2774 2426 2917 2465 vero
2966 2411 3232 2467 oratione
3287 2416 3344 2467 et
3387 2427 3636 2484 sperans

1979 2497 2099 2566 iam
2133 2497 2350 2553 abiisse
2400 2503 2671 2554 mortuos
2720 2502 3086 2571 peccatores,
3137 2499 3240 2570 qui
3292 2499 3637 2570 paenitentia

1973 2574 2240 2640 viverent
2270 2588 2408 2652 Deo,
2441 2590 2650 2641 evocat
2677 2586 2767 2640 sui
2798 2581 3064 2658 corporis
3107 2585 3441 2655 custodem,
3489 2592 3546 2642 et
3575 2592 3640 2643 ut

1974 2671 2136 2729 aliud
2169 2665 2283 2730 sibi
2333 2667 2605 2746 ejusdem
2644 2675 2876 2746 generis
2931 2674 3157 2732 deferat
3209 2679 3635 2730 ornamentum

1974 2763 2326 2820 humillimis
2359 2763 2554 2820 verbis
2601 2765 2876 2838 imperat,
2933 2764 3234 2820 mandans
3290 2763 3404 2819 hoc
3458 2760 3638 2818 minis

1972 2852 2406 2925 imperialibus,
2453 2859 2517 2909 ut
2564 2870 2759 2927 neque
2808 2850 3049 2926 conjugi
3092 2853 3384 2924 gloriosae,
3440 2865 3636 2924 neque

1974 2942 2151 2998 alicui
2180 2943 2336 2998 istud
2368 2959 2641 3016 unquam
2669 2944 3165 3000 manifestaretur.
3224 2945 3267 2999 Ο
3290 2957 3476 3015 quam
3507 2957 3640 3014 per.

1973 3026 2181 3090 fectus.
2204 3030 2307 3103 qui
2339 3030 2420 3086 sic
2447 3047 2556 3086 suo
2583 3037 2928 3104 peccatores
2959 3031 3211 3105 protexit
3238 3027 3631 3086 vestimento!

1972 3132 2161 3192 quam
2211 3125 2452 3176 sanctus
2491 3119 2810 3177 sacerdos!
2867 3137 3053 3193 quam
3099 3121 3236 3194 plus
3284 3119 3476 3175 abbas
3506 3114 3637 3174 reli-

1974 3209 2300 3282 giosusque
2329 3210 2665 3265 monachus
2691 3211 2702 3264 i
2735 3225 2919 3282 quam
2949 3209 3282 3264 rectissima
3307 3207 3534 3262 virtutis
3582 3211 3639 3260 et

1972 3298 2354 3372 perfectionis
2385 3314 2622 3370 norma,
2651 3300 2746 3356 cui
2776 3298 2945 3354 inniti
2975 3302 3169 3370 potest
3209 3296 3449 3367 justitiaa
3500 3311 3638 3351 con-

1975 3389 2288 3461 cupiscens
2319 3388 2562 3443 semitas
2591 3388 2603 3443 !
2638 3387 2758 3444 Tali
2785 3387 3010 3460 quippe
3041 3384 3293 3440 mandat
3314 3383 3640 3439 monacho-

1971 3494 2108 3534 rum
2139 3483 2306 3550 pater
2333 3482 2392 3534 et
2415 3477 2539 3532 dux
2570 3476 2837 3533 confiteri
2869 3479 3133 3549 peccata,
3175 3473 3280 3546 qui
3311 3472 3484 3528 sciret
3526 3487 3637 3527 sua

1974 3571 2029 3623 et
2057 3567 2252 3623 aliena
2280 3583 2488 3623 curare
2518 3565 2786 3636 vulnera,
2843 3580 2965 3621 non
3018 3569 3218 3621 autem
3264 3563 3538 3632 detegere
3578 3564 3636 3616 et

1971 3656 2298 3731 publicare.
2342 3658 2385 3713 0
2408 3656 2544 3713 felix
2575 3654 3030 3729 participatione
3080 3654 3180 3710 Dei
3209 3653 3400 3726 pietas
3448 3655 3506 3706 et
3532 3650 3643 3706 mi-

1974 3743 2316 3812 sericordia,
2347 3763 2484 3818 quae
2516 3747 2598 3802 sic
2629 3747 2958 3802 ﬂoruerunt
2977 3745 3037 3800 iu
3067 3748 3234 3800 tanto
3257 3747 3315 3799 et
3341 3741 3440 3798 tali
3472 3740 3636 3796 viro!

1974 3853 2128 3909 quas
2160 3841 2216 3891 et
2245 3836 2371 3907 ipse
2421 3834 2732 3892 Rotberlus
2793 3840 2994 3890 uoster
3037 3834 3210 3904 quasi
3263 3829 3644 3887 hereditario

1971 3925 2105 3995 jure
2137 3939 2172 3978 a
2203 3927 2370 3994 patre
2399 3923 2630 3979 relictas
2657 3921 2942 3994 possedit.

2045 4016 2189 4082 lngo
2215 4027 2469 4067 summae
2498 4009 2880 4080 ingenuitatis
2929 4006 3020 4063 vir
3048 4013 3104 4064 et
3132 4006 3390 4075 bonatis,
3446 4005 3639 4061 abbas

1978 4099 2174 4156 Sancti
2206 4099 2482 4154 Germani
2519 4097 2776 4152 Parisius
2805 4096 3038 4151 civitate
3094 4092 3394 4150 constituti
3425 4108 3640 4148 mona-

1976 4186 2154 4258 sterii,
2184 4186 2264 4242 ad
2291 4187 2452 4242 hunc
2486 4186 2584 4242 Dei
2615 4185 2911 4241 famulum
2957 4201 3066 4258 pro
3126 4199 3234 4240 sua
3281 4187 3338 4239 et
3383 4183 3643 4239 fratrum

1977 4275 2221 4332 utilitate
2282 4274 2616 4331 Aurelianis
2668 4274 2822 4330 duos
2875 4274 3019 4330 boni
3065 4273 3382 4330 testimonii
3427 4267 3646 4328 direxit

1975 4365 2204 4420 fratres.
2237 4363 2347 4430 Qui
2377 4363 2455 4419 ab
2485 4380 2554 4419 eo
2579 4363 2690 4418 visi
2719 4363 2884 4436 pacis
2915 4363 3191 4418 honorati
3219 4367 3358 4418 sunt
3408 4356 3637 4432 osculo,

1976 4459 2040 4509 ut
2061 4453 2146 4510 eis
2175 4470 2310 4508 mos
2339 4458 2482 4519 erat,
2510 4451 2974 4524 interrogatique
3015 4457 3151 4507 sunt
3209 4451 3640 4520 benignissime

1977 4559 2100 4614 qua
2132 4557 2316 4598 causa
2345 4541 2423 4598 ad
2454 4557 2593 4597 eum
2624 4545 3069 4614 properassent.
3121 4539 3501 4594 Vocabantur
3536 4551 3640 4588 au-

1977 4635 2095 4686 tem
2123 4630 2378 4703 propriis
2406 4629 2755 4686 nominibus
2783 4628 3102 4684 Herbertus
3133 4641 3308 4690 unus,
3325 4622 3470 4679 alter
3497 4636 3639 4675 vero

1977 4719 2360 4790 Gauzfredus,
2411 4719 2575 4775 haud
2628 4717 2820 4772 inﬁmi
2875 4714 3102 4770 ordinis
3150 4709 3466 4768 monastici
3504 4707 3636 4764 viri.

1978 4807 2206 4874 Quibus
2261 4807 2361 4880 pio
2413 4807 2488 4862 de
2519 4821 2686 4862 more
2735 4804 2989 4876 imperat
3045 4806 3108 4857 ut
3137 4804 3274 4872 post
3314 4796 3642 4853 matutinos

1977 4897 2239 4968 hymnos
2272 4913 2381 4950 sua
2411 4894 2730 4966 praesentia
2783 4892 3130 4946 assisterent
3180 4892 3238 4943 et
3288 4886 3362 4940 de
3415 4882 3640 4956 quibus

1979 4985 2196 5040 vellent
2223 4983 2593 5040 audientiam
2620 4980 2928 5036 haberent.
2982 4977 3208 5042 Quibus
3239 4975 3409 5044 jussa
3438 4971 3646 5027 obser-

1977 5075 2255 5130 vantibus
2283 5071 2530 5140 contigit
2555 5076 2617 5126 ut
2647 5070 2708 5124 in
2733 5070 2864 5140 ipsa
2889 5065 3156 5132 ecclesia,
3189 5065 3250 5119 in
3279 5078 3403 5134 qua
3430 5076 3644 5117 conse-

1981 5163 2210 5228 derant,
2270 5162 2362 5216 his
2421 5157 2820 5222 cernentibus,
2869 5153 3121 5210 candela
3178 5152 3642 5221 extingueretur.

1983 5254 2110 5317 Qua
2137 5250 2449 5314 exstincta,
2481 5247 2826 5317 religiosum
2848 5244 3063 5309 virum,
3091 5243 3434 5298 Teudonem
3478 5239 3646 5297 cleri-

1982 5341 2173 5396 ricum
2198 5338 2543 5412 proximum
2576 5351 2754 5390 suum
2788 5350 2822 5388 a
2853 5333 3004 5389 lecto
3052 5338 3260 5389 evocat
3301 5330 3646 5388 candelam-

1982 5447 2099 5502 que
2131 5428 2442 5501 porrigens
2473 5425 2551 5480 ad
2582 5421 3008 5495 requirendum
3039 5420 3244 5477 lumen
3283 5418 3645 5493 quantocius

1983 5519 2202 5590 dirigit.
2237 5520 2464 5572 interea
2495 5512 2916 5568 devotissimus
2968 5527 3070 5566 rex
3125 5510 3374 5583 psalmis
3421 5513 3477 5562 et
3515 5521 3647 5561 ora-

1985 5608 2246 5664 tionibus
2278 5619 2520 5672 vacans,
2551 5602 2698 5657 dum
2725 5601 2829 5673 qui
2861 5601 3080 5655 missus
3109 5600 3301 5653 fuerat
3317 5595 3643 5662 revertitur,

1984 5699 2143 5754 videt
2170 5697 2365 5752 virum
2398 5691 2631 5770 Domini
2660 5690 2975 5750 candelam
3014 5688 3323 5744 ardentem
3353 5691 3550 5742 tenere
3582 5683 3645 5738 in
