3984 6180
1555 194 1857 252 ROBERTI
1894 192 2109 255 REGIS
2141 196 2587 257 FRANCORUM.

3701 192 3825 249 ω

365 323 671 391 manu)“,
697 321 803 395 qui
827 320 1067 381 tenebat
1096 320 1449 381 ϐιὶὸΐὶίθιῑθω
1465 320 1529 377 in
1549 318 2019 385 moribusﬂuod
2049 317 2107 385 Α
2127 292 2343 381 iterum
2371 322 2664 391 doctrina,
2695 337 2883 396 quam
2902 319 3235 395 assumpsit
3259 333 3334 377 ex
3356 316 3527 375 dictis
3560 317 3827 373 sancto-

365 414 671 469 admirans
700 414 757 465 et
797 411 985 469 Deum
1034 409 1418 482 hymnisonis
1470 409 1721 467 vocibus
1774 408 2023 467 laudare

364 502 633 575 cupiens,
664 498 1031 556 omnimodis
1061 499 1226 559 illum
1255 498 1555 573 prohibet,
1584 503 1649 556 ut
1678 514 1714 557 a
1735 496 2022 569 jactantia

362 586 632 665 superbae
662 587 877 645 mentis
907 604 985 645 ex
1006 592 1127 645 toto
1159 604 1220 645 se
1249 588 1534 656 liberans,
1594 587 1695 643 Dei
1742 586 1803 643 in
1832 585 2023 642 omni-

358 676 474 734 bus
504 674 854 737 collaudans
880 676 1158 736 virtutem
1188 677 1410 734 diceret
1457 693 1597 735 cum
1628 675 1812 733 David
1846 693 1859 731 :
1890 676 2020 747 Ego

359 782 488 823 sum
520 767 733 824 vermis
765 772 819 823 et
848 782 969 824 non
992 767 1184 835 homo,
1227 769 1580 839 opprobium
1612 768 1919 823 hominum
1967 771 2021 822 et

361 856 611 928 abjectio
640 856 828 926 plebis
852 858 1047 926 (Psal.
1071 874 1192 929 xxx,
1224 862 1301 923 7).
1337 861 1404 913 Et
1430 857 1643 917 iterum
1678 873 1691 911 :
1725 857 2024 917 Humilia-

362 951 456 1003 tus
486 961 616 1005 sum
641 961 1077 1019 usquequaque,
1104 948 1354 1005 Domine
1374 963 1397 1017 ,·
1421 948 1657 1015 vivi/ica
1692 962 1784 1004 me
1811 962 2020 1005 secun-

362 1034 505 1091 dum
536 1036 777 1093 verbum
801 1043 969 1092 tuum
999 1037 1188 1109 (Psal.
1220 1052 1414 1105 CXVIII,
1448 1037 1588 1107 107).

434 1123 710 1193 Legimus
739 1124 802 1182 in
831 1124 1050 1181 divinis
1104 1124 1518 1183 Voluminibus
1575 1124 1742 1198 quod
1799 1126 2023 1181 serv-ire

362 1214 481 1270 Deo
511 1228 767 1283 regnare
790 1219 896 1271 est.
929 1214 1103 1279 Quod
1127 1229 1237 1289 pro
1265 1218 1422 1271 certo
1471 1214 1749 1284 cognovit
1774 1213 1878 1287 qui
1918 1213 2022 1271 ad-

360 1301 613 1373 monuit,
644 1302 848 1359 dicens
882 1322 896 1360 :
928 1304 1157 1363 Servite
1181 1306 1434 1360 Domino
1462 1305 1525 1360 in
1572 1306 1780 1360 timore
1829 1304 2018 1375 (Psal.

359 1407 420 1458 ll,
448 1391 554 1462 lt).
592 1392 765 1457 Quod
798 1392 999 1465 utique
1028 1393 1136 1449 iste
1166 1398 1387 1461 noster,
1428 1393 1503 1449 de
1542 1409 1665 1465 quo
1696 1392 2019 1465 loquimur,

359 1478 449 1535 vir
476 1479 692 1537 beatus
723 1480 1071 1554 adimplevit
1098 1499 1209 1556 pro
1257 1498 1433 1556 posse
1482 1487 1539 1537 et
1566 1481 1732 1537 velle.
1778 1484 1842 1538 Et
1872 1481 2023 1537 sicut

358 1570 586 1639 Moyses
618 1568 718 1627 Dei
748 1569 1032 1640 famulus,
1060 1571 1338 1642 precibus
1384 1570 1777 1637 humillimus,
1832 1569 2020 1630 mani-

2130 421 2268 463 rum
2293 411 2556 467 Patrum.

2201 497 2342 562 Quis
2368 503 2571 556 autem
2597 499 2650 556 ei
2681 516 2814 556 mos
2847 498 3023 556 fuerit
3050 496 3270 554 dandae
3297 495 3723 565 eleemosyna:
3758 490 3826 545 in

2131 584 2221 641 sui
2245 587 2413 656 regni
2444 588 2690 644 sedibus
2712 604 2836 644 non
2864 585 3383 661 praetermittimus.
3440 588 3505 640 ln
3536 581 3828 638 Parisius

2129 673 2379 746 civitate,
2410 676 2777 744 Silvanectis,
2810 675 3163 743 Aurelianis,
3199 672 3463 741 Divione,
3509 670 3829 729 Autissio-

2128 762 2295 833 dore,
2321 765 2605 837 Avalone,
2636 765 2970 832 Meloduno,
3003 762 3285 836 Stampis,
3330 761 3393 817 in
3421 775 3825 833 unaquaque

2127 851 2345 911 harum
2377 854 2537 923 sede,
2573 854 2866 923 trecentis,
2898 853 3013 921 vel,
3045 851 3212 927 quod
3241 854 3334 908 est
3362 850 3587 920 verius,
3644 847 3825 904 mille

2128 944 2498 1015 pauperibus
2530 944 2788 1000 dabatur
2813 942 2987 1016 panis
3019 947 3075 998 et
3118 940 3242 997 vini
3294 938 3709 1004 abundantia,
3765 942 3829 992 et

2128 1033 2242 1088 hoc
2271 1032 2586 1105 specialius
2617 1033 2748 1105 ipso
2781 1049 2904 1105 quo
2951 1031 3030 1089 ad
3083 1031 3272 1086 Deum
3327 1028 3560 1087 transiit
3616 1043 3824 1095 anno,

2128 1122 2234 1194 qui
2253 1128 2345 1179 est
2367 1122 2795 1179 incarnationis
2827 1121 3147 1179 Dominicee
3173 1119 3560 1179 millessimus
3582 1117 3824 1173 tricesi-

2129 1228 2267 1269 mus
2297 1212 2615 1271 secundus.
2645 1214 2859 1268 Praeter
2887 1212 3037 1280 haec,
3091 1226 3214 1283 quo
3262 1209 3389 1265 ibat
3437 1207 3726 1282 quotidie
3756 1207 3821 1262 in

2130 1306 2338 1358 sancta
2367 1301 2844 1372 Quadragesima
2866 1316 2896 1355 c
2922 1305 3027 1356 aut
3050 1316 3114 1355 cc
3140 1298 3393 1370 jubebat
3419 1297 3817 1371 pauperibus

2129 1391 2257 1449 dari
2277 1409 2521 1465 panem,
2550 1392 2807 1467 piscium
2835 1396 2893 1447 et
2922 1390 3045 1447 vini
3080 1388 3323 1446 cibaria.
3377 1393 3439 1444 1n
3464 1387 3561 1444 die
3596 1391 3818 1443 autem

2130 1482 2320 1535 Caenea
2351 1480 2608 1548 Domini,
2635 1496 2761 1536 non
2791 1479 3129 1537 videntibus
3176 1476 3545 1546 incredibile,
3594 1475 3819 1532 viden-

2130 1569 2286 1626 tibus
2316 1586 2458 1626 vero
2489 1576 2546 1627 et
2572 1568 2967 1626 servientibus
2996 1568 3059 1624 in
3098 1566 3197 1624 tali
3227 1566 3466 1636 negotio
3497 1565 3649 1622 satis
3707 1563 3816 1620 ad-

360 1656 477 1715 bus
496 1657 752 1719 extensis
782 1661 1105 1732 prostravit
1132 1658 1454 1725 Amalech;
1511 1658 1594 1719 ita
1641 1663 1697 1714 et
1720 1658 1817 1717 hic
1847 1674 2021 1715 verus
2054 1674 2095 1727 Β
2130 1658 2423 1726 mirabile,
2458 1676 2597 1718 cum
2626 1674 2753 1715 non
2793 1658 2994 1714 minus
3023 1672 3211 1731 quam
3250 1654 3493 1713 trecenti
3538 1655 3680 1728 ipsa
3711 1654 3812 1710 die

360 1745 460 1802 Dei
490 1745 747 1815 amicus,
784 1747 907 1804 suis
936 1746 1183 1804 devictis
1237 1747 1512 1807 hostibus
1567 1747 1780 1804 virtute
1832 1747 2021 1802 sancti

362 1834 629 1911 Spiritus,
663 1851 899 1911 semper
931 1839 1118 1893 Deum
1144 1835 1357 1895 habuit
1384 1836 1743 1907 adjutorem,
1804 1836 1908 1912 qui
1933 1840 2022 1891 est

358 1924 521 1981 salus
545 1925 843 1984 omnium.
871 1926 1309 1998 Resplendebat
1337 1925 1563 2003 quippe
1610 1925 1671 1982 in
1723 1942 1794 1981 eo
1834 1925 2020 1982 animi

357 2013 637 2081 dulcedo,
668 2030 792 2087 qua
822 2030 1067 2073 omnem
1119 2014 1232 2072 sibi
1282 2014 1640 2075 conciliabat
1687 2015 2015 2075 hominem.

361 2106 495 2163 Erat
519 2103 571 2159 ei
601 2104 896 2176 sapientia
924 2104 1220 2171 salutaris,
1251 2121 1375 2178 qua
1426 2104 1836 2165 delectabatur
1878 2122 2018 2160 cum

360 2192 506 2248 suis.
552 2193 813 2251 Docebat
864 2193 1168 2265 quosdam
1223 2192 1285 2251 in
1338 2192 1711 2261 lectionibus,
1768 2192 1917 2249 alios
1956 2192 2017 2249 in

357 2281 600 2355 hymnis
631 2286 687 2337 et
714 2281 1023 2353 laudibus,
1047 2287 1103 2338 et
1132 2282 1211 2338 ad
1238 2281 1377 2339 talia
1409 2297 1645 2353 semper
1674 2282 2017 2350 exhortans,

359 2385 543 2426 omne
592 2369 927 2429 secundum
970 2370 1311 2446 apostolum
1359 2369 1642 2431 omnibus
1694 2371 1895 2441 ﬁebat,
1957 2376 2021 2426 ut

360 2457 588 2517 cunctis
613 2457 982 2517 lucrifaceret
1012 2461 1068 2531 (Ι
1084 2461 1220 2517 Cor.
1249 2461 1329 2525 ix,
1363 2461 1474 2530 22).
1531 2462 1822 2516 Caeterum
1852 2459 2020 2533 quod

358 2547 671 2621 pontiﬁces
699 2547 813 2623 ipsi
843 2548 1213 2621 abhatesque
1235 2547 1427 2604 facere
1466 2547 1848 2620 pigritahant,
1871 2564 2020 2620 quo-

359 2653 495 2694 rum
544 2641 637 2697 est
682 2642 946 2699 errantes
995 2638 1289 2709 corrigere
1343 2642 1400 2694 et
1471 2638 1665 2695 bonos
1744 2654 2020 2713 quosque

357 2728 635 2803 exemplo
664 2745 774 2787 suo
805 2728 885 2786 ad
908 2728 1160 2784 meliora
1186 2744 1535 2799 provocare,
1566 2728 1694 2800 ipse
1719 2744 1893 2787 verus
1919 2727 2021 2784 Dei

358 2818 589 2876 amicus
617 2818 917 2884 audebat;
972 2817 1046 2872 de
1080 2819 1250 2888 cujus
1281 2816 1477 2873 cordis
1506 2817 1786 2875 thesauro
1817 2831 2021 2891 proce-

358 2904 545 2963 debat
584 2921 703 2963 vox
749 2904 1158 2963 exsultationis
1210 2908 1268 2960 et
1301 2903 1529 2973 salutis,
1572 2920 1695 2978 qua
1741 2904 2021 2967 delectari

2130 1764 2241 1805 sua
2266 1748 2644 1821 providentia
2689 1746 3057 1819 congregati,
3090 1745 3165 1802 de
3207 1746 3337 1817 ejus
3368 1748 3580 1803 sancta
3611 1759 3811 1803 manu

2128 1836 2283 1893 ﬂexo
2312 1837 2537 1911 poplite
2577 1838 2637 1893 in
2665 1842 2905 1903 terram,
2932 1834 3350 1908 unusquisque
3376 1834 3690 1904 legumen,
3724 1833 3810 1906 pi-

2129 1942 2310 1991 scem,
2342 1942 2585 1999 panem,
2616 1925 2936 1983 denarium
2965 1939 3157 1980 unum
3191 1922 3470 1979 sumebat
3500 1922 3560 1977 in
3603 1922 3807 1978 mani-

2127 2015 2261 2070 bus.
2320 2018 2386 2071 Et
2432 2015 2547 2073 hoc
2605 2015 2755 2072 hora
2792 2013 2911 2069 diei
2953 2012 3142 2069 tertia.
3186 2015 3341 2068 Hora
3370 2011 3580 2071 itidem
3612 2016 3801 2067 sexta.

2130 2104 2338 2161 Itidem
2395 2109 2637 2161 centum
2695 2103 2921 2161 clericis
2970 2101 3343 2181 pauperibus
3400 2100 3803 2175 praebenbam

2127 2193 2324 2265 panis,
2357 2192 2619 2266 piscis,et
2648 2192 2771 2249 vini
2797 2190 3165 2249 cOncedebat
3190 2209 3202 2258 ;
3227 2189 3550 2247 duodecim
3581 2205 3800 2245 unum-

2126 2298 2431 2355 quemque
2460 2283 2767 2341 honorans
2793 2280 3078 2348 denariis,
3109 2280 3289 2337 corde
3321 2284 3378 2336 et
3414 2295 3519 2335 ore
3570 2278 3801 2335 Davidi-

2127 2387 2230 2427 cos
2262 2387 2499 2444 semper
2527 2371 2857 2428 decantans
2885 2370 3174 2443 psalmos.
3199 2372 3336 2425 Post
3352 2385 3638 2427 mensam
3661 2385 3798 2425 vero

2126 2477 2476 2534 praeparans
2508 2476 2569 2517 se
2599 2461 2679 2519 ad
2705 2460 2807 2516 Dei
2837 2459 3145 2516 servitium
3174 2474 3278 2515 rex
3316 2457 3563 2514 humilis
3612 2475 3799 2531 pone-

2125 2550 2231 2607 bat
2286 2550 2641 2609 vestimenta
2684 2565 2814 2620 sua,
2856 2548 3103 2609 indutus
3151 2548 3231 2605 ad
3294 2563 3544 2607 carnem
3584 2547 3796 2615 cilicio,

2128 2639 2535 2711 adjlmctoque
2565 2638 2920 2695 clericorum
2943 2637 3193 2708 collegio
3219 2642 3461 2699 centum
3481 2636 3801 2708 sexaginta

2127 2734 2188 2791 et
2239 2744 2311 2784 eo
2368 2727 2630 2801 amplius
2684 2742 2959 2803 numero,
3019 2727 3098 2809 ad
3151 2726 3498 2799 exemplum
3566 2726 3800 2783 Domini

2126 2834 2338 2875 eorum
2369 2818 2555 2891 pedes
2583 2817 2794 2881 lavaris
2826 2816 3058 2890 capillis
3098 2816 3309 2891 capitis
3358 2816 3451 2872 sui
3503 2815 3797 2887 tergebat,

2125 2912 2183 2971 et
2203 2908 2281 2965 ad
2312 2907 2672 2973 mandatum
2700 2906 2935 2967 Domini
2967 2906 3236 2977 singulos
3293 2921 3509 2969 eorum
3556 2905 3801 2962 duobus

359 2993 663 3064 gaudebat
690 3010 829 3052 cum
858 2993 1144 3063 omnibus
1195 2993 1437 3061 sanctis,
1483 2993 1818 3051 secundum
1863 2997 2090 3082 Aposc
2125 2996 2335 3052 solidis
2407 3011 2827 3065 remunerans,
2886 2995 3043 3051 clero
3096 2999 3392 3068 praesente
3444 2998 3504 3050 et
3541 2994 3799 3057 diacono

359 3082 580 3141 stolum
607 3099 850 3142 carnem
903 3100 1078 3140 suam
1133 3082 1540 3157 cruciﬁgendo
1597 3100 1736 3140 cum
1782 3083 1937 3143 vitiis
1963 3088 2023 3145 et
2127 3089 2379 3155 astante,
2408 3085 2513 3159 qui
2536 3085 2852 3141 lectionem
2882 3085 3105 3154 legeret
3124 3084 3460 3148 secundum
3500 3086 3800 3141 Joannem

358 3173 855 3248 concupiscentiis
879 3174 1092 3234 mundi
1116 3175 1295 3247 hujus
1326 3176 1485 3246 (Gal.
1516 3191 1573 3242 v,
1606 3176 1720 3245 24),
1765 3174 2018 3233 delecta-

355 3262 475 3320 bile
526 3279 767 3337 semper
818 3263 1107 3325 divinitati
1159 3264 1425 3336 seipsum
1472 3280 1827 3339 praeparans
1876 3269 2018 3321 tem-

354 3351 545 3425 plum.
575 3353 668 3413 Ad
694 3352 967 3413 divinum
1021 3352 1287 3413 ofﬁcium
1336 3352 1593 3429 primus,
1648 3353 1727 3408 ad
1765 3351 2015 3409 laudan-

2123 3175 2186 3230 in
2214 3179 2397 3232 Omna
2420 3173 2655 3230 Domini
2681 3174 2905 3231 dictam
2949 3178 3007 3230 et
3034 3173 3277 3236 factam.
3326 3172 3570 3229 Talibus
3624 3173 3793 3228 factis

2123 3263 2463 3337 occupabat
2492 3280 2553 3318 se
2585 3280 2689 3321 rex
2717 3263 2939 3325 meritis
2987 3262 3305 3334 gloriosus,
3366 3262 3505 3317 loca
3563 3268 3798 3317 sancto.

2119 3369 2257 3408 rum
2282 3353 2705 3426 perlustrando
2736 3358 2858 3410 toto
2882 3352 2977 3415 die
3010 3355 3219 3411 sancto
3250 3354 3575 3408 Paresceve
3591 3357 3649 3406 et
3666 3368 3795 3407 cru-

355 3440 504 3497 dum
536 3444 722 3499 Deum
749 3441 1011 3499 sedulus.
1066 3444 1436 3515 Quocunque
1480 3440 1560 3499 illi
1591 3444 1716 3499 erat
1745 3439 2014 3497 eundum
2121 3458 2253 3498 cem
2278 3440 2512 3503 Domini
2537 3442 2850 3500 adoranda
2883 3457 3076 3513 usque
3103 3441 3164 3496 in
3196 3440 3399 3511 vigilia
3439 3445 3659 3495 sanctis
3688 3443 3794 3495 Re-

355 3529 808 3600 preeparabatur
837 3529 1200 3595 vehiculum,
1251 3528 1419 3602 quod
1446 3528 1787 3600 deportaret
1831 3527 2015 3589 divini
2123 3529 2526 3599 surrectionis,
2560 3530 2619 3585 in
2650 3546 2773 3609 qua
2798 3528 3151 3586 assumebat
3197 3529 3392 3596 statim
3420 3526 3780 3582 sacriﬁcium

355 3614 665 3673 ministerii
692 3616 1030 3673 tentorium.
1066 3618 1195 3682 Quo
1225 3617 1287 3673 in
1318 3621 1536 3677 terram
1564 3615 1706 3682 ﬁxo,
1753 3615 2017 3688 depone-

353 3701 576 3759 bantur
597 3703 680 3760 ibi
710 3706 937 3773 sancta,
970 3707 1035 3759 ut
1061 3704 1206 3776 quia
1236 3703 1571 3761 secundum
1594 3702 1969 3769 Psalmistam
1997 3722 2010 3760 :

354 3793 597 3850 Domini
621 3798 707 3853 est
733 3797 899 3849 terra
928 3797 983 3850 et
1012 3792 1324 3862 plenitudo
1355 3794 1505 3862 eius,
1528 3792 1687 3848 orbis
1711 3797 2013 3850 terrarum

354 3887 409 3938 et
434 3883 701 3938 universi
726 3883 827 3952 qui
855 3881 1131 3938 habitant
1154 3882 1216 3937 in
1246 3896 1310 3938 eo
1342 3881 1526 3953 (Psal.
1558 3898 1723 3951 xxm,
1762 3882 1833 3953 1),
1870 3899 2011 3955 pro-

353 3969 520 4031 deret
550 3987 614 4026 se
643 3970 932 4028 devotum
959 3969 1279 4039 famulum,
1323 3968 1540 4044 quovis
1596 3969 1657 4025 in
1707 3969 1842 4026 loco
1895 3975 2013 4028 Deo

351 4058 601 4117 devotas
629 4059 966 4134 persolvere
993 4058 1226 4115 laudes.
1244 4062 1425 4117 Erant
1453 4058 1614 4116 enim
1636 4057 1755 4115 ﬁxa
1784 4064 1840 4115 et
1858 4059 2012 4116 bene

350 4144 619 4218 plantata
669 4146 731 4203 in
783 4147 961 4204 corde
1007 4147 1474 4211 mansuetissimi
1521 4152 1579 4203 et
1627 4150 1813 4203 Deum
1857 4146 2011 4203 bene

353 4232 611 4293 amantis
633 4234 790 4305 regis
818 4234 1147 4292 beatissimi
1184 4236 1423 4291 Antonii
1470 4235 1657 4292 verba
1690 4254 1703 4292 :
1747 4258 1774 4285 «
1806 4237 2010 4291 Jesum

353 4319 650 4383 Christum
680 4337 917 4394 semper
940 4322 1293 4390 desiderate,
1350 4324 1495 4397 quia
1545 4324 1606 4381 in
1657 4322 1824 4380 omni
1870 4323 2011 4378 sede

352 4411 644 4475 terrarum
674 4409 992 4471 constituta
1022 4414 1165 4469 sunt
1208 4427 1395 4481 regna
1443 4411 1754 4469 caelorum.
1790 4435 1817 4461 ››
1869 4414 2010 4468 San-

351 4503 475 4565 ctas
499 4503 707 4563 noctes
732 4500 848 4565 hoc
880 4505 969 4559 est
996 4500 1318 4563 nativitatis
1359 4502 1615 4569 Domini,
1667 4503 1859 4559 sancti
1901 4505 2007 4558 Pa-

350 4589 509 4647 scha
538 4593 596 4651 et
618 4592 1010 4657 Pentecostes,
1052 4589 1136 4647 sic
1184 4594 1336 4647 totas
1390 4590 1650 4647 ducebat
1698 4591 2006 4647 insomnes

351 4694 544 4751 usque
572 4678 655 4736 ad
682 4694 992 4742 summum
1023 4694 1201 4741 mane
1230 4683 1299 4735 ut
1323 4695 1435 4739 nec
1460 4679 1676 4735 sedens
1708 4679 1803 4735 vel
1843 4685 2007 4736 stans

351 4784 637 4833 somnum
664 4772 927 4843 caperet,
955 4767 1149 4827 donec
1177 4784 1367 4847 quam
1397 4768 1787 4841 exspectabat
1823 4774 1880 4825 et
1908 4769 2006 4825 de-

348 4857 651 4919 siderabat
680 4857 1051 4925 salutiferam
1082 4858 1349 4932 corporis
1379 4863 1435 4915 et
1465 4858 1775 4929 sanguinis
1809 4859 2004 4917 Domi-

345 4946 408 5003 ni
463 4947 650 5006 nostri
701 4950 840 5005 Jesu
887 4947 1097 5005 Christi
1142 4948 1589 5022 perceptionem
1656 4947 2000 5021 perciperet.

345 5034 601 5095 Probata
628 5037 704 5093 de
731 5052 803 5095 eo
832 5052 928 5093 res
955 5036 1069 5095 ista
1116 5041 1174 5092 et
1213 5037 1274 5093 in
1329 5037 1495 5092 omni
1548 5036 1765 5092 saeculo
1818 5038 2005 5093 mani-

344 5123 575 5184 festata.
608 5112 988 5187 Solemnitate
1016 5142 1158 5185 vero
1189 5126 1511 5184 nativitatis
1542 5126 1732 5183 sancti
1758 5126 2003 5183 Joannis

349 5214 640 5284 Baptistae,
671 5215 828 5271 hanc
858 5232 1047 5292 quam
1074 5216 1137 5273 in
1165 5215 1471 5275 nativitate
1504 5215 1740 5273 Domini
1768 5217 2006 5275 tenebat

346 5302 840 5361 consuetudinem
870 5308 935 5363 ut
962 5308 1097 5376 post
1124 5303 1537 5363 laudationem
1571 5304 1822 5371 Domini,
1865 5322 2003 5379 quae

346 5393 437 5448 est
462 5389 523 5447 in
547 5390 777 5463 hymno
805 5394 881 5448 Te
912 5396 1094 5450 Deum
1129 5394 1468 5461 laudamus,
1514 5394 1700 5450 missa
1745 5394 2003 5450 celebra-

344 5483 506 5536 retur
533 5478 766 5544 devote,
794 5495 928 5552 quae
960 5481 1179 5536 sanctis
1208 5485 1299 5538 est
1337 5480 1503 5536 libris
1533 5486 1883 5555 praenotata,
1941 5481 2002 5535 in

344 5568 541 5644 primo
568 5584 770 5628 mane.
800 5571 920 5627 Hoc
949 5575 1155 5627 sancta
1181 5571 1485 5629 constituit
1508 5570 1829 5631 auctoritas
1872 5573 2005 5626 Gre-

346 5657 499 5729 aerii
524 5658 720 5731 Magni
745 5663 805 5723 et
838 5657 1097 5725 aliorum
1144 5660 1207 5719 in
1262 5660 1486 5739 missa;
1538 5660 1819 5723 Amalarii
1860 5677 1999 5719 vero

2047 4376 2086 4428 D

2118 3618 2336 3684 laudis,
2368 3635 2505 3690 qum
2534 3635 2658 3675 non
2689 3618 2874 3674 defuit
2904 3618 2981 3674 ab
3003 3619 3134 3689 ejus
3155 3634 3258 3674 ore
3288 3619 3350 3674 in
3373 3615 3646 3673 omnibus
3669 3632 3777 3670 sa:-

2120 3707 2287 3763 culis.
2325 3706 2420 3763 llis
2445 3712 2502 3762 et
2526 3707 2948 3780 hujuscemodi
2986 3707 3272 3763 virtutum
3326 3706 3543 3762 meritis
3588 3704 3784 3761 bono-

2119 3812 2378 3867 rumque
2423 3812 2677 3871 operum
2728 3795 3200 3852 exhibitionibus
3253 3795 3550 3865 gloriosus
3580 3798 3638 3850 et
3664 3799 3789 3850 toto

2119 3885 2265 3943 orbe
2282 3884 2703 3957 praedicandus
2723 3885 3038 3942 Rotbertus
3055 3901 3159 3940 rex
3176 3901 3238 3940 se
3257 3883 3602 3941 mirabilem
3620 3899 3789 3938 mun-

2119 3974 2198 4030 do
2230 3973 2503 4046 praebuit,
2533 3973 2762 4029 cunctis
2794 3973 3048 4047 posteris
3074 3973 3424 4031 imitabilem
3449 3972 3787 4047 dereliquit.

2193 4066 2291 4119 Hic
2339 4067 2540 4118 autem
2593 4067 2730 4134 post
2780 4064 2970 4119 Deum
3020 4062 3293 4135 specialis
3333 4062 3526 4133 gloria
3556 4078 3784 4132 regum,

2117 4158 2228 4225 pro
2252 4156 2486 4211 sacrato
2516 4156 2863 4217 sanctorum
2892 4152 3307 4227 apostolorum
3328 4168 3610 4221 numero,
3634 4168 3786 4225 quos

2118 4256 2360 4313 semper
2390 4240 2637 4301 amabat
2679 4240 2858 4297 corde
2884 4241 3148 4312 benigno
3172 4246 3232 4298 et
3259 4257 3525 4315 quorum
3577 4239 3788 4296 solem-

2116 4346 2222 4385 nes
2253 4328 2593 4387 festivitates
2621 4330 2823 4386 votivo
2854 4329 3257 4403 praeveniebat
3271 4328 3529 4401 jejunio,
3569 4329 3648 4385 ad
3677 4330 3784 4384 ho-

2116 4435 2251 4475 rum
2282 4418 2627 4491 exemplum
2660 4418 2981 4476 duodecim
3012 4435 3308 4493 pauperes
3354 4436 3561 4475 secum
3606 4418 3786 4475 duce-

2115 4508 2239 4575 bat,
2267 4524 2423 4580 quos
2453 4508 2770 4580 speciebus
2826 4508 3131 4580 diligebat.
3186 4508 3416 4577 Quibus
3475 4509 3605 4582 ipse
3660 4515 3785 4565 erat

2115 4613 2252 4654 vera
2282 4596 2517 4671 requies
2543 4601 2680 4670 post
2707 4597 2968 4654 labores.
2999 4602 3147 4655 Nam
3185 4598 3279 4654 his
3309 4598 3536 4654 sanctis
3558 4614 3783 4673 paupe—

2112 4685 2280 4741 ribus
2312 4700 2674 4758 comparans
2697 4685 3052 4743 fortissimos
3076 4687 3385 4743 asinorum
3406 4685 3631 4759 pullos,
3648 4678 3780 4742 ante

2112 4791 2194 4845 se,
2222 4773 2567 4849 ubicunque
2594 4777 2902 4847 pergebat,
2930 4776 3222 4846 laetantes,
3283 4780 3471 4834 Deum
3532 4777 3784 4833 laudan-

2114 4867 2197 4919 tes
2225 4867 2282 4919 et
2306 4862 2575 4923 animam
2626 4880 2802 4921 suam
2854 4865 3278 4921 benedicentes
3336 4865 3658 4937 dirigebat.
3718 4870 3779 4921 In

2110 4952 2202 5009 his
2224 4967 2484 5025 nemque
2523 4958 2579 5008 et
2630 4952 2760 5011 aliis
2808 4954 3353 5021 innumerabilibus
3407 4955 3779 5029 pauperibus

2110 5040 2453 5099 recreandis
2512 5058 2831 5117 nunquam
2874 5043 3087 5103 habuit
3133 5043 3312 5119 nolle,
3369 5043 3475 5101 sed
3542 5061 3778 5119 semper

2110 5130 2277 5186 velle.
2332 5130 2619 5186 Morituris
2671 5131 2765 5186 his
2813 5130 2975 5191 fortis
3032 5137 3158 5190 erat
3205 5133 3493 5205 provisio,
3541 5149 3618 5188 ne
3645 5134 3777 5211 quis

2109 5219 2476 5275 minueretur
2496 5219 2571 5274 de
2596 5236 2872 5295 numero,
2903 5225 3149 5295 eratque
3178 5222 3263 5287 eis
3314 5222 3595 5279 vivorum
3645 5239 3776 5277 suc-

2110 5307 2298 5369 cessio
2329 5312 2386 5363 et
2415 5309 2578 5383 apud
2614 5312 2798 5379 Deum,
2824 5310 2971 5367 tanti
3000 5326 3158 5382 regis
3200 5310 3445 5368 oblatio.
3497 5310 3624 5367 Hoc
3655 5318 3769 5368 stu-

2109 5396 2300 5465 dium,
2352 5399 2476 5454 haec
2524 5399 2654 5469 ejus
2712 5416 2950 5474 semper
3004 5400 3110 5456 fuit
3156 5400 3321 5457 bona
3350 5400 3648 5469 voluntas,
3679 5404 3774 5457 cui

2110 5502 2346 5559 semper
2393 5487 2746 5557 adhaeserat,
2806 5489 3260 5564 participatione
3317 5491 3541 5546 summi
3588 5490 3771 5559 boni;

2108 5590 2251 5631 vera
2280 5574 2536 5643 bonitas,
2570 5576 2627 5632 in
2655 5593 2779 5650 qua
2835 5576 3202 5634 clarissimus
3255 5577 3626 5637 versiﬁcator
3679 5578 3772 5634 his

2108 5664 2384 5721 versibus
2413 5669 2502 5721 est
2525 5665 2853 5726 delectatus
2886 5686 2898 5722 :
