3996 6178
1 327 9 363 λ
43 335 235 405 λιιι]ον
257 340 413 386 cura
438 324 584 381 bom‘
609 327 701 380 est
724 321 1009 391 fratrum
1030 319 1305 374 relevare
1329 320 1581 387 labores,

108 424 181 478 Et
197 420 338 491 ﬁeri
369 419 641 486 optatum
672 410 954 467 tristibus
981 407 1309 463 auaritiam.

2 508 13 542 λλ
42 516 288 571 pascere
301 510 569 579 jejzmos,
601 502 801 558 nudos
832 498 1074 565 vestire,
1112 497 1329 566 ligatos

2 626 9 633 >
105 601 361 663 Solvere,
396 591 705 651 discordes
736 588 1079 646 conciliare
1100 585 1232 640 siln'.

2 708 11 721 ι
40 692 113 747 Et
141 698 526 761 quaecumque
550 681 827 737 homines
852 675 1065 733 miseri
1092 673 1311 730 solatia
1340 683 1642 747 ques-mm,

4 806 13 811 _
105 780 268 849 Hm,
301 780 367 831 ηε
382 771 665 844 possibile
693 773 804 839 est,
834 779 1120 837 promere
1147 764 1327 821 corde
1343 767 1464 835 pio.

1745 304 1797 358 Α,

12 897 19 903 -
50 871 118 926 Ut
138 871 295 923 recte
322 877 460 920 vere
482 858 739 929 cupidus
769 868 1032 927 vereque
1052 852 1366 923 benignius.

2 958 18 994 ὲ
111 956 249 1023 Quae
266 953 431 1009 mala
461 952 598 1005 sunt
620 948 854 1017 fugiat,
882 958 1022 1016 quae
1053 942 1209 998 bona
1230 948 1380 997 sunt
1398 944 1615 1012 faciat.

10 1066 180 1119 ‘Haec
200 1058 401 1117 omnia
429 1056 490 1113 in
538 1058 704 1111 tanto
763 1052 895 1109 viro
941 1049 1135 1107 fuisse
1188 1049 1392 1105 omnis
1441 1050 1726 1123 cognovit

4 1140 15 1174 ³
49 1151 331 1217 mundus,
360 1146 496 1221 quia
524 1160 661 1200 eum
696 1157 939 1215 semper
968 1138 1182 1195 dilexit
1213 1140 1393 1196 Deus.

2 1260 21 1267 ”
118 1262 397 1315 Praeterea
425 1250 755 1310 construxit
780 1266 817 1305 a
847 1263 1015 1305 novo
1068 1246 1130 1301 in
1188 1245 1341 1303 urbe
1398 1248 1721 1304 Aureliana

2 1330 474 1406 monasterium
512 1340 701 1397 sancti
756 1338 973 1395 Aniani
1027 1335 1353 1405 singularis
1412 1337 1504 1393 sui
1553 1337 1719 1411 apud

12 1434 227 1505 Deum
260 1431 551 1491 advocati.
583 1429 690 1497 Qui
724 1444 914 1502 quam
944 1425 1115 1499 pium
1177 1431 1406 1482 sanctae
1456 1426 1722 1483 devotio-

41 1528 135 1583 nis
164 1540 435 1582 amorem
461 1537 601 1591 erga
624 1517 910 1574 eumdem
939 1513 1227 1571 habuerit
1255 1516 1456 1572 nullus
1487 1516 1720 1572 edicere

42 1616 218 1685 valet,
250 1613 397 1688 quia
427 1611 593 1667 illum
616 1625 799 1665 suum
829 1620 1068 1678 semper
1091 1610 1238 1677 post
1268 1609 1457 1662 Deum
1485 1606 1720 1677 adjuto-

2 1684 7 1689 ,
57 1660 218 1685 'WV',
301 1660 397 1670 ⁸⁸⁵*
427 1660 799 1667 ""'—"‘“—‘
834 1660 983 1678 "’—l
1097 1660 1114 1677 ι
1273 1660 1455 1662 *⁷νίέ
1490 1660 1517 1663 ἣν
1563 1660 1683 1677 υννίν

2 1714 13 1717 ⁷
44 1722 188 1767 rem,
222 1660 623 1776 protectorem
653 1702 709 1753 et
733 1694 1115 1752 defensorem
1141 1692 1370 1750 habere
1405 1695 1605 1759 voluit,
1639 1693 1719 1749 ad
1751 1660 1797 1712 Β

2 1802 443 1866 "quoscunque
469 1788 759 1862 potuisset
786 1799 1037 1858 pergere
1065 1798 1331 1853 gressus.
1386 1788 1533 1840 Nam
1594 1800 1717 1839 uno

1 1895 19 1957 ί
42 1882 135 1938 die
166 1899 202 1937 a
234 1879 513 1953 quodam
535 1894 645 1932 suo
669 1873 916 1948 speciali
946 1871 1285 1929 amicorum
1315 1873 1510 1929 amico
1536 1872 1716 1929 inter-

12 1971 306 2045 pellatus
328 1972 391 2024 ut
414 1965 563 2040 quid
622 1964 805 2021 talem
853 1979 924 2018 ac
982 1966 1216 2018 tantum
1271 1961 1613 2035 pontiﬁcem
1664 1967 1720 2017 et

2 2076 5 2081 '
38 2078 164 2116 non
195 2059 351 2115 alios
381 2058 465 2112 sic
489 2058 730 2111 sanctos
762 2053 887 2108 suis
914 2052 1135 2108 sanctis
1173 2048 1459 2108 laudibus
1484 2050 1724 2108 extolle-

33 2155 142 2217 ret,
177 2145 570 2220 respondisse
595 2141 938 2199 humillima
949 2145 1005 2197 et
1030 2141 1303 2213 piissime
1325 2158 1471 2197 voce
1497 2142 1679 2197 fertur
1704 2159 1716 2196 :

8 2252 17 2257 ’
40 2239 183 2305 Quis
206 2242 302 2292 est
330 2236 600 2291 Anianus
634 2233 661 2287 ?
688 2231 982 2302 Anianus,
1016 2231 1287 2286 Anianus
1312 2246 1422 2304 pro
1444 2233 1602 2287 certo
1633 2235 1725 2286 est

38 2344 181 2383 vera
214 2329 566 2381 nostrorum
597 2320 953 2383 consolatio,
980 2320 1394 2376 laborantium
1414 2320 1719 2387 fortitudo,

2 2438 5 2442 '
36 2434 260 2487 regum
310 2413 618 2487 proiectio,
650 2410 996 2484 principum
1046 2410 1336 2480 defensio,
1368 2410 1722 2482 pontificum

36 2503 390 2572 exsultatio,
441 2501 817 2565 clericorum,
900 2498 1367 2566 monachorum,
1425 2499 1723 2571 orphano—

35 2613 175 2651 rum
203 2598 270 2649 et
301 2591 619 2647 viduarum
644 2588 887 2659 egregia
918 2592 975 2643 et
996 2586 1419 2643 inenarrabilis
1452 2586 1725 2642 subleva-

2 2710 5 2713 ν
34 2686 136 2738 tio.
186 2686 260 2738 Et
290 2680 545 2736 illudens
572 2678 648 2734 ad
683 2677 1141 2733 circumstantes
1167 2692 1390 2748 pueros
1421 2676 1502 2731 ait
1531 2694 1543 2731 :
1570 2679 1723 2731 Num

31 2778 86 2828 et
120 2774 266 2838 iste,
300 2770 376 2824 de
406 2784 527 2841 quo
553 2765 882 2840 loquimur,
918 2765 1192 2831 Arianus,
1227 2781 1263 2820 a
1292 2765 1487 2836 poenis
1527 2764 1725 2836 virga-

34 2878 174 2915 rum
214 2856 398 2913 vobis
434 2855 640 2930 pueris
669 2870 794 2911 non
826 2858 917 2910 est
940 2852 1243 2926 frequens,
1274 2869 1418 2909 vera
1474 2858 1532 2910 et
1584 2869 1723 2926 pro-

38 2952 193 3007 bata
220 2942 500 3005 liberatio
526 2949 555 3003 ?

2 3068 3 3071 ‘
104 3058 360 3115 Ardeas
388 3055 536 3112 tanti
562 3053 863 3127 pontiﬁcis
890 3052 1121 3107 honore
1160 3051 1254 3107 hic
1283 3051 1559 3108 redolens
1613 3051 1729 3107 ﬂos

30 3156 92 3205 et
126 3150 337 3205 decus
368 3145 641 3201 Ecclesiaa
670 3147 913 3210 sanctae,
947 3146 1006 3197 et
1036 3141 1228 3211 gratia
1280 3141 1382 3198 Dei
1431 3140 1728 3197 desiderio

30 3255 180 3294 eum
246 3237 311 3292 in
359 3235 551 3292 altiori
605 3234 816 3289 volens
869 3232 1229 3287 constituere
1272 3230 1428 3297 loco,
1473 3231 1728 3286 domum

32 3326 301 3385 Domini
326 3341 507 3397 super
536 3340 679 3380 eum
704 3323 767 3378 in
796 3320 1014 3377 melius
1041 3325 1385 3376 construere
1413 3320 1593 3393 erepit
1648 3324 1725 3385 et,

25 3420 159 3473 Deo
188 3420 565 3488 cooperante
597 3418 656 3469 et
676 3417 884 3469 sancto
910 3410 1145 3466 Aniano
1162 3410 1384 3466 auxilia
1400 3411 1730 3483 praebente,

21 3510 102 3565 ad
140 3508 354 3563 finem
386 3520 579 3577 usque
610 3500 911 3576 perduxit.
946 3499 1132 3556 Habet
1162 3515 1426 3571 namque
1455 3500 1589 3572 ipsa
1614 3492 1731 3553 klo-

26 3616 175 3653 mus
212 3598 284 3653 in
316 3594 692 3664 longitudine
738 3596 942 3647 tensas
991 3588 1397 3661 quadraginta
1439 3589 1616 3656 duas,
1666 3587 1733 3645 in

18 3686 381 3744 latitudine
410 3681 757 3752 duodecim,
788 3680 848 3736 in
879 3680 1001 3737 alto
1029 3678 1263 3746 decem,
1285 3678 1575 3735 fenestras
1598 3693 1733 3734 cen-

24 3784 170 3833 tum
208 3774 436 3845 viginti
466 3778 601 3829 tres.
634 3771 789 3828 Fecit
816 3775 874 3826 et
901 3769 1113 3826 altaria
1130 3768 1193 3824 in
1244 3767 1381 3839 ipso
1433 3772 1732 3824 monaste-

22 3868 121 3922 rio
156 3865 252 3922 ad
280 3863 531 3919 laudem
581 3865 932 3917 sanctorum
975 3873 1231 3914 numero
1282 3856 1728 3924 novemdecim,

20 3969 325 4028 quorum
388 3951 743 4008 memoriam
792 3949 890 4005 hic
970 3948 1259 4004 adnotare
1336 3946 1729 4013 curavimus;

23 4042 418 4118 principale,
446 4041 508 4096 in
529 4042 823 4097 honorem
854 4037 1113 4111 apostoli
1139 4036 1313 4105 Petri,
1374 4036 1470 4092 cui
1517 4051 1731 4107 supra-

16 4137 254 4191 dictus
284 4129 715 4188 rexassociavit
754 4127 1172 4201 coapostolum
1222 4125 1470 4182 Paulum
1514 4124 1576 4180 in
1630 4124 1732 4182 be-

16 4221 590 4285 nedictione,cum
621 4233 745 4275 non
794 4221 972 4273 antea
1026 4215 1109 4271 ibi
1156 4214 1274 4271 nisi
1299 4214 1497 4270 solius
1544 4213 1733 4269 sancti

14 4313 203 4369 Petri
234 4312 406 4364 esset
429 4307 731 4364 veneratio
759 4326 771 4376 ;
801 4306 881 4363 ad
906 4308 1091 4379 caput
1122 4305 1177 4361 8.
1210 4302 1444 4372 Aniani,
1497 4317 1688 4358 unum
1714 4320 1729 4369 ;

12 4366 366 4474 alipedes
382 4396 731 4458 aliud,aliud
746 4366 807 4452 in
828 4366 1058 4452 honore
1089 4366 1454 4451 S.Benedicti
1479 4409 1492 4459 ;
1520 4366 1734 4449 cratera
1762 4366 1813 4420 Π

8 4496 193 4549 sunt
226 4489 299 4543 in
334 4485 562 4542 honore
590 4501 802 4542 eorum
831 4500 1091 4557 quorum
1144 4482 1395 4540 nomina
1445 4484 1587 4535 sunt
1641 4495 1736 4536 as-

7 4582 276 4653 cripta,
318 4575 508 4630 sancti
535 4574 807 4631 videlicet
838 4573 1077 4642 Evurtii,
1111 4572 1302 4629 sancti
1325 4569 1639 4639 Laurentii,
1674 4572 1731 4626 8.

8 4664 313 4736 Georgii
342 4664 736 4737 omniumque
763 4665 1131 4732 sanctorum,
1178 4661 1317 4716 item
1374 4660 1430 4716 S.
1485 4657 1732 4727 Martini,

7 4763 81 4817 S.
114 4752 435 4823 Mauritii,
463 4754 516 4809 S.
551 4752 855 4825 Stephani,
902 4753 958 4808 S.
1009 4750 1269 4815 Antonii,
1319 4750 1373 4805 S.
1428 4746 1733 4813 Vincentii,

9 4850 299 4906 sanctae
326 4841 544 4911 Mariis,
589 4842 780 4898 sancti
829 4840 1096 4910 Joannis,
1154 4838 1343 4895 sancti
1397 4835 1733 4905 Salvatoris,

6 4943 78 4996 S.
116 4930 452 5002 Mamerti,
481 4933 535 4988 S.
568 4930 789 4987 Nicolai
819 4933 877 4986 et
916 4933 971 4987 S.
1033 4927 1347 4987 Michaelis.
1408 4929 1599 4998 Caput
1637 4941 1739 4981 au-

8 5036 167 5085 tem
206 5025 418 5096 ipsius
441 5020 788 5078 monasterii
815 5019 953 5076 fecit
975 5018 1129 5075 miro
1158 5032 1339 5090 opere
1368 5016 1430 5072 in
1474 5015 1739 5071 similitu-

1 5120 273 5176 dinem
314 5110 660 5167 monasterii
686 5114 908 5167 sancttn
937 5107 1126 5167 Mariae
1155 5106 1363 5163 matris
1394 5104 1630 5161 Domini
1683 5107 1741 5160 et

2 5208 430 5264 sanctorum
465 5200 751 5269 Agricola:
776 5204 836 5255 et
862 5198 1061 5255 Vitalis
1086 5198 1149 5254 in
1180 5197 1557 5255 Claromonte
1595 5210 1739 5251 con-

2 5295 281 5354 stituti.
314 5289 608 5346 Lecticam
638 5288 831 5362 ipsius
868 5291 924 5346 S.
981 5286 1197 5344 Aniani
1250 5302 1287 5341 a
1343 5285 1534 5340 fronte
1593 5298 1740 5339 auro

2 5392 233 5445 bono
256 5386 323 5438 et
357 5379 603 5452 optimo,
645 5384 701 5435 et
729 5377 1034 5450 lapidibus
1064 5374 1338 5449 pretiosis
1384 5376 1442 5428 et
1495 5376 1741 5441 argento

1 5490 240 5538 mero
271 5468 743 5543 prisoccupavit.
775 5467 1066 5524 Tabulam
1096 5466 1175 5522 ad
1231 5464 1415 5521 altare
1468 5463 1522 5519 S.
1570 5460 1740 5531 Petri,

2 5573 82 5626 in
130 5561 353 5633 cujus
381 5558 611 5615 honore
654 5562 848 5615 exstat
892 5556 1084 5623 locus,
1140 5570 1288 5611 auro
1337 5552 1503 5608 bono
1557 5553 1742 5606 totam

1 5649 416 5726 cooperuit,
442 5647 519 5704 de
538 5662 665 5720 qua
683 5644 1048 5715 Constantia,
1070 5641 1289 5703 nobilis
1327 5639 1556 5712 regina,
1614 5638 1745 5709 ejus

1396 174 1583 230 ms.
1623 174 2154 237 ~Pnommm.
2190 142 2201 199 λ

1832 303 2054 374 conjux
2083 304 2382 378 gloriosa,
2402 312 2545 379 post
2586 315 2843 368 mortem
2868 312 2987 368 viri
3019 311 3119 369 sui
3141 313 3511 373 sanctissimi

1828 391 1949 448 Deo
1977 397 2035 449 et
2054 400 2271 452 sancto
2306 396 2577 454 attribuit
2622 400 2861 457 Aniano
2905 418 3231 471 summam,
3281 402 3509 460 scilicet

1823 481 2121 541 librarum
2146 490 2387 559 septem
2414 487 2601 560 ipsius
2630 490 2857 546 metalli
2903 491 2967 546 in
3016 491 3407 550 meliorandis
3464 510 3511 551 α

1827 587 1891 626 se
1920 574 2281 631 monasterii
2309 575 2451 632 facti
2484 577 2685 636 tectis:
2713 578 2934 651 quibus
2960 579 3039 635 ab
3089 579 3232 636 imis
3272 581 3348 638 ad
3403 598 3509 639 sib

1825 661 2071 734 periora
2095 664 2350 736 apertis,
2402 666 2626 723 ccelum
2663 667 2879 724 melius
2919 673 3263 726 cernerem
3311 686 3507 742 quam

1826 755 2009 807 terra.
2034 752 2267 810 Exstitit
2288 754 2351 810 in
2372 771 2447 812 ea
2475 757 2788 829 quantitas
2808 756 2943 812 auri
2961 756 3511 829 quindecimlibra-

1825 856 1965 896 rum
1989 840 2253 913 probati.
2286 844 2467 909 Quod
2480 844 2780 918 reliquum
2806 845 2917 902 fuit
2945 844 3015 900 in
3028 844 3256 917 quibus
3294 845 3511 905 debuit

1825 929 2155 1000 distribuit,
2172 932 2320 1003 quia
2349 938 2483 990 erat
2505 934 2559 991 ei
2583 934 2921 991 sollicitudo
2952 933 3348 990 Ecelesiarum
3374 935 3499 1002 Dei,

1819 1019 1999 1090 juxta
2026 1018 2171 1075 utile
2195 1021 2453 1078 senioris
2479 1022 2573 1078 sui
2596 1022 2772 1079 velle.
2805 1025 2940 1078 Post
2980 1038 3121 1095 quis
3153 1023 3361 1080 omnia
3396 1040 3509 1080 cu-

1826 1108 2010 1181 pidus
2032 1113 2252 1166 sanctae
2272 1110 2708 1168 benedictionis
2751 1127 2859 1167 rex
2912 1110 3235 1167 Rotbertus
3280 1111 3505 1181 glorio-

1827 1215 1962 1269 sus,
1983 1213 2113 1253 sua!
2137 1201 2557 1270 ordinationis,
2584 1200 3023 1258 benedictionis
3051 1205 3110 1256 et
3137 1202 3513 1274 assumptio-

1825 1288 1923 1344 nis
1944 1288 2007 1343 in
2036 1303 2239 1358 regem
2269 1307 2433 1347 anno
2454 1291 2761 1347 tricesimo
2784 1294 2974 1359 sexto,
3010 1290 3281 1360 jussione
3308 1290 3511 1363 impe-

1826 1376 2050 1433 ratoria
2076 1379 2341 1435 evocavit
2379 1379 2843 1452 archipraasules
2900 1376 3257 1434 Gauzlinnm
3300 1378 3511 1435 Bituri-

1827 1482 2081 1521 censem
2128 1472 2189 1522 et
2237 1468 2523 1525 abbatem
2579 1468 3036 1531 Floriacensem,
3086 1467 3509 1524 Leotherieum

1826 1556 2261 1625 Senonensem,
2292 1572 2530 1612 necnon
2557 1560 2617 1611 et
2644 1555 3030 1627 Amulphum
3057 1554 3501 1613 Turonensem.

1827 1646 2099 1709 Quorum
2124 1644 2511 1717 praesentiam
2536 1643 2995 1714 subsequuntur
3023 1642 3311 1715 praesules
3329 1643 3506 1701 Odoi-

1824 1733 1987 1788 ricus
2018 1734 2491 1800 Aurelianensis,
2517 1732 2921 1789 Theodericus
2949 1733 3349 1792 Carnotensis.
3371 1736 3513 1789 Bora

1824 1822 2031 1877 uerius
2063 1822 2397 1890 Meldensis,
2426 1820 2727 1878 Guarinus
2756 1819 3157 1888 Belvacensis,
3184 1825 3243 1877 et
3285 1820 3508 1877 Rodo]:-

1826 1910 1923 1966 fus
1985 1912 2466 1968 Silvanectensis.
2519 1913 2657 1965 Non
2706 1908 2892 1964 defuit
2943 1908 3125 1965 etiam
3188 1909 3512 1982 praesentia

1827 1998 2041 2055 domni
2061 2004 2120 2055 et
2148 1997 2516 2056 venerabilis
2538 1995 2831 2063 Odﬂouis,
2852 1995 3337 2061 (ﬁuniacensium
3393 1996 3511 2053 ab-

1825 2087 2008 2156 batis,
2034 2094 2092 2144 et
2120 2089 2380 2145 aliorum
2414 2088 2723 2143 bonorum
2769 2085 3039 2142 virorum
3089 2103 3215 2144 non
3268 2085 3511 2143 minimi

1829 2177 2047 2245 meriti,
2106 2194 2245 2234 cum
2303 2176 2534 2250 quibus
2551 2189 2793 2246 semper
2818 2173 3209 2233 desiderabat
3221 2173 3507 2246 colloqui.

1827 2267 1918 2322 Ab
1944 2268 2037 2323 his
2060 2285 2173 2342 pro
2204 2273 2364 2324 certo
2394 2270 2453 2323 et
2481 2264 2613 2321 aliis
2645 2263 2747 2318 Dei
2773 2263 3061 2321 ministris
3088 2266 3321 2322 levatur
3357 2263 3509 2320 illud

1828 2355 2037 2412 nobile
2055 2373 2277 2430 corpus
2298 2354 2480 2411 amici
2509 2352 2614 2409 Dei
2646 2352 2861 2408 Aniani
2890 2354 3257 2414 sanctissimi
3281 2353 3357 2410 de
3413 2368 3511 2409 se-

1828 2443 2045 2517 pulcro
2067 2462 2209 2502 cum
2242 2442 2600 2517 corporibus
2615 2443 2963 2497 sanctorum
2984 2441 3515 2517 Euspiciiﬁoniton

1828 2534 1913 2589 ris
1929 2539 1989 2589 et
2009 2534 2264 2590 Flosculi
2277 2530 2991 2599 confessornm,Baudelii
3012 2537 3069 2589 et
3091 2532 3333 2591 Scubilii
3354 2547 3514 2588 mar-

1831 2628 2036 2695 tyrum
2052 2629 2110 2679 et
2129 2624 2297 2694 Agin:
2313 2621 2523 2678 matris
2547 2622 2600 2676 8.
2621 2618 2768 2691 Lupi
2787 2620 3175 2691 confessoris;
3197 2627 3261 2679 et
3278 2620 3511 2692 abipso

1831 2711 2101 2782 glorioso
2125 2728 2269 2783 rege
2292 2715 2352 2768 et
2373 2710 2529 2777 aliis,
2551 2724 2709 2782 quos
2730 2707 2863 2778 jam
2898 2712 3258 2782 pmnotavit
3292 2709 3507 2777 littera,

1831 2800 1937 2873 qui
1947 2816 2062 2873 pro
2077 2800 2183 2857 tali
2192 2800 2435 2870 negotio
2445 2798 3509 2871 advenerant,custodiu1r,laudatm,

1834 2895 1891 2945 et
1924 2890 2282 2946 decantatur
2307 2890 2375 2945 in
2398 2888 2649 2962 hymnis
2671 2892 2731 2942 et
2755 2885 3047 2945 laudibus
3072 2890 3133 2946 in
3164 2887 3419 2946 ecclesia
3445 2889 3505 2944 S.

1757 3009 1802 3066 ε
1835 2978 2065 3034 Martini
2093 2979 2496 3050 quoadusque
2516 2982 3006 3050 praepararentur
3029 2978 3196 3035 utilia
3220 2982 3278 3034 et
3306 2992 3512 3033 neces-

1835 3067 1993 3122 saria
2024 3073 2249 3124 sancta:
2275 3065 2699 3123 benedictioni.
2726 3068 3084 3138 Praeparatis
3125 3083 3270 3137 ergo
3317 3066 3507 3122 omni-

1834 3155 1973 3225 bus,
1999 3155 2080 3210 ab
2104 3155 2259 3228 ipsis
2304 3154 2526 3210 sanctis
2580 3153 2999 3210 sacerdotibus
3042 3155 3245 3211 locum
3295 3154 3505 3226 ipsum

1833 3244 2110 3299 benedici
2131 3247 2191 3299 et
2216 3243 2554 3299 consecrari
2581 3242 2925 3298 solemniter
2970 3243 3128 3313 fecit,
3171 3258 3335 3300 anno
3385 3244 3501 3299 Βο-

1835 3332 2070 3388 minicte
2123 3331 2552 3388 incarnationis
2600 3330 2925 3387 millesimo
2970 3332 3261 3390 vicesimo
3313 3344 3501 3397 nono,

1834 3422 2159 3478 indictione
2179 3421 2563 3478 duodecima.
2587 3420 2851 3476 Sumitur
2878 3420 3084 3493 itaque
3108 3420 3375 3477 humeris
3415 3419 3508 3477 in-

1837 3511 1981 3583 clyti
2010 3510 2170 3580 regis
2202 3510 2598 3581 gaudentium
2621 3509 2800 3565 simul
2841 3516 2900 3566 et
2926 3510 3260 3567 laetantium
3310 3523 3507 3582 popu-

1834 3602 2034 3657 lorum
2064 3605 2127 3655 et
2144 3600 2497 3656 transfertur
2518 3616 2663 3655 cum
2679 3599 2964 3655 laudibus
2992 3600 3057 3656 in
3086 3599 3379 3672 templum
3392 3613 3505 3655 no-

1835 3704 2004 3757 vum,
2034 3690 2202 3761 quod
2238 3690 2369 3762 ipse
2395 3688 2654 3760 inclytus
2712 3688 3031 3745 Rotbcrtus
3077 3689 3503 3758 aediﬁcaverat,

1836 3778 2153 3835 laudantes
2184 3779 2507 3833 Dominum
2536 3782 2595 3833 et
2612 3778 2667 3832 S.
2700 3777 3005 3832 Animum
3024 3776 3087 3832 in
3122 3781 3413 3848 tympano
3443 3779 3507 3833 et

1838 3866 2046 3938 choro,
2074 3865 2137 3920 in
2162 3864 2404 3921 chordis
2435 3869 2493 3920 et
2519 3880 2773 3935 organo,
2798 3869 2854 3920 et
2883 3880 3023 3920 eum
3052 3864 3115 3919 in
3138 3864 3273 3918 loco
3324 3861 3505 3917 collo-

1839 3960 1980 4014 cant
2002 3960 2211 4013 sancto
2239 3954 2314 4010 ad
2343 3955 2657 4021 honorem,
2688 3953 2945 4022 gloriam
2972 3955 3031 4008 et
3066 3951 3309 4007 laudem
3358 3951 3501 4007 Jesu

1841 4044 2051 4103 Christi
2081 4043 2317 4100 Domini
2348 4041 2535 4097 nostri
2565 4046 2622 4097 et
2650 4040 2861 4097 famuli
2878 4040 2968 4096 sui
2990 4039 3229 4108 Animi,
3249 4036 3501 4110 speciali

1839 4134 2030 4206 gloria
2056 4132 2339 4189 decorati.
2408 4120 2413 4125 ’

1914 4224 2158 4297 Expleta
2177 4220 2593 4278 benedictione
2622 4218 2945 4276 solemniet
2960 4218 3243 4276 omnibus
3262 4232 3403 4290 quas
3419 4216 3501 4273 ad

1842 4313 2282 4370 dedicationem
2308 4310 2498 4366 sancti
2523 4309 2726 4383 templi
2756 4308 3155 4381 pertinebant,
3183 4306 3351 4363 vadit
3369 4306 3501 4377 jam

1844 4418 1980 4459 cum
1996 4400 2325 4457 reverentia
2338 4398 2747 4454 nominandus
2764 4402 2935 4470 pater
2944 4397 3154 4469 patriae
3168 4395 3504 4452 Rodbertus

1846 4496 1983 4547 ante
2012 4490 2196 4546 altare
2227 4487 2589 4544 sanctissimi
2620 4486 2770 4542 Petri
2797 4490 2855 4541 et
2879 4484 3077 4541 dilecti
3096 4483 3306 4540 domui
3327 4481 3502 4538 Aniu-

1842 4580 1926 4647 ni,
1950 4580 2011 4635 in
2042 4581 2372 4651 conspectu
2398 4575 2674 4631 omnium
2704 4574 3095 4649 populorum,
3112 4577 3170 4629 et
3188 4584 3413 4627 exuens
3435 4583 3501 4625 se

1842 4670 2197 4726 vestimento
2227 4681 2552 4739 purpureo,
2584 4665 2751 4738 quod
2771 4663 2978 4733 lingua
3018 4661 3242 4718 rustica
3285 4657 3503 4716 dicitur

1842 4773 2041 4829 rocus,
2063 4762 2322 4829 utroque
2345 4770 2507 4825 genu
2534 4754 2654 4810 ﬁxo
2677 4754 2738 4809 in
2765 4758 3005 4819 terram,
3037 4755 3159 4807 toto
3188 4748 3263 4806 de
3321 4745 3502 4805 corde

1845 4850 1920 4906 ad
1950 4852 2137 4904 Deum
2167 4844 2501 4920 supplicem
2530 4844 2684 4899 fudit
2702 4858 2941 4916 precem
2988 4841 3049 4897 in
3106 4839 3201 4897 bis
3255 4836 3458 4896 verbis
3484 4852 3501 4896 :

1845 4954 1876 4994 α
1906 4938 2156 5007 Gratias,
2186 4934 2399 5008 inquit,
2422 4950 2540 5005 ago
2566 4932 2690 4999 tibi,
2722 4932 2883 4988 bone
2927 4932 3100 4997 Deus,
3134 4927 3240 5002 qui
3290 4927 3371 4984 ad
3417 4925 3503 4985 af-

1845 5028 2066 5084 fectum
2093 5038 2293 5082 meam
2323 5023 2690 5079 voluntatem
2716 5020 2895 5077 hodie
2922 5018 3145 5075 meritis
3186 5018 3244 5073 S.
3287 5014 3505 5074 Aniani

1846 5116 2196 5192 perduxisti,
2212 5113 2521 5169 lactiﬁcans
2536 5112 2805 5170 animam
2826 5125 3027 5165 meam
3047 5108 3122 5163 de
3151 5105 3505 5178 corporibn

1848 5209 2194 5263 sanctorum
2217 5216 2357 5258 cum
2386 5217 2457 5257 eo
2498 5200 2791 5257 hodierna
2837 5198 2934 5255 die
2978 5194 3500 5267 triumphantium.

1849 5299 1935 5353 Da
1958 5307 2121 5362 ergo,
2151 5290 2422 5357 Domine,
2454 5305 2562 5360 per
2587 5290 2701 5344 hos
2723 5292 2964 5344 sanctos
2990 5290 3125 5342 tuos
3170 5283 3324 5339 vivis
3364 5281 3506 5339 deli-

1851 5390 2049 5441 torum
2078 5376 2537 5448 indulgentiam,
2558 5377 2854 5433 defunctis
2883 5375 3168 5433 omnibus
3206 5372 3391 5428 vitam
3449 5374 3506 5426 et

1852 5473 2120 5548 requiem
2150 5468 2597 5541 sempiternam.
2633 5465 2937 5538 Tempora
2964 5470 3171 5522 nostra
3201 5461 3504 5536 prospice,

1850 5574 2128 5636 regnum,
2156 5567 2327 5619 tuum
2342 5557 2509 5632 quod
2528 5561 2631 5613 tua
2648 5556 2885 5630 pietate,
2912 5553 3339 5622 misericordia,
3403 5550 3508 5607 bo-

1851 5653 2035 5712 nitate
2056 5651 2233 5709 nobis
2247 5650 2457 5711 datum
2486 5651 2595 5718 est,
2628 5660 2790 5717 rege,
2833 5644 3109 5719 dispone,
3154 5641 3389 5703 custodi
3426 5638 3507 5697 ad
