3996 6178
478 185 585 242 927

1682 170 1982 230 ROBERTI
2017 165 2224 225 REGIS
2263 168 2690 231 FRANCORUM

3833 175 3940 228 928

430 285 431 290 η
479 307 721 364 laudem
751 305 806 358 et
835 300 1086 371 gloriam
1128 301 1389 357 nominis
1427 301 1535 372 tui,
1565 302 1622 358 S.
1663 297 1875 356 Aniani
1925 296 2135 351 virtute
2162 294 2214 352 Α
2251 296 2396 350 Jesu
2421 297 2631 354 Christi
2658 298 3175 355 resurrectionem.
3210 302 3350 356 Erat
3373 302 3433 356 et
3489 299 3617 354 hoc
3678 302 3938 353 amator;

481 393 740 452 mirabili
769 391 957 465 patris
975 390 1181 462 patriae
1209 391 1287 445 ab
1308 391 1566 447 inimicis
1592 388 1940 446 mirabiliter
1993 385 2137 440 libe-

477 489 678 541 ratae.»
711 485 951 537 Peracta
981 480 1266 547 oratione,
1310 481 1389 536 ad
1420 497 1529 536 sua
1555 480 1809 553 quisque
1853 476 2023 531 laetus
2055 490 2140 529 re-

480 572 744 642 greditur
761 575 819 626 et
865 569 940 624 de
987 568 1110 624 suis
1141 570 1409 625 donariis
1453 570 1584 642 ipso
1641 568 1736 623 die
1775 567 1944 622 locus
1996 563 2138 619 insi-

480 660 671 731 gniter
713 658 1078 724 nobilitatur,
1130 657 1192 713 in
1241 662 1500 732 quatuor
1543 657 1760 713 scilicet
1777 654 1973 728 palliis
2004 668 2138 726 pre-

478 748 834 815 tiosissimis,
868 751 922 802 et
976 763 1154 802 urceo
1204 751 1486 815 argenteo
1542 750 1600 801 et
1649 744 1900 816 capella,
1949 758 2138 815 quam

479 842 616 911 post
672 835 901 892 obitum
963 852 1140 890 suum
1191 839 1309 891 Deo
1353 833 1746 908 omnipotenti
1780 838 1836 889 et
1887 831 2137 888 sanctis-

481 927 634 982 simo
701 925 1026 981 confessori
1074 923 1372 994 delegavit
1431 924 1683 979 Aniano.
1742 922 1980 995 Capella
2035 937 2139 976 au-

480 1020 600 1071 tem
629 1015 812 1082 hujus
844 1012 1114 1086 piissimi,
1126 1011 1592 1084 prudentissimi,
1626 1009 2020 1084 potentissimi
2053 1024 2140 1064 re-

487 1102 577 1172 gis
603 1101 882 1169 Rotberti,
938 1100 1069 1156 talis
1100 1099 1208 1155 fuit
1239 1119 1251 1155 :
1287 1103 1506 1173 Capps:
1557 1099 1889 1155 octodecim
1939 1098 2137 1164 bonm,

479 1189 722 1262 optimae
750 1194 808 1244 et
835 1189 987 1244 bene
1011 1193 1258 1260 paratae.
1288 1188 1444 1244 Libri
1471 1187 1929 1258 Evangeliorum
1974 1185 2141 1242 aurei

478 1277 622 1344 duo,
656 1277 923 1345 argentei
951 1277 1098 1346 duo,
1132 1281 1188 1332 et
1213 1276 1311 1332 alii
1341 1277 1464 1333 duo
1497 1277 1684 1349 parvi,
1718 1293 1856 1332 cum
1909 1274 2139 1330 missali

477 1383 600 1423 uno
631 1366 1058 1437 transmarino,
1089 1366 1242 1422 bene
1285 1371 1496 1438 parato
1548 1367 1729 1422 ebore
1760 1370 1816 1420 et
1867 1368 2136 1434 argento.

477 1456 825 1512 Philacteria
854 1472 1037 1512 aurea
1064 1455 1406 1511 duodecim.
1441 1455 1637 1511 Altare
1660 1471 1851 1510 unum
1879 1469 2028 1508 auro
2085 1456 2142 1508 et

478 1551 726 1616 argento
756 1545 1106 1602 mirabiliter
1133 1550 1434 1618 paratum,
1486 1545 1795 1600 continens
1833 1545 1893 1598 in
1939 1542 2139 1598 medio

2247 384 2550 442 bonorum
2580 388 2640 443 in
2679 388 2963 459 religione
3017 404 3127 461 pro
3186 405 3440 443 suarum
3487 386 3936 442 emundatione

2248 473 2562 546 culparum
2594 477 2780 549 quod,
2815 493 2851 532 a
2873 482 3079 532 sancto
3112 477 3588 548 Septuagesimo
3621 492 3838 548 usque
3888 477 3938 530 in

2245 565 2474 634 pascha
2501 565 2666 621 nulla
2698 582 2846 621 usus
2876 565 3088 622 culcita
3139 566 3488 638 frequenter
3541 580 3692 620 eurr
3760 567 3937 619 susci-

2246 652 2450 724 piebat
2478 655 2555 710 ad
2581 641 3291 726 jacendum'fortissima
3339 659 3520 723 terra,
3582 654 3939 708 tendentem

2243 741 2647 798 indesinenter
2672 744 2750 799 ad
2801 744 3037 799 aethera.
3093 745 3283 799 Prosit
3335 749 3550 799 tamen
3582 758 3712 814 pro
3744 742 3843 796 his
3897 751 3940 796 ei

2244 830 2377 885 aliis
2411 832 2626 889 anima:
2657 834 2787 904 ejus
2821 833 3160 905 subscripta
3183 838 3244 888 et
3262 833 3464 888 brevis
3489 831 3710 888 oratio
3743 848 3759 885 :
3787 831 3940 887 Prio-

2244 934 2380 974 rum
2412 926 2654 977 actuum
2680 922 2810 993 ejus
2842 921 3113 978 maculas
3141 923 3299 978 Deus
3354 926 3580 990 tergat,
3650 920 3940 977 oblivioni

2245 1013 2548 1080 perpetuae
2581 1009 2794 1077 tradat,
2827 1014 3058 1083 partem
3087 1011 3141 1065 ei
3195 1010 3257 1066 in
3284 1015 3725 1066 resurectione
3752 1011 3942 1083 prima

2247 1097 2539 1154 concedat
2595 1099 2699 1172 qui
2752 1104 2840 1155 est
2886 1099 3240 1154 resurrectio
3298 1104 3717 1154 mortuorum
3783 1101 3937 1154 Jesas

2247 1187 2510 1243 Christus
2539 1189 2744 1244 vivens
2773 1194 2831 1244 et
2859 1205 3118 1260 regnans
3150 1189 3211 1244 in
3251 1188 3474 1244 smeula
3537 1187 3938 1244 saeculorum.

2317 1277 2492 1333 Cordi
2518 1294 2654 1334 meo
2684 1278 2831 1351 quid
2854 1278 3108 1348 dulcius,
3134 1277 3284 1351 quid
3334 1278 3704 1349 jucundius
3761 1285 3942 1350 potest

2245 1365 2416 1434 iungi
2449 1381 2632 1438 quam
2667 1371 2731 1421 ut
2785 1372 3238 1439 prmeeptorem,
3291 1366 3659 1437 adjutorem
3725 1383 3941 1432 meum,

2244 1453 2305 1509 in
2337 1455 2621 1509 omnibus
2655 1454 2750 1510 Dei
2785 1455 3068 1527 operibus
3112 1454 3454 1510 collaudem
3487 1454 3522 1509 ?
3575 1454 3831 1524 Redeo,
3875 1473 3941 1510 re

2245 1543 2360 1598 deo
2385 1548 2460 1609 et,
2493 1542 2642 1599 sicut
2665 1543 2936 1599 solebam
2959 1544 3020 1598 in
3050 1543 3264 1599 diebus
3297 1545 3532 1615 quibus
3597 1560 3736 1599 nos
3781 1545 3940 1599 simul

476 1642 707 1709 petram
734 1634 1126 1700 laudabilem,
1156 1651 1291 1705 quae
1323 1635 1538 1689 dicitur
1558 1633 1893 1690 onichinus.
1924 1635 2140 1689 Cruces
2169 1655 2209 1708 Β
2246 1632 2742 1704 respiciebamus,
2775 1634 2903 1703 ejus
2931 1633 3075 1688 mihi
3120 1632 3450 1688 amabilem
3516 1637 3581 1688 et
3641 1633 3942 1688 desidera-

479 1740 675 1780 aurete
707 1728 840 1778 tres.
867 1723 1048 1792 Major
1079 1738 1151 1777 ex
1182 1723 1273 1777 his
1305 1723 1567 1777 continet
1595 1723 1657 1777 in
1698 1738 1762 1777 se
1791 1721 1977 1776 libras
2009 1719 2140 1774 auri
2247 1720 2537 1776 tissimam
2565 1721 2786 1793 recipio
2811 1721 3157 1777 bonitatem.
3196 1722 3465 1777 Delector
3491 1723 3706 1777 etiam
3737 1722 3804 1777 in
3862 1723 3939 1776 ilia

476 1813 611 1886 puri
635 1816 886 1884 septem.
922 1813 1104 1880 Signa
1135 1811 1422 1883 quinque.
1470 1813 1665 1866 Unum
1720 1827 1792 1866 ex
1849 1810 1942 1865 his
1999 1809 2140 1864 satis

477 1899 770 1969 mirabile,
794 1899 854 1953 in
881 1915 1004 1970 quo
1021 1900 1142 1954 duo
1165 1899 1498 1954 millenaria
1523 1898 1744 1954 metalli
1767 1903 1825 1953 et
1845 1902 2137 1952 sexcenta:

476 1988 642 2044 librae
674 1988 929 2056 fuerunt,
963 1989 1060 2044 cui
1089 1988 1352 2061 imprimi
1367 1987 1546 2058 jussit
1566 1988 1804 2057 signum
1854 1986 2139 2059 baptismi

477 2078 552 2134 de
582 2077 714 2133 oleo
741 2082 798 2132 et
825 2077 1142 2132 chrismate
1165 2077 1324 2144 facti,
1357 2077 1506 2132 sicut
1531 2078 1680 2132 ordo
1729 2077 2000 2149 deposcit
2050 2091 2140 2130 ec-

478 2166 864 2238 clesiasticus,
897 2171 951 2222 et
981 2171 1046 2222 ut
1075 2171 1391 2222 vocaretur
1424 2166 1740 2222 Rotbertus
1796 2165 2141 2221 attribueret

480 2255 731 2328 Spiritus
752 2260 1012 2311 sanctus.
1053 2255 1216 2310 Dedit
1236 2256 1416 2310 etiam
1450 2259 1506 2311 et
1535 2255 1673 2310 huic
1696 2263 1904 2311 sancto
1957 2253 2140 2310 eccle-

479 2345 596 2400 sias
621 2345 796 2415 duas,
831 2344 1212 2401 Sentiliacum
1239 2349 1296 2400 et
1320 2345 1706 2414 Rutinagum,
1736 2361 1874 2400 cum
1901 2344 2051 2398 villis
2083 2347 2141 2398 et

477 2433 760 2491 omnibus
788 2449 924 2505 quae
956 2434 1032 2489 ad
1060 2433 1224 2506 ipsas
1249 2434 1564 2506 pertinent,
1624 2449 1777 2505 quas
1837 2437 2138 2505 praecepto

473 2519 659 2588 regali
681 2518 941 2578 firmavit
969 2525 1026 2575 et
1050 2520 1428 2576 corroborari
1451 2522 1651 2592 jussit.
1678 2521 2008 2575 Promeruit
2034 2537 2139 2575 au-

476 2613 594 2666 tem
623 2613 681 2665 et
707 2625 744 2664 a
768 2609 996 2665 domno
1021 2609 1388 2666 Theodorico
1413 2610 1740 2666 venerabili
1786 2609 2137 2665 Aureliano-

475 2713 611 2753 rum
639 2698 922 2771 episcopo
952 2699 1163 2754 altaria
1212 2698 1484 2769 ipsarum
1543 2698 1937 2754 ecclesiarum
1995 2714 2135 2752 cum

475 2787 801 2858 pontiﬁcali
829 2787 1138 2860 privilegio
1168 2787 1243 2842 de
1271 2787 1420 2860 ipsis
1447 2804 1482 2844 a
1509 2805 1571 2843 se
1592 2787 1942 2860 facto,quod
1968 2803 2138 2842 sanc-

476 2878 536 2930 to
559 2875 807 2930 contulit
832 2876 1061 2930 Aniano
1086 2881 1143 2931 et
1172 2875 1556 2948 regiinclyto,
1583 2876 1687 2949 qui
1713 2892 1852 2930 eum
1882 2875 1942 2930 in
1994 2890 2139 2930 voce

477 2965 887 3021 exsultationis
913 2981 1149 3038 semper
1175 2966 1466 3022 dilexerat
1494 2965 1569 3020 de
1601 2965 1778 3021 corde
1808 2965 1993 3020 bono.

555 3056 828 3110 Castrum
859 3053 1195 3127 Crispiacus
1234 3054 1464 3110 dictum
1519 3070 1556 3110 a
1604 3053 1850 3108 Weltero
1909 3053 2138 3125 potenti
2175 3042 2214 3060 υ

474 3141 753 3197 nobiliter
805 3147 1215 3198 constructum
1274 3142 1651 3198 Suessionico
1699 3142 1760 3197 in
1823 3142 2138 3212 territorio,

472 3230 791 3287 Abbatiam
851 3232 1041 3302 sancti
1098 3231 1327 3287 Arnulti
1393 3248 1429 3287 a
1490 3248 1553 3287 se
1629 3231 1851 3287 factam
1921 3229 2139 3285 nobilis

473 3321 740 3376 nobilem
788 3325 846 3376 et
890 3337 996 3393 per
1051 3321 1272 3376 saecula
1319 3321 1576 3376 reddidit
1601 3320 1905 3375 illustrem.
1931 3323 2140 3376 Nostra

474 3410 634 3464 enim
660 3413 830 3465 (etate
877 3409 956 3464 ibi
1011 3410 1295 3465 abbatem
1351 3410 1706 3481 quemdam,
1767 3408 2139 3464 Lezcelinum

474 3497 739 3566 nomine,
773 3497 1094 3563 constituit,
1118 3497 1264 3552 boni
1289 3498 1613 3553 testimonii
1637 3498 1854 3564 virum,
1905 3499 2137 3570 profes-

476 3585 641 3640 sione
665 3585 957 3655 regularis
987 3587 1121 3641 vitae
1146 3587 1537 3656 monachum,
1556 3586 1881 3658 quotannis
1898 3588 2139 3642 venien-

475 3679 596 3730 tem
625 3674 704 3729 ad
747 3675 910 3729 hunc
944 3675 1044 3730 Dei
1068 3675 1286 3730 virum.
1339 3675 1783 3748 Suscipiebatur
1825 3675 1903 3731 ab
1957 3693 2028 3732 eo
2077 3680 2141 3731 ut

474 3763 578 3819 Dei
607 3778 833 3827 servus,
863 3768 920 3818 et
950 3763 1318 3834 colloquium
1345 3763 1636 3819 habentes
1667 3764 1740 3819 de
1773 3765 2136 3836 coelestibus,

475 3856 617 3924 post
644 3851 705 3906 in
738 3851 1050 3908 redeundo
1081 3851 1493 3907 honorabatur
1520 3852 1599 3908 ab
1657 3869 1727 3908 eo
1770 3853 2138 3909 honorabili-

472 3941 591 3997 bus
623 3941 976 3996 muneribus
1006 3957 1193 4014 quam
1225 3941 1554 4014 splendide,
1585 3958 1720 4015 qua:
1745 3947 1914 3999 erant
1929 3943 2140 4013 juncta

475 4031 814 4086 eaalestibus
835 4031 1109 4103 perfectae
1135 4031 1438 4088 charitatis
1472 4031 1702 4088 virtute.
1732 4032 2008 4098 Quodam
2031 4047 2138 4088 au-

475 4123 595 4176 tem
628 4124 895 4192 tempore
917 4125 1136 4176 sanctas
1161 4121 1630 4192 Quadragesinte
1652 4122 1920 4178 Pisciaco
1943 4122 2021 4177 ad
2047 4137 2138 4177 re-

476 4223 614 4278 gem
643 4207 719 4262 de
747 4225 913 4264 more
943 4225 1301 4282 properans,
1335 4210 1695 4283 temporales
1727 4210 1906 4266 simul
1932 4217 1991 4266 et
2019 4212 2136 4282 spi-

474 4295 677 4352 ritales
708 4303 1099 4369 sumpserunt
1124 4299 1308 4354 cibos.
1343 4300 1517 4354 Avita
1557 4316 1618 4354 se
1675 4300 1939 4371 posthaec
1994 4315 2136 4354 con-

2174 3007 2212 3060 C

469 4386 795 4456 jungentes
819 4357 1106 4454 bonitate,
1137 4387 1308 4442 oﬂ‘ert
1337 4388 1460 4457 regi
1491 4357 1838 4443 charitatem
1881 4387 1980 4442 Dei
2028 4387 2134 4443 ab-
2164 4357 2210 4411 Β

474 4474 586 4531 bas
610 4474 832 4544 bonus,
865 4491 976 4548 pro
1005 4476 1366 4532 relevatione
1397 4476 1663 4550 corporis
1690 4477 1821 4547 ejus
1871 4477 2134 4534 humilli-

475 4564 581 4635 mi,
637 4568 702 4618 ut
755 4564 1004 4620 haberet
1043 4565 1320 4620 levamen
1350 4565 1644 4631 ciborum,
1702 4565 1804 4637 qui
1856 4566 2135 4637 precibus

475 4652 728 4726 pulsans
749 4654 900 4709 ostia
930 4653 1219 4709 caelorum
1248 4651 1415 4709 ﬁeret
1462 4670 1713 4709 conscrs
1765 4659 2131 4711 sanctorum.

478 4742 600 4797 Hoc
657 4757 917 4798 renuens
971 4743 1058 4796 vir
1080 4742 1316 4813 pietatis
1346 4748 1403 4798 et
1443 4742 1802 4798 incumbens
1863 4760 1926 4800 se
1970 4745 2137 4800 terris

476 4831 842 4887 omnimodis
871 4831 1174 4886 orabatne
1203 4831 1261 4885 vi
1287 4847 1425 4887 eum
1444 4832 1828 4904 opprimeret,
1857 4834 2002 4905 quia
2055 4839 2138 4889 ta-

473 4920 635 4975 libus
669 4919 956 4974 obediens
987 4919 1221 4975 nullum
1261 4920 1463 4976 adhuc
1513 4924 1630 4977 Deo
1685 4922 1896 4992 jejunii
1930 4929 2136 4979 votum

476 5009 810 5065 obtulisset.
845 5009 1019 5064 Abba
1046 5008 1160 5065 hoc
1188 5009 1439 5066 audiens
1460 5010 1878 5066 taciturnitatis
1897 5012 2138 5068 vincula

479 5099 759 5168 suscepit,
789 5101 847 5152 et
872 5096 1173 5152 meditans
1199 5097 1378 5153 corde
1403 5097 1571 5170 quod
1624 5103 1782 5155 esset
1839 5100 2136 5171 perfectus

477 5185 713 5250 virtute,
738 5201 848 5257 pro
871 5185 1083 5256 jejunii
1105 5186 1237 5256 ejus
1264 5185 1983 5260 observatione,suscepit
1997 5205 2136 5244 eum

477 5274 539 5326 in
568 5272 991 5330 multimodam
1021 5279 1078 5330 et
1107 5291 1231 5330 non
1261 5291 1651 5332 numerosam
1685 5278 2006 5334 missarum
2042 5294 2136 5334 ce-

477 5359 894 5431 lebrationem,
925 5368 991 5418 ut
1019 5363 1364 5420 attribueret
1395 5365 1447 5420 ei
1476 5368 1631 5420 Deus
1654 5366 1716 5421 in
1767 5366 1860 5420 his
1898 5365 2140 5422 ﬁrmam

477 5449 877 5506 devotionem.
914 5451 1009 5506 His
1039 5451 1208 5507 laetus
1235 5469 1338 5508 rex
1367 5453 1541 5509 donis
1563 5470 1598 5510 a
1625 5460 1834 5510 sancto
1851 5455 1981 5508 viro
2011 5471 2139 5526 per-

477 5541 682 5612 ceptis.
718 5541 839 5594 Deo
870 5540 1091 5609 gratias
1119 5541 1238 5611 egit
1266 5547 1324 5599 et
1352 5548 1628 5600 sanctum
1659 5542 1976 5598 celebravit
1999 5560 2140 5600 con-

476 5629 644 5684 tinuo
665 5628 986 5700 jejunium,
1009 5636 1364 5702 exspectans
1412 5633 1515 5688 Dei
1559 5638 1617 5689 et
1663 5630 1901 5688 Domini
1951 5634 2141 5690 nostri

2246 1813 2302 1863 et
2331 1808 2604 1881 experior
2633 1809 2778 1880 quid
2812 1809 3076 1864 utilitatis
3110 1810 3256 1864 mihi
3284 1810 3384 1864 illa
3417 1809 3630 1865 fuerit.
3701 1815 3775 1866 In
3831 1810 3935 1866 illa.

2246 1902 2310 1951 ut
2337 1913 2486 1952 mete
2517 1901 2609 1952 est
2643 1897 3093 1963 recordationis,
3145 1897 3229 1952 nil
3281 1897 3542 1970 accipio,
3601 1897 3707 1952 nil
3768 1899 3941 1953 sentio

2245 2003 2432 2058 quam
2462 1992 2524 2040 ut
2553 1985 2751 2041 bonus
2781 1986 2938 2041 ﬁlius
2971 1987 3043 2041 de
3086 1991 3255 2058 patre
3311 1986 3503 2052 bono,
3565 1987 3831 2042 amicus
3885 1989 3943 2041 de

2245 2076 2462 2143 amico,
2492 2074 2740 2131 dilectus
2768 2075 2843 2130 de
2865 2075 3096 2130 dilecto.
3126 2075 3429 2130 Erubesce
3483 2080 3720 2132 tamen
3783 2076 3943 2131 valde

2243 2163 2306 2217 in
2336 2163 2518 2233 hujus
2543 2162 2914 2218 admirabilis
2939 2162 3045 2217 viri
3076 2177 3330 2234 operum
3358 2163 3694 2219 bonorum
3740 2180 3942 2220 narra-

2245 2251 2426 2320 tione,
2459 2267 2595 2306 cum
2627 2250 2689 2306 in
2717 2267 2789 2306 eo
2822 2267 3058 2325 semper
3083 2250 3397 2306 ﬂoruerint
3425 2268 3570 2324 quae
3630 2257 3793 2308 sunt
3839 2255 3944 2308 ﬁxa

2245 2339 2498 2395 summis
2552 2339 2862 2407 caelorum,
2921 2356 3031 2413 pro
3086 2340 3416 2396 lucratione
3465 2343 3852 2398 animarum
3899 2351 3942 2397 et

2247 2446 2589 2502 corporum.
2649 2429 3006 2501 Quempiam
3062 2429 3274 2484 videns
3327 2430 3656 2486 desudare
3735 2434 3803 2488 in
3859 2434 3941 2488 Dei

2245 2534 2447 2590 opere,
2478 2518 2637 2573 hunc
2670 2518 3100 2574 exhortabatur
3136 2535 3306 2585 voce,
3338 2519 3640 2576 clanculo
3676 2522 3943 2578 allevans

2244 2623 2516 2675 munere,
2551 2607 2724 2677 cujus
2763 2612 2891 2662 erat
2939 2608 3163 2663 donum
3229 2609 3548 2680 promissis
3615 2611 3943 2685 pauperri-

2245 2713 2437 2764 mum,
2493 2697 2635 2751 dato
2689 2697 3153 2768 permaximum.
3215 2701 3276 2752 In
3335 2698 3534 2753 fundo
3573 2702 3943 2756 monasterii

2247 2786 2641 2841 Floz‘iacensis
2674 2785 2790 2842 loci
2846 2791 3095 2859 paterna
3143 2787 3447 2843 imitabilis
3506 2788 3774 2846 abbaﬁs
3836 2791 3945 2846 mei

2247 2875 2511 2931 Gauzlini
2533 2875 2812 2944 jussione
2844 2875 3158 2931 ecclesiam
3187 2877 3342 2949 ccepi
3368 2877 3721 2944 aedificare,
3755 2880 3947 2935 modi-

2247 2980 2382 3019 cam
2405 2963 2673 3036 quidem,
2698 2963 2803 3019 sed
2836 2964 3104 3019 festivam
3135 2983 3147 3030 ;
3204 2964 3282 3019 ad
3312 2980 3508 3036 quam
3569 2967 3944 3021 occurrebat

2245 3051 2509 3125 populus
2549 3067 2755 3106 amore
2785 3067 3042 3123 quorum
3083 3057 3210 3107 erat
3266 3053 3574 3108 sacranda
3629 3055 3944 3125 condigna

2245 3140 2683 3196 benedictione.
2723 3141 2878 3196 Licet
2897 3146 3053 3196 esset
3095 3141 3467 3213 imperfecta,
3529 3145 3842 3215 quamvis
3887 3145 3944 3198 li-

2247 3246 2423 3300 gnea,
2459 3235 2657 3285 tamen
2688 3230 2990 3301 promovit
3012 3247 3073 3285 se
3095 3247 3198 3285 rex
3228 3231 3318 3286 vir
3371 3230 3725 3287 cmlestium
3780 3234 3940 3288 desi-

2247 3319 2552 3375 deriorum
2583 3337 2619 3376 a
2643 3321 2895 3376 Vitriaco
2923 3326 3138 3389 castro,
3180 3321 3540 3376 desiderans
3597 3338 3741 3378 eam
3780 3325 3938 3378 vide-

2245 3423 2309 3463 re
2339 3413 2585 3482 aspectu
2616 3409 3014 3465 sanctissimo.
3052 3413 3260 3465 Fuerat
3294 3411 3427 3479 jam
3474 3411 3668 3480 jussu
3722 3412 3935 3468 domui

2247 3503 2305 3552 et
2328 3498 2608 3554 amabilis
2631 3498 2887 3556 Odolrici
2937 3499 3232 3571 pontificis
3265 3516 3300 3555 a
3327 3501 3675 3557 venerabili
3723 3505 3933 3557 Bituri-

2247 3587 2516 3642 censium
2549 3587 3000 3661 archiepiscopo
3033 3587 3312 3644 Gauzlino
3341 3587 3702 3658 benedicta,
3751 3591 3934 3646 dante

2247 3690 2319 3730 eo
2341 3675 2402 3729 in
2435 3675 2682 3730 circuitu
2705 3675 3049 3747 plenissime
3077 3681 3295 3731 terram
3323 3676 3441 3748 ipsi
3475 3677 3754 3733 ecclesiae
3804 3695 3932 3752 pen

2247 3764 2473 3820 utilem.
2507 3769 2738 3819 lntrans
2769 3765 2827 3820 in
2859 3781 2930 3820 ea
2959 3781 3062 3820 rex
3089 3771 3144 3821 et
3163 3781 3348 3821 orans
3372 3766 3640 3838 pallium
3673 3774 3931 3841 quatuor

2245 3852 2538 3908 librarum
2566 3870 2746 3926 super
2771 3854 2953 3909 altare
2974 3855 3174 3927 posuit
3205 3874 3217 3922 ;
3272 3855 3442 3928 quod
3501 3859 3658 3928 quia
3715 3859 3776 3913 in
3821 3859 3928 3914 ho-

2246 3957 2393 3998 nore
2451 3948 2790 4000 sanctorum:
2853 3945 3138 4017 Dionysii,
3198 3946 3420 4002 Rustici
3467 3953 3528 4003 et
3590 3948 3929 4007 Eleutherii.

2247 4037 2666 4088 consecratum
2723 4033 2850 4101 fuit,
2909 4034 3120 4106 procul
3163 4034 3351 4090 dubio
3407 4036 3544 4106 ejus
3629 4039 3802 4094 cordi
3855 4040 3936 4093 ita

2247 4120 2465 4177 insedit
2494 4125 2558 4176 ut
2589 4122 2713 4177 suis
2770 4123 2882 4194 piis
2931 4123 3357 4197 aspicientibus
3413 4125 3636 4194 oculis,
3685 4131 3828 4201 post
3860 4127 3937 4182 ad

2247 4225 2388 4266 eum
2417 4209 2680 4266 Parisius
2707 4227 2803 4266 me
2847 4212 3137 4280 veniente,
3199 4211 3273 4267 de
3323 4214 3594 4286 reliquiis
3651 4217 3938 4289 ipsorum

2249 4305 2604 4371 martyrum,
2639 4299 2781 4355 almi
2808 4300 3028 4356 scilicet
3059 4302 3345 4373 Dionysii,
3376 4302 3594 4357 Rustici
3645 4309 3714 4358 et
3769 4306 3944 4362 Eleu-

2249 4388 2467 4448 thertii,
2499 4387 2810 4460 splendide
2842 4395 3178 4458 exornaret,
3212 4390 3762 4447 intercessionibus
3786 4395 3938 4450 dita-

2247 4482 2354 4533 ret.
2384 4478 2765 4533 Protectionis
2791 4495 2999 4535 corum
3024 4480 3186 4536 dona
3210 4481 3340 4536 hth
3380 4485 3558 4535 sunt:
3595 4483 3695 4537 De
3731 4486 3939 4540 casula

2245 4567 2438 4623 sancti
2469 4566 2752 4639 Dionysii,
2795 4567 3121 4624 dalmatica
3149 4569 3344 4625 sancti
3403 4571 3664 4638 Rustici,
3730 4574 3936 4628 casula

2246 4656 2436 4712 sancti
2474 4655 2802 4726 Eleutherii,
2825 4657 2900 4712 de
2933 4657 3300 4713 vestimentis
3347 4675 3565 4714 eorum
3637 4663 3935 4732 sanguine

2245 4745 2532 4818 aspersis,
2583 4745 2658 4800 de
2701 4747 2975 4802 carnium
3035 4763 3246 4802 eorum
3304 4749 3560 4821 pulvere
3650 4758 3712 4807 et
3780 4753 3935 4807 funi-

2245 4835 2381 4890 culo
2404 4833 2635 4907 triplici,
2663 4851 2784 4906 quo
2835 4834 2946 4891 fuit
2977 4836 3252 4892 astrictus
3308 4839 3648 4910 Dionysius
3707 4847 3935 4912 martyr

2247 4923 2482 4979 Domini
2509 4927 2826 4996 pretiosus.
2861 4924 2957 4979 His
2987 4929 3044 4980 et
3083 4924 3212 4980 aliis
3239 4931 3606 4984 sanctorum
3669 4931 3932 5002 pignori-

2245 5013 2360 5068 bus
2399 5029 2435 5068 a
2481 5028 2619 5083 rege
2647 5019 2889 5069 amante
2937 5018 3122 5070 Deum
3171 5015 3453 5072 nobiliter
3483 5017 3818 5088 insignitus
3849 5025 3937 5074 est

2245 5103 2433 5159 locus.
2471 5106 2769 5176 Susceptis
2802 5109 2940 5160 sunt
2969 5110 3170 5160 autem
3205 5106 3354 5178 ipsae
3412 5115 3781 5166 sanctorum
3837 5127 3932 5164 su-

2246 5207 2359 5264 pra
2386 5193 2683 5248 dictorum
2730 5193 3170 5265 pretiosissimae
3226 5194 3502 5267 reliquiae
3555 5198 3624 5252 in
3669 5200 3934 5254 Floriaco

2246 5281 2681 5337 monasterioa
2719 5281 2948 5337 domno
2997 5283 3281 5338 Gauzlino
3342 5285 3599 5354 abbate,
3665 5288 3728 5343 in
3780 5288 3936 5343 dan-

2247 5369 2326 5424 do
2357 5375 2413 5425 et
2453 5369 2802 5442 accipiendo
2860 5371 3001 5426 satis
3050 5371 3389 5427 honorabili
3435 5374 3598 5443 viro,
3653 5375 3756 5432 die
3818 5378 3940 5431 Ka-

2245 5458 2562 5515 lendarum
2590 5459 2954 5527 Octobrium,
2977 5477 3100 5532 quo
3125 5460 3376 5517 celebris
3402 5467 3615 5534 agitur
3647 5467 3710 5521 in
3746 5468 3945 5522 omni-

2248 5547 2361 5603 bus
2403 5549 2638 5604 saeculis
2677 5553 3024 5604 sanctorum
3076 5551 3376 5622 Germani,
3431 5555 3702 5627 Remigii
3753 5562 3943 5629 atque

2247 5637 2485 5693 Vedasti
2534 5638 2880 5694 solemnitas
2959 5639 3393 5696 confessorum.
3480 5643 3646 5700 Sane
3715 5661 3946 5717 pecca-
