3984 6180
74 168 197 223 929

1691 163 1884 221 νιΤΑ.

3394 184 3503 239 930

73 290 163 346 tis
187 287 572 345 existentibus
619 289 750 362 ipsa
780 291 1025 346 ecclesia
1071 295 1207 362 post
1233 290 1474 362 ignibus
1503 290 1740 356 adusat,
1773 292 1821 346 Α
1850 289 2098 346 noribus
2125 293 2321 349 saeculi
2351 311 2491 352 eum
2521 297 2828 354 honoraris
2855 299 3118 355 attribuit
3140 301 3223 358 illi
3245 303 3503 362 honores

75 380 304 435 iterum
354 395 388 434 a
436 394 532 433 me
580 379 821 451 misero,
857 379 1220 436 auxiliatrice
1267 397 1454 437 manu
1511 378 1741 436 Domini

68 473 389 541 operante,
418 473 637 524 sanctse
665 469 854 524 Mariae
875 470 1083 525 matris
1107 469 1362 540 Domini,
1385 469 1567 526 Patris
1594 484 1741 541 quo-

64 573 201 630 que
228 556 524 612 Benedicti
553 562 608 614 et
632 557 984 613 eorumdem
1035 563 1381 615 sanctorum
1409 557 1744 630 adjuvanti-

61 645 198 701 bus
245 645 487 711 meritis,
531 662 665 719 quae
702 651 827 702 erat
877 647 1076 717 lignea
1129 648 1285 704 facta
1341 653 1430 704 est
1481 647 1740 720 lapidea,

55 749 270 806 quam
299 749 537 804 magnae
565 733 849 790 bonitatis
882 734 1183 804 gloriosus
1223 737 1542 810 episcopus
1569 734 1743 791 Odol-

56 823 241 879 ricus
288 839 417 890 sua,
461 839 583 879 non
621 823 884 890 alterius,
922 830 988 880 ut
1038 825 1226 897 prius,
1271 841 1459 882 manu
1491 824 1742 881 Domino

61 915 202 968 Deo
244 917 301 969 et
350 913 475 968 suis
528 914 748 969 sanctis
778 913 1040 970 dedicari
1069 919 1126 970 et
1175 915 1509 971 consecrari
1538 913 1736 970 voluit.

59 1003 242 1058 Fecit
268 1006 331 1058 ut
362 1002 614 1058 decebat
665 1003 842 1060 talem
873 1003 1087 1060 virum.
1121 1004 1352 1076 Quippe
1383 1004 1487 1077 qui
1519 1004 1602 1059 sic
1645 1020 1740 1059 me

55 1091 337 1165 protexit
361 1108 566 1148 amore
593 1093 759 1148 omni
787 1110 910 1166 quo
933 1093 1157 1149 advixit
1182 1098 1474 1166 tempore,
1493 1109 1742 1166 operan-

57 1187 128 1238 te
157 1182 262 1238 Dei
291 1181 526 1250 virtute,
547 1187 612 1238 ut
631 1183 693 1238 in
714 1183 806 1238 his
833 1199 1211 1256 quaecunque
1240 1183 1402 1254 volui
1423 1199 1740 1256 nunquam

53 1273 210 1342 ejus
237 1271 552 1328 habuerim
582 1272 760 1339 nolle,
795 1272 903 1328 sed
929 1289 1166 1346 semper
1203 1273 1368 1346 quod
1421 1279 1508 1329 est
1553 1274 1739 1330 hone-

55 1365 239 1416 stum
259 1366 316 1416 et
342 1361 498 1416 utile.
525 1362 938 1418 Hiereditatem
965 1369 1314 1419 sanctorum
1336 1362 1738 1433 sacerdotum,

50 1466 264 1522 quam
291 1466 527 1523 semper
555 1451 650 1507 hic
678 1452 957 1509 sacerdos
981 1451 1240 1525 inclytus
1260 1453 1488 1509 honore
1507 1453 1740 1525 pontiﬁ-

55 1545 247 1596 catus
297 1542 584 1613 consequi
639 1541 1042 1611 desiderabat,
1083 1543 1239 1600 hanc
1296 1560 1641 1616 quaesumus
1688 1544 1741 1599 ei

1851 394 1972 434 non
2002 380 2307 454 minimos,
2339 385 2648 444 abbatiam
2695 390 2749 445 S.
2779 388 3094 455 Benedicti,
3123 407 3258 462 qua:
3286 398 3376 449 est
3404 411 3501 452 ca-

1850 473 1958 540 put
1987 470 2162 526 totius
2192 473 2418 530 ordinis
2472 477 2788 533 monastici
2831 483 2887 533 et
2917 478 3332 552 episcopatum
3361 483 3506 539 Bitu-

1849 558 2139 616 ricensem
2170 565 2358 620 sancti
2387 568 2844 639 protomartyris
2876 568 3179 640 Stephani,
3211 570 3507 644 principa-

1849 653 1977 705 tum
2009 653 2258 708 tenentis
2287 655 2463 712 totius
2495 658 2848 731 Aquitaniae,
2876 659 2979 730 qui
3011 659 3120 715 fuit
3168 665 3225 716 et
3275 666 3366 718 est
3404 662 3509 719 ho-

1848 753 1962 794 nor
2011 745 2067 794 et
2113 740 2296 797 decus
2345 746 2621 802 Franciaz.
2673 751 2736 802 In
2773 747 2996 820 quibus
3051 765 3188 820 quae
3236 750 3508 821 peccavit

1849 845 1993 885 vera
2023 829 2279 888 charitas
2323 839 2378 890 et
2426 835 2828 909 eleemosyna,
2861 853 2996 910 quae
3019 837 3080 893 in
3120 854 3258 894 eum
3289 839 3506 896 ﬂorue-

1847 922 1988 974 runt
2031 919 2240 977 virtute
2286 939 2529 994 magna,
2584 932 2884 998 perpetuae
2940 927 3175 983 tradent
3217 927 3505 984 oblivioni

1847 1007 2078 1065 actione
2139 1010 2322 1067 felicis
2374 1012 2538 1078 boni,
2572 1014 2738 1086 quod
2786 1015 2998 1071 habuit
3051 1017 3504 1090 participatione

1847 1098 2067 1154 summi
2097 1098 2260 1156 boni.
2293 1101 2359 1156 In
2379 1101 2592 1157 diebus
2617 1102 2842 1176 quippe
2871 1105 3333 1176 Septuagesimee
3363 1107 3503 1162 resi-

1845 1187 1995 1243 dens
2019 1205 2122 1244 rex
2142 1189 2384 1246 illustris
2420 1192 2677 1247 Parisius
2711 1192 2943 1249 civitate
2974 1194 3133 1249 misit
3153 1194 3230 1250 ad
3250 1211 3390 1250 eum
3407 1195 3504 1251 ab-

1845 1277 1954 1332 bas
1986 1277 2226 1332 humilis
2256 1293 2328 1333 ex
2360 1295 2525 1335 more
2555 1296 2666 1351 pro
2696 1281 3080 1336 sacratissimi
3100 1281 3213 1336 loci
3235 1282 3502 1338 utilitate.

1849 1366 1958 1432 Qui
1985 1367 2150 1422 missi
2175 1373 2345 1423 erant
2363 1368 2457 1423 his
2487 1369 2747 1442 propriis
2770 1369 3231 1442 appellabantur
3250 1370 3506 1425 nomini-

1847 1454 1997 1511 bus:
2031 1455 2338 1512 Albericus
2383 1474 2540 1512 unus
2569 1458 2885 1514 sacerdotii
2935 1458 3124 1527 gloria
3167 1458 3504 1526 decoratus,

1847 1543 2135 1613 largiﬂute
2183 1544 2484 1601 charitatis
2516 1545 2640 1611 vir;
2691 1545 2784 1601 cui
2839 1546 3160 1616 adjunctus
3199 1546 3299 1602 Dei
3341 1546 3504 1602 dono

55 1629 337 1685 tribuere
367 1629 646 1699 dignetur
667 1631 931 1687 Pontifex
963 1649 1258 1700 summus,
1289 1635 1442 1690 Deus
1461 1639 1519 1690 et
1548 1633 1741 1689 Domi-
1774 1651 1815 1706 Β
1848 1637 1903 1688 et
1949 1632 2431 1688 excellentissimi
2470 1633 2656 1707 patris
2712 1633 2978 1689 Gauzlini
3027 1622 3297 1706 imperio,
3329 1635 3509 1692 frater

51 1734 193 1773 nus
224 1724 426 1776 noster
451 1720 627 1776 Jesus
659 1721 942 1777 Christus.
964 1723 1148 1794 Hujus
1175 1728 1424 1796 peccata
1453 1724 1737 1790 destruat,

50 1807 402 1864 collocetin
429 1809 790 1877 coelestibus,
815 1811 1031 1882 jungat
1059 1812 1350 1868 caelorum
1381 1813 1610 1869 civibus
1640 1816 1741 1869 Re-

47 1897 356 1970 demptor
381 1904 439 1954 et
464 1899 766 1971 Conditor,
792 1907 848 1957 et
877 1907 1222 1958 sanctarum
1254 1903 1595 1959 animarum
1626 1903 1737 1958 mi-

43 1985 344 2043 tissimus
388 1988 688 2046 liberator.
723 1994 1008 2046 lntrantes
1061 1992 1216 2046 hanc
1247 1991 1575 2064 ecclesiam,
1612 2008 1737 2064 prae

38 2075 271 2131 oculis
319 2077 545 2134 habent
585 2078 950 2151 subscriptos
997 2079 1335 2150 versiculos,
1379 2063 1736 2136 memoriam

41 2165 268 2220 sancti
299 2166 562 2238 Dionysii
593 2171 649 2222 et
676 2167 914 2223 factoris
943 2167 1056 2224 loci
1088 2169 1430 2236 retinentes,
1463 2186 1618 2242 quos
1645 2169 1736 2225 bi-

45 2252 158 2308 nis
210 2255 482 2326 partibus
539 2255 762 2311 divisos
816 2262 1152 2327 agnoscunt
1204 2257 1434 2327 altaria,
1474 2275 1734 2331 quorum

51 2346 216 2398 sunt
243 2343 470 2399 honore
499 2349 752 2400 sacrata.
786 2344 878 2400 Ad
918 2345 1219 2403 sinistram
1271 2352 1504 2420 partem
1534 2347 1736 2404 altaris

54 2429 265 2486 sancti
297 2431 560 2504 Dionysii
589 2432 649 2487 hi
677 2437 854 2488 sunt:

52 2538 202 2593 Ista
230 2538 546 2608 Dionysius
575 2546 958 2608 penetrantes
992 2541 1203 2597 limina
1231 2547 1494 2612 sanctus,

136 2627 396 2682 Auxilio
429 2634 635 2684 sancto
664 2630 955 2685 consociet
987 2631 1258 2685 Domino.

58 2716 258 2784 Quem
277 2717 612 2790 quicunque
627 2719 781 2788 petis
801 2720 1118 2774 Dominum
1141 2719 1386 2788 deposce
1409 2723 1734 2789 tonantem,

139 2811 454 2872 Quatenus
483 2807 868 2877 Helgaudum
895 2813 1088 2864 servet
1108 2823 1312 2863 amore
1334 2824 1529 2864 suum.

62 2896 270 2964 Cujus
300 2910 470 2950 amor
505 2896 746 2952 Christo
775 2898 860 2952 sic
879 2898 964 2952 sic
987 2897 1322 2953 venerabile
1346 2898 1629 2967 templum

141 2982 505 3039 Construxit
524 2987 774 3041 Domino
805 2991 985 3056 atque
1007 2987 1308 3056 Dionysio.

63 3093 222 3145 Item
249 3090 328 3146 ad
357 3090 664 3148 dexteram
691 3109 703 3146 :

63 3198 184 3252 Est
215 3197 424 3254 domus
457 3199 571 3254 ista
602 3200 721 3254 Deo
751 3199 877 3254 sine
901 3199 1023 3267 ﬁne
1049 3198 1251 3254 dicata
1279 3215 1558 3269 superno,

139 3288 456 3357 Helgaudi
476 3289 672 3344 studio
698 3289 1058 3359 consilioque
1080 3288 1234 3343 boni.

67 3378 238 3432 Hinc
263 3377 637 3445 paradisiaci
655 3379 946 3446 pulsatur
956 3380 1157 3447 janua
1188 3379 1401 3447 regni:

142 3467 311 3522 Hinc
334 3467 438 3536 pia
453 3467 624 3536 plebs
655 3469 902 3522 Domino
934 3466 1266 3536 conjubilat
1295 3483 1528 3536 supero.

69 3558 384 3612 latrantes
405 3559 640 3626 pariter
661 3556 934 3612 Christus
967 3564 1268 3613 conservet
1294 3559 1484 3614 Jesus.

71 3647 295 3716 Dicite,
323 3649 543 3716 cuncti,
567 3661 705 3702 voce
731 3645 901 3714 ﬁdeli
917 3661 1086 3702 omne
1105 3661 1218 3714 per
1243 3662 1434 3702 avum
1460 3665 1471 3701 :

74 3753 173 3807 Sic
206 3750 337 3806 ﬁat:
369 3758 573 3817 Amen,
604 3768 802 3819 amen,
837 3767 1035 3807 amen.

151 3860 344 3930 Hujus
397 3865 551 3916 certe
599 3859 985 3932 temporibus,
1024 3861 1196 3931 cujus
1249 3860 1568 3931 adjuvante
1623 3864 1738 3917 Deo

73 3951 237 4006 facta
269 3949 682 4015 describimus,
714 3949 875 4004 fulsit
901 3950 961 4004 in
993 3949 1356 4005 monasterio
1391 3949 1740 4006 Floriacensi

73 4039 212 4094 loco
263 4037 478 4093 celebri
536 4037 886 4110 splendibus
934 4037 1165 4093 mundo
1205 4037 1520 4092 Gauzlinus
1549 4037 1741 4094 abbas

75 4128 312 4194 merito,
369 4127 590 4182 sanctis
653 4127 774 4183 Deo
845 4127 1199 4197 conjunctus
1254 4126 1562 4198 operibus,
1618 4127 1743 4199 pol-

75 4216 208 4272 lens
262 4215 504 4270 scientia
557 4214 806 4287 spiritali
855 4213 1032 4270 simul
1081 4220 1138 4270 et
1182 4215 1471 4270 humana.
1510 4218 1740 4271 Inerant

75 4307 211 4377 ejus
265 4304 428 4360 cordi
480 4304 703 4360 Abonis
746 4304 1016 4375 magistri
1069 4304 1285 4377 prolati
1329 4309 1546 4360 sanctae
1594 4305 1739 4362 Scri-

77 4401 273 4468 pturaa
339 4394 514 4449 ﬂores
561 4394 725 4461 boni,
773 4394 848 4450 de
907 4395 1129 4467 quibus
1175 4394 1594 4450 honestissime
1631 4396 1737 4450 im-

74 4485 270 4540 butus
319 4483 397 4539 ita
445 4484 755 4540 eructabat
805 4483 1110 4550 omnibus,
1171 4489 1235 4540 ut
1289 4488 1532 4557 possent
1584 4484 1740 4540 dele-

77 4573 230 4630 ctari
290 4572 349 4627 in
405 4569 766 4630 caelestibus.
819 4577 882 4628 ln
939 4574 1160 4629 sanctis
1217 4573 1613 4645 eleemosynis
1659 4573 1740 4630 ita

76 4661 476 4732 largissimus,
537 4667 600 4718 ut
650 4663 779 4735 ipse
835 4662 1066 4736 positus
1130 4662 1190 4718 in
1258 4662 1590 4719 fortissimis
1647 4663 1742 4718 fri-

79 4751 332 4823 goribus
386 4768 422 4808 a
479 4769 540 4808 se
601 4757 795 4808 vestes
850 4753 1094 4824 pellium
1149 4752 1460 4822 abjiciens,
1519 4768 1743 4826 paupe-

79 4858 172 4898 res
213 4841 424 4897 Christi
453 4841 744 4909 indueret,
779 4846 842 4898 ut
875 4858 911 4897 a
955 4846 1400 4898 remuneratore
1437 4841 1740 4898 bonorum

81 4930 400 5003 praemium
430 4931 776 5004 perciperet,
807 4931 882 4987 de
919 4948 1042 5005 quo
1072 4932 1303 4988 audiret
1328 4950 1340 4987 :
1381 4933 1597 4988 Nudus
1618 4933 1738 5002 fui,

81 5028 131 5076 et
165 5035 270 5077 vos
299 5023 614 5090 operuistis
639 5038 747 5078 me.
777 5022 945 5089 Quod
967 5023 1078 5077 uni
1094 5038 1168 5078 ea:
1195 5023 1454 5079 minimis
1484 5024 1626 5079 meis
1651 5023 1740 5092 fe-

82 5113 266 5177 cistis,
296 5112 445 5167 mihi
463 5112 728 5180 fecistis:
769 5113 986 5177 Venite,
1029 5112 1322 5167 benedicti
1358 5114 1564 5169 Patris
1604 5113 1736 5182 mei,

78 5201 370 5270 percipite
432 5216 683 5270 regnum
743 5201 903 5272 quod
967 5200 1126 5256 vobis
1178 5207 1466 5268 paratum
1524 5207 1608 5257 est
1665 5202 1738 5257 ab

82 5289 317 5361 origine
371 5290 583 5346 mundi
626 5290 867 5362 (Matth.
918 5305 1056 5358 xxv,
1117 5289 1330 5358 34-38).
1381 5291 1545 5344 Hunc
1605 5304 1738 5361 per-

84 5378 270 5434 fectus
334 5395 439 5435 rex
504 5380 584 5436 ita
647 5381 770 5436 suis
837 5376 1026 5435 afﬁxit
1083 5377 1410 5447 obtutibus,
1474 5382 1540 5432 ut
1601 5394 1740 5434 cum

85 5485 205 5539 prae
237 5469 462 5525 caeteris
492 5469 744 5538 diligens
781 5469 908 5524 suis
939 5484 1078 5523 eum
1109 5466 1440 5540 specialiter
1468 5466 1741 5522 devince-

86 5564 168 5615 ret
195 5559 484 5628 consiliis,
517 5575 652 5631 qute
701 5558 779 5614 ab
836 5573 907 5614 eo
954 5557 1141 5629 probe
1195 5555 1468 5629 probata,
1503 5571 1741 5627 semper

84 5663 152 5707 ea
178 5649 397 5707 habuit
421 5649 693 5718 honesta,
710 5662 1028 5720 nunquam
1053 5650 1254 5706 tamen
1281 5645 1524 5719 injuste.
1538 5645 1604 5702 In
1626 5643 1736 5702 ho-

1847 1722 1922 1778 de
1961 1722 2204 1780 nomine
2243 1723 2436 1778 dictus
2486 1723 2846 1793 Helgaudus,
2877 1739 3059 1795 quem
3089 1724 3199 1779 iste
3228 1723 3506 1797 princeps

1851 1813 1951 1868 Dei
1979 1811 2194 1868 affectu
2245 1811 2532 1881 diligebat
2569 1817 2854 1886 paterno;
2905 1813 3142 1868 tertium
3173 1829 3380 1869 secum
3404 1814 3508 1869 ha-

1844 1902 2051 1958 bentes
2100 1903 2158 1958 in
2216 1902 2507 1975 obsequio
2549 1903 2928 1959 fraternitatis
2980 1902 3374 1968 laborantem,
3410 1903 3506 1957 Hi-

1845 1991 2212 2048 sembertum
2260 1990 2522 2060 nomine,
2556 1990 2943 2046 conversione
2986 1989 3240 2060 dignum
3279 1990 3503 2045 factum

1843 2081 2234 2137 monachum.
2263 2079 2392 2135 Dies
2420 2085 2620 2136 autem
2647 2084 2867 2134 sanctae
2900 2077 3386 2148 Quadragesima:
3418 2078 3502 2133 Pi-

1845 2172 2041 2227 sciaco
2072 2169 2500 2239 celebraturus,
2533 2169 2641 2225 iter
2663 2168 2952 2225 accelerat
2981 2168 3298 2224 nobiscum
3324 2168 3503 2240 profi-

1844 2259 2202 2316 ciscentibus
2249 2259 2380 2330 ejus
2433 2258 2745 2331 praeceptis
2793 2256 3222 2328 imperialibus,
3271 2255 3334 2310 in
3381 2271 3503 2328 quo

1845 2354 1970 2406 erat
1996 2348 2289 2404 rationem
2317 2347 2679 2413 redditurus,
2713 2346 2788 2401 de
2832 2345 3052 2417 quibus
3099 2361 3237 2400 eum
3269 2343 3504 2400 adiera-

1846 2455 2002 2494 mus.
2032 2439 2179 2492 Cum
2203 2453 2338 2492 ecce
2365 2436 2672 2491 venientes
2700 2435 2776 2490 ad
2804 2439 3045 2506 portum
3069 2435 3381 2506 Sequanae,
3399 2434 3504 2506 qui

1843 2526 2057 2581 dicitur
2099 2524 2515 2592 Carolivenna,
2558 2524 2672 2578 hoc
2718 2521 3172 2594 estIpiscaturia.
3213 2538 3348 2599 quae
3378 2525 3505 2578 erat

1843 2613 2188 2670 difﬁcultate
2218 2611 2678 2678 transmeabilis,
2706 2610 2978 2682 jussione
3009 2610 3060 2679 ej
3073 2626 3140 2664 us
3170 2615 3379 2665 sancta
3409 2625 3504 2665 so-

1842 2704 1882 2760 li
1937 2702 2281 2759 naviculam
2330 2701 2702 2768 intravimus,
2756 2700 2888 2773 ipso
2920 2698 3242 2776 aspiciente
3282 2702 3340 2754 et
3368 2714 3506 2754 con-

1845 2793 2140 2849 siderante
2191 2792 2327 2865 quis
2374 2790 2512 2846 finis
2563 2807 2685 2846 non
2739 2792 3088 2855 assumeret,
3119 2803 3274 2861 quos
3321 2786 3400 2843 ad
3441 2803 3504 2844 se

1842 2883 2044 2938 venire
2101 2881 2329 2937 alacres
2383 2886 2439 2937 et
2494 2879 2825 2936 incolumes
2878 2877 3280 2951 exspectabat.
3323 2876 3507 2933 Aﬂ'uit

1796 2971 2017 3057 :nobis
2087 2971 2322 3026 miseris
2398 2970 2579 3041 hujus
2662 2968 3081 3025 intercessione
3147 2966 3332 3037 regis,
3398 2965 3505 3038 qui

1844 3061 2144 3129 laudatur,
2191 3059 2563 3116 benedicitur
2612 3065 2667 3115 et
2723 3059 3007 3114 adoratur
3053 3057 3276 3130 ubique
3327 3060 3500 3113 Deus.

1848 3151 2272 3222 Navigantibus
2305 3150 2482 3205 nobis
2511 3153 2569 3204 et
2597 3165 2785 3221 equos
2814 3153 3050 3203 nostros
3071 3148 3243 3217 juxta
3272 3146 3506 3202 lintrem

1846 3241 2024 3297 frenis
2056 3240 2451 3307 trahentibus,
2495 3239 2739 3307 contigit
2777 3254 2964 3293 unum
3018 3235 3386 3308 sonipedem,
3421 3235 3507 3290 in-

1845 3329 2142 3385 domitum
2190 3333 2247 3384 et
2296 3344 2612 3400 nunquam
2665 3325 2804 3381 talia
2855 3325 2917 3380 id
2948 3329 3170 3390 actum,
3203 3323 3264 3378 in
3295 3322 3506 3378 mediis

1846 3418 2127 3474 ﬂuctibus
2178 3417 2332 3472 duos
2361 3432 2422 3471 1n
2454 3415 2589 3471 navi
2619 3414 2945 3471 anteriores
2978 3411 3249 3484 posuisse
3281 3410 3464 3483 pedes
3490 3428 3503 3478 ;

1848 3507 2020 3578 cujus
2064 3505 2194 3561 forti
2242 3504 2406 3560 rabie
2437 3504 2603 3560 navis
2634 3501 3097 3576 periclitabatur,
3128 3500 3368 3555 trahens
3396 3515 3507 3555 nos

1841 3598 1970 3668 jam
2023 3596 2082 3650 in
2137 3593 2526 3668 profundum.
2591 3592 2926 3648 lnclamans
2977 3606 3080 3646 rex
3123 3592 3260 3662 post
3319 3591 3505 3644 Deum

1847 3685 2207 3742 altissimum
2257 3700 2394 3738 cum
2427 3682 2552 3738 suis
2581 3687 2638 3737 et
2666 3681 2907 3736 virtutes
2935 3678 3245 3745 caelorum,
3275 3677 3380 3733 dat
3406 3693 3507 3733 vo-

1848 3791 1946 3830 ces
2008 3773 2337 3828 immensas
2391 3771 2468 3826 ad
2526 3769 2744 3826 caelum
2797 3774 3002 3824 nostro
3060 3783 3168 3838 pro
3220 3764 3504 3836 periculo.

1849 3861 2200 3918 Pronuntiat
2225 3861 2436 3927 grandi
2463 3875 2611 3915 voce
2643 3860 2810 3913 frena
2840 3856 3193 3925 relinquere,
3225 3857 3282 3907 et
3319 3868 3508 3922 equos

1846 3951 2025 4020 longe
2075 3966 2110 4005 a
2155 3948 2296 4004 navi
2336 3947 2541 4003 arceri.
2587 3946 2679 4000 Ad
2721 3945 2894 4013 cujus
2933 3939 3258 3996 amabilem
3297 3953 3506 3992 vocem

1847 4039 2059 4096 laxatis
2087 4037 2292 4105 frenis,
2327 4041 2391 4091 ut
2414 4037 2695 4106 jusserat,
2723 4037 2778 4087 et
2809 4030 2946 4102 equi
2974 4027 3231 4101 pedibus
3260 4025 3334 4080 de
3365 4024 3507 4080 navi

1850 4129 2072 4200 ejectis,
2105 4125 2398 4198 coepimus
2428 4123 2504 4179 ad
2535 4123 2696 4177 littus
2727 4119 2916 4175 evehi.
2945 4123 3074 4190 Ipse
3099 4131 3340 4189 quoque
3371 4130 3506 4171 san-

1852 4225 2013 4275 ctum
2047 4215 2394 4286 Dionysium
2431 4216 2829 4282 sanctumque
2860 4206 3243 4263 Benedictum
3290 4210 3346 4262 et
3375 4221 3504 4261 om-

1851 4325 1960 4364 nes
1996 4311 2233 4363 sanctos
2287 4304 2385 4360 Dei
2430 4303 2489 4358 in
2521 4300 2888 4372 adjutorium
2917 4302 3193 4354 nostrum
3224 4311 3508 4369 provoca-

1850 4399 1974 4468 bat,
2004 4395 2287 4469 lacrymis
2312 4393 2591 4466 perfusus
2621 4391 2828 4447 oculis.
2864 4389 3046 4460 Cujus
3073 4403 3312 4461 precem
3342 4385 3508 4443 audi-

1850 4488 1933 4543 vit
1959 4487 2008 4542 is
2036 4485 2140 4558 qui
2180 4489 2269 4540 est
2313 4483 2373 4539 in
2413 4480 2632 4538 saecula
2673 4478 3024 4536 benedictus
3056 4480 3228 4532 Deus.
3265 4479 3505 4532 Factum

1849 4580 1937 4632 est
1965 4579 2031 4630 ut
2058 4573 2261 4639 voluit,
2294 4576 2352 4627 et
2380 4570 2636 4627 deducta
2683 4568 2819 4624 navi
2863 4565 2942 4621 ad
2971 4570 3210 4628 terram,
3245 4560 3508 4630 suscepit

1848 4681 1960 4721 nos
1992 4679 2098 4737 per
2129 4663 2224 4718 Dei
2254 4661 2506 4732 gratiam
2537 4658 2891 4725 incolumes,
2921 4655 3025 4728 qui
3056 4667 3298 4709 eramus
3328 4647 3507 4737 simul

1849 4736 2088 4810 cumieo
2120 4749 2455 4807 mirabilem
2507 4752 2692 4804 Deum
2721 4744 3056 4801 laudantes.
3091 4743 3173 4795 Ex
3195 4754 3319 4810 quo
3349 4736 3507 4792 facta

1848 4841 2060 4898 habuit
2079 4857 2189 4897 nos
2220 4843 2370 4896 Deus
2391 4836 2773 4908 omnipotens
2813 4830 2978 4888 omni
3003 4834 3267 4900 tempore
3292 4824 3504 4880 lauda-

1849 4935 2026 4988 tores.
2058 4929 2382 4986 Mansimus
2415 4931 2618 4981 autem
2657 4939 2796 4978 cum
2849 4921 2978 4992 ipso
3031 4915 3132 4972 Dei
3159 4914 3288 4968 viro
3316 4912 3414 4967 illo
3443 4911 3506 4966 in

1847 5021 1982 5078 loco
2009 5019 2224 5084 triduo,
2255 5014 2528 5072 delectati
2561 5011 2722 5068 dulci
2751 5011 2880 5080 ejus
2919 5003 3240 5076 colloquio,
3273 5000 3424 5056 sicut
3450 5003 3507 5055 et

1849 5113 2094 5183 aspectu
2109 5103 2402 5178 jucundo.
2437 5101 2640 5171 Cujus,
2661 5111 3033 5170 quaesumus,
3049 5087 3506 5183 sanctissimam

1849 5178 2116 5256 animam
2170 5209 2278 5249 suo
2327 5191 2574 5247 collocet
2619 5188 2682 5244 in
2717 5201 2926 5256 regno,
2957 5181 3062 5256 qui
3092 5196 3227 5237 eam
3258 5178 3509 5235 redemit

1849 5285 2140 5357 sanguine
2172 5281 2432 5356 pretioso
2457 5281 2469 5335 ι

1920 5376 2128 5432 Adhuc
2158 5372 2218 5427 in
2248 5369 2463 5440 majori
2493 5383 2680 5441 quam
2699 5362 2950 5434 ingrcssi
2976 5377 3186 5417 sumus
3215 5359 3348 5416 loco
3377 5357 3506 5431 pla-

1849 5470 1940 5522 cet
1968 5477 2189 5537 ponere
2222 5459 2463 5532 pedem,
2495 5456 2574 5513 ad
2603 5456 2732 5526 ejus
2779 5452 3108 5524 gloriosum
3161 5449 3507 5537 festinantes

1849 5533 2164 5610 transitum
2187 5550 2247 5606 in
2275 5545 2692 5614 describendo,
2707 5559 2888 5617 quem
2910 5539 3192 5599 laudibus
3206 5533 3512 5593 veracissi-

1848 5643 1964 5700 mis
1988 5647 2047 5700 et
2073 5657 2197 5700 non
2219 5637 2406 5710 falsis,
2429 5635 2649 5712 apertis
2677 5637 2735 5692 et
2761 5648 2886 5693 non
2911 5630 3085 5700 ﬁctis,
3116 5625 3371 5684 Domino
3396 5639 3509 5682 no-
