3994 6166
491 307 620 364 ωηο
645 300 1008 359 audebimus
1034 298 1485 365 commendare,
1512 296 1709 355 sancti
1735 295 1986 369 Spiritus
2030 294 2148 350 vim
2179 294 2229 348 Α

494 397 618 451 tute
650 396 719 448 ut
739 393 1043 447 mereatur
1066 388 1321 446 evadere
1346 387 1508 445 diem
1554 386 1796 443 ultionis
1850 389 2151 449 extremae,

492 479 813 550 insignitus
844 476 1158 548 signaculo
1212 475 1506 533 Trinitatis
1562 478 1800 532 sanctae.
1838 473 1956 530 Sed
2010 472 2155 544 quia

492 569 696 627 adhuc
713 568 997 642 qumdam
1021 567 1096 622 de
1127 567 1257 638 ejus
1280 566 1434 624 mira
1458 564 1827 639 operatione,
1849 580 1984 637 quae
2013 567 2153 617 sunt

496 674 652 717 verae
670 657 993 716 humilitati
1050 657 1298 726 sociata,
1349 672 1462 713 nos
1508 654 1858 727 scripsimus
1906 658 1964 709 et
2017 667 2154 724 quae

490 746 699 805 multis
725 750 985 822 prosunt
1012 749 1070 801 et
1093 745 1424 818 proderunt
1450 744 1529 801 ad
1556 743 1832 810 salutem,
1864 746 2045 797 restat
2068 744 2151 807 ut,

495 835 590 896 his
608 834 1023 900 manifestans,
1054 850 1180 892 non
1201 838 1400 893 teneat
1426 849 1541 891 nos
1573 833 1797 890 otiosos
1837 832 1967 902 ejus
2010 844 2153 885 san-

494 924 797 983 ctissimus
824 923 1045 992 obitus,
1072 922 1177 995 qui
1205 922 1369 979 dono
1417 922 1516 980 Dei
1565 921 1784 978 exstitit
1834 916 2155 976 laudabilis

494 1018 558 1073 et
583 1013 899 1083 gloriosus.
929 1012 1167 1069 [labens
1209 1011 1576 1068 desiderium
1634 1011 1787 1068 mori
1842 1008 2060 1067 saeculo
2097 1011 2158 1063 et

498 1103 696 1160 vivere
716 1102 951 1159 Christo
980 1103 1120 1167 Deo,
1166 1102 1287 1156 Rex
1342 1099 1797 1159 strenuissimus
1854 1115 2016 1165 eum,
2058 1095 2156 1153 cui

496 1195 588 1249 est
610 1206 795 1249 omne
824 1188 991 1263 quod
1022 1193 1193 1246 estet
1220 1189 1319 1245 cui
1348 1189 1729 1247 attribuimus
1758 1204 1940 1245 omne
1991 1184 2159 1259 quod

492 1278 1192 1345 scribimus,desideraus
1206 1277 1624 1348 viders,voluit
1641 1278 1810 1334 terris
1830 1276 2053 1334 habere
2065 1291 2157 1330 so-

496 1367 658 1424 cium
678 1383 862 1440 quem
884 1383 1007 1423 non
1027 1370 1226 1440 potest
1240 1382 1454 1440 capere
1472 1366 1713 1423 coelum.
1738 1365 2158 1422 Proﬁciscente

496 1470 569 1511 eo
593 1455 866 1528 quadam
893 1454 1369 1524 Quadragesima
1398 1454 1478 1513 ad
1507 1461 1768 1526 sanctos,
1802 1454 1903 1511 Dei
1920 1453 2158 1511 servitio

496 1543 615 1600 sibi
643 1543 1782 1615 conjunctos,adit,orat,honorat.aures
1806 1559 2017 1599 eorum
2028 1557 2159 1615 pre—

1700 168 1999 228 ROBERTI
2036 129 2242 223 assis
2276 162 2717 226 FRANCORUM

2338 296 2401 348 in
2431 293 2929 353 mdiﬁcationibus
2947 311 3088 352 vero
3106 296 3510 352 ecclesiarum
3528 294 3641 351 Dei
3676 294 3793 351 hic
3826 300 3952 352 tem
3982 328 3983 359 ς

2260 382 2454 455 porali
2485 383 2663 440 simul
2688 390 2745 442 et
2772 384 3017 459 spiritali
3038 385 3169 441 oleo
3198 385 3495 443 inunctus
3524 401 3664 451 rex,
3736 392 3950 441 sancta

2261 469 2694 528 benedictionis
2722 473 2886 530 dono
2916 490 3089 530 suam
3142 474 3489 547 potentiam
3550 478 3614 529 et
3686 473 3983 537 volunt}!

2262 562 2384 615 tem
2415 560 2744 635 adimplere
2768 562 3113 619 desiderans
3133 563 3288 620 etad
3318 567 3573 619 aeterna:
3623 562 3952 619 beatitudi—

2261 649 2357 704 nis
2385 650 2657 721 palmam
2704 653 3192 726 consequendam
3237 652 3572 721 anhelans,
3627 653 3811 707 inter
3858 654 3952 708 alia

2262 738 2524 808 cogitare
2558 742 2741 815 capit
2764 746 2985 815 etpost
3012 743 3272 814 cogitata
3329 743 3412 798 ad
3469 742 3792 798 eﬂ’ecmm
3848 758 3956 814 per-

2258 828 2504 900 ducere,
2537 831 2725 887 sancti
2746 832 2870 900 Dei,
2901 833 3072 904 cujus
3089 832 3500 897 sublimitatis,
3536 832 3743 903 cujus
3780 834 3951 888 meri:

2262 933 2461 990 quave
2489 924 2688 977 essent
2715 922 3053 978 honorandi
3096 927 3183 1004 et.
3199 921 3538 978 extollendi
3600 920 3834 985 laude,
3899 923 3950 977 ἀι

2258 1009 2487 1079 quibus
2514 1010 2680 1067 nulla
2704 1012 2761 1069 ei
2781 1012 3012 1069 cunctis
3048 1012 3425 1085 temporibus
3456 1011 3791 1084 loquendi
3855 1012 3951 1067 lau-

2263 1096 2528 1155 dandive
2548 1100 2658 1157 fuit
2678 1101 2944 1158 satietas.
2976 1102 3295 1158 Enimvero
3352 1101 3714 1173 apparebit
3768 1100 3833 1156 in
3886 1103 3951 1155 hi-

2262 1203 2402 1260 qua:
2422 1189 2628 1245 subter
2642 1196 2788 1246 sunt
2815 1190 3079 1259 adnexa,
3116 1190 3424 1264 descripta
3449 1196 3512 1247 et
3524 1191 3949 1263 superioribus

2260 1278 2489 1349 juncta,
2518 1280 2667 1353 quia
2695 1282 2902 1338 omnia
2929 1297 3166 1354 semper
3185 1281 3433 1337 fuerunt
3480 1281 3546 1336 ei
3610 1296 3822 1349 curse,
3875 1288 3953 1335 sci»

2262 1365 2402 1423 licet
2427 1384 2567 1441 quin
2600 1373 2738 1424 sunt
2763 1369 3004 1441 pudica,
3030 1385 3166 1442 quas
3191 1367 3382 1425 habet
3414 1368 3597 1438 virgo
3632 1384 3796 1424 vero
3854 1385 3951 1423 ma-

2267 1458 2354 1511 ter
2400 1457 2664 1514 Ecclesia
2707 1464 2935 1515 sancta.
2991 1462 3266 1515 Attamen
3324 1473 3678 1530 nunquam
3726 1457 3847 1513 fuit
3894 1459 3953 1513 illi

2266 1546 2423 1599 Deus
2447 1545 2796 1604 obliviosus.
2830 1551 2896 1604 In
2923 1547 3055 1620 ipsa
3082 1552 3289 1604 autem
3321 1546 3573 1603 civitate
3615 1547 3954 1603 Aureliani:

496 1633 667 1690 cibus
683 1632 1033 1690 humillimis
1046 1637 1106 1689 et
1118 1633 1484 1690 salutaribus
1506 1633 1708 1708 pulsat
1732 1637 1797 1689 ut
1827 1649 1968 1689 cum
2012 1631 2158 1704 ipsis
2189 1652 2234 1708 ι
2267 1634 2584 1693 aediﬁcavit
2607 1637 3044 1695 monasterium
3072 1638 3132 1693 in
3160 1637 3397 1694 honore
3416 1636 3588 1692 santi
3618 1637 3882 1700 Aniani,
3908 1654 3953 1691 ιτ

494 1727 555 1783 et
570 1722 795 1779 sanctis
822 1720 1108 1778 omnibus
1128 1721 1383 1778 inveniri
1432 1725 1640 1793 posset
1667 1721 1728 1778 in
1751 1720 1853 1777 Dei
1874 1719 2158 1777 laudibus

490 1810 738 1882 dignus.
772 1809 1109 1868 Laborabat
1143 1809 1207 1866 in
1231 1810 1346 1867 hoc
1371 1809 1570 1869 carnis
1590 1814 1651 1866 et
1704 1808 1947 1882 spiritus
2001 1807 2160 1865 forti-

496 1901 725 1969 tudine,
756 1903 823 1957 ut
846 1900 1148 1957 evinceret
1183 1899 1287 1956 Dei
1314 1899 1547 1957 virtute.
1581 1903 1814 1956 latrans
1860 1899 2014 1956 ﬁnes
2067 1897 2157 1955 Bi-

496 1987 756 2045 turicum
784 1986 1036 2058 suscipit
1074 2003 1219 2045 eum
1270 1990 1514 2047 sanctus
1572 1991 1977 2060 protomartyr
2030 1988 2155 2045 Ste-

499 2075 741 2149 phanus
793 2090 936 2136 cum
990 2078 1200 2131 sancto
1253 2074 1461 2133 Maiolo
1524 2075 1749 2133 meritis
1825 2074 2153 2146 praecipuo,

497 2169 708 2222 sancta
722 2163 1072 2228 Maritimum
1101 2162 1319 2223 celebri
1341 2163 1580 2223 Juliano
1606 2166 1872 2236 martyre
1892 2179 2153 2231 summo.

493 2251 714 2313 iterum
742 2251 874 2323 ipsa
904 2251 1175 2324 piissime
1200 2252 1504 2322 virginum
1534 2251 1706 2322 virgo
1760 2252 1957 2320 Maria,
2014 2267 2156 2315 cum

496 2344 708 2400 aucto
759 2339 968 2411 Egidio
1005 2340 1347 2403 confessore
1404 2356 1649 2411 magno.
1706 2341 1966 2413 inclytus
2016 2357 2156 2403 vero

494 2429 854 2489 Saturninus
880 2428 1180 2491 comforti
1210 2429 1532 2497 Vincentio.
1565 2429 1788 2500 dignus
1819 2429 2156 2489 Antoninus

493 2534 636 2577 cum
666 2518 794 2578 Fidi
814 2523 1097 2592 martyre,
1128 2523 1373 2579 sanctus
1394 2519 1628 2577 Domini
1651 2520 1925 2579 Giraldus
1953 2520 2155 2592 ipsum

492 2608 623 2679 jam
646 2612 1041 2671 revertentem
1067 2608 1145 2664 ad
1168 2608 1415 2681 propria
1472 2614 1680 2667 sancto
1715 2609 1933 2669 iterum
1964 2608 2157 2667 reddit

494 2696 860 2755 incolumem
919 2697 1226 2770 Stephano
1279 2697 1560 2767 glorioso,
1619 2715 1759 2754 cum
1816 2713 1939 2770 quo
1988 2697 2154 2753 terris

492 2786 697 2846 lutum
722 2785 1035 2845 deducens
1066 2786 1229 2844 diem
1260 2786 1630 2853 Palmarum,
1666 2790 1949 2858 properat
1969 2792 2151 2842 Aure-

488 2874 688 2943 lianis,
718 2874 885 2932 ibiin
908 2875 1136 2932 Pascha
1164 2879 1556 2947 percepturus
1585 2877 1904 2935 Auctorem
1936 2879 2152 2931 nostrae

494 2964 729 3060 salutis.
763 2965 894 3060 Quo
927 2963 1153 3030 itinere,
1214 2964 1405 3060 multa
1451 2964 1529 3020 ab
1576 2981 1649 3060 eo
1698 2965 1938 3021 fuerunt
1991 2964 2155 3021 dona
2184 3005 2228 3060 Ε

494 3051 722 3109 sanctis
749 3051 912 3119 data,
942 3067 978 3107 a
1000 3051 1371 3124 pauperibus
1393 3068 1535 3109 vero
1564 3054 1694 3124 ejus
1738 3069 1956 3109 manus
1997 3068 2152 3108 nun-

491 3157 688 3214 quam
712 3140 824 3201 fuit
850 3155 1059 3197 vacua.
1094 3144 1243 3197 Nam
1271 3141 1405 3213 ipsa
1456 3146 1612 3198 terra
1665 3141 1884 3199 multos
1923 3140 2154 3203 habens

494 3229 770 3292 inﬁrmos
801 3232 861 3289 et
908 3229 1210 3301 praecipue
1259 3229 1553 3303 leprosos,
1581 3231 1692 3286 hos
1738 3229 1829 3285 vir
1882 3229 1981 3285 Dei
2029 3246 2154 3285 non

488 3318 825 3389 abhorruit,
851 3318 1000 3390 quia
1027 3317 1091 3374 in
1132 3319 1448 3391 Scripturis
1496 3319 1722 3379 sanctis
1771 3318 1912 3389 legit
1956 3319 2153 3379 Domi-

493 3424 645 3466 num
673 3407 971 3467 Christum
1014 3406 1316 3465 multoties
1340 3408 1402 3469 in
1461 3409 1723 3481 speciem
1774 3408 2153 3480 leprozsorum

492 3498 754 3570 hospitio
783 3501 1151 3569 susceptum.
1182 3496 1274 3553 Ad
1303 3498 1417 3554 hos
1469 3498 1649 3555 avida
1687 3501 1888 3555 mente
1943 3514 2156 3572 prope-

494 3602 637 3643 rans
657 3586 980 3652 etintrans,
1007 3601 1197 3643 manu
1245 3586 1491 3658 propria
1533 3586 1721 3644 dabat
1767 3586 2152 3645 denariorum

494 3689 802 3735 summam
829 3676 886 3731 et
926 3689 1028 3731 ore
1079 3674 1324 3746 proprio
1375 3674 1567 3744 ﬁgens
1611 3691 1823 3735 eorum
1869 3677 2154 3737 manibus

496 3759 724 3832 oscula,
753 3761 817 3817 in
875 3760 1165 3818 omnibus
1221 3765 1411 3819 Deum
1468 3763 1872 3830 collaudabat,
1919 3781 2155 3825 memor

494 3848 817 3908 verborum
840 3849 1083 3909 Domini
1103 3849 1353 3908 dicentis
1384 3869 1396 3907 :
1430 3853 1722 3911 Memento
1757 3855 1901 3924 quia
1946 3856 2153 3924 pulvis

494 3954 555 3997 es
583 3947 641 3997 et
668 3956 733 3998 in
754 3942 1070 4011 pulverem
1101 3943 1416 4001 reverteris
1445 3942 1610 4014 (Gen.
1648 3960 1764 4014 xui,
1818 3948 1926 4011 l9).
1976 3947 2155 4002 Caete-

492 4029 578 4086 ris
607 4032 812 4087 autem
840 4030 1115 4088 mittebat
1141 4031 1356 4091 devote
1406 4047 1518 4105 pro
1573 4032 1675 4089 Dei
1726 4049 1828 4090 om
1853 4032 2183 4106 ‘.ipotentisA

494 4135 721 4188 amore,
748 4120 855 4193 qni
882 4126 1168 4192 operatur
1186 4138 1413 4193 magna
1442 4122 1547 4179 ubi
1572 4127 1678 4181 est.
1713 4126 1962 4181 Tantam
1980 4125 2154 4198 quip-

494 4219 572 4276 pe
598 4208 854 4276 gratiam
876 4208 941 4265 in
960 4210 1277 4270 medendis
1325 4212 1679 4285 corporibus
1730 4212 1990 4285 perfecto
2022 4213 2152 4272 viro

492 4294 743 4353 cenauit
765 4296 971 4355 divina
989 4300 1179 4359 virtus
1206 4304 1289 4368 ut,
1317 4316 1432 4358 sua
1458 4301 1735 4374 piissime
1762 4318 1954 4363 manu
1992 4302 2152 4365 inﬁr—

495 4380 613 4440 mis
630 4381 836 4445 locum
858 4387 1111 4457 tangens
1138 4386 1402 4446 vulneris
1430 4393 1488 4447 et
1510 4389 1625 4449 illis
1669 4390 2024 4463 imprimens
2070 4392 2150 4450 si-

492 4485 686 4541 gnum
712 4476 936 4534 saneta
963 4475 1179 4548 crucis,
1206 4492 1457 4537 omnem
1480 4477 1739 4543 auferret
1758 4479 1840 4537 ab
1867 4479 1951 4542 eis
1986 4479 2153 4545 dolo-

486 4576 623 4621 rem
644 4561 1025 4623 inﬁrmitatis.
1058 4566 1377 4625 Charitatis
1394 4568 1641 4638 integre
1668 4584 1793 4631 non
1831 4568 2153 4633 immemor

492 4667 703 4710 servus
728 4653 834 4712 Dei
854 4656 1281 4716 considerabat
1332 4657 1595 4729 pretiosa
1637 4659 1897 4730 Martyrii
1944 4677 2152 4722 mons:

492 4742 593 4798 chi
614 4742 792 4813 facta,
810 4745 915 4818 qui
938 4747 1184 4819 proprio
1231 4745 1540 4820 leprosum
1588 4749 1925 4818 astringens
1979 4752 2154 4811 vesti-

492 4836 696 4889 mente
719 4833 1009 4906 illumque
1030 4851 1141 4891 suo
1160 4835 1367 4892 levans
1395 4837 1669 4906 humero,
1722 4837 1874 4895 dum
1925 4841 1979 4899 ei
2031 4858 2150 4901 ser-

489 4920 692 4979 vitutis
702 4921 907 4979 ofﬁcia
931 4923 1076 4980 dare
1103 4923 1309 4993 voluit,
1342 4932 1585 5000 repente
1610 4927 1693 4985 ad
1722 4928 1944 4988 aethera
1978 4931 2151 4989 rediit

488 5011 548 5068 ei
571 5012 909 5077 ascendens
937 5013 1086 5070 dixit
1112 5013 1401 5085 Christus,
1420 5017 1529 5089 qui
1566 5017 1629 5075 in
1681 5018 1879 5092 specie
1929 5019 2151 5094 leprosi

489 5101 686 5160 inerat
708 5108 1028 5178 susceptus
1059 5123 1127 5162 ει(
1159 5108 1415 5180 Martyri,
1442 5112 1504 5169 tu
1542 5124 1641 5164 me
1695 5124 1822 5165 non
1860 5108 2150 5168 erubuisti

490 5205 675 5263 super
722 5197 966 5262 terram,
1021 5211 1135 5265 ego
1216 5199 1274 5251 te
1349 5212 1473 5253 non
1538 5197 1893 5256 erubescam
1968 5216 2150 5271 super

493 5279 699 5335 oculos.
732 5300 762 5333 »
794 5282 1024 5341 Habeat
1049 5284 1168 5354 hic,
1196 5284 1272 5341 de
1301 5302 1424 5358 quo
1445 5286 1772 5360 loquimur,
1827 5292 2148 5360 praetenta

493 5368 637 5435 Deo,
692 5374 932 5441 partem
981 5390 1121 5430 cum
1172 5378 1382 5431 sancto
1448 5376 1745 5449 llam-tyrio,
1794 5376 1899 5449 qui
1928 5376 2053 5435 istis
2093 5380 2150 5434 et

486 5455 623 5513 aliis
650 5457 827 5516 bonis
851 5463 1135 5535 operibus
1180 5464 1503 5524 tostinabat
1547 5483 1609 5524 se
1657 5466 1870 5525 sociari
1918 5466 2147 5524 Christo

2267 1722 2531 1781 diximus
2558 1744 2570 1792 ;
2596 1726 2758 1794 item,
2785 1726 2949 1785 aliud
2974 1727 3038 1784 in
3064 1727 3297 1783 honore
3327 1729 3563 1781 sanctas
3593 1726 3822 1782 Ital-im
3855 1743 3953 1781 nia-

2264 1811 2369 1869 tris
2400 1814 2636 1870 Domini
2662 1815 2849 1871 nostri
2876 1818 3020 1871 Jesu
3037 1814 3247 1872 Christi
3277 1818 3337 1871 et
3372 1816 3433 1870 S.
3469 1813 3707 1869 Hilarii
3744 1815 3955 1870 conia

2265 1901 2419 1959 seris
2448 1903 2693 1960 summi.
2726 1906 2957 1961 Sanctae
2982 1904 3187 1961 itidem
3214 1903 3415 1963 Maria
3459 1904 3809 1973 genitricis
3854 1906 3953 1960 Dei

2262 1998 2668 2063 cognomento
2698 1994 3039 2050 Fabricatze.
3071 1994 3225 2050 Fecit
3242 1993 3391 2050 inibi
3410 1996 3473 2049 et
3501 1994 3955 2051 mactemus

2265 2081 2457 2138 sancti
2487 2084 2766 2140 Vincentii
2799 2084 3079 2157 martyris
3101 2083 3317 2141 Christi
3344 2100 3358 2151 ;
3399 2086 3887 2141 monasterium
3909 2087 3951 2139 S.

2266 2170 2431 2227 Pauli
2456 2172 2738 2246 apostoli,
2792 2173 2856 2229 in
2905 2172 3217 2245 Cantogilo
3267 2172 3446 2241 villa;
3500 2175 3955 2231 monasterii]:

2263 2260 2636 2332 S.Medardi,
2664 2263 2727 2319 in
2776 2263 3030 2320 Vitriaco
3080 2267 3319 2332 castro;
3371 2264 3859 2321 monasterium
3908 2268 3951 2321 ﬁ

2266 2351 2630 2421 Leodegarii,
2662 2352 2725 2409 in
2746 2351 2898 2410 silva
2916 2352 3194 2426 Aquilius.
3227 2370 3240 2420 ;
3298 2352 3781 2409 monasterium
3835 2370 3951 2410 ssn-

2266 2444 2373 2496 ctae
2402 2441 2593 2496 Marias
2622 2440 2682 2495 in
2712 2441 2993 2498 Miliduno
3024 2445 3222 2497 castro
3262 2458 3403 2497 cum
3455 2442 3588 2498 alia
3659 2443 3947 2499 ecclesia:

2264 2530 2700 2591 monasterium
2728 2534 2784 2593 S.
2818 2531 2969 2589 Petri
2988 2535 3047 2589 et
3076 2533 3134 2589 S.
3167 2530 3397 2601 Reguli,
3427 2531 3493 2589 in
3534 2532 3807 2591 civitate

2264 2619 2604 2675 vanectensi
2637 2638 2650 2689 ;
2683 2620 3119 2685 monasterium
3142 2624 3367 2681 sanctas
3397 2620 3604 2678 Marias
3640 2622 3716 2679 in
3769 2624 3951 2680 Stam-

2261 2709 2435 2781 pensi
2463 2713 2662 2769 castro
2696 2727 2711 2777 ;
2739 2710 2885 2773 item
2905 2709 2967 2767 in
2987 2710 3123 2782 ipso
3153 2715 3375 2781 castro,
3392 2710 3741 2769 ecclesiam
3782 2729 3949 2771 unam

2263 2797 2324 2852 in
2352 2798 2574 2870 palatio
2598 2816 2612 2859 ;
2640 2798 2703 2854 in
2729 2798 2962 2861 civitate
2991 2799 3270 2865 Parisius,
3300 2799 3636 2857 ecclesiam
3666 2801 3737 2858 in
3768 2802 3949 2859 hono-

2263 2902 2326 2941 re
2358 2888 2412 2943 S.
2444 2887 2669 2945 Nicolai
2699 2888 2999 2960 pontiﬁcis
3024 2888 3085 2951 in
3112 2887 3376 2961 palatio;
3406 2890 3877 2950 monasterium
3902 2892 3948 2947 S.

2263 2976 2542 3031 Germani
2571 2976 3128 3045 Antissiodorensis,
3160 2979 3219 3033 S.
3248 2975 3552 3035 Michaelis
3604 2978 3947 3040 eadem,

2262 3063 2324 3119 in
2357 3064 2503 3120 silva
2529 3066 2952 3135 cognominata
3006 3064 3195 3120 Bieria
3231 3083 3244 3132 ;
3299 3065 3441 3121 item
3495 3068 3946 3123 monasterium

2266 3156 2321 3210 S.
2353 3154 2630 3211 Germani
2659 3154 3075 3211 Parisiacensis
3102 3172 3243 3210 cum
3266 3154 3523 3210 ecclesia
3558 3157 3620 3211 S.
3690 3157 3945 3212 Vincen-

2264 3244 2347 3313 tii,
2379 3244 2442 3299 in
2469 3244 2620 3299 silva
2645 3244 3075 3315 cognominata
3106 3243 3287 3301 Ledia
3320 3262 3332 3312 ;
3365 3243 3428 3299 in
3458 3243 3636 3311 villa,
3686 3262 3829 3321 quae
3858 3246 3938 3299 di-

2264 3333 2415 3389 citur
2445 3334 2765 3401 Gomedus,
2794 3333 3111 3390 ecclesiam
3157 3334 3219 3389 in
3276 3334 3513 3390 honore
3567 3336 3630 3392 S.
3685 3336 3939 3397 Anieni;

2261 3421 2405 3478 item
2425 3423 2487 3478 in
2516 3423 2657 3478 villa
2685 3423 2883 3494 Faida,
2912 3423 3225 3479 ecclesiam
3244 3422 3309 3479 in
3330 3423 3573 3479 honore
3606 3425 3669 3483 S.
3703 3425 3935 3481 Aniani:

2262 3512 2695 3568 monasterium
2730 3517 2951 3568 sanctae
2983 3512 3197 3582 Mariae,
3242 3512 3306 3568 in
3358 3512 3685 3579 Pisciaco;
3742 3528 3935 3568 mona-

2264 3601 2508 3657 sterium
2543 3604 2597 3659 S.
2624 3602 2888 3658 Cassiani
2916 3602 2975 3657 in
3005 3601 3447 3672 Augustiduno.
3484 3603 3608 3657 Pro
3640 3603 3737 3658 his
3763 3601 3937 3659 omni-

2261 3690 2378 3747 bus
2407 3696 2465 3747 et
2493 3691 2622 3746 aliis
2651 3690 3194 3747 innumerabilibus
3220 3707 3360 3764 quae
3390 3707 3507 3763 per
3539 3694 3783 3749 Domini
3832 3692 3928 3746 vir-

2262 3783 2449 3836 tutem
2479 3785 2761 3853 operatus
2792 3777 3105 3852 est’bonis,
3138 3796 3385 3836 oremus
3413 3781 3673 3853 singuli,
3705 3798 3925 3837 oremus

2258 3886 2474 3926 omnes
2501 3874 2559 3925 et
2580 3869 2858 3926 dicamus
2894 3887 2907 3925 :
2937 3892 2965 3919 «
2999 3873 3172 3940 Deus,
3196 3869 3304 3942 qui
3324 3870 3484 3926 inter
3519 3871 3925 3927 sanctissimos

2258 3975 2432 4031 reges
2456 3959 2753 4017 famulum
2784 3965 2955 4016 tuum
2986 3960 3314 4016 Robertum
3357 3961 3555 4031 regali
3614 3961 3803 4017 fecisti
3845 3960 3927 4015 div

2261 4049 2484 4119 gnitate
2511 4049 2734 4119 vigere,
2768 4055 3009 4123 praesta,
3035 4065 3416 4122 quaasumus,
3458 4056 3529 4106 ut
3557 4067 3827 4123 quorum
3855 4050 3933 4104 vi-

2261 4155 2393 4201 cem
2420 4139 2499 4196 ad
2523 4140 2734 4196 horam
2770 4140 3016 4211 gerebat
3042 4140 3103 4195 in
3133 4139 3325 4208 terris,
3357 4140 3775 4197 intercedente
3812 4139 3931 4210 glo-

2257 4228 2421 4285 riosa
2450 4228 2552 4285 Dei
2582 4228 2865 4300 genitrice
2914 4229 3092 4286 Maria
3148 4245 3292 4285 cum
3340 4229 3633 4287 omnibus
3689 4230 3935 4293 sanctis,

2258 4333 2469 4375 eorum
2497 4334 2743 4391 quoque
2779 4323 3068 4392 perpetuo
3107 4319 3418 4376 consortio
3447 4319 3675 4374 laetetur
3716 4334 3787 4373 in
3824 4336 3941 4375 cae-

2258 4406 2351 4462 lis.
2380 4410 2486 4463 Per
2513 4407 2796 4464 eumdem
2829 4406 3149 4465 Dominum
3178 4414 3505 4465 nostrum.»

2331 4498 2482 4552 Ante
2538 4512 2719 4553 suum
2776 4511 2924 4553 sane
2967 4496 3426 4554 sanctissimum
3479 4494 3751 4564 obitum,
3836 4496 3936 4569 qui

2257 4585 2429 4643 tertio
2475 4585 2715 4643 decimo
2760 4585 3037 4642 Kalendis
3092 4587 3347 4657 Augusti
3394 4585 3638 4656 exstitit,
3668 4586 3776 4643 die
3806 4602 3934 4660 pas-

2259 4674 2445 4731 sionis
2499 4674 2912 4748 apostolorum
2995 4680 3342 4733 sanctorum
3424 4675 3577 4732 Petri
3634 4681 3698 4732 et
3750 4675 3929 4737 Pauli.

2254 4765 2347 4822 sol
2410 4765 2490 4825 ad
2562 4765 3008 4824 similitudinem
3078 4772 3311 4839 quartaa
3372 4767 3535 4823 lunie
3604 4766 3929 4824 subtractis

2255 4854 2441 4912 radiis
2494 4854 2763 4911 fuscatus
2823 4856 3102 4929 apparuit
3148 4856 3211 4911 in
3266 4861 3390 4912 toto
3458 4857 3729 4925 mundo,
3792 4858 3929 4913 hora

2254 4945 2376 5003 diei
2434 4949 2604 5001 sexta
2652 4944 2984 5017 pallescens
3057 4962 3238 5019 super
3295 4946 3606 5003 homines.
3666 4949 3927 5013 Quorum

2255 5034 2423 5093 visus
2450 5035 2534 5092 ita
2561 5034 2938 5092 obnubilavit
2964 5039 3031 5092 ut
3058 5035 3263 5092 nullus
3291 5036 3483 5093 alium
3538 5051 3929 5108 recognosce-

2256 5128 2368 5191 ret,
2444 5124 2638 5180 donec
2712 5124 3029 5197 quoddam
3098 5127 3583 5197 recognoscendi
3662 5126 3926 5184 transiret

2258 5214 2542 5287 spatium.
2592 5213 2751 5280 Quid
2824 5218 3023 5271 autem
3080 5215 3474 5288 portendcrit,
3531 5217 3598 5272 in
3654 5216 3923 5291 proximo

2256 5304 2466 5376 patuit,
2492 5319 2635 5359 cum
2660 5302 2744 5358 nil
2771 5302 2947 5358 nobis
2976 5304 3258 5360 miserius
3288 5304 3439 5360 aluit
3468 5322 3674 5379 quam
3698 5306 3778 5362 de
3826 5317 3927 5359 sua

2256 5396 2447 5448 morte
2502 5391 2775 5448 dolorem
2834 5391 3271 5449 intolerabilem
3346 5394 3688 5467 reliquerit.
3736 5398 3785 5447 Α
3842 5393 3928 5448 die

2255 5482 2417 5538 enim
2441 5484 2497 5539 S.
2530 5480 2680 5537 Petri
2701 5481 2782 5537 ad
2811 5481 2901 5537 sui
2920 5482 3287 5539 sanctissimi
3308 5484 3614 5540 transitus
3652 5484 3821 5540 diem
3848 5482 3929 5537 ii-

2256 5573 2403 5644 ginti
2429 5576 2488 5629 et
2506 5587 2664 5629 unus
2686 5571 2815 5629 dies
2851 5576 3272 5645 supputantur.
3329 5573 3393 5630 lu
3430 5575 3671 5648 quibus
3718 5573 3927 5631 diebus
