3976 6180
198 149 305 204 O33

1821 134 2003 199 VEA.

196 274 413 327 sancta
459 267 647 325 David
699 282 923 324 canens
938 266 1360 358 meditabatur
1390 266 1585 358 legem
1621 261 1865 358 Domini
1886 268 1935 321 Α
1966 256 2313 339 Οεὶἀὶήθοίι
2335 288 2377 333 a
2396 289 2463 331 se
2486 274 2842 344 jactantiem
2867 277 3200 341 inhonesta
3220 282 3458 352 mantis,
3482 300 3625 358 quo

200 359 297 415 die
330 375 399 415 ac
428 360 623 425 nocte,
655 362 720 413 ut
742 356 955 430 procul
979 355 1168 412 dubio
1194 356 1251 411 ei
1282 354 1631 412 concordari
1685 355 1866 425 queat

201 447 350 504 illud
375 445 542 520 quod
567 447 641 501 de
673 446 1048 502 sanctissimo
1070 448 1236 501 Patre
1263 445 1579 500 Benedicto
1600 440 1868 515 speciali-

201 543 287 594 ter
316 537 544 593 dictum
573 540 660 592 est
692 553 705 590 :

200 627 541 683 Psalmicen
568 625 841 682 assiduus
874 638 1183 695 nunquam
1224 623 1407 680 dabat
1458 623 1581 678 otia
1610 622 1861 691 plectro,

277 718 470 773 Sacra
507 730 724 771 canens
749 714 891 769 obiit
914 713 1245 783 psalmicen
1276 712 1540 767 asiduus.

204 808 575 874 Cognoverat
600 806 800 858 autem
829 802 925 857 hic
957 800 1126 856 miles
1148 800 1359 856 beatus
1389 805 1528 855 tunc
1552 798 1649 854 Dei
1680 797 1866 853 servis

200 908 415 965 pacem
433 908 563 947 esse
590 891 843 946 liberam
868 889 1130 962 quietem
1175 887 1583 960 tranquillam,
1615 885 1864 959 quando

200 982 276 1037 de
306 982 486 1052 hujus
516 980 727 1036 mundi
760 978 1098 1035 turbinibus
1156 977 1437 1034 abstracti
1468 976 1547 1033 ad
1578 976 1783 1035 sedem
1810 979 1867 1033 et

201 1071 582 1128 securitatem
627 1069 828 1125 aeterni
876 1074 1084 1143 portus
1138 1068 1426 1122 intrarent
1466 1071 1521 1122 et
1577 1066 1864 1137 absorpta

200 1164 392 1215 morte
409 1159 488 1215 ad
513 1157 1022 1215 immortalitatem
1046 1155 1683 1211 venirentFestinataat
1700 1153 1862 1209 enim

198 1265 385 1322 supra
412 1247 735 1303 nominatis
765 1246 1077 1302 virtutibus
1121 1245 1195 1300 de
1222 1244 1499 1316 prmsenti
1526 1242 1754 1298 tristitia
1784 1242 1862 1298 ad

196 1336 463 1393 laetitiam
493 1336 693 1392 venire
748 1351 1094 1408 perennem.
1155 1332 1397 1388 Dicebat
1426 1332 1502 1387 illi
1534 1332 1863 1404 perfectum

197 1442 331 1482 esse
371 1425 685 1497 gaudium,
745 1424 851 1497 qui
908 1422 1243 1479 elaboraret
1300 1425 1364 1476 ut
1410 1420 1608 1475 videre
1661 1423 1865 1493 posset

195 1515 497 1570 Christum
529 1517 737 1570 Deum.
772 1502 943 1567 Exire
972 1511 1099 1583 ipse
1119 1511 1194 1566 de
1221 1511 1333 1566 hoc
1356 1509 1573 1565 saeculo
1589 1512 1791 1583 parati
1809 1526 1857 1563 s.

1967 363 2105 414 sunt
2127 359 2430 423 honorum
2459 363 2765 434 sublimn,
2785 366 3001 427 mundi
3025 367 3279 437 gloriam
3292 376 3352 432 et
3367 372 3432 435 in
3453 375 3621 434 nalis

1968 464 2145 503 suum
2172 450 2475 507 collocans
2496 454 2870 523 thesaurum,
2893 462 3138 529 propter
3154 458 3269 514 hoc
3293 460 3472 531 hujus
3490 480 3625 536 por-

1965 536 2049 591 tio
2078 536 2269 593 factus
2296 545 2384 595 est
2415 542 2590 596 Deus.
2613 545 2866 614 Magnus
2905 544 3071 616 apud
3111 547 3300 602 Deum
3329 548 3460 619 ejus
3494 551 3624 606 the-

1967 640 2201 694 saurus,
2236 628 2509 697 egregius
2550 635 2898 688 sanctarum
2958 632 3299 692 divitiarum
3328 638 3625 706 cumulus,

1967 713 2161 769 cubile
2184 717 2565 789 requietionis
2621 726 2842 777 sanctas
2896 726 3278 795 perpetuum,
3320 727 3492 798 cujus
3541 733 3630 784 est

1969 806 2121 858 Deus
2150 805 2492 877 propitiatio
2518 809 2619 880 qui
2649 809 2758 865 fuit
2784 810 2962 867 totius
2982 813 3193 869 mundi
3222 813 3516 873 liberatio.
3539 822 3629 873 ln-

1968 894 2054 945 ter
2074 891 2191 947 alia
2223 908 2408 948 unum
2464 895 2757 966 quiddam
2807 897 3032 954 doloris
3087 900 3265 956 nobis
3295 902 3411 959 hoc
3454 904 3625 962 aﬂ‘ert

1964 979 2132 1051 quod
2162 980 2293 1038 talis
2319 996 2388 1037 ac
2418 986 2616 1041 tantus
2644 984 2735 1039 vir
2759 986 2888 1041 sine
2918 986 3085 1042 titulo
3136 991 3328 1047 ornati
3381 991 3621 1066 lapidis,

1966 1067 2092 1121 sine
2113 1068 2377 1135 nomine,
2413 1070 2539 1125 sine
2566 1070 2768 1127 litteris
2790 1074 2969 1144 jacet,
3001 1076 3171 1146 cujus
3199 1078 3260 1133 in
3287 1083 3409 1136 toto
3437 1085 3622 1137 terra-

1962 1170 2100 1211 rum
2129 1156 2275 1212 orbe
2302 1157 2493 1227 gloria
2532 1163 2589 1214 et
2616 1162 2908 1216 memoria
2952 1162 3015 1217 in
3074 1163 3483 1225 benedictione
3512 1175 3618 1226 est.

1966 1244 2220 1301 Proinde
2241 1246 2407 1301 omni
2422 1247 2641 1303 saeculo
2656 1249 2879 1321 profuit
2904 1254 2956 1306 et
2983 1253 3246 1322 prouerit
3263 1255 3444 1326 hujus
3468 1274 3624 1314 sere-

1962 1334 2193 1389 nissimi
2221 1335 2377 1405 regis
2404 1336 2577 1404 ratio,
2610 1337 2705 1391 cui
2732 1337 3139 1396 indesinenter
3166 1342 3420 1400 adhaesit
3446 1346 3625 1402 eccle-

1964 1421 2234 1477 siasticus
2265 1428 2321 1479 et
2350 1423 2460 1478 sibi
2493 1440 2732 1498 semper
2765 1426 3040 1483 amabilis
3057 1430 3423 1489 monasticus
3452 1434 3623 1490 ordo.

1963 1511 2133 1565 Hunc
2161 1512 2426 1568 Christus
2454 1516 2610 1570 Deus
2634 1512 2866 1569 bonum
2897 1516 3181 1572 omnibus
3227 1519 3473 1577 dederat
3516 1538 3624 1599 pa-

199 1605 523 1661 Dominum
552 1606 755 1661 Jesum
786 1617 909 1656 suae
933 1600 1141 1656 salutis
1179 1605 1356 1671 atque
1414 1598 1673 1654 utilitatis
1729 1614 1859 1653 ma-
1883 1616 1929 1669 B
1963 1604 2134 1655 trem.
2163 1606 2437 1657 Attamen
2466 1601 2609 1657 libet
2638 1602 2927 1659 adnotare
2954 1607 3163 1681 paucis
3188 1607 3247 1663 in
3291 1609 3413 1666 fine
3441 1598 3625 1683 hujus

196 1694 450 1765 gistrum
498 1708 738 1766 semper
795 1690 1135 1748 invocabat.
1186 1690 1275 1744 Ad
1328 1688 1651 1744 videndam
1702 1688 1859 1757 regis

194 1782 401 1840 aeterni
430 1779 899 1853 insuperabilem
942 1779 1270 1853 potentiam
1300 1778 1566 1849 angelos,
1614 1778 1862 1833 archan-

197 1871 366 1943 gelos
392 1876 450 1926 et
477 1886 690 1926 omnes
722 1869 823 1927 Dei
853 1873 1092 1925 sanctos
1134 1868 1195 1924 in
1226 1867 1516 1923 auxilium
1548 1884 1726 1922 suum
1758 1884 1855 1921 ve-

199 1961 328 2017 nire
384 1976 552 2031 voce,
613 1960 798 2030 signis
843 1957 1245 2014 indesinenter
1297 1957 1523 2023 orabat,
1577 1956 1854 2013 muniens

203 2066 270 2104 se
302 2064 536 2129 semper
562 2048 623 2105 in
654 2048 843 2104 fronte
892 2051 947 2102 et
997 2046 1207 2116 oculis,
1263 2045 1509 2101 naribus
1552 2049 1609 2101 et
1657 2044 1851 2111 labiis,

198 2142 436 2208 gutture
466 2142 520 2193 et
549 2136 795 2192 auribus
824 2152 931 2208 per
956 2135 1197 2204 signum
1223 2138 1441 2190 sanctas
1473 2134 1684 2201 crucis,
1727 2152 1853 2190 me-

192 2226 392 2282 moria
422 2225 741 2281 Dominicae
763 2223 1212 2291 incarnationis,
1243 2223 1583 2292 nativitatis,
1620 2224 1854 2297 passio-

189 2316 306 2382 nis,
335 2314 778 2371 resurrectionis
803 2318 861 2369 et
889 2312 1257 2369 ascensionis
1286 2317 1343 2368 et
1371 2314 1572 2384 gratiae
1608 2313 1857 2387 Spiritus

191 2404 404 2460 sancti.
428 2403 647 2460 Habuit
675 2404 885 2461 hoeex
909 2419 1077 2459 more
1108 2403 1170 2458 in
1204 2402 1343 2468 vita,
1392 2403 1486 2458 cui
1518 2418 1859 2479 nunquam

190 2493 381 2549 defuit
406 2492 708 2548 voluntate
740 2507 903 2564 aqua
931 2490 1270 2546 benedicta.
1306 2490 1404 2544 His
1435 2506 1579 2545 vero
1609 2489 1859 2563 aliisque

188 2581 443 2637 refertus
470 2580 647 2636 bonis
671 2579 1011 2646 virtutibus,
1075 2578 1529 2647 sexagenarius,
1576 2583 1639 2634 ut
1669 2579 1858 2634 credi-

189 2686 351 2738 mus,
382 2667 739 2741 opperiebat
795 2670 1052 2722 mortem
1108 2666 1457 2738 intrepidus.
1510 2670 1572 2722 Et
1605 2667 1858 2727 invales.

190 2762 363 2813 cente
388 2756 601 2811 validae
632 2755 813 2812 febris
842 2755 1154 2824 languore,
1182 2754 1344 2826 petiit
1390 2754 1671 2809 viaticum
1703 2755 1858 2810 salu-

188 2852 320 2903 tare
347 2850 402 2902 et
427 2845 664 2902 salubre
694 2844 910 2901 viviﬁci
940 2843 1206 2916 corporis
1237 2847 1293 2898 et
1322 2844 1629 2913 sanguinis
1660 2845 1857 2900 Domi-

186 2936 257 2991 ni
290 2934 473 2989 nostri
494 2936 631 2989 Jesu
656 2932 889 2993 Christi.
942 2933 1195 3004 Sumpto
1251 2948 1322 2987 eo
1352 2937 1428 3002 et,
1470 2947 1659 3005 parvo
1686 2934 1857 2990 inter—
1878 2966 1919 3021 ρ

181 3023 350 3081 vallo
380 3023 553 3085 facto,
587 3022 665 3077 ad
695 3025 916 3091 Regem
943 3037 1155 3091 regum
1185 3025 1243 3076 et
1287 3022 1608 3078 Dominum
1665 3024 1855 3081 domi-

183 3129 416 3169 norum
460 3112 833 3181 demigrans,
866 3110 1003 3166 felix
1033 3109 1278 3166 feliciter
1305 3110 1496 3167 felicia
1524 3114 1855 3184 promeruit

181 3218 402 3273 regna.
437 3200 810 3259 Obdormivit
836 3204 1062 3268 autem,
1092 3203 1157 3255 ut
1181 3200 1463 3268 diximus,
1503 3200 1564 3255 in
1598 3202 1850 3259 Domino

183 3292 430 3349 decimo
464 3290 631 3347 tertio
651 3289 777 3345 Kal.
810 3289 1079 3359 Augusti,
1110 3288 1445 3345 luoescente
1494 3306 1714 3346 aurora
1738 3290 1855 3346 diei

183 3381 380 3438 tertiae
407 3379 675 3450 Sabbati,
717 3377 998 3435 Miliduno
1046 3382 1246 3434 castro
1280 3396 1293 3445 ;
1347 3382 1405 3433 et
1450 3378 1711 3435 Parisius
1758 3379 1859 3436 de-

186 3473 466 3544 portatus
496 3466 661 3540 apud
688 3469 743 3523 S.
778 3465 1125 3536 Dionysium
1177 3465 1351 3536 juxta
1386 3469 1617 3539 patrem
1676 3482 1855 3521 suum

187 3558 482 3631 sepelitur
506 3561 642 3612 ante
663 3555 847 3611 altare
870 3559 1091 3611 sancte
1143 3555 1456 3611 Trinitatis.
1511 3558 1719 3611 Fuerat
1776 3555 1857 3611 ibi

182 3651 409 3719 ingens
430 3647 646 3714 luctus,
670 3645 1061 3702 intolerabilis
1105 3644 1300 3711 dolor,
1332 3644 1481 3701 dum
1524 3645 1854 3701 monacho-

184 3755 335 3796 rum
362 3737 765 3807 ingemiscens
786 3734 963 3791 turba
1014 3750 1127 3808 pro
1156 3734 1428 3791 absentia
1450 3736 1597 3791 tanti
1646 3736 1852 3808 Patris,

186 3826 547 3885 clericorum
566 3825 1019 3883 innumerabilis
1042 3823 1361 3880 multitudo
1384 3840 1686 3881 aerumnas
1711 3841 1855 3881 suas

185 3918 276 3975 ab
300 3918 433 3991 ipso
464 3921 673 3973 sancto
701 3916 798 3988 pie
838 3914 1133 3971 relevatas
1174 3913 1406 3981 dolens,
1437 3914 1758 3971 viduarum
1798 3920 1858 3971 et

184 4007 610 4080 orphanorum
644 4005 913 4062 inﬁnitus
954 4020 1264 4071 numerus,
1309 4003 1603 4059 beneﬁcia
1655 4004 1734 4060 ab
1783 4019 1857 4060 eo

183 4102 478 4172 percepta
531 4096 873 4169 deplorans,
924 4094 1113 4150 dabat
1140 4110 1321 4149 voces
1379 4092 1459 4148 ad
1488 4093 1706 4149 coelum
1752 4093 1861 4149 im-

186 4203 460 4244 mensas.
496 4188 622 4243 Una
649 4201 761 4259 pro
786 4189 949 4241 certo
996 4184 1270 4239 omnium
1317 4198 1437 4238 vox
1469 4199 1482 4237 :
1519 4204 1547 4230 ‹‹
1581 4185 1700 4239 Rex
1728 4198 1860 4239 ma-

186 4293 331 4349 gne,
367 4280 521 4334 Deus
540 4277 721 4344 bone,
755 4279 821 4330 ut
848 4273 997 4347 quid
1027 4290 1139 4330 nos
1164 4272 1467 4341 interﬁcis,
1500 4289 1644 4329 cum
1680 4273 1858 4330 nobis

186 4370 428 4423 Patrem
458 4365 693 4421 bonum
723 4363 1047 4432 abstrahis,
1080 4367 1138 4419 et
1164 4362 1270 4419 tibi
1293 4361 1576 4435 adjungis
1608 4363 1637 4417 ‘?
1670 4386 1698 4412 »
1746 4366 1857 4419 Pu-

184 4455 333 4526 gnis
358 4454 516 4512 enim
545 4459 789 4528 pectora
807 4452 1204 4527 percutientes
1223 4451 1393 4508 ibant
1415 4456 1471 4509 et
1487 4452 1861 4509 reverteban-

186 4549 297 4602 tur
326 4543 403 4600 ad
423 4544 613 4603 sancti
663 4543 986 4611 tumulum,
1017 4546 1350 4616 repetentes
1387 4542 1517 4613 jam
1564 4541 1706 4599 dicti
1736 4559 1858 4599 ser-

183 4634 392 4693 monis
438 4633 822 4699 versiculum,
877 4633 1225 4705 adjicientes
1274 4636 1338 4687 ut
1374 4632 1757 4689 misereretur
1805 4633 1858 4689 ei

185 4728 349 4781 Deus
376 4723 440 4779 in
486 4726 718 4781 bonum
772 4721 1051 4796 precibus
1100 4721 1376 4777 omnium
1424 4726 1770 4778 sanctorum
1797 4722 1859 4778 in

182 4813 483 4871 siccatum
506 4812 957 4885 sempiternum.
990 4815 1051 4867 In
1080 4812 1254 4882 cujus
1278 4815 1490 4883 morte,
1517 4812 1636 4868 heu
1660 4812 1672 4867 ι
1703 4812 1856 4885 proh

182 4902 365 4959 dolor
406 4903 421 4957 l
480 4901 864 4973 ingeminatis
927 4902 1177 4958 vocibus
1247 4900 1647 4958 acclamatum
1704 4905 1798 4957 est
1841 4918 1854 4957 :

182 5014 221 5041 α
249 4991 529 5049 Rotberto
572 4990 907 5063 imperante
961 4995 1018 5047 et
1062 4995 1324 5060 regente,
1358 4989 1551 5045 securi
1574 4988 1854 5057 viximus,

178 5080 500 5137 neminem
520 5080 850 5138 timuimus.
884 5079 1038 5136 Patri
1062 5080 1184 5152 pio,
1209 5079 1363 5152 patri
1403 5082 1667 5147 senatus,
1700 5079 1858 5151 patri

182 5170 468 5227 omnium
494 5169 819 5239 bonorum,
861 5168 1000 5224 felix
1029 5168 1233 5224 anima
1289 5172 1346 5223 et
1372 5167 1559 5237 salus,
1590 5167 1729 5224 felix
1778 5169 1859 5225 ad

184 5275 459 5333 superna
506 5275 813 5329 ascensus,
859 5257 997 5313 felix
1051 5273 1192 5314 cum
1222 5255 1455 5313 Christo
1484 5271 1623 5326 rege
1644 5273 1857 5328 regum

183 5365 301 5424 per
328 5349 554 5407 saecula
580 5347 963 5407 cohabitatio.
996 5369 1024 5396 υ

263 5441 457 5512 Hujus
479 5440 659 5511 igitur
682 5437 973 5495 mirabilis
1018 5435 1172 5505 regis
1200 5434 1393 5507 portio
1418 5433 1478 5489 in
1527 5433 1747 5491 ccelesti
1769 5451 1858 5492 re-

184 5544 315 5602 gno
344 5528 457 5585 fuit
486 5528 777 5585 Dominus
797 5528 970 5582 Deus.
997 5523 1223 5579 Etenim
1252 5520 1557 5579 narranda
1581 5525 1690 5578 est.
1716 5524 1854 5579 Fas-

180 5618 340 5690 tigie
378 5619 551 5693 regni
588 5621 821 5676 erectus
850 5616 913 5673 in
943 5612 1205 5685 sublimi,
1234 5612 1329 5670 hic
1366 5610 1739 5673 humillimus
1766 5612 1856 5670 vir

1966 1689 2651 1762 Operisinnumerosam
2706 1692 2890 1764 hujus
2954 1695 3245 1753 mirabilis
3294 1698 3625 1760 bonitatem

1963 1778 2137 1847 regis.
2171 1779 2588 1835 Sermocinans
2612 1779 2746 1853 quis
2767 1797 2907 1837 cum
2937 1798 3008 1839 eo
3028 1800 3152 1841 non
3176 1790 3261 1842 est
3290 1787 3626 1851 laetiﬁcatus

1965 1867 2189 1937 gaudio
2241 1885 2466 1937 magno
2490 1872 2517 1925 ?
2562 1885 2776 1943 pacem
2833 1872 2968 1945 quis
3017 1873 3366 1934 desiderans
3404 1879 3463 1945 in
3490 1881 3621 1955 ejus

1965 1962 2289 2027 conspectu
2309 1973 2431 2012 non
2463 1957 2771 2014 abhorruit
2798 1958 2980 2016 iram?
3002 1961 3207 2017 Vultus
3239 1964 3329 2019 sui
3357 1981 3621 2038 prasen-

1965 2045 2110 2101 tiam
2142 2045 2438 2118 aspiciens
2467 2046 2602 2120 quis
2628 2062 2748 2104 non
2780 2054 2869 2105 est
2890 2048 3108 2106 oblitus
3144 2051 3316 2109 dolos
3341 2053 3370 2108 7
3400 2054 3624 2113 Oratio-

1966 2134 2146 2189 nibus
2171 2136 2302 2205 ejus
2333 2134 2469 2206 quis
2497 2137 2934 2192 monachorum
2953 2154 3076 2193 non
3105 2139 3319 2197 habuit
3350 2143 3622 2216 requiem

1967 2228 2024 2279 et
2051 2239 2171 2279 non
2220 2228 2311 2279 est
2366 2228 2626 2295 amatus,
2658 2224 2907 2280 dilectus
2954 2230 3012 2281 et
3060 2234 3375 2285 veneratus
3403 2232 3432 2286 ‘I
3479 2233 3622 2303 Ejus

1967 2310 2347 2367 sanctissima
2370 2310 2779 2366 admonitione
2808 2311 2943 2384 quis
2986 2313 3337 2372 clericorum
3364 2333 3489 2375 non
3514 2319 3624 2376 fuit

1963 2404 2197 2456 amator
2226 2398 2593 2459 castimonia:
2621 2400 2649 2455 ?
2678 2398 2869 2471 ipsius
2890 2400 3237 2463 emicabilia
3263 2404 3449 2461 verba
3493 2404 3623 2478 qui-

1962 2489 2077 2544 bus
2107 2504 2231 2543 non
2260 2488 2501 2543 fuerunt
2528 2488 2933 2544 medicamina
2959 2490 2987 2544 ?
3017 2491 3304 2561 Aspectus
3334 2495 3463 2565 ejus
3490 2495 3620 2568 qui-

1964 2577 2080 2632 bus
2136 2594 2259 2632 non
2307 2577 2531 2649 profuit
2584 2576 3019 2649 insipientibus,
3050 2583 3114 2634 ut
3160 2580 3376 2652 virga?
3406 2584 3621 2639 Oculos

1964 2668 2094 2739 ejus
2122 2667 2379 2729 humiles
2400 2666 2536 2739 quis
2566 2666 2862 2739 aspiciens
2892 2683 3014 2723 non
3045 2673 3132 2724 est
3158 2670 3480 2728 meditatus
3501 2690 3620 2729 cm-

1961 2757 2133 2813 lestia
2154 2759 2183 2813 ?
2208 2760 2437 2828 Pauper
2452 2760 2509 2811 et
2536 2757 2803 2812 esuriens
2831 2756 2969 2829 quis
2989 2773 3115 2813 non
3134 2759 3380 2817 satiatus
3400 2761 3620 2833 abejus

1958 2847 2204 2904 recessit
2231 2862 2443 2901 mensa
2464 2846 2491 2901 ?
2520 2849 2781 2903 Mortuus
2808 2847 2913 2919 qui
2942 2863 3052 2904 suo
3072 2849 3326 2907 termino
3345 2867 3469 2908 non
3489 2852 3619 2923 ejus

1956 2936 2202 2992 vestitus
2232 2942 2320 2991 est
2346 2936 2703 2992 vestimento
2735 2936 2762 2991 ‘2
2785 2935 2981 2993 Hebes
3002 2937 3140 3010 quis
3171 2954 3293 2995 non
3322 2945 3411 2998 est
3436 2942 3516 2999 ab
3545 2958 3617 2999 eo

1958 3027 2149 3082 factus
2176 3025 2419 3096 sapiens
2437 3027 2465 3081 ?
2494 3024 2695 3081 Viduas
2720 3028 2780 3080 et
2808 3041 3123 3099 pauperes,
3156 3028 3231 3084 ad
3270 3030 3617 3105 exemplum

1956 3117 2132 3171 bonas
2179 3114 2483 3181 Dorcadis,
2537 3131 2660 3169 non
2730 3114 2808 3169 ab
2861 3131 2932 3169 eo
3000 3115 3174 3172 datas
3231 3120 3620 3177 ostenderunt

1956 3208 2156 3260 vestes
2186 3205 2213 3258 ‘I
2244 3205 2401 3275 (Act.
2419 3219 2495 3271 ix,
2518 3204 2631 3274 39.)
2657 3202 2863 3259 Omnis
2883 3203 3242 3261 miserorum
3270 3208 3613 3278 multitudo,

1958 3310 2081 3350 non
2112 3310 2251 3350 eum
2278 3298 2509 3366 patrem
2566 3297 2623 3348 et
2675 3291 2997 3349 nutricium
3025 3292 3374 3351 inclamavit
3401 3298 3430 3353 ?
3478 3297 3621 3353 Inci-

1961 3384 2110 3440 dens
2134 3384 2270 3457 quis
2297 3384 2361 3439 in
2389 3386 2722 3455 peccatum,
2754 3397 2879 3438 non
2906 3381 3090 3454 hujus
3129 3389 3351 3441 sanctas
3402 3402 3617 3443 conso-

1961 3474 2198 3530 lationis
2258 3472 2473 3529 habuit
2543 3471 2835 3529 auxilium
2863 3473 2891 3528 ?
2948 3472 3256 3533 Domitans
3298 3475 3436 3548 quis
3492 3492 3617 3550 prae

1962 3564 2139 3620 taedio
2168 3578 2292 3619 non
2318 3567 2406 3618 est
2457 3562 2771 3632 evigilatus
2798 3577 2834 3618 a
2863 3578 3080 3618 somno
3106 3563 3134 3618 ?
3161 3564 3439 3621 Laudans
3481 3567 3618 3640 quis

1961 3656 2150 3709 Deum
2212 3652 2376 3707 hunc
2430 3667 2554 3709 non
2605 3650 2818 3707 habuit
2872 3651 2936 3707 in
2985 3653 3333 3726 exemplum
3361 3656 3390 3711 ?
3458 3656 3618 3714 Elec-

1959 3756 2285 3813 mosynam
2311 3740 2450 3813 quis
2468 3739 2663 3801 facere
2687 3738 3039 3796 desiderans
3065 3740 3229 3797 hunc
3252 3758 3377 3799 non
3403 3745 3620 3818 accipit

1960 3830 2343 3897 imitatorem,
2364 3829 2539 3901 quasi
2562 3828 2747 3885 alium
2767 3831 3062 3883 Joannem
3082 3829 3110 3883 ?
3134 3831 3431 3886 Joannem
3478 3833 3617 3888 dico

1961 3917 2428 3975 Alexandrinum
2456 3914 2984 3990 patriarchamqui
3002 3930 3115 3986 pro
3143 3916 3275 3986 ejus
3295 3916 3615 3990 immensa,

1959 4024 2096 4081 qum
2126 4007 2235 4062 fuit
2263 4022 2444 4079 super
2467 4005 2722 4060 miseros
2751 4009 2808 4059 et
2833 4017 3133 4075 pauperes
3188 4003 3615 4078 misericordia,

1960 4096 2297 4154 misericors
2326 4094 2443 4150 dici
2471 4098 2528 4150 et
2552 4108 2684 4149 esse
2715 4091 2933 4148 meruit
2958 4107 3066 4147 sua
3112 4091 3175 4147 in
3195 4093 3317 4151 vita
3352 4095 3535 4154 simul
3562 4102 3620 4156 et

1958 4188 2021 4245 in
2052 4186 2221 4243 omni
2248 4189 2422 4242 terra.
2452 4184 2769 4241 Enimvero
2824 4198 2949 4238 non
2984 4181 3094 4238 fuit
3117 4183 3172 4240 ei
3220 4184 3429 4244 similis
3482 4195 3621 4263 post

1958 4280 2239 4335 sanctmn
2261 4275 2447 4332 David
2485 4274 2560 4331 de
2584 4273 2812 4330 cunctis
2842 4272 3085 4344 regibus
3114 4277 3281 4333 terra:
3310 4277 3374 4334 in
3398 4282 3618 4340 sanctis

1958 4364 2298 4432 virtutibus,
2321 4363 2674 4433 humilitate,
2711 4361 3139 4433 misericordia,
3154 4364 3371 4438 pietate
3397 4372 3457 4426 et
3476 4370 3617 4427 cha-

1958 4453 2149 4523 ritate,
2179 4468 2319 4526 quis
2366 4468 2551 4527 super
2568 4468 2787 4509 omnes
2812 4455 2903 4508 est
2947 4456 3004 4509 et
3028 4450 3156 4510 sine
3176 4471 3306 4528 qua
3325 4472 3508 4514 nemo
3527 4457 3617 4513 vi—

1960 4542 2125 4599 debit
2152 4545 2359 4611 Deum,
2391 4544 2536 4616 quia
2557 4558 2795 4618 semper
2810 4540 3061 4598 adhaesit
3102 4544 3357 4599 Domino
3384 4548 3445 4600 et
3494 4557 3618 4601 non

1960 4632 2204 4689 recessit
2230 4648 2269 4689 a
2294 4632 2596 4689 mandatis
2626 4634 2759 4705 ejus
2808 4630 2987 4689 corde
3029 4631 3309 4703 perfecto.
3374 4634 3615 4701 Caetera,

1962 4738 2101 4794 qua:
2131 4726 2269 4778 sunt
2295 4722 2371 4778 de
2396 4722 2594 4778 saeculi
2626 4720 2871 4787 militiis,
2908 4717 3181 4774 hostibus
3208 4719 3475 4788 devictis,
3506 4721 3617 4776 ho-

1963 4811 2214 4868 noribus
2243 4812 2456 4868 virtute
2486 4817 2543 4869 et
2570 4810 2811 4882 ingenio
2855 4807 3180 4880 acquisitis,
3228 4809 3617 4881 historiogra-

1960 4901 2100 4973 phis
2121 4901 2439 4963 scribenda
2489 4900 2907 4972 relinquimus.
2956 4900 3070 4967 Qui
3126 4899 3174 4953 si
3198 4897 3417 4953 fuerint
3462 4902 3519 4955 et
3543 4915 3619 4957 ea

1958 4990 2435 5064 scriptitaverint,
2467 4989 2772 5047 invenient
2792 4990 2854 5046 in
2874 4990 2959 5046 eis
2988 4992 3222 5063 patrem
3246 4990 3306 5042 et
3322 4985 3476 5043 filios
3501 4987 3620 5045 bol-

1960 5079 2029 5135 lis
2057 5079 2311 5150 inclytos
2334 5082 2398 5133 et
2422 5077 2643 5147 insigni
2680 5078 2871 5149 gloria
2901 5078 3215 5149 gloriosos.
3272 5078 3406 5133 1am
3454 5093 3618 5135 nunc

1960 5166 2420 5231 monachorum,
2454 5166 2825 5237 clericorum,
2846 5167 3189 5236 viduarum,
3207 5166 3618 5240 orphanorum

1959 5261 2019 5312 et
2037 5255 2312 5311 omnium
2338 5271 2677 5328 pauperum
2703 5257 2916 5313 Christi
2943 5273 3016 5313 ex
3045 5260 3213 5330 parte
3243 5256 3472 5314 habeas
3490 5274 3620 5331 per-

1957 5348 2210 5419 petuum
2239 5344 2393 5415 vale,
2424 5349 2630 5402 noster
2673 5346 3079 5419 prtecordialis
3120 5363 3291 5404 amor
3318 5348 3614 5416 Rotberte,

1958 5438 2017 5489 et
2068 5432 2267 5507 profer
2312 5449 2519 5506 preces
2590 5450 2700 5508 pro
2766 5451 2936 5493 servo
2980 5436 3341 5511 propitiabili
3390 5437 3618 5494 Christo

1960 5529 2099 5593 Deo,
2148 5524 2245 5582 cui
2295 5524 2713 5598 eomplaouisti
2766 5526 3055 5585 laudabili
3108 5528 3232 5585 vita
3273 5531 3333 5584 et
3380 5526 3617 5584 servitio

1950 5620 2012 5673 et
2064 5632 2173 5689 per
2246 5619 2593 5674 sanctarum
2638 5616 2926 5677 virtutum
2979 5618 3192 5676 merita
