3984 6180
377 167 484 221 935

1573 156 1874 216 ROBERTI
1905 149 2117 211 REGIS
2156 151 2604 208 FRANCORUM.

3697 145 3825 198 936

379 287 638 344 cmlestia
667 301 868 354 regna.
902 288 1140 339 Annuat
1165 284 1278 339 hoc
1311 285 1464 338 Deus
1495 280 1878 353 omnipotens
1908 256 2034 350 oqui
2071 290 2117 342 Α
2145 275 2309 332 simis
2339 273 2584 343 regibus
2611 274 2786 327 ornat
2815 269 3018 336 caelos,
3043 268 3215 339 cujus
3245 281 3501 336 regnum
3541 269 3605 322 et
3629 264 3840 338 impe-

373 377 658 449 justiticat
683 374 921 445 impios,
951 377 1008 429 et
1044 371 1304 428 viviﬁcat
1355 377 1644 440 mortuos,
1679 375 1736 426 et
1788 368 2037 425 sanctis-

2147 365 2302 421 rium
2332 365 2644 436 permanet
2664 359 2722 416 in
2755 357 2976 415 saecula
3003 356 3379 413 saeculorum.

383 539 3798 572 ______________________________________

1271 678 1963 768 EPITAPHIUM
2024 674 2511 764 HUGONIS
2570 671 2920 760 MAGNI

1790 875 2022 916 ROBERTI
2062 873 2219 913 REGIS
2258 870 2405 923 FILII,

1504 1003 1674 1078 Quod
1699 1003 1844 1082 fecit
1879 999 2174 1063 Gz’rardus
2206 999 2251 1058 Α
2264 996 2681 1058 urelz'anensz's.

961 1141 1046 1200 Ex
1079 1139 1338 1217 antiquo
1375 1138 1504 1200 Ms.
1537 1137 1680 1198 cod.
1711 1135 1850 1198 Viri
1881 1134 1975 1197 Cl.
2008 1131 2356 1196 Alexandri
2387 1127 2631 1191 Petavii
2664 1126 2980 1188 senatoris
3010 1125 3216 1187 Paris.

380 1477 692 1533 Sublatum
721 1476 919 1532 viduae
943 1476 1230 1547 juvenem
1259 1473 1384 1540 tibi,
1414 1472 1678 1537 Francia,
1712 1471 1873 1542 luge,

451 1567 593 1632 Quae
625 1570 805 1638 caput
833 1564 1129 1620 extuleras
1154 1563 1380 1618 damna
1411 1561 1495 1617 tui
1520 1561 1748 1630 lugeas.

382 1658 541 1712 Exue
568 1655 867 1727 quidquid
896 1653 1102 1718 habes,
1146 1652 1360 1707 festina
1382 1651 1653 1706 scindere
1682 1653 1894 1719 vestes,

449 1745 788 1800 Dilacerans
821 1743 1013 1798 crines
1045 1741 1125 1798 da
1156 1740 1332 1813 capiti
1363 1740 1610 1795 cineres.

379 1833 708 1888 Indomitos
732 1831 954 1886 dociles
985 1831 1091 1903 qui
1117 1830 1390 1886 redderet
1419 1828 1644 1884 arduus
1669 1828 1895 1895 hostes,

453 1924 642 1991 Hugo,
673 1919 856 1975 decus
885 1919 1146 1991 patrium
1173 1918 1283 1973 ﬂos
1313 1917 1523 1973 cecidit
1545 1918 1860 1988 juvenum.

380 2009 601 2065 Indolis
630 2013 909 2064 extremas
934 2008 1086 2063 miro
1111 2007 1363 2063 dilectus
1394 2023 1621 2076 amore,

455 2101 622 2154 Nunc
653 2097 834 2154 etiam
857 2097 1052 2152 luctus
1078 2101 1135 2153 et
1163 2096 1336 2152 dolor
1362 2095 1742 2152 immodicus.

2077 1473 2119 1524 Β
2150 1467 2419 1526 Celtiberi
2443 1467 2799 1538 lacrymant,
2833 1469 2886 1522 te
2915 1478 3119 1533 regem
3145 1465 3335 1518 Roma
3355 1460 3622 1534 petebat,

2220 1561 2263 1613 Ο
2294 1556 2633 1613 miserande
2685 1571 2836 1628 puer
2867 1556 2879 1610 !
2911 1553 3016 1610 sed
3042 1552 3370 1609 tumulatus
3399 1551 3494 1606 hic
3523 1567 3612 1606 es.

2149 1652 2404 1720 Aspectu
2434 1645 2703 1719 pulcher,
2731 1644 2899 1700 victis
2931 1643 3090 1716 pius,
3114 1641 3389 1697 hostibus
3410 1656 3570 1708 acer,

2231 1737 2286 1793 Si
2317 1737 2441 1792 fore
2470 1735 2561 1791 vir
2590 1751 2820 1808 posses,
2849 1738 2901 1790 te
2932 1731 3203 1804 Babylon
3234 1734 3523 1788 tremeret.

2150 1826 2398 1882 Parthus
2420 1830 2472 1880 et
2505 1824 2564 1879 in
2590 1823 2870 1896 pharetra
2889 1827 3134 1895 propter
3153 1826 3206 1876 te
3237 1818 3519 1876 conderet
3549 1833 3754 1884 arma,

2223 1919 2653 1987 Apparensque
2677 1911 2873 1966 minor
2896 1909 3129 1966 cederet
3157 1907 3320 1964 orbis
3345 1907 3561 1963 honor.

2150 2008 2269 2060 Pax
2291 2003 2470 2074 igitur
2499 2002 2605 2058 tibi
2635 2001 2728 2072 sit,
2767 2017 2903 2074 quae
2931 1998 3127 2055 claudi
3157 1997 3339 2053 limite
3370 1996 3600 2052 nescit:

2222 2095 2428 2149 Lector
2455 2091 2534 2148 ad
2556 2092 2672 2148 hoc
2701 2105 2930 2162 pronus
2960 2087 3123 2162 quod
3154 2091 3383 2160 repetat
3399 2085 3684 2160 petimus.

3069 2285 3238 2296 ...ιη’-...ιι-

818 2425 1587 2540 ROBERTI
1665 2421 2193 2537 REGIS
2269 2417 3373 2534 FRANCOBUM

1704 2670 2476 2794 EPISTOL/E.

900 2941 1243 2997 EPISTOLA
1281 2940 1516 2997 PRIMA.

384 3045 616 3086 ROBERTI
665 3046 737 3084 AD
788 3045 1166 3089 LEOTHERICUM
1242 3044 1593 3084 SENONENSEM
1669 3042 2051 3084 ARCHIEPISCO-

1147 3133 1276 3172 PUM.

385 3205 556 3278 [Cum
583 3207 654 3263 sit
679 3206 784 3263 tibi
810 3221 1035 3262 nomen
1071 3205 1349 3272 scientiae,
1378 3208 1488 3260 etc.
1520 3205 1738 3262 Exstat
1769 3219 1957 3274 supra
1985 3204 2048 3259 in

857 3297 981 3351 vita
1007 3294 1268 3360 Roberti,
1293 3294 1405 3349 col.
1439 3294 1588 3365 912.]

996 3384 1344 3440 EPISTOLA
1388 3385 1452 3438 ll.

417 3489 653 3531 BOBERTI
712 3490 783 3529 AD
835 3489 1144 3529 GAUZLINUM
1184 3486 1574 3528 BITURICENSEM
1623 3485 2014 3527 ARCHIEI’IOCO-

1155 3577 1286 3616 PUM.

885 3649 1075 3720 (Circa
1103 3665 1335 3705 annum
1369 3650 1553 3720 1022.)

463 3743 754 3795 Bonearus
802 3743 952 3794 nutu
1007 3738 1107 3794 Dei
1170 3741 1533 3794 Francorum
1585 3754 1710 3807 rex,
1767 3739 2048 3794 GAUZLINO

389 3827 629 3902 praesuli
660 3826 1114 3884 Bituricensium
1136 3826 1408 3884 salutem.
1443 3826 1585 3883 Volo
1613 3843 1722 3883 vos
1750 3827 1898 3883 scire
1929 3827 2052 3883 ani-

386 3920 470 3975 mi
502 3918 618 3975 mei
649 3923 881 3974 motum
907 3917 1161 3992 qualiter
1190 3934 1253 3974 se
1282 3917 1483 3986 habet,
1515 3922 1579 3973 ut
1602 3918 1751 3974 forte
1780 3917 2050 3974 accidere

386 4009 555 4079 solet,
588 4025 726 4064 cum
756 4024 928 4064 mens
956 4009 1228 4064 humana
1282 4011 1574 4074 movetur,
1608 4007 1655 4062 si
1685 4007 1833 4080 quid
1871 4008 2050 4065 mira-

367 4093 498 4153 'bile
528 4103 740 4168 praeter
761 4097 1002 4153 solitum
1046 4096 1344 4169 insperate
1385 4097 1646 4152 auditur.
1707 4099 1862 4153 Dum
1905 4113 2049 4168 ergo

383 4185 480 4241 die
510 4185 756 4241 Sabbati
799 4187 930 4256 jam
985 4187 1274 4242 exhausto
1333 4186 1604 4242 sederem
1657 4186 1736 4242 ad
1788 4203 2048 4256 coenam,

2077 2943 2118 2998 Ο
2145 2937 2265 2994 bite
2286 2935 2596 3010 quomodo
2622 2933 2920 3001 acciderit,
2949 2939 3007 2990 et
3033 2933 3094 2989 in
3119 2949 3244 3006 qua
3272 2932 3523 2990 historia
3565 2931 3816 2988 inveniri

2157 3026 2367 3100 possit.
2399 3029 2675 3081 Attamen
2705 3023 2996 3096 deprecor
3041 3039 3117 3079 ne
3159 3021 3444 3078 differatis
3497 3021 3580 3078 ad
3624 3022 3822 3078 rese-ri.

2161 3115 2426 3172 bendum
2450 3113 2620 3180 mihi,
2646 3113 2791 3186 quia
2817 3111 3026 3168 tandiu
3049 3112 3316 3182 legatum
3351 3111 3537 3183 hujus
3567 3112 3822 3184 portenti

2159 3205 2398 3271 tenebo,
2449 3203 2642 3260 donec
2663 3203 2810 3260 mihi
2838 3201 3271 3276 respondeatis.
3300 3201 3520 3258 Valete.

2759 3291 3094 3349 EPISTOLA
3133 3292 3225 3347 Ill.

2159 3399 2412 3439 GAUZLINI
2451 3397 2824 3438 BITURICENSIS
2854 3396 3269 3438 ARCHIEPISCOPI
3301 3398 3370 3437 AD
3404 3396 3698 3438 ROBEBTL'I
3729 3396 3816 3436 RB-

2921 3487 3049 3527 GEM.

2646 3560 2838 3628 (Circa
2874 3575 3105 3616 annum
3150 3559 3326 3631 1022.)

2232 3649 2484 3706 Domino
2510 3651 2634 3720 regi
2653 3653 3017 3706 Francorum
3047 3647 3530 3706 excellentissimo
3549 3645 3799 3702 Ronan-

2158 3756 2227 3796 το
2259 3739 2501 3795 humilis
2529 3741 2842 3796 GAIJZLINUS
2872 3739 3074 3796 aeterni
3096 3739 3270 3810 Regis
3300 3737 3688 3796 consortium.

2231 3827 2403 3894 Quod
2451 3827 2675 3901 placuit
2732 3827 2900 3884 vobis
2972 3827 3338 3898 interrogare
3404 3826 3479 3882 de
3543 3825 3810 3900 prodigio

2157 3919 2324 3992 quod
2354 3917 2588 3988 accidit,
2619 3919 2734 3973 hoc
2765 3916 2938 3973 nobis
2969 3934 3041 3974 ex
3096 3916 3358 3974 historiis
3387 3921 3592 3989 aperte
3639 3920 3811 3989 patet.

2160 4009 2334 4075 Quod
2355 4008 2596 4077 sanguis
2624 4024 2805 4081 super
2860 4007 3148 4077 gladium,
3208 4011 3312 4063 aut
3365 4006 3537 4062 civile
3573 4005 3812 4072 bellum,

2159 4105 2264 4158 aut
2285 4104 2522 4169 gentem
2574 4113 2754 4171 super
2807 4103 3046 4168 gentem
3102 4111 3421 4166 exsurgere
3477 4096 3814 4170 portendit;

2158 4189 2421 4246 Valerius
2471 4187 2658 4244 Rufus
2707 4187 2767 4243 in
2808 4187 2962 4244 libro
3021 4186 3514 4254 Memorabilium,
3561 4185 3816 4259 capitulo

383 4273 564 4331 allata
591 4274 699 4330 fuit
722 4275 868 4330 mihi
896 4275 1180 4348 quaedam
1231 4275 1481 4347 epistola
1532 4291 1569 4332 a
1622 4275 1912 4332 Willelmo
1943 4292 2044 4331 co-
2083 4297 2127 4350 Ι)
2157 4283 2392 4354 quarto,
2429 4280 2506 4334 De
2559 4277 2865 4350 prodigiis,
2910 4278 3039 4333 haec
3069 4277 3246 4332 refert
3279 4295 3293 4332 :
3331 4300 3358 4324 ‹‹
3393 4276 3539 4333 Gaio
3588 4275 3820 4331 Votum-

383 4362 546 4428 mite,
575 4363 648 4418 de
679 4363 949 4435 quodam
981 4368 1256 4435 portento
1283 4363 1541 4420 mirabili
1562 4364 1791 4432 auditu,
1827 4365 2047 4420 scilicet

382 4451 572 4508 tribus
603 4450 816 4507 diebus
847 4457 983 4508 ante
1007 4452 1444 4509 solemnitatem
1472 4453 1720 4509 Joannis
1772 4453 2044 4526 Baptistae

379 4539 442 4596 in
471 4539 838 4612 quibusdam
868 4540 1142 4612 partibus
1170 4541 1337 4611 regni
1364 4541 1501 4607 mei,
1525 4540 1798 4598 videlicet
1823 4542 1883 4597 in
1906 4558 2044 4614 par-

381 4628 540 4685 tibus
565 4629 917 4702 Aquitaniae,
945 4630 1118 4701 juxta
1144 4629 1389 4703 plagam
1416 4629 1800 4696 maritimam,
1819 4630 2045 4702 pluisse

381 4718 456 4774 de
481 4719 632 4775 caelo
659 4719 790 4776 talis
817 4725 1048 4776 naturae
1105 4719 1482 4790 sanguinem,
1537 4724 1601 4776 ut
1629 4736 1768 4776 cum
1802 4720 2047 4777 fortuitu

381 4808 640 4865 cadebat
667 4826 848 4882 super
877 4825 1121 4865 carnem
1176 4807 1460 4876 hominis,
1511 4814 1615 4864 aut
1667 4823 1848 4880 super
1876 4809 2049 4864 vesti-

380 4903 674 4966 mentum,
731 4903 834 4954 aL't
891 4914 1071 4970 super
1116 4903 1371 4971 petram,
1425 4913 1549 4954 non
1583 4902 1786 4970 posset
1828 4898 2048 4956 auferri

380 4986 660 5044 lavando.
701 4987 757 5042 Si
787 5002 926 5042 vero
953 4987 1205 5043 cadebat
1237 5002 1417 5059 super
1444 4986 1698 5057 lignum.
1725 4992 1852 5042 tum
1890 4987 2045 5044 bene

380 5075 714 5134 lavabatur.
766 5078 823 5135 Si
851 5077 1098 5150 quidem
1121 5093 1228 5149 per
1283 5077 1561 5133 eamdem
1601 5076 1918 5150 epistolam
1947 5093 2047 5151 pe-

382 5166 469 5222 tiit
497 5183 651 5223 ame
672 5168 834 5224 idem
893 5166 1238 5224 Guillelmus
1291 5183 1514 5231 comes,
1543 5171 1608 5222 ut
1641 5183 1754 5238 ego
1785 5167 2044 5240 require-

382 5270 508 5309 rem
537 5273 572 5310 a
599 5257 715 5312 mei
745 5257 912 5327 regni
970 5256 1342 5329 sapientibus
1367 5256 1514 5330 quid
1539 5256 1653 5312 hoc
1700 5261 2044 5328 portentum

381 5343 759 5413 signiﬁcaret.
795 5347 914 5414 Ego
941 5361 1078 5401 vero
1128 5345 1267 5402 volo
1297 5351 1354 5402 et
1383 5361 1594 5418 precor
1631 5349 1697 5401 ut
1728 5345 2042 5418 perquira-

381 5431 454 5489 tis
487 5432 546 5488 in
605 5432 972 5504 quibusdam
1021 5435 1280 5491 historiis
1331 5435 1381 5490 si
1423 5451 1694 5508 unquam
1725 5434 2046 5490 accidisset

379 5522 563 5592 hujus
615 5521 826 5591 simile,
882 5528 938 5578 et
986 5526 1151 5596 quod
1201 5527 1426 5582 factum
1459 5527 1807 5598 sequeretur
1861 5523 2043 5594 hujus

382 5609 464 5665 rei
488 5615 850 5683 portentum.
881 5610 1134 5686 Mihique
1163 5614 1278 5673 hoc
1305 5615 1519 5674 eodem
1573 5614 1774 5684 legato
1830 5611 2041 5668 rescri-

2153 4369 2276 4436 nio,
2317 4366 2557 4423 Servilio
2592 4365 2850 4439 Sulpicio
2903 4364 3272 4432 consulibus,
3326 4364 3390 4420 in
3437 4365 3582 4420 urbe
3622 4366 3822 4418 ﬂama

2155 4457 2319 4514 initia
2348 4460 2667 4527 motusque
2688 4454 2984 4511 bellorum
3017 4453 3279 4510 civilium
3312 4453 3430 4510 hoc
3473 4450 3824 4528 prodigium

2154 4545 2472 4620 portendit.
2499 4543 2704 4602 Carnis
2755 4543 2817 4599 in
2847 4542 3099 4599 modum
3128 4541 3318 4598 nimbi
3344 4541 3654 4614 dissipatae
3681 4556 3823 4615 par-

2155 4641 2244 4692 tes
2276 4633 2637 4691 ceciderunt.
2688 4635 2955 4698 Quarum
2987 4632 3278 4703 majorem
3308 4647 3639 4687 numerum
3676 4646 3826 4704 prte-

2155 4727 2319 4797 petes
2348 4721 2724 4794 diripuerunt
2751 4737 2909 4789 aves,
2931 4720 3232 4794 reliquum
3251 4719 3421 4776 humi
3451 4736 3560 4794 per
3591 4719 3826 4792 aliquot

2155 4813 2304 4882 dies,
2335 4827 2530 4883 neque
2579 4810 2763 4867 odore
2803 4815 2971 4878 tetro,
3021 4826 3219 4883 neque
3257 4809 3514 4866 deformi
3572 4815 3824 4884 aspectu

2155 4906 2452 4959 mutatum
2492 4900 2698 4971 jacuit.
2756 4904 2818 4956 In
2843 4900 3038 4956 Sicilia
3075 4905 3242 4957 scuta
3298 4899 3421 4956 duo
3451 4900 3826 4970 sanguinum

2156 4992 2451 5058 sudasse;
2501 4989 2680 5046 etiam
2737 4989 3096 5046 metentibus
3159 4992 3435 5045 cruentas
3502 4989 3707 5061 spicas
3766 4991 3823 5045 in

2157 5077 2400 5134 corbem
2424 5077 2725 5134 cecidisse.
2761 5078 2995 5150 Oppido
3035 5078 3237 5135 Ceritis
3291 5093 3484 5152 aquas
3523 5079 3820 5148 sanguine

2155 5165 2372 5221 mixtas
2406 5165 2672 5232 ﬂuxisse,
2708 5189 2735 5216 »
2792 5166 3083 5223 Chronica
3135 5166 3371 5222 Eusebii
3413 5165 3489 5221 de
3529 5167 3822 5239 prodigiis

2154 5255 2268 5311 hoc
2297 5255 2518 5312 refert:
2558 5279 2584 5304 ››
2640 5255 3054 5312 Valentiniano
3111 5256 3462 5329 imperante,
3515 5262 3654 5328 post
3681 5256 3825 5313 solis

2155 5360 2438 5401 occasum
2477 5345 2555 5401 ab
2577 5345 2856 5417 aquilone
2883 5345 3101 5401 caelum
3128 5346 3301 5418 quasi
3349 5344 3505 5416 ignis
3553 5351 3660 5401 aut
3690 5362 3826 5402 san-

2155 5433 2286 5504 guis
2311 5434 2587 5490 etfectum
2643 5439 2751 5490 est.
2809 5434 3007 5490 Gentis
3056 5438 3385 5503 Hunorum,
3424 5449 3578 5507 pace
3621 5441 3822 5508 rupta,

2154 5523 2401 5596 irruptio
2454 5524 2514 5579 in
2575 5523 2770 5580 Galliis
2820 5528 3022 5579 secuta
3071 5529 3176 5580 est.
3215 5548 3242 5574 »
3295 5524 3441 5580 Item
3488 5540 3654 5580 anno
3685 5526 3823 5580 Leo-

2152 5611 2245 5670 nis
2292 5611 2666 5687 imperatoris
2711 5611 2987 5686 septimo,
3041 5611 3243 5672 medio
3281 5611 3506 5670 Tolosae
3563 5610 3824 5672 civitatis
