3976 6180
207 164 318 218 937

1739 157 2098 214 EPISTOLIE

3519 184 3625 236 938

200 283 447 373 sanguis
473 282 669 354 erupit
700 282 773 337 de
807 287 979 352 terra,
1013 288 1070 339 et
1099 287 1221 339 tota
1259 283 1354 339 die
1405 282 1595 373 fluxit,
1642 279 1861 351 signiﬁ—
1888 285 1934 337 Α
1971 284 2412 373 etrefOcillatus
2434 293 2522 345 est
2547 289 2832 362 populus.
2859 293 3011 348 Arca
3031 294 3190 350 enim
3211 300 3326 354 Noe
3348 299 3422 356 de
3445 299 3624 373 lignis

197 391 346 430 cans
403 372 879 448 dominationem
941 373 1267 428 Gothorum
1326 372 1652 428 sublatam.
1717 374 1862 424 [tem

199 462 447 520 Historia
466 461 1003 530 Longobardorum
1033 461 1184 516 libro
1217 478 1296 528 III,
1329 477 1462 534 cap.
1498 465 1528 515 6
1560 477 1572 514 :
1633 482 1660 507 «
1694 461 1860 514 Tem-

199 568 345 625 pore
379 549 768 607 Theodeberti
789 549 944 618 regis
969 551 1337 605 Francorum
1355 549 1598 619 signum
1622 545 1864 616 sangui-

200 659 343 698 nem
369 642 427 696 in
462 639 610 696 cmlo
648 640 946 712 apparuit,
975 640 1218 711 etquasi
1248 640 1432 694 hastae
1489 636 1857 707 sanguineae.

202 734 286 787 Eo
343 735 606 804 tempore
672 728 799 800 ipse
870 728 1314 784 ’l‘heodebertus
1385 744 1522 783 cum
1585 725 1860 782 Lothario

199 818 504 874 avunculo
536 833 644 872 suo
673 816 899 872 bellum
950 832 1186 886 gerens,
1220 817 1348 888 ejus
1405 815 1731 872 exercitum
1759 831 1860 870 ve-

197 908 509 964 hementer
540 905 764 961 afﬂixit.
787 906 977 961 nItem
998 906 1059 960 in
1076 905 1291 961 eadem
1323 904 1573 961 Historia
1605 922 1618 959 :
1645 927 1672 954 «
1691 906 1860 959 Tem-

198 995 450 1069 poribus
477 994 794 1050 Justiniani
827 994 888 1049 in
919 994 1230 1067 provincia
1277 993 1580 1066 praecipue
1612 991 1861 1062 Liguriae

199 1084 468 1140 maxima
489 1082 823 1156 pestilentia
851 1088 1057 1138 exorta
1087 1087 1191 1139 est.
1229 1081 1436 1138 Subito
1463 1081 1622 1136 enim
1679 1096 1863 1153 appa-

198 1173 414 1229 rebant
436 1171 721 1244 quaedam
749 1171 1057 1240 signacula
1088 1187 1193 1243 per
1239 1169 1475 1238 domos,
1509 1169 1680 1236 ostia,
1711 1184 1860 1223 vasa

202 1262 295 1318 vel
325 1262 693 1317 vestimenta.
728 1261 866 1322 Quae
887 1259 937 1314 si
969 1260 1103 1332 quis
1125 1259 1410 1315 voluisset
1437 1257 1700 1325 abluere,
1733 1273 1861 1312 ma-

205 1351 296 1421 gis
321 1350 637 1423 magisque
665 1349 1057 1422 apparebant.
1093 1353 1227 1404 Post
1283 1364 1511 1404 aunum
1569 1363 1710 1402 vero
1766 1363 1860 1402 ex-

202 1440 451 1514 pletum,
475 1444 785 1512 cmperunt
822 1439 985 1494 nasci
1025 1439 1087 1494 in
1137 1438 1484 1509 inguinibus
1541 1437 1859 1493 hominum

202 1529 297 1584 vel
327 1529 388 1584 in
409 1528 540 1584 aliis
570 1526 1068 1583 debilitatioribus
1097 1526 1242 1582 locis
1269 1525 1570 1597 glandulae
1625 1525 1686 1580 in
1735 1540 1861 1580 mo-

1971 371 2258 431 fabricata
2282 377 2429 450 quid
2461 378 2756 448 signiﬁcet
2783 395 2907 436 non
2937 381 3241 450 ignoratis.
3287 391 3349 441 ln
3401 371 3621 462 quibus

1971 463 2253 520 omnibus
2282 483 2388 539 per
2415 468 2647 538 lignum
2673 486 2798 526 non
2818 470 2931 526 nisi
2959 471 3431 532 misericordiam
3453 497 3622 538 suam

1970 551 2258 608 Dominus
2287 561 2566 628 operatus
2593 563 2697 614 est.
2723 559 2870 624 Quia
2891 560 3072 632 igitur
3091 560 3168 616 de
3195 561 3360 632 ligno
3385 571 3626 636 sanguis

1967 637 2306 711 lavabatur,
2337 645 2592 702 creditur
2620 647 2788 720 quod
2807 664 2914 722 per
2945 649 3360 722 paenitentiam
3390 658 3448 710 et
3487 655 3631 711 elee-

1969 745 2312 818 mosynam,
2355 739 2410 791 et
2465 741 2708 793 caeteros
2760 739 2988 795 fructus
3047 741 3493 812 misericordiae,
3527 746 3632 818 qui

1967 817 2122 875 intra
2145 820 2342 878 sinum
2368 826 2572 880 matris
2605 827 2870 884 Ecclesiae
2925 837 3294 900 exercentur,
3344 817 3630 891 severitas

1967 912 2023 962 et
2047 907 2380 979 indignatio
2407 912 2548 983 justi
2576 915 2797 972 Judicis
2829 917 2948 984 Dei,
2997 936 3132 992 quae
3163 923 3374 980 merito
3417 940 3630 997 pecca-

1969 997 2199 1086 toribus
2231 1000 2500 1068 debetur,
2533 1008 2588 1058 et
2611 1004 2688 1059 ad
2713 1007 3184 1067 misericordiam
3208 1014 3397 1086 possit
3424 1015 3627 1072 reﬂec-

1967 1085 2026 1142 ti.
2054 1087 2378 1145 Misericors
2404 1095 2495 1147 est
2520 1092 2679 1148 enim
2709 1095 2996 1152 Dominus
3042 1085 3226 1172 adeo,
3268 1103 3420 1160 sicut
3467 1105 3622 1162 Psal-

1968 1175 2143 1231 mista
2165 1175 2446 1249 loquitur,
2483 1187 2689 1236 utnon
2741 1185 2930 1241 solum
2963 1187 3245 1257 homines,
3289 1192 3391 1247 sed
3442 1196 3619 1251 etiam

1956 1266 2235 1334 jumenta
2257 1269 2466 1323 salvet.
2502 1270 2890 1343 Omnipotens
2905 1277 3057 1330 Deus
3073 1276 3277 1334 dilatet
3300 1279 3622 1354 imperium

1966 1358 2249 1422 vestrum,
2297 1361 2354 1412 et
2405 1357 2649 1416 dextera
2692 1378 2802 1416 vos
2854 1379 3090 1437 semper
3146 1373 3438 1440 protegat,
3467 1377 3524 1427 et
3549 1374 3625 1428 ad

1967 1457 2180 1514 pacem
2231 1450 2448 1500 sanctae
2511 1448 2781 1504 Ecclesiae
2837 1450 3019 1508 vitam
3070 1455 3237 1511 vobis
3284 1456 3623 1529 longaevam

1967 1531 2206 1598 tribuat,
2253 1539 2311 1588 et
2363 1551 2473 1591 sua
2528 1553 2636 1593 vos
2707 1538 3126 1600 benedictione
3205 1546 3267 1602 in
3339 1549 3624 1606 omnibus

203 1618 352 1674 dum
381 1617 552 1673 nucis
578 1632 684 1672 seu
722 1615 964 1688 dactyli,
993 1632 1146 1688 quas
1178 1632 1320 1672 mox
1360 1614 1721 1688 sequebatur
1773 1613 1857 1670 fe-
1886 1641 1926 1694 Β
1966 1627 2234 1678 exornet.

201 1707 404 1764 brium
460 1705 850 1762 intolerabilis
882 1711 1081 1774 aestus,
1115 1705 1196 1762 ita
1243 1710 1303 1761 ut
1341 1705 1402 1761 in
1452 1704 1648 1760 triduo
1673 1705 1858 1760 homo

201 1797 698 1866 exstingueretur.
734 1795 834 1852 Sin
865 1812 1002 1852 vero
1055 1794 1268 1868 aliquis
1314 1794 1579 1851 triduum
1631 1798 1856 1850 transe—

202 1886 402 1956 gisset,
435 1883 700 1941 habebat
728 1901 897 1957 spem
927 1884 1183 1940 vivendi.
1229 1887 1362 1940 Erat
1402 1889 1602 1940 autem
1635 1883 1855 1955 ubique

202 1990 411 2046 pavor,
439 1973 663 2046 ubique
689 1973 903 2041 luctus,
953 1973 1176 2045 ubique
1219 1972 1522 2045 lacrymae.
1587 1976 1734 2028 Nam
1791 1975 1856 2026 ut

204 2062 367 2134 vulgi
390 2079 597 2118 rumor
622 2062 884 2118 habebat
909 2061 1186 2131 fugientis
1217 2061 1451 2117 cladem
1481 2061 1636 2131 vitae,
1675 2060 1852 2118 relin-

199 2152 543 2221 quebantur
567 2151 785 2206 domus
813 2151 1060 2206 desertae
1090 2150 1551 2219 habitatoribus,
1590 2151 1730 2207 solis
1761 2167 1856 2206 ca-

195 2239 337 2294 tulis
357 2239 576 2294 domus
600 2239 998 2296 servantibus.
1033 2240 1269 2296 Peculia
1291 2239 1418 2296 sola
1433 2241 1851 2309 remanebant,

189 2327 256 2383 in
285 2327 525 2400 pascuis
546 2327 709 2383 nullo
733 2333 964 2385 astante
996 2334 1256 2401 pastore.
1290 2329 1574 2384 Cerneres
1619 2329 1854 2402 pridem

191 2417 367 2474 villas
423 2433 528 2474 seu
578 2423 776 2474 castra
831 2418 1060 2491 repleta
1115 2418 1462 2489 agminibus
1514 2418 1852 2486 hominum,

190 2512 437 2580 postera
465 2507 559 2563 die
590 2507 883 2562 universis
931 2507 1299 2577 fugientibus
1357 2511 1572 2564 cuncta
1621 2523 1750 2563 esse
1794 2507 1857 2562 in

190 2613 441 2653 summo
468 2597 721 2653 silentio.
748 2596 1078 2665 Fugiebant
1094 2596 1220 2666 ﬁlii,
1250 2595 1548 2652 cadavera
1564 2596 1859 2670 insepulta

186 2690 517 2758 parentum
547 2686 971 2758 relinquentes.
1016 2687 1317 2753 Parentes,
1349 2685 1514 2741 obliti
1535 2685 1770 2758 pietatis
1797 2687 1859 2742 in

184 2774 444 2844 viscera,
474 2779 648 2831 natos
706 2774 1135 2846 relinquebant,
1174 2779 1511 2830 aestuantes.
1566 2775 1622 2832 Si
1673 2792 1857 2848 quem

185 2863 346 2918 forte
375 2863 627 2936 antiqua
656 2862 847 2936 pietas
874 2862 1330 2936 perstringebat,
1364 2868 1430 2919 ut
1481 2863 1655 2920 vellet
1693 2880 1858 2936 sepe-

182 2951 300 3044 lire
327 2952 697 3044 proximum,
719 2951 986 3044 restabat
1012 2951 1140 3024 ipse
1196 2951 1528 3044 insepultus
1562 2971 1575 3021 ;
1619 2957 1686 3044 et
1709 2953 1856 3044 dum
1886 2993 1926 3044 Ο

183 3040 669 3113 obsequebatur,
727 3039 1154 3112 perimebatur.
1210 3043 1362 3096 Dum
1442 3040 1634 3096 funeri
1688 3041 1858 3097 obse-

182 3129 411 3203 quium
439 3129 767 3203 praebebat,
800 3129 989 3202 ipsius
1027 3128 1210 3184 funus
1240 3129 1366 3185 sine
1387 3129 1681 3203 obsequio
1735 3147 1859 3187 ma-

183 3219 397 3275 nebat.
426 3219 666 3274 Videres
693 3218 981 3274 smculum
1011 3217 1072 3273 in
1100 3217 1417 3290 antiquum
1452 3219 1762 3276 redactum
1786 3219 1860 3274 si-

182 3308 447 3364 lentium
472 3326 485 3363 :
509 3308 675 3363 nulla
704 3325 822 3364 vox
852 3308 912 3363 in
942 3300 1102 3374 rure,
1143 3307 1343 3364 nullus
1385 3308 1614 3377 sibilus,
1672 3309 1852 3366 nullm

183 3397 428 3455 insidiae
449 3397 780 3453 bestiarum
806 3397 866 3452 in
897 3397 1253 3469 pecudibus,
1307 3397 1474 3453 nulla
1525 3398 1754 3454 damna
1791 3399 1852 3454 in

185 3486 538 3544 domesticis
570 3486 933 3542 volucribus.
988 3489 1123 3544 Sata
1169 3492 1545 3558 transgressa
1591 3487 1854 3544 metendi

188 3585 432 3650 tempus
487 3578 708 3633 intacta
758 3577 1186 3649 exspectabant
1258 3593 1608 3634 messorem.
1673 3578 1853 3635 Vinea

189 3667 436 3724 amissis
483 3666 634 3722 foliis
691 3666 1064 3722 radiantibus
1121 3666 1257 3722 uvis
1313 3666 1500 3722 illaesa
1545 3668 1849 3736 manebat,

187 3757 391 3813 hieme
413 3755 874 3828 propinquante.
906 3755 1219 3811 Nocturnis
1249 3771 1355 3811 seu
1401 3755 1632 3812 diurnis
1687 3756 1852 3813 horis

187 3845 559 3920 personabat
587 3844 762 3900 turba
788 3843 1162 3914 bellantium,
1183 3843 1539 3900 audiebatur
1581 3861 1617 3900 a
1672 3844 1854 3917 pluri-

186 3935 306 3992 bus
330 3935 508 4008 quasi
534 3951 811 3990 murmur
835 3933 1150 3990 exercitus.
1193 3933 1364 3990 Nulla
1391 3938 1562 3989 erant
1603 3934 1854 4004 vestigia

187 4023 682 4091 commeantium,
715 4022 918 4078 nullus
971 4021 1326 4077 cernebatur
1377 4037 1741 4094 percussor;
1799 4027 1857 4078 et

188 4116 395 4170 tamen
447 4111 643 4168 visum
714 4110 1030 4168 oculorum
1117 4109 1483 4182 superabant
1560 4109 1857 4166 cadavera

189 4206 589 4258 mortuorum.
619 4198 940 4256 Pastoralia
968 4198 1103 4254 loca
1122 4213 1296 4254 versa
1316 4198 1552 4254 fuerant
1571 4197 1633 4253 in
1661 4198 1856 4270 sepul-

190 4295 391 4347 turam
420 4290 760 4360 hominum,
795 4293 852 4346 et
878 4287 1224 4345 habitacula
1247 4289 1516 4344 humana
1546 4287 1704 4345 facta
1734 4288 1856 4344 fue-

189 4387 328 4437 rant
355 4380 636 4452 confugia
662 4379 1008 4436 bestiarum.
1050 4402 1078 4429 ››
1111 4379 1242 4434 Haec
1269 4377 1344 4432 de
1376 4378 1636 4433 historiis
1657 4395 1856 4452 pauca

194 4470 680 4544 praenotavimus.
703 4469 874 4536 Quod
901 4485 1040 4524 vero
1057 4467 1270 4524 cecidit
1290 4483 1471 4539 super
1512 4472 1766 4540 petram,
1798 4472 1855 4524 et

194 4560 359 4618 ablui
403 4577 526 4616 non
575 4563 825 4634 poterat,
879 4558 1116 4614 videtur
1163 4556 1501 4627 signiﬁcare
1525 4557 1851 4614 Ecclesiam

193 4655 503 4717 sanctam;
535 4665 671 4721 quae
695 4663 877 4720 super
902 4651 1154 4720 petram,
1187 4644 1250 4700 id
1265 4650 1354 4701 est
1380 4645 1698 4716 Christum,
1722 4645 1853 4703 fun-

191 4738 354 4805 data,
383 4737 828 4794 tribulationem
855 4751 1110 4809 passura
1141 4733 1233 4791 sit.
1296 4734 1469 4800 Quod
1499 4750 1640 4790 vero
1671 4751 1854 4808 super

193 4841 436 4881 carnem
466 4825 726 4882 hominis
755 4829 811 4881 et
839 4825 1261 4881 vestimentum
1278 4825 1409 4895 ejus
1432 4824 1663 4891 cecidit,
1686 4825 1851 4880 ablui

193 4919 444 4986 poterat.
472 4918 597 4972 Non
617 4915 948 4985 incongrue
970 4914 1258 4988 accipitur
1275 4931 1381 4987 per
1401 4929 1644 4970 carnem
1662 4931 1853 4988 popu-

191 5001 308 5074 lus,
321 5019 429 5077 per
448 5005 871 5061 vestimentum
883 5003 1363 5077 substantiaquee
1386 5003 1463 5059 ad
1481 5002 1850 5074 adjutorium

192 5091 375 5164 hujus
391 5094 526 5150 vitae
543 5093 718 5151 nobis
752 5093 1118 5150 conceditur.
1152 5092 1336 5161 Ligno
1352 5093 1535 5148 etiam
1559 5093 1738 5150 datur
1756 5093 1849 5149 in-

194 5182 373 5252 telligi
399 5183 571 5240 vitale
591 5183 824 5255 lignum
855 5186 1077 5239 sanctae
1135 5182 1346 5248 crucis,
1380 5186 1436 5238 et
1476 5183 1848 5255 baptismum

194 5286 316 5342 quo
347 5288 557 5328 sumus
586 5272 917 5343 regenerati
947 5270 1024 5326 ad
1051 5269 1518 5340 vitam.Lignum
1539 5271 1619 5326 ad
1638 5273 1848 5329 humo-

193 5375 318 5416 rem
353 5377 526 5435 aquae
545 5363 798 5418 virescit.
836 5364 903 5416 Et
927 5358 1468 5433 quandoludaicus
1492 5362 1753 5433 populus
1788 5362 1848 5418 in

195 5464 396 5505 eremo
428 5450 628 5521 sitivit,
649 5455 706 5506 et
724 5466 845 5523 prae
870 5447 1265 5504 amaritudine
1288 5462 1479 5518 aquas
1501 5447 1704 5504 bibere
1726 5465 1850 5506 non

196 5539 405 5609 potuit,
431 5539 680 5610 jubente
712 5538 965 5594 Domino
1012 5535 1170 5592 misit
1229 5538 1458 5608 Moyses
1508 5536 1739 5606 lignum
1785 5537 1846 5594 in

199 5641 441 5698 aquam,
465 5633 521 5685 et
540 5644 828 5685 conversa
853 5631 941 5682 est
965 5624 1302 5683 amaritudo
1328 5623 1390 5681 ln
1442 5623 1844 5700 dulcedinem,

768 5717 1012 5773 Ρλτιιοι..
1045 5713 1216 5774 CXLI.

2564 1717 2900 1775 EPISTOLA
2941 1724 3025 1776 ιν.

1964 1817 2228 1857 FULCONIS
2277 1818 2688 1861 ANDEGAVORUM
2744 1823 2962 1865 COMITIS
2994 1828 3065 1866 Δῐ)
3095 1829 3385 1874 ΒΟΒΕΒἸἪΜ
3444 1836 3623 1876 REGE}!

2461 1894 2650 1965 (Circa
2680 1911 2909 1954 annum
2947 1904 2964 1954 ί
2976 1902 3124 1973 022).

2033 1980 2286 2037 Domino
2316 1999 2425 2038 suo
2456 1984 2578 2054 regi
2634 1988 2890 2043 Bonenro
2932 1992 3116 2047 FULCO’
3156 1994 3622 2066 Andegavorum

1963 2085 2165 2125 comes
2192 2070 2447 2127 salutem
2479 2077 2536 2127 et
2563 2072 2736 2130 ﬁdele
2769 2076 3096 2134 servitium.

2035 2158 2382 2214 Guillelmus
2414 2160 2786 2218 Pictavorum
2818 2181 3044 2233 comes,
3073 2169 3252 2225 herus
3292 2190 3480 2241 meus,
3541 2175 3624 2232 lo-

1963 2254 2134 2305 cutus
2156 2256 2248 2306 est
2277 2251 2422 2306 mihi
2451 2267 2664 2325 nuper,
2691 2253 2897 2310 dicens
2927 2258 3114 2329 quod,
3139 2267 3466 2335 postquam
3495 2267 3622 2322 Itali

1963 2339 2364 2395 discesserunt
2391 2357 2427 2396 a
2464 2341 2656 2409 vobis,
2691 2342 2870 2399 difﬁsi
2901 2347 3065 2418 quod
3095 2365 3203 2404 vos
3256 2367 3459 2424 regem
3516 2355 3620 2412 ha-

1962 2426 2193 2499 berent,
2223 2428 2520 2501 petierunt
2549 2429 2740 2486 ﬁlium
2768 2448 2946 2488 suum
2978 2435 3054 2490 ad
3110 2452 3332 2507 regem.
3394 2443 3622 2508 Quibus

1963 2515 2058 2570 ille
2087 2516 2308 2572 invitus
2339 2522 2706 2590 coactusque
2737 2521 3048 2592 respondit
3074 2526 3317 2584 tandem
3347 2533 3621 2604 acquies-

1965 2620 2095 2660 cere
2128 2621 2190 2660 se
2221 2605 2512 2662 voluntati
2541 2622 2772 2677 eorum,
2806 2609 2854 2665 si
2877 2614 3276 2672 consentirent
3296 2618 3409 2674 illis
3427 2623 3621 2679 cuncti

1965 2693 2344 2750 marchiones
2372 2695 2548 2752 Italiae
2577 2701 2634 2752 et
2662 2697 2948 2772 episcopi,
2982 2718 3053 2758 ac
3078 2706 3272 2761 creteri
3320 2708 3618 2770 meliores.

1965 2785 2048 2840 Illi
2069 2784 2474 2858 promiserunt
2501 2787 2668 2858 quod
2688 2793 2847 2844 recta
2872 2789 2992 2847 ﬁde
3023 2793 3285 2852 facerent
3314 2797 3444 2855 illos
3485 2817 3622 2858 con-

1965 2875 2202 2966 sentire,
2231 2875 2280 2930 si
2307 2881 2570 2966 possent.
2605 2881 2768 2934 Nunc
2799 2896 2942 2951 ergo
2974 2885 3225 2942 mandat
3252 2889 3448 2962 vobis,
3479 2909 3620 2966 pos-

1965 2964 2163 3021 tulans
2184 2965 2526 3038 suppliciter
2550 2968 2803 3037 gratiam
2868 2977 3132 3030 vestram
3181 2976 3268 3048 [ut
3307 2964 3620 3040 detineatis

1963 3053 2240 3109 homines
2271 3053 2345 3109 de
2377 3055 2777 3126 Lotharingia,
2837 3063 2893 3114 et
2944 3063 3319 3123 Fredericum
3375 3070 3617 3138 ducem,

1964 3147 2146 3216 atque
2172 3142 2320 3233 alios
2348 3159 2502 3216 quos
2527 3145 2817 3217 poteritis,
2841 3163 2914 3204 ne
2931 3155 3296 3212 concordent
3321 3175 3461 3216 cum
3483 3178 3622 3233 rege

1966 3234 2149 3302 Cono,
2205 3231 2568 3288 inﬂectendo
2651 3251 2755 3291 eos
2807 3244 3106 3309 quantum
3161 3245 3466 3315 quiveritis
3543 3231 3624 3307 ad

1965 3320 2254 3377 auxilium
2312 3321 2484 3391 ejus.
2567 3322 2740 3379 Dabit
2803 3325 2976 3382 vobis
3027 3345 3138 3401 pro
3211 3333 3328 3390 hoc
3382 3341 3622 3409 negotio

1965 3409 2124 3466 mille
2170 3409 2355 3465 libras
2414 3410 2823 3486 denariorum,
2883 3421 2941 3472 et
2993 3423 3234 3478 centum
3281 3425 3486 3497 pallia,
3567 3433 3626 3486 et

1961 3498 2220 3554 dominre
2297 3498 2519 3569 reginas
2605 3503 2963 3562 Constantine
3018 3510 3378 3584 quingentas
3435 3517 3622 3578 libras

1960 3603 2371 3677 nummorum.
2417 3590 2557 3645 Orat
2606 3607 2714 3647 vos
2763 3597 2827 3649 ut
2879 3595 3008 3667 ipse
3055 3615 3190 3657 eam
3232 3603 3516 3677 salutetis,
3565 3615 3624 3667 et

1959 3675 2152 3732 ﬁlium
2207 3681 2474 3733 vestrum
2521 3694 2726 3749 regem
2801 3699 2875 3740 ex
2929 3692 3094 3759 parte
3148 3707 3308 3749 sua:
3387 3702 3444 3754 et
3504 3675 3621 3770 ego

1959 3783 2171 3839 precor
2192 3766 2512 3838 signiﬁcari
2537 3768 2742 3826 litteris
2767 3779 2872 3830 aut
2895 3779 3118 3834 nuntiis
3137 3783 3286 3853 quid
3314 3787 3500 3843 animi
3521 3766 3622 3846 vb-

1961 3855 2054 3910 bis
2088 3855 2162 3910 sit
2191 3871 2370 3928 super
2398 3857 2512 3913 hoc
2540 3859 2707 3930 quod
2734 3860 2861 3932 ipse
2890 3881 2998 3920 vos
3032 3874 3226 3937 rogat,
3286 3877 3351 3928 ut
3406 3891 3623 3933 renun-

1963 3943 2102 3999 tiem
2133 3943 2235 3999 illi.
2267 3945 2425 4002 Vale.

2569 4037 2906 4094 EPISTOLA
2948 4044 3010 4096 V.

2242 4135 2440 4176 ODONIS
2473 4137 2693 4179 COMITIS
2722 4141 2794 4180 AD
2822 4143 3113 4186 ROBERTUM
3144 4149 3342 4194 REGEM.

2590 4213 2784 4281 (Anno
2819 4218 2994 4289 1024).

2036 4297 2290 4353 Domino
2321 4315 2431 4354 suo
2462 4301 2586 4371 regi
2614 4304 2879 4362 Rosearo
2909 4325 3112 4368 comes
3138 4316 3276 4374 Ono.

2033 4390 2228 4443 Pauca
2258 4387 2389 4482 tibi,
2417 4389 2680 4482 domine,
2712 4394 2905 4454 dicere
2931 4400 3089 4473 volo,
3115 4405 3162 4460 si
3183 4408 3390 4466 audire
3415 4411 3621 4482 digne-

1962 4476 2065 4532 ris.
2091 4479 2301 4534 Comes
2331 4477 2678 4548 Richardus,
2705 4488 2840 4542 tuus
2853 4486 3064 4562 ﬁdelis,
3091 4497 3325 4553 monuit
3343 4515 3441 4554 me
3458 4476 3620 4557 v'eni-

1960 4581 2023 4660 re
2042 4565 2133 4660 had
2147 4566 2459 4638 justitiam,
2487 4576 2590 4627 aut
2618 4577 3024 4648 concordiam,
3053 4581 3127 4637 de
3156 4585 3413 4656 querelis
3465 4605 3620 4660 quas

1959 4653 2221 4711 habebat
2253 4660 2460 4714 contra
2489 4675 2607 4716 me.
2640 4664 2762 4732 Ego
2794 4681 2935 4722 vero
2979 4667 3114 4724 misi
3155 4653 3402 4729 causam
3460 4653 3620 4733 hanc

1960 4747 2150 4800 totam
2178 4744 2239 4800 in
2269 4762 2456 4803 manu
2484 4747 2693 4820 ipsius.
2722 4755 2870 4808 Tum
2901 4755 2996 4811 ille
3053 4773 3126 4814 ex
3177 4778 3474 4820 consensu
3515 4771 3619 4824 tuo

1961 4834 2264 4927 constituit
2285 4836 2430 4927 mihi
2458 4836 2766 4910 placitum,
2791 4844 3038 4914 quando
3073 4852 3129 4904 et
3151 4850 3252 4906 ubi
3273 4852 3387 4908 hoc
3415 4856 3621 4927 perﬁci

1960 4928 2184 5016 posset.
2222 4923 2337 4980 Sed
2357 4925 2614 4982 instante
2638 4930 2890 4986 termino
2923 4950 3062 4990 cum
3083 4937 3161 4992 ad
3190 4939 3304 4995 hoc
3333 4923 3622 5016 peragen-

1960 5011 2108 5068 dum
2121 5017 2367 5084 paratus
2382 5028 2576 5069 essem
2580 5017 2915 5086 ,mandavit
2935 5021 3080 5078 mihi
3100 5039 3176 5080 ne
3193 5042 3288 5083 me
3306 5011 3619 5101 fatigarem

1961 5101 2041 5156 ad
2060 5099 2404 5156 condictum
2419 5101 2708 5173 placitum
2731 5109 3046 5182 veniendo,
3071 5114 3212 5186 quia
3229 5134 3352 5175 non
3377 5099 3504 5180 erat
3517 5125 3621 5182 tibi

1961 5187 2128 5286 cordi
2157 5186 2339 5243 aliam
2349 5188 2836 5259 justiﬁcationem
2861 5195 2983 5253 sive
3004 5205 3621 5286 concordiamrecipe-

1959 5291 2024 5332 re
2043 5274 2160 5331 nisi
2173 5275 2287 5331 hoc
2312 5279 2545 5375 tantum
2565 5285 2629 5375 ut
2657 5279 2882 5375 faceres
2916 5287 3062 5345 mihi
3100 5291 3418 5356 defendere
3453 5274 3622 5375 quod

1961 5379 2085 5420 non
2097 5379 2292 5420 essem
2307 5366 2527 5436 dignus
2548 5369 2736 5427 ullum
2750 5372 3110 5437 beneﬁcium
3124 5388 3320 5443 tenere
3338 5389 3411 5445 de
3425 5366 3496 5448 te:
3507 5397 3620 5450 Nec

1964 5452 2077 5544 sibi
2093 5459 2428 5544 competere
2459 5457 2715 5529 dicebat,
2739 5467 2910 5521 utme
2925 5467 3002 5523 ad
3015 5471 3129 5527 tale
3142 5474 3440 5544 judicium
3459 5482 3620 5538 exhi-

1961 5541 2129 5599 beret
2153 5543 2278 5600 sine
2301 5553 2602 5605 conventu
2618 5552 2857 5624 parium
2878 5541 3158 5618 suorum:
3173 5566 3305 5621 Haec
3329 5582 3512 5627 causa
3532 5578 3618 5629 est

1962 5647 2069 5690 cur
2092 5631 2197 5690 tibi
2228 5633 2304 5690 ad
2325 5634 2612 5708 placitum
2634 5656 2758 5698 non
2779 5648 3026 5704 occurri.
3052 5650 3169 5710 Sed
3184 5651 3258 5709 de
3273 5658 3346 5725 te,
3373 5656 3616 5718 domine

3086 5743 3154 5796 30
