3984 6180
440 211 544 265 939

1643 206 1943 260 ROBERTI
1984 201 2180 259 REGIS
2222 202 2665 261 FRANCORUM.

3751 214 3850 267 940

440 332 544 404 mi,
569 331 745 389 valde
775 328 975 399 miror,
1008 326 1111 400 qui
1167 342 1263 383 me
1296 331 1416 383 tam
1474 342 1853 401 praepropere
1902 343 2088 383 causa
2123 328 2172 381 Α
2202 343 2357 394 sum,
2386 332 2442 383 et
2491 344 2613 384 non
2662 329 2983 385 defendam
3039 332 3331 385 honorem
3385 347 3589 387 meum
3619 332 3652 387 Ἰ
3679 334 3848 390 Deum

439 422 775 478 indiscussa
821 420 923 474 tuo
999 414 1290 474 beneﬂcio
1358 417 1678 489 judicabas
1754 416 2088 487 indignum.

437 516 584 568 Nam
617 508 666 564 si
688 506 1038 582 respiciatur
1066 507 1143 564 ad
1173 507 1577 564 conditionem
1628 506 1879 577 generis,
1924 505 2093 562 daret

437 597 537 654 Dei
566 592 755 668 gratia
783 591 951 672 quod
979 594 1400 653 haereditahilis
1432 595 1562 651 sim.
1619 595 1671 651 Si
1702 595 1779 651 ad
1835 592 2089 667 qualita-

434 689 553 742 tem
581 686 857 742 benetlcii
885 684 1053 759 quod
1079 680 1225 741 mihi
1265 680 1499 752 dedisti,
1531 688 1764 740 constat
1794 683 1937 756 quia
1966 699 2089 739 non

433 782 521 834 est
574 777 648 834 de
700 779 805 833 tuo
871 775 1043 844 fisco,
1099 775 1204 832 sed
1255 776 1330 831 de
1404 775 1498 830 his
1549 792 1682 848 quae
1768 774 1912 830 mihi
1984 790 2091 847 per

432 870 599 923 tuam
656 864 909 937 gratiam
961 879 1033 922 ex
1112 863 1444 937 majoribus
1497 864 1645 919 meis
1714 862 2089 919 haereditario

427 955 561 1027 jure
615 955 987 1026 contingunt.
1047 955 1104 1012 Si
1158 955 1236 1010 ad
1293 953 1512 1010 servitii
1586 953 1885 1021 meritum,
1958 952 2089 1025 ipse

431 1046 696 1119 profecto
780 1045 938 1101 nosti
970 1090 983 1116 ,
1062 1042 1254 1101 donec
1312 1049 1477 1100 tuam
1531 1044 1782 1116 gratiam
1853 1042 2040 1099 habui
2073 1087 2087 1113 ,

432 1132 742 1207 quomodo
795 1132 898 1190 tibi
947 1133 1252 1189 servierim
1308 1132 1512 1201 domi,
1586 1136 1642 1189 et
1695 1131 1915 1187 militias
1942 1175 1954 1199 ,
2033 1135 2090 1187 et

430 1238 698 1296 peregre.
731 1227 802 1279 At
828 1226 1153 1296 postquam
1212 1226 1376 1278 tuam
1434 1221 1687 1290 gratiam
1746 1220 2008 1276 avertisti
2053 1235 2090 1275 a

430 1329 548 1382 me,
581 1317 637 1368 et
663 1308 956 1368 honorem
977 1327 1159 1385 quem
1190 1308 1443 1366 dederas
1472 1308 1618 1366 mihi
1664 1309 1863 1365 tollere
1916 1309 2085 1364 nisus

430 1419 513 1474 es,
546 1402 593 1457 si
620 1416 717 1458 me
740 1406 796 1458 et
816 1402 1106 1458 honorem
1136 1417 1342 1456 meum
1358 1400 1736 1456 defendendo
1767 1398 1969 1473 aliqua
1986 1398 2087 1454 tibi

428 1492 662 1563 ingrata
689 1491 982 1562 commisi,
1010 1490 1121 1546 feci
1153 1491 1267 1546 hoc
1288 1486 1595 1546 lacessitus
1621 1487 1852 1560 injuriis
1883 1492 1939 1544 et
1990 1503 2088 1544 ne-

430 1579 697 1636 cessitate
728 1586 987 1636 coactus.
1023 1579 1339 1644 Quomodo
1394 1577 1551 1634 enim
1603 1577 1894 1634 dimittere
1947 1590 2083 1649 pos-

2203 417 2258 471 et
2321 416 2587 473 animam
2646 435 2842 474 meam
2901 422 3077 474 testor
3123 419 3288 491 quod
3335 419 3521 490 magis
3578 420 3848 490 eligerem

2200 503 2528 562 honoratus
2604 508 2775 575 mori,
2861 525 3046 580 quam
3131 507 3327 563 vivere
3405 508 3845 569 dishonoratus.
3924 503 3925 580 ἕ

2199 594 2272 650 At
2325 596 2373 650 si
2420 612 2515 652 me
2572 596 2966 654 dishonorare
3042 597 3186 653 velle
3233 597 3503 665 desistas,
3598 599 3749 655 nihil
3799 604 3843 656 iu

2198 684 2429 740 mundo
2502 691 2590 742 est
2640 686 2805 759 quod
2878 687 3071 756 magis
3119 703 3307 761 quam
3385 688 3648 757 gratiam
3705 693 3847 745 tuam

2196 772 2290 828 vel
2339 774 2560 830 habere
2616 775 2708 829 vel
2758 776 3085 848 promereri
3141 775 3497 831 desiderem.
3555 777 3846 833 Discordia

2196 863 2356 918 enim
2404 867 2509 919 tua
2562 863 2709 919 mihi
2765 865 3011 937 quidem
3096 865 3513 921 molestissima
3571 871 3685 927 est.
3762 869 3844 921 sed

2197 957 2252 1007 et
2306 952 2427 1020 tibi,
2486 952 2565 1007 mi
2618 952 2881 1019 domine,
2942 954 3087 1009 tollit
3142 952 3321 1009 ofﬁcii
3376 953 3457 1009 tui
3504 953 3775 1010 radicem
3802 964 3844 1011 et

2195 1042 2453 1098 fructum
2531 1061 2544 1099 :
2623 1045 2915 1115 justitiam
2973 1044 3187 1117 loquor
3256 1050 3313 1100 et
3366 1061 3608 1119 pacem.
3704 1047 3842 1103 Unde

2196 1131 2539 1204 suppliciter
2595 1148 2777 1188 exoro
2835 1132 3215 1188 clementiam
3267 1132 3455 1199 illam,
3545 1149 3692 1206 qum
3756 1135 3839 1189 tibi

2195 1218 2541 1275 naturaliter
2599 1220 2785 1287 adest,
2842 1220 2892 1275 si
2934 1220 3200 1290 maligno
3266 1220 3517 1277 consilio
3578 1238 3710 1277 non
3758 1223 3840 1277 tol-

2193 1306 2368 1379 latur,
2423 1312 2489 1364 ut
2538 1311 2665 1379 jam
2721 1309 2965 1365 tandem
3024 1326 3060 1365 a
3100 1310 3511 1382 persecutione
3575 1326 3716 1366 mea
3755 1311 3836 1366 de-

2196 1397 2390 1460 sistas,
2459 1414 2675 1471 meque
2731 1399 2835 1454 tibi
2919 1399 3041 1454 sive
3097 1415 3205 1471 per
3255 1399 3627 1455 domesticos
3708 1405 3834 1459 tuos.

2195 1502 2299 1542 seu
2346 1503 2451 1561 per
2497 1505 2714 1544 manus
2734 1488 3075 1561 principum
3122 1487 3489 1545 reconciliari
3527 1489 3831 1563 permittas.

2194 1576 2354 1632 Vale.

431 1720 2778 1749 π

1224 1800 1709 1920 ΗῖΜΝΙ
1775 1801 1955 1920 ΕΤ
2028 1804 2066 1918 l

2182 1797 3039 1922 ESPONSORIA

1673 1980 1997 2036 ROBERTO
2037 1979 2199 2034 REGI
2239 1978 2599 2034 ASCRlPTA.

427 2106 750 2177 (Hymnum
780 2102 863 2177 de
883 2101 1100 2177 Spiritu
1125 2105 1332 2157 sancto
1353 2102 1587 2177 edimus
1617 2116 1687 2156 ex
1740 2102 2018 2177 Daniele,
2057 2102 2904 2177 Thesaurusihymnologicus,
2968 2106 3112 2157 tom.
3176 2106 3241 2169 ΙΙ,
3269 2116 3413 2174 pag,
3444 2106 3518 2159 35
3543 2120 3558 2170 ;
3596 2102 3821 2175 reliquos

495 2173 894 2248 suppeditavit
913 2173 1360 2248 CiiLlcaroveus,
1390 2175 1873 2248 Eiucidatorium
1895 2175 2376 2248 ecclesiasticum,
2402 2173 2561 2229 Paris
2599 2179 2754 2243 1521,
2788 2174 2911 2232 fol..
2940 2179 3080 2230 tom.
3113 2178 3179 2231 lt.
3230 2173 3369 2246 pag.
3399 2178 3492 2242 37,
3554 2178 3678 2243 206,
3715 2173 3818 2235 '207,

492 2244 767 2319 21?,‘230,
806 2249 924 2314 141,
962 2246 1079 2302 121.
1110 2244 1250 2301 Vide
1270 2247 1578 2302 Notitiam.
1597 2246 1959 2302 litterariam
1982 2245 2211 2318 supra.)

1813 2369 2059 2380 ...ι-η--ο

762 2530 1039 2599 Hymnus
1065 2529 1390 2599 deSpiritu
1421 2536 1628 2587 sancto
1653 2530 1723 2600 (4)

634 2625 685 2677 1.
725 2618 868 2675 Veni
889 2622 1092 2675 sancte
1116 2618 1363 2691 Spiritus

730 2712 797 2766 Et
826 2709 1027 2765 emitte
1057 2708 1291 2764 coalitus

728 2798 897 2855 Lucis
922 2801 1037 2853 tuae
1066 2797 1329 2866 radium,
1438 2836 1443 2841 -

625 2892 680 2945 2.
722 2886 864 2942 Veni
893 2890 1062 2959 pater
1087 2900 1449 2958 pauperum,

724 2973 869 3031 Veni
896 2974 1070 3031 dator
1098 2989 1442 3042 munerum,

728 3062 869 3119 Veni
892 3061 1099 3117 lumen
1132 3061 1425 3118 sordium.

629 3156 683 3210 3.
722 3150 1075 3208 Consolator
1099 3149 1346 3224 optime,

720 3241 921 3298 Dulcis
949 3240 1175 3314 hospes
1200 3240 1438 3310 animae,

723 3330 906 3386 Dulce
930 3329 1324 3401 refrigerium.

624 3425 680 3480 6.
722 3425 788 3478 1n
813 3420 1020 3477 labore
1050 3420 1305 3492 requies,

726 3515 791 3568 in
821 3514 971 3567 metu
992 3509 1305 3582 temperies

723 3602 790 3655 In
808 3599 953 3656 ﬂetu
981 3597 1279 3655 solatium.

626 3692 680 3745 5.
721 3688 765 3744 Ο
785 3686 889 3742 lux
909 3685 1258 3742 beatissima

725 3775 904 3848 Reple
935 3774 1132 3832 cordis
1161 3774 1374 3832 intima

724 3867 986 3923 Tuorum
1016 3863 1308 3920 ﬁdelium.

625 3961 679 4013 6.
723 3954 858 4012 Sine
888 3958 991 4010 tuo
1017 3953 1265 4009 numine

723 4043 877 4100 Nihil
903 4046 992 4099 est
1017 4041 1079 4098 in
1110 4041 1355 4098 homine

722 4131 873 4188 Nihil
901 4138 991 4188 est
1011 4130 1348 4187 innoxium.

472 4256 556 4328 ’(4)
590 4257 809 4334 Omnes
840 4269 1149 4334 sacrorum
1179 4252 1517 4334 carminum
1547 4256 1867 4334 amatores,
1925 4270 2073 4334 qua-

411 4323 503 4382 les
540 4323 616 4382 et
667 4328 966 4398 quotquot
1016 4323 1200 4398 fuere,
1263 4325 1496 4398 regium
1542 4329 1784 4398 poetam
1832 4323 2072 4381 Davidis

412 4398 602 4455 instar
648 4395 879 4453 nbmini
930 4395 1188 4451 Domini
1217 4395 1573 4466 psallentem
1639 4396 1894 4466 dignum
1940 4412 2073 4453 cen-

413 4469 851 4541 sebanthquem
898 4467 1179 4541 summis,
1207 4467 1490 4541 laudibus
1511 4469 1871 4541 geveherent.
1961 4470 2073 4541 Op-

412 4542 554 4597 time
586 4536 976 4597 Clichtovaeus
1039 4555 1050 4592 :
1112 4540 1292 4594 «Non
1314 4536 1458 4595 satis
1509 4538 1637 4595 haec
1663 4539 1875 4604 oratio,
1934 4536 2070 4604 méa

412 4612 659 4685 quidem
690 4609 1000 4685 sententia,
1054 4609 1468 4685 commendari
1513 4614 1731 4685 potest,
1774 4623 1919 4685 nam
1946 4609 2070 4685 orh-

413 4681 477 4739 ni
527 4681 1049 4739 commendatione
1094 4683 1363 4754 superior
1412 4681 1534 4738 est:
1583 4713 1653 4722 ——
1705 4681 2068 4754 Crediderim

413 4755 583 4812 facile
638 4758 944 4811 auctorem
988 4752 1276 4824 (quisq—uis
1332 4755 1380 4824 is
1426 4753 1640 4824 fuerit)
1696 4768 1849 4824 cum,
1912 4752 2067 4809 hanc

412 4826 713 4915 contexuit
767 4823 1376 4915 01'ationem_cmlesti
1426 4823 1699 4915 quadam
1753 4823 2068 4915 dulcedine

412 4896 724 4971 perfusum
772 4912 903 4951 esse
954 4895 1219 4971 interius,
1273 4910 1397 4971 qua
1426 4893 1646 4971 Spiritu
1692 4899 2066 4971 sanctoauo-

412 4962 537 5025 fore
585 4972 815 5025 tantam
887 4966 1174 5022 eructavit
1206 4962 1423 5021 've'rbis
1463 4962 1573 5021 "ab
1634 4980 1705 5021 eo
1755 4966 2067 5023 succinctis

413 5039 788 5096 suavitatem.
822 5061 850 5088 »
881 5068 950 5079 --
976 5037 1116 5110 Inde
1144 5036 1309 5110 haud
1338 5036 1649 5110 miramur,
1685 5038 2067 5110 Sequentiam

412 5126 597 5185 supra
636 5110 911 5207 positam
933 5109 995 5166 in
1014 5107 1290 5207 plurimis
1316 5108 1577 5207 ecclesiis
1603 5107 1809 5207 inmissi—1
1843 5109 2063 5192 fuisse,
2102 5149 2149 5207 Β

455 5180 740 5256 raesertim
765 5180 910 5237 feria
942 5180 1209 5237 secunda
1236 5182 1626 5256 Pentecostes.
1650 5180 1899 5256 Namin
1928 5180 2063 5256 ipsa

410 5199 740 5306 praesertim
765 5199 910 5237 terra
942 5199 1209 5237 secunda
1236 5199 1626 5257 rentecosws.
1655 5199 1804 5236 nam
1838 5199 1899 5238 1n
1928 5199 2059 5256 ipsa

462 5252 722 5325 ominica
748 5256 957 5325 cantus
992 5270 1003 5307 :
1037 5253 1252 5308 Sancti
1276 5252 1541 5325 Spiritus
1562 5250 1726 5325 nobis
1744 5253 1900 5325 adsit
1922 5270 2059 5325 gra-

413 5325 518 5393 tia,
546 5323 656 5394 qui
676 5323 968 5393 majorem
1001 5326 1351 5379 vetustatem
1380 5322 1705 5392 redolebat,
1760 5323 1880 5379 fere
1926 5322 2060 5380 ubi-

408 5392 530 5468 que
558 5392 788 5468 sedem’
818 5409 993 5468 suam
1040 5394 1324 5468 obtinuit._
1374 5396 1443 5450 Ut
1466 5410 1627 5450 nunc
1685 5400 1791 5468 est,
1821 5410 1958 5468 cum
1988 5412 2062 5451 ex

408 5464 689 5539 universa
716 5464 1170 5539 Sequentiarum
1197 5465 1386 5539 clade,
1418 5482 1554 5539 quae
1580 5467 1799 5539 smculo
1824 5467 2058 5539 decimo

408 5543 573 5595 sexto
597 5537 755 5594 facta
778 5536 888 5604 est,
947 5536 1109 5592 solus
1156 5536 1459 5594 Robertus"
1489 5554 1628 5593 cum
1683 5538 1868 5592 tribus
1931 5537 2059 5594 aliis

450 5610 597 5683 oetis
626 5608 825 5665 salvus
851 5606 1118 5683 evaserit,
1146 5613 1420 5683 cantatur
1435 5610 1566 5683 ipsa
1584 5611 1947 5683 Pentecostes
1970 5627 2058 5664 so-

426 5678 711 5739 emnitate
753 5704 780 5729 «
811 5684 869 5738 et
891 5678 1106 5738 dicitur
1131 5679 1397 5752 quotidie
1422 5678 1613 5752 usque
1670 5681 1747 5737 ad
1803 5695 2058 5752 sequens

2156 2367 2433 2378 ..α-ο*

2399 2445 2452 2494 7.
2496 2440 2651 2494 Lava
2671 2437 2837 2511 quod
2868 2441 2956 2493 est
2984 2437 3319 2509 sordidum,

2494 2526 2638 2597 Riga
2676 2526 2842 2599 quod
2869 2530 2958 2584 est
2985 2526 3246 2594 aridum,

2494 2617 2652 2672 Sana
2680 2615 2847 2688 quod
2874 2620 2963 2671 est
2987 2616 3282 2673 saucium.

2399 2709 2452 2762 8.
2498 2704 2685 2761 Flecte
2709 2706 2873 2777 quod
2903 2710 2994 2763 est
3014 2705 3298 2776 rigidum,

2495 2793 2649 2849 Fovc
2675 2794 2841 2865 quod
2870 2797 2963 2850 est
2988 2792 3292 2864 frigidum,

2501 2885 2654 2950 Rege
2685 2882 2851 2954 quod
2875 2886 2969 2939 est
2991 2881 3256 2939 devium.

2397 2977 2449 3027 9.
2492 2973 2577 3027 Da
2602 2971 2717 3026 tuis
2745 2970 3024 3028 ﬁdelibus

2494 3065 2559 3117 1n
2587 3065 2641 3115 te
2671 3060 3113 3127 conlidentibus

2497 3151 2746 3206 Sacrum
2775 3149 3201 3222 septenarium.

2364 3242 2448 3294 10.
2492 3241 2576 3295 Da
2603 3238 2833 3295 virtutis
2862 3239 3166 3309 meritum,

2496 3330 2580 3382 Da
2604 3327 2814 3383 salutis
2847 3328 3094 3395 exitum,

2497 3419 2578 3473 Da
2605 3432 2868 3489 perenne
2898 3416 3209 3487 gaudium.

2980 3506 3045 3561 Il.

2513 3596 2792 3664 Hymnus
2821 3596 2886 3651 in
2918 3600 3179 3664 tempore
3206 3595 3484 3665 paschali.

2466 3684 2691 3741 Chorus
2720 3699 2895 3740 novae
2924 3684 3297 3741 Hierusalem

2394 3776 2556 3829 Nova
2572 3771 2715 3829 meli
2742 3772 3062 3830 dulcedine

2392 3865 2633 3919 Promat
2664 3883 2680 3918 ε
2706 3862 2909 3919 colens
2934 3880 3075 3921 cum
3105 3863 3322 3921 sobriis

2394 3950 2676 4008 Paschale
2705 3950 2923 4008 festum
2951 3951 3209 4022 gaudiis.

2463 4042 2592 4106 Quo
2623 4040 2887 4097 Christus
2914 4040 3169 4096 invictus
3209 4040 3304 4098 leo

2389 4131 2658 4195 Dracone
2689 4144 2941 4200 surgens
2972 4129 3207 4197 obruto,

2181 4252 2510 4310 Sabbatum
2540 4251 2841 4326 inclusive.
2876 4272 2905 4326 ιγ
2935 4254 3154 4326 Neque!
3183 4252 3243 4326 in
3291 4252 3533 4326 Lutheri
3586 4245 3799 4326 Ecclesia

2178 4340 2420 4381 carmen
2446 4330 2721 4381 nostrum
2777 4319 3065 4391 obticuit}
3120 4324 3454 4380 dolendum
3511 4330 3685 4381 tamen
3723 4319 3795 4391 est

2175 4412 2299 4452 non
2325 4396 2636 4468 fuisse,qu1
2668 4388 3468 4468 Sequentiam'elegantergac
3489 4388 3798 4453 suavitati?

2175 4468 2318 4524 cerit
2333 4465 2782 4524 Germahicamf
2791 4466 3181 4524 Vetustiorem
3200 4465 3650 4525 translationem
3671 4476 3801 4536 qure-

2174 4555 2272 4595 ras
2286 4536 2439 4595 Altd.
2470 4538 2551 4594 Bl.
2584 4540 2669 4606 IV,
2689 4542 2887 4611 p.379.
2922 4570 2989 4578 —
3019 4543 3071 4595 2.
3102 4538 3299 4595 Matth.
3332 4554 3394 4610 v,
3428 4542 3481 4607 3,
3506 4537 3671 4596 Beati
3674 4546 3800 4611 Pau-

2168 4626 2341 4685 peres
2370 4610 2609 4685 spiritu.
2638 4607 2712 4685 _—1
2740 4613 2793 4685 ft.
2824 4614 2974 4679 Aug.
3009 4613 3255 4685 e_t_/letu.
3307 4607 3385 4651 -'
3432 4614 3484 4665 6.
3516 4614 3635 4666 Pm.
3670 4607 3799 4685 Terr.

2173 4680 2236 4738 in
2266 4684 2506 4749 lumine,
2543 4680 2959 4753 Opinabantur
2987 4681 3242 4753 editores
3286 4698 3503 4739 omnes
3558 4680 3799 4753 carminis

2173 4753 2498 4810 versiculos
2520 4752 2791 4825 desinere
2812 4752 2875 4825 in
2915 4752 3296 4825 ὁμοιοτέλευτα.
3353 4753 3655 4825 Laudatur
3674 4752 3804 4825 stro-

2172 4826 2296 4898 pha
2321 4830 2485 4892 sexta
2513 4825 2575 4880 in
2607 4822 2988 4881 Confessioue
3009 4829 3377 4896 Augustana.
3438 4856 3511 4865 ——
3565 4830 3614 4882 7.
3645 4822 3706 4879 Η.
3736 4822 3801 4887 12,

2172 4912 2321 4943 smm
2352 4929 2420 4936 —
2446 4897 2598 4943 ria/1-
2626 4928 2693 4937 —
2719 4898 2770 4943 8-
2800 4897 2911 4943 Pr._
2941 4896 3124 4943 reduc
3147 4894 3325 4943 mind-
3354 4928 3423 4936 —
3453 4899 3510 4943 9-
3539 4896 3603 4943 Μ-
3634 4897 3705 4943 i2.
3736 4890 3801 4943 l7.

2172 4894 2321 4953 sana
2352 4929 2420 4936 —
2446 4897 2600 4968 riga.
2626 4928 2693 4937 —
2719 4898 2770 4951 8.
2800 4897 2912 4966 Pr.,
2941 4894 3125 4952 reduc
3189 4894 3325 4952 uod.
3354 4928 3423 4936 —
3453 4899 3511 4952 9.
3538 4896 3603 4952 Μ.
3634 4897 3705 4950 12.
3736 4894 3801 4943 l7.

2174 4969 2261 5023 Fr.
2297 4970 2412 5035 Es.,
2446 4983 2617 5049 sacro
2640 4967 2995 5049 septenario.
3031 4967 3103 5049 Hi
3126 4913 3263 5023 lilbri
3282 4966 3513 5049 faciunt
3532 4962 3801 5045 stropham

2169 5054 2399 5095 nonam
2429 5039 2756 5095 arctissime
2810 5037 3209 5094 cohaerentem
3262 5053 3404 5095 cum
3459 5037 3708 5094 decima.
3748 5060 3800 5073 —

2175 5110 2572 5183 Nolitandem
2599 5109 3042 5183 praetermittere
3066 5110 3454 5167 artiﬁciosam
3478 5109 3656 5183 totius
3704 5118 3801 5183 98!.

2173 5181 2351 5255 minis
2412 5178 2746 5255 οἰκονομῐίαν.Δ
2778 5181 2840 5236 1d
2870 5196 3059 5255 unum
3087 5186 3364 5255 precatur
3391 5186 3572 5255 poeta
3602 5178 3800 5255 ut__Spi-

2169 5253 2315 5308 ritus
2342 5246 2591 5309 sanctus
2619 5252 2834 5318 veniat,
2869 5256 2933 5307 ut
2960 5252 3061 5308 det
3088 5246 3344 5309 inunera
3374 5246 3484 5308 s'ua
3536 5246 3797 5318 ﬁdelibus.

2170 5325 2377 5396 Incipit
2396 5324 2573 5393 igitur
2601 5341 2612 5379 :
2658 5325 2800 5381 Veni
2824 5317 2881 5378 et
2901 5322 3114 5379 iterum
3144 5329 3422 5381 sanctum
3451 5337 3671 5396 munus
3696 5317 3801 5396 _1la-

2170 5391 2313 5465 gitat
2340 5391 2771 5469 ter—repetendo
2812 5410 3021 5469 vocem
3076 5398 3317 5469 zilfeni.
3370 5395 3553 5469 Simili
3606 5391 3799 5469 ratioth

2169 5463 2415 5541 Stropha
2444 5463 2566 5541 non
2598 5483 2634 5523 a
2658 5468 2854 5541 primo
2881 5466 3013 5541 loco
3042 5467 3284 5541 exhibet
3301 5467 3690 5541 vocabulum:
3710 5463 3797 5541 Da.

2166 5533 2352 5613 quod,
2379 5539 2618 5613 duobus
2647 5533 2920 5613 versibus
2961 5538 3344 5613 interpositis,
3402 5543 3488 5596 ter
3536 5533 3801 5611 profertur

2167 5608 2226 5665 in
2258 5611 2506 5685 stropha
2533 5610 2785 5668 decima.
