3996 6178
174 188 281 242 941

483 310 639 364 Dum
674 322 823 363 voce
850 308 982 363 viva
1011 309 1296 381 personat
1323 322 1336 360 :

475 400 524 453 A
554 403 754 454 morte
784 397 1017 453 functos
1050 396 1282 452 excitat.

553 489 753 553 Quam
785 486 1104 543 devorarat
1129 484 1446 557 improbus

475 576 758 633 Praedam
788 576 1049 633 refundit
1072 580 1328 632 tartarus
1357 593 1370 631 :

475 667 832 740 Captivitate
862 665 1050 721 libera

474 757 683 812 Jesum
716 757 1053 828 sequuntur
1084 751 1347 822 agmina.

551 842 915 918 Triumphat
942 842 1037 898 ille
1063 840 1375 915 splendide
1408 860 1421 897 :

480 934 548 988 Et
574 931 800 1003 dignus
831 929 1247 1004 amplitudine,

482 1021 624 1087 Soli,
653 1020 899 1095 polique
924 1019 1206 1092 patriam,

479 1112 676 1166 Unam
708 1110 850 1166 facit
876 1108 1336 1181 rempublicam.

556 1201 764 1272 Ipsum
790 1199 1063 1255 canendo
1090 1197 1391 1271 supplices

484 1291 708 1357 Regem
736 1303 1052 1359 precemur
1077 1286 1311 1342 milites.

481 1378 553 1432 Ut
578 1376 639 1431 in
672 1366 785 1431 Si!)
816 1372 1152 1431 clarissimo

482 1468 599 1521 Nos
633 1464 875 1520 ordinet
899 1464 1143 1537 palatio.

554 1556 668 1611 Per
697 1554 875 1610 saecla
904 1557 1076 1609 metas
1103 1553 1307 1610 nescia

482 1643 639 1700 Patri
674 1659 960 1716 supremo
994 1642 1184 1713 gloria
1210 1662 1222 1711 ;

483 1736 810 1806 Honorque
844 1732 918 1788 sit
947 1748 1085 1788 cum
1115 1732 1262 1789 Filio

483 1825 552 1879 Et
582 1822 805 1897 Spiritu
836 1821 1142 1895 paraclito.

700 1935 911 1986 Amen.

1002 2056 1070 2110 IIl

456 2168 605 2221 Item
631 2162 892 2233 hymnus
922 2162 985 2218 in
1017 2168 1276 2231 tempore
1301 2162 1601 2232 paschali.

552 2292 648 2357 Te,
680 2287 833 2343 lucis
858 2291 1083 2357 auctor,
1114 2292 1437 2360 personent

483 2379 672 2451 Hujus
704 2382 957 2435 catervas
987 2377 1258 2434 carmina

482 2471 679 2536 Quam
712 2472 775 2523 tu
798 2466 1035 2540 replesti
1061 2466 1251 2537 gratia

480 2558 789 2615 Anastasis
817 2556 1106 2630 potentia.

555 2647 734 2704 Nobis
764 2647 891 2703 dies
921 2647 1018 2703 hic
1046 2646 1241 2703 innuit

484 2736 649 2793 Diem
683 2752 1037 2809 supremum
1064 2736 1264 2791 sistere
1299 2754 1310 2790 :

484 2828 613 2891 Quo
638 2830 910 2881 mortuos
935 2840 1247 2895 resurgere

486 2917 747 2988 Vit/asque
782 2914 871 2971 fas
900 2915 971 2969 sit
1000 2914 1267 2969 reddere.

561 3005 779 3061 Octava
809 3003 1005 3075 prima
1034 3002 1301 3058 redditur
1328 3021 1340 3058 :

488 3094 643 3148 Dum
672 3109 837 3148 mors
868 3092 946 3147 ab
972 3091 1138 3147 unda
1170 3091 1406 3147 tollitur.

490 3204 641 3257 Dum
669 3203 866 3256 mente
897 3198 1382 3255 circumcidimur
1409 3216 1421 3253 :

488 3290 751 3361 Novique
781 3289 1030 3344 demum
1060 3287 1382 3344 nascimur.

560 3382 714 3435 Dum
742 3395 922 3435 mane
952 3382 1224 3434 nostrum
1254 3376 1555 3433 cernimus

490 3468 731 3526 Redisse
762 3469 929 3525 victis
955 3468 1228 3524 hostibus
1262 3486 1273 3522 :

488 3558 805 3633 Mundique
830 3558 1040 3614 luxum
1076 3558 1416 3626 temnimus,

490 3650 708 3703 Panem
738 3647 945 3703 salutis
975 3646 1289 3702 sumimus.

562 3736 699 3793 Haec
729 3737 889 3793 alma
915 3737 991 3793 sit
1019 3735 1385 3793 sollemnitas
1421 3754 1433 3790 :

492 3829 573 3885 Sit
601 3828 762 3885 clara
790 3828 920 3884 haac
948 3827 1230 3884 festivitas
1255 3845 1268 3894 ;

495 3917 577 3975 Sit
602 3917 809 3975 feriata
838 3917 1074 3988 gaudiis

490 4008 622 4066 Dies
651 4009 901 4065 reducta
928 4008 1008 4065 ab
1038 4007 1261 4064 inferis.

666 4119 875 4171 Amen.

988 4238 1077 4293 IV.

549 4356 741 4411 Prosa
774 4355 836 4409 in
863 4354 1221 4409 Ascensione
1250 4352 1508 4408 Domini.

274 4493 404 4547 Rex
425 4489 824 4562 omnipotens,
855 4489 949 4545 die
977 4488 1288 4558 hodierna,

274 4578 497 4636 Mundo
524 4578 869 4653 triumphali
894 4579 1207 4652 redempto
1236 4578 1522 4652 potentia,

272 4669 475 4725 Victor
499 4669 766 4726 ascendit
792 4668 853 4724 in
884 4668 1067 4724 caelos
1092 4668 1252 4723 unde
1279 4666 1693 4724 descenderat.

275 4762 430 4814 Nam
458 4757 857 4830 quadraginta
882 4761 1207 4830 postquam
1229 4761 1564 4812 surrexerat

276 4846 502 4903 Diebus
541 4847 723 4903 sacris
770 4846 1136 4903 conﬁrmans
1174 4850 1415 4919 pectora
1464 4845 1865 4918 apotolorum,

191 4937 381 5013 pacis
407 4938 589 4993 chara
613 4937 960 5009 relinquans
991 4936 1214 4991 oscula.

278 5026 515 5094 Quibus
543 5031 601 5083 et
626 5028 789 5084 dedit
817 5030 1170 5100 potestatem
1195 5026 1440 5083 laxandi
1462 5026 1735 5097 crimina,

282 5120 352 5173 Et
380 5117 541 5174 misit
568 5134 670 5174 eos
698 5117 759 5173 in
787 5115 1087 5172 mundum
1126 5115 1430 5188 baptizare
1461 5120 1707 5173 cunctas
1740 5115 1868 5172 ani-

278 5223 368 5262 as.

278 5225 368 5262 as.

195 5225 350 5351 min
380 5294 587 5364 Patris,
619 5299 677 5352 et
706 5295 847 5365 Filii,
882 5300 940 5351 et
973 5293 1221 5367 Spiritus
1250 5293 1437 5349 sancti
1462 5293 1796 5351 clementia.

280 5386 350 5440 Et
380 5399 745 5440 convescens
772 5383 1055 5457 praecepit
1081 5383 1165 5439 eis
1190 5382 1268 5438 ab
1292 5381 1717 5453 Hierosolymis

280 5479 365 5532 Ne
395 5476 629 5531 abirent
656 5475 759 5531 sed
800 5478 1215 5549 exspectarent
1258 5473 1560 5546 promissa
1600 5488 1871 5529 munera.

285 5569 418 5623 Non
447 5570 584 5638 post
610 5566 833 5623 multos
863 5565 1026 5621 enim
1055 5564 1182 5621 dies
1211 5563 1444 5620 mittam
1487 5561 1655 5618 vobis
1698 5562 1877 5635 Spiri-

195 5660 345 5714 tum
373 5654 732 5727 paraclitum
752 5654 811 5711 in
845 5653 1032 5710 terris.

1470 172 1693 234 HYMNI
1731 175 1817 231 ET
1855 174 2363 238 ansrossoam.
2414 250 2423 251 ί

3556 206 3662 263 942

1894 301 1946 356 Α
1982 394 2018 449 S
2056 306 2122 360 Et
2160 305 2321 404 eritis
2358 306 2509 363 mihi
2536 312 2715 367 testes
2738 310 2800 368 in
2830 312 3223 385 Hierusalem,
3277 318 3511 397 Iudaea,
3545 325 3664 384 sive

2022 409 2273 449 amaria.

2022 409 2273 451 amarla.

2048 485 2116 539 Et
2142 501 2283 541 cum
2311 486 2427 544 hoc
2452 487 2717 560 dixisset,
2743 491 3085 551 videntibus
3108 494 3222 551 illis
3258 495 3531 560 elevatus
3553 511 3661 572 est,

1975 576 2033 628 et
2062 573 2257 630 nubes
2288 575 2470 634 clara.

1978 750 1989 761 .
2051 663 2322 736 Suscepit
2351 682 2492 723 eum
2521 667 2602 725 ab
2630 685 2842 727 eorum
2867 671 3076 741 oculis,
3109 672 3490 736 intuentibus
3543 681 3656 738 illis

1973 766 2038 805 lIl
2065 766 2207 807 aera
2500 778 2513 785 ’

2049 843 2196 896 Ecce
2226 846 2435 902 stetere
2464 848 2665 905 amicti
2695 849 2817 905 duo
2843 849 2952 905 viri
2975 850 3037 906 in
3067 854 3232 908 veste
3261 853 3402 911 alba

2047 931 2223 988 Juxta
2283 934 2544 993 dicentes
2592 956 2605 994 :
2673 939 2828 1005 Quid
2894 940 3288 998 admiramini
3363 945 3651 1004 caelorum

1976 1017 2149 1075 aha?

2049 1110 2217 1163 Jesus
2247 1111 2408 1169 enim
2437 1112 2532 1169 hic
2572 1115 2677 1188 qui
2722 1122 3070 1191 assumptus
3111 1122 3203 1176 est
3253 1135 3290 1176 a
3345 1119 3518 1179 vobis
3572 1123 3651 1180 ad

1977 1197 2164 1252 Patris
2190 1198 2519 1273 dexteram,

1977 1374 1998 1429 1
2052 1286 2121 1341 Ut
2150 1288 2420 1346 ascendit
2448 1290 2528 1346 ita
2557 1291 2771 1362 veniet,
2802 1307 3081 1364 quaerens
3110 1294 3315 1353 talenti
3347 1298 3649 1356 commissi

2002 1390 2164 1429 uera.

2002 1390 2164 1430 uera.

2051 1465 2095 1520 Ο
2128 1466 2282 1520 Deus
2303 1467 2476 1536 mari,
2509 1468 2652 1540 poli,
2686 1469 2835 1539 arvi,
2868 1470 3178 1529 hominem
3207 1489 3390 1547 quem
3415 1475 3645 1546 creasti;

1976 1568 2162 1626 quem
2186 1553 2396 1611 fraude
2425 1556 2683 1613 subdola

1897 1658 1941 1715 Β
2050 1642 2243 1699 Hostis
2275 1645 2502 1717 expulit
2547 1646 2876 1717 paradiso;
2923 1652 2980 1704 et
3023 1650 3393 1722 captivatum
3442 1668 3648 1711 secum

1975 1732 2153 1789 traxit
2182 1733 2263 1789 ad
2292 1738 2515 1790 tartara
2542 1753 2555 1802 ;

2051 1823 2354 1894 Sanguine
2383 1823 2629 1898 proprio
2658 1840 2843 1898 quem
2875 1828 3199 1901 redemisti,
3224 1833 3412 1900 Deus;

2048 1912 2189 1969 Illuc
2219 1917 2278 1970 et
2306 1914 2558 1985 revehis,
2586 1914 2746 1971 unde
2777 1916 2944 1989 prius
2974 1919 3197 1976 corruit
3225 1920 3497 1993 paradisi
3526 1921 3650 1991 glo-

1972 2016 2082 2059 I‘la.

2043 2092 2255 2160 Judex,
2289 2108 2429 2149 cum
2459 2094 2691 2150 veneris
2713 2095 2987 2166 judicare
3032 2098 3253 2155 sascula
3282 2116 3295 2166 ;

2046 2184 2132 2237 Da
2161 2180 2359 2250 nobis,
2392 2198 2762 2257 quaesumus,
2788 2185 3151 2258 sempiterna
3171 2186 3396 2257 gaudia
3418 2187 3482 2244 in
3504 2202 3645 2247 san-

1972 2276 2210 2329 ctorum
2239 2273 2453 2346 patria.

2045 2366 2111 2417 In
2139 2379 2264 2435 qua
2288 2361 2392 2419 tibi
2419 2366 2732 2420 cantemus
2763 2378 2977 2422 omnes
3006 2364 3264 2426 alleluia.

2044 2472 2256 2527 Amen.

2777 2619 2841 2672 V.

2382 2741 2576 2798 Prosa
2606 2742 2667 2797 in
2696 2742 2792 2798 die
2820 2740 3216 2802 Pentecostes.

2046 2885 2245 2942 Sancti
2274 2885 2520 2957 Spiritus
2552 2885 2708 2942 adsit
2736 2886 2913 2942 nobis
2938 2889 3150 2958 gratia,

1893 3015 1933 3070 ο
2044 2976 2185 3070 Quae
2215 2974 2401 3070 corda
2432 2979 2641 3070 nostra
2670 2975 2783 3070 sibi
2812 2975 2994 3070 iaciat
3019 2977 3455 3070 habitaculum,

2042 3063 2317 3134 Expulsis
2350 3062 2489 3117 inde
2518 3062 2747 3119 cunctis
2779 3063 2934 3120 vitiis
2964 3065 3395 3138 spiritualibus,

2042 3151 2288 3224 Spiritus
2319 3151 2494 3219 alme,
2528 3151 2850 3209 illustrator
2876 3152 3218 3225 hominum,

2043 3242 2325 3298 Horridas
2355 3246 2576 3297 nostrae
2610 3243 2826 3298 mentis
2853 3257 3049 3315 purga
3079 3244 3423 3301 tenebras...

2043 3332 2292 3387 Amator
2319 3335 2521 3387 sancte
2553 3336 2933 3387 sensatorum
2964 3348 3201 3407 semper
3242 3333 3633 3406 cogitatuum,

2042 3418 2296 3475 Infunde
2327 3419 2672 3475 unctionem
2701 3424 2888 3489 tuam,
2922 3419 3207 3491 clemens,
3235 3421 3454 3478 nostris
3495 3438 3635 3480 sen-

1971 3506 2156 3563 sibus.

2040 3599 2144 3667 Tu,
2171 3597 2523 3671 puriticator
2549 3598 2824 3654 omnium
2851 3597 3239 3669 ﬂagitiorum,
3266 3599 3538 3672 Spiritus,

2040 3686 2294 3743 Puriﬁca
2319 3687 2511 3743 nostri
2540 3687 2785 3743 oculum
2813 3688 3108 3745 interioris
3136 3687 3421 3757 hominis,

2047 3777 2112 3831 Ut
2136 3775 2324 3831 videri
2355 3792 2673 3848 supremus
2704 3778 2944 3833 Genitor
2973 3776 3165 3848 possit
3192 3793 3230 3832 a
3258 3777 3454 3845 nobis,

2042 3864 2250 3919 Mundi
2282 3865 2479 3921 cordis
2508 3881 2689 3937 quem
2723 3865 2835 3920 soli
2882 3881 3122 3922 cernere
3163 3870 3419 3937 possunt
3455 3866 3631 3921 oculi.

2040 3952 2368 4025 Prophetas
2398 3957 2461 4008 tu
2485 3951 2808 4026 inspirasti,
2835 3959 2896 4010 ut
2921 3952 3225 4025 praeconia
3254 3952 3465 4010 Christi
3487 3968 3636 4025 prm-

1971 4042 2299 4099 cinuissent
2320 4042 2569 4115 inclyta,

2042 4131 2356 4205 Apostolos
2386 4132 2751 4205 confortasti,
2800 4133 2887 4189 uti
2933 4138 3228 4206 tropaeum
3274 4130 3487 4189 Christi
3530 4146 3638 4205 per

1972 4226 2164 4279 totum
2195 4220 2494 4277 mundum
2523 4222 2804 4277 veherent
2836 4240 2849 4291 ;

2045 4310 2295 4378 Quando
2317 4309 2667 4366 machinam
2696 4326 2803 4383 per
2826 4309 3081 4367 verbum
3098 4325 3277 4366 suum
3296 4308 3436 4367 fecit
3460 4312 3636 4383 Deus,

1976 4400 2129 4470 caeli,
2161 4403 2353 4471 terrae,
2384 4399 2666 4469 marium,

2046 4494 2130 4547 Tu
2161 4506 2343 4563 super
2364 4505 2576 4564 aquas,
2591 4490 2823 4547 foturus
2851 4505 2975 4561 eas,
2995 4492 3406 4547 numentuum
3417 4502 3641 4561 expan-

1975 4567 2117 4635 dﬁti
2148 4577 2411 4651 spiritus.

2045 4672 2130 4725 Tu
2153 4667 2476 4724 animabus
2507 4665 2877 4724 viviﬁcandis
2903 4682 3096 4740 aquas
3123 4663 3431 4721 fecundas.

2047 4762 2131 4814 Tu
2156 4758 2482 4831 aspirando
2512 4757 2622 4813 das
2645 4756 2983 4830 spirituales
3010 4771 3139 4812 esse
3166 4753 3444 4810 homines
3470 4772 3486 4822 ;

2049 4851 2133 4903 Tu
2162 4846 2425 4902 divisum
2449 4862 2555 4919 per
2580 4846 2821 4917 linguas
2851 4844 3149 4900 mundum
3198 4846 3256 4898 et
3301 4841 3449 4897 ritus
3494 4840 3641 4898 adu-

1978 4935 2156 5007 nasti,
2185 4936 2435 4992 Domine
2464 4954 2476 5003 ;

2053 5025 2343 5082 ldolatras
2375 5021 2453 5080 ad
2485 5022 2711 5079 cultum
2762 5021 2863 5078 Dei
2912 5035 3181 5091 revocas,
3217 5018 3643 5090 magistrorum

1984 5114 2227 5188 optime.

2056 5206 2210 5273 Ergo
2256 5218 2367 5257 nos
2428 5200 2837 5274 supplicantes
2883 5198 2990 5254 tibi
3051 5196 3272 5254 exaudi
3325 5196 3642 5271 propitius,

1989 5296 2192 5349 sancte
2227 5289 2496 5363 Spiritus,

2059 5380 2193 5439 Sine
2224 5394 2347 5453 quo
2374 5393 2583 5451 preces
2614 5394 2826 5435 omnes
2847 5394 3036 5435 cassa;
3060 5376 3406 5448 creduntur,
3429 5378 3485 5432 et
3504 5373 3653 5431 indi-

1991 5486 2124 5541 gnas
2152 5468 2251 5525 Dei
2282 5466 2549 5524 auribus.

2063 5561 2153 5616 Tu
2185 5559 2291 5633 qui
2319 5556 2593 5615 omnium
2623 5554 2982 5613 saeculorum
3014 5559 3252 5613 sanctos
3277 5554 3362 5612 tui
3391 5550 3656 5610 numinis

1994 5649 2252 5707 docuisti
2282 5648 2563 5705 instinctu
2594 5645 3037 5718 amplectendo,
3072 5644 3342 5718 Spiritus,

1894 4373 1936 4425 D
