3996 6178
488 225 591 279 943

1683 199 1986 258 ROBEBTI
2024 193 2229 251 REGIS
2276 190 2727 247 FRANCORUM.
2957 240 2963 249 .
3734 190 3812 243 944

559 347 688 416 Ipse
717 337 895 396 hodie
924 332 1228 407 apostolos
1260 329 1472 388 Christi
1513 329 1749 385 donans
1781 336 2030 380 munere
2055 319 2146 375 in-
2177 320 2224 375 Α
2257 330 2626 371 convescens
2654 310 2937 387 praecepit
2966 309 3049 366 eis
3076 308 3150 365 ab
3179 307 3580 380 Hierosolymis
3603 323 3667 363 ne
3686 308 3817 365 disce-

492 432 662 489 solito
693 433 750 485 et
769 424 999 483 cunctis
1028 421 1300 479 inaudito
1334 419 1589 487 saeculis,

558 520 731 575 Hunc
759 515 921 573 diem
951 511 1281 584 gloriosum
1321 509 1531 567 fecisti.
1564 512 1772 563 Amen.

1272 603 1362 656 Vl.

1074 690 1553 761 Responsorium.

558 766 932 838 Ingrediente
958 754 1213 820 Domino
1242 763 1305 817 in
1343 763 1617 816 sanctam
1654 755 1973 823 civitatem,
2024 754 2151 807 Hee-

485 857 787 913 braeorum
812 852 983 926 pueri
1004 849 1499 907 resurrectionem
1518 846 1652 902 vita:
1673 840 2150 917 pronuntiantes,

489 962 629 1003 cum
657 943 841 1000 ramis
873 942 1216 1015 palmarum
1249 938 1533 995 Hosanna
1574 932 1919 992 clamabant
1946 930 2008 985 in
2055 944 2153 984 ex-

490 1032 682 1090 celsis.
708 1064 777 1072 —-
818 1032 1030 1087 Versus
1062 1044 1201 1085 cum
1227 1026 1495 1083 audisset
1520 1022 1785 1097 populus
1811 1020 1953 1094 quia
1994 1016 2157 1074 venit

488 1125 660 1179 Jesus
688 1117 1185 1190 Hierosolymam,
1213 1114 1483 1170 exierunt
1522 1111 1767 1167 obviam
1809 1108 1862 1165 ei
1890 1124 2030 1164 cum
2059 1122 2153 1162 ra-

492 1212 627 1279 mis,
658 1213 769 1264 etc.
801 1239 871 1248 -—-
898 1206 1253 1276 Anliphona
1274 1219 1298 1260 .'
1326 1206 1469 1272 Ave,
1500 1217 1604 1256 rex
1646 1202 1866 1265 noster,
1916 1196 2001 1252 ﬁli
2042 1198 2154 1251 Da-

488 1300 614 1364 vid,
646 1297 1006 1368 Redemptor
1035 1293 1268 1361 mundi,
1302 1308 1486 1366 quem
1528 1289 1835 1364 prophetae
1871 1285 2158 1361 praedica-

490 1390 705 1445 verunt
758 1384 1128 1441 Salvatorem
1161 1380 1370 1438 domui
1412 1379 1589 1436 Israel
1641 1393 1770 1434 esse
1812 1380 2155 1433 venturum.

492 1481 569 1534 Te
616 1475 777 1532 enim
812 1474 891 1530 ad
941 1472 1263 1530 salutarem
1320 1470 1629 1526 victimam
1676 1470 1844 1523 Pater
1891 1465 2052 1521 misit
2098 1464 2159 1519 in

494 1564 815 1632 mundum,
875 1578 1058 1636 quem
1100 1559 1534 1634 exspectabant
1584 1572 1796 1613 omnes
1845 1553 2034 1610 sancti
2081 1551 2159 1608 ab

495 1654 723 1727 origine
752 1652 984 1720 mundi,
1019 1655 1078 1707 et
1107 1666 1269 1707 nunc
1304 1667 1316 1705 :
1350 1653 1632 1706 Hosanna
1655 1645 1778 1701 ﬁlio
1809 1643 2013 1700 David.

1272 1742 1384 1795 Vll.

739 1835 813 1889 In
834 1832 1034 1889 eodem
1062 1833 1236 1901 festo,
1259 1828 1433 1885 aliud
1458 1826 1917 1896 responsorium.

570 1923 663 1979 Ad
700 1926 915 1978 nutum
947 1918 1202 1986 Domini,
1254 1920 1529 1973 nostrum
1558 1913 1801 1970 ditantis
1844 1913 2158 1969 honorem.

503 2012 664 2070 Sicut
691 2010 866 2083 spina
892 2024 1117 2075 rosam,
1151 2006 1357 2076 genuit
1384 2004 1590 2061 Judaea
1620 2003 1882 2060 Mariam.
1909 2034 1980 2042 —
2030 2003 2165 2056 Ver-

499 2117 619 2158 sus.
650 2103 719 2157 Ut
740 2099 949 2155 vitium
987 2097 1168 2153 virtus
1194 2095 1471 2168 operiret,
1504 2093 1695 2165 gratia
1721 2092 1983 2165 culpam.
2006 2090 2165 2148 Sicut

502 2190 677 2264 spina
701 2204 926 2259 rosam,
959 2193 1067 2243 etc.

1261 2275 1400 2330 VIII.

1048 2367 1124 2421 1n
1155 2365 1627 2435 Septuagesima.

575 2459 822 2513 Peccata
850 2470 1007 2522 mea,
1049 2453 1321 2521 Domine,
1354 2452 1506 2508 sicut
1527 2450 1753 2521 sagittae
1795 2448 1982 2504 inﬁxa
2029 2449 2168 2502 sunt

504 2545 567 2602 in
587 2560 702 2601 me.
730 2543 843 2600 Sed
868 2547 1195 2615 antequam
1221 2540 1470 2597 vulnera
1487 2542 1771 2609 generent
1792 2537 1851 2592 in
1877 2553 1993 2602 me,
2018 2550 2167 2591 sana

486 2651 629 2703 .me,
667 2632 939 2699 Domine,
970 2630 1414 2687 medicamento
1455 2627 1838 2702 poenitentiae,
1874 2628 2047 2681 Deus.
2100 2655 2166 2664 -—

518 2726 747 2781 Versus.
778 2721 1075 2788 Quoniam
1090 2719 1462 2792 iniquitatem
1482 2733 1681 2773 meam
1707 2732 1819 2785 ego
1842 2707 2163 2784 cognosco,

506 2818 563 2869 et
585 2812 868 2869 delictum
895 2826 1101 2865 meum
1131 2824 1337 2864 coram
1366 2823 1464 2863 me
1493 2811 1582 2862 est
1609 2820 1845 2877 semper
1869 2821 1882 2872 ;
1916 2802 2019 2859 tibi
2058 2800 2167 2857 soli

504 2899 771 2974 peccavi.
804 2898 919 2956 Sed
944 2901 1292 2970 antequam,
1323 2900 1433 2952 etc.

1289 2985 1374 3040 IX.

1027 3078 1057 3131 1
1062 3093 1103 3131 η
1137 3074 1629 3145 Quadragesima.

578 3166 980 3223 Emendemus
1009 3164 1070 3221 in
1099 3164 1312 3220 melius
1338 3179 1475 3236 quae
1501 3163 1846 3232 ignoranter
1891 3159 2168 3233 peccavi—

504 3274 662 3325 mus,
700 3272 777 3313 ne
827 3254 1025 3312 subito
1067 3252 1476 3328 praeoccupati
1516 3252 1611 3308 die
1654 3251 1882 3321 mortis,
1932 3265 2167 3323 quaera-

503 3363 642 3403 mus
680 3345 941 3418 spatium
969 3342 1351 3417 poenitentiae,
1403 3345 1461 3397 et
1505 3340 1769 3396 invenire
1811 3355 1935 3395 non
1982 3337 2168 3411 possi-

502 3452 661 3491 mus.
720 3433 969 3490 Attende
1037 3432 1307 3498 Domine,
1363 3435 1421 3485 et
1480 3430 1713 3497 misere,
1769 3428 1913 3500 quia
1960 3442 2167 3499 pecca-

502 3523 702 3578 vimus
734 3521 857 3577 tibi.
904 3522 1137 3576 Versus.
1173 3516 1557 3574 Peccavimus
1588 3534 1728 3572 cum
1757 3515 2028 3589 patribus
2056 3532 2165 3572 no-

504 3612 637 3666 stris
664 3609 886 3680 injuste
915 3608 1170 3679 egimus,
1211 3606 1587 3679 iniquitatem
1639 3606 1908 3662 fecimus.
1956 3636 2025 3645 —
2074 3608 2168 3661 At-

506 3698 703 3768 tende,
736 3703 846 3754 etc.

964 3787 1282 3841 Dominica
1308 3786 1371 3840 in
1395 3785 1700 3841 Passione.

574 3875 1105 3935 Circumdederunt
1133 3890 1230 3930 me
1257 3873 1368 3930 viri
1410 3873 1759 3941 mendaces,
1811 3875 1937 3931 sine
1981 3891 2165 3931 causa

501 3967 751 4039 ﬂagellis
780 3965 1121 4023 ceciderunt
1151 3980 1268 4020 me.
1301 3962 1415 4020 Sed
1445 3967 1527 4031 tu,
1562 3963 1830 4030 Domine,
1863 3963 2160 4032 defensor,

500 4058 739 4113 vindica
776 4072 894 4113 me.
926 4088 994 4095 -
1054 4056 1284 4111 Versus.
1333 4053 1630 4120 Quoniam
1675 4053 1975 4110 tribulatio
2023 4071 2161 4127 pro-

499 4146 664 4211 xima
705 4149 812 4214 est,
862 4148 919 4201 et
973 4160 1097 4200 non
1134 4147 1226 4200 est
1279 4142 1382 4215 qui
1437 4141 1699 4214 adjuvet.
1765 4142 1879 4200 Sed
1937 4146 2000 4197 tu
2049 4147 2162 4200 Do-

500 4235 680 4302 mine,
714 4238 824 4290 etc.

1298 4326 1359 4378 Χ.

1025 4416 1304 4482 Tempore
1326 4413 1629 4483 paschali.

572 4503 835 4563 Christus
864 4517 1183 4571 resurgens
1212 4516 1285 4556 ex
1308 4500 1559 4558 mortuis
1580 4501 1708 4572 jam
1732 4517 1855 4557 non
1885 4506 2155 4567 moritur,

500 4611 663 4650 mors
690 4593 772 4648 illi
804 4591 955 4649 ultra
983 4608 1105 4647 non
1155 4591 1519 4646 dominatur.
1567 4590 1739 4655 Quod
1788 4590 1949 4645 enim
1996 4590 2158 4658 vivit,

498 4684 636 4740 vivit
665 4686 804 4738 Deo.
828 4681 1093 4748 Alleluia,
1124 4679 1379 4737 alleluia.
1409 4710 1479 4721 --
1513 4680 1744 4736 Versus.
1775 4679 1979 4735 Dicant
1997 4695 2159 4736 nunc

496 4772 684 4828 Judaei
735 4769 1044 4843 quomodo
1101 4769 1312 4824 milites
1363 4767 1769 4824 custodientes
1816 4767 2161 4839 sepulcrum

496 4859 888 4934 perdiderunt
914 4872 1117 4925 regem
1144 4856 1222 4911 ad
1271 4856 1489 4929 lapidis
1530 4854 1913 4928 positionem.
1966 4856 2159 4920 Quare

496 4966 620 5006 non
651 4946 976 5005 servabant
999 4948 1235 5002 Petram
1260 4943 1499 5016 justitiie
1518 4944 1545 4999 ?
1576 4949 1679 5000 aut
1708 4943 2011 5016 sepultum
2031 4947 2162 5002 red-

495 5038 663 5106 dant,
695 5042 801 5094 aut
826 5039 1236 5104 resurgentem
1267 5032 1521 5089 adorent
1565 5032 1905 5098 nobiscum,
1953 5033 2157 5092 dicen-

496 5131 582 5184 tes
613 5145 625 5182 :
660 5124 835 5192 Quod
863 5124 1022 5181 enim
1046 5123 1207 5191 vivit,
1239 5127 1350 5179 etc.

1284 5217 1367 5271 X1.

874 5306 949 5361 In
983 5306 1079 5362 die
1108 5304 1483 5361 Ascensionis
1512 5304 1772 5360 Domini.

565 5395 704 5449 Post
731 5393 1075 5468 passionem
1107 5411 1282 5450 suam
1311 5409 1420 5466 per
1447 5392 1575 5448 dies
1599 5392 2002 5464 quadraginta
2055 5408 2160 5465 ap-

494 5484 692 5558 paruit
718 5484 823 5554 eis,
870 5484 1122 5556 loquens
1152 5485 1227 5541 de
1273 5499 1461 5555 regno
1505 5483 1626 5539 Dei.
1688 5481 1955 5538 Alleluia.
1988 5485 2054 5537 Et
2080 5482 2162 5537 vi-

494 5573 774 5630 dentibus
820 5571 933 5628 illis
968 5573 1229 5629 elevatus
1259 5579 1363 5630 est.
1415 5572 1682 5628 Alleluia.
1717 5575 1785 5627 Et
1813 5569 2008 5626 nubes
2064 5587 2157 5626 su-

496 5664 685 5737 scepit
704 5679 845 5719 eum
874 5662 955 5718 ab
981 5662 1169 5720 oculis
1194 5680 1424 5720 eorum.
1457 5662 1726 5720 Alleluia.
1748 5693 1816 5702 —-
1856 5662 2159 5718 Versus.Et

2257 405 2487 472 derent,
2524 403 2630 460 sed
2654 403 3065 476 exspectarent
3104 397 3547 473 promissionem
3571 397 3737 454 Patris.
3776 402 3819 454 Et

2256 492 2622 561 videntibus,
2655 497 2766 549 etc.

3036 580 3141 634 XII.

2779 671 2851 726 In
2880 670 2979 726 die
3004 668 3393 725 Pentecostes.

2334 763 2483 818 Cum
2512 758 2951 833 complerentur
2978 757 3106 814 dies
3133 758 3522 822 Pentecostes,
3552 757 3699 810 erant
3734 770 3820 810 om-

2259 865 2369 905 nes
2426 849 2645 921 pariter
2698 848 3008 905 dicentes:
3063 844 3327 902 Alleluia.
3360 847 3423 899 Et
3483 842 3656 898 subito
3688 842 3818 898 factm

2260 943 2353 995 est
2404 954 2588 995 sonus
2636 938 2711 994 de
2766 937 2941 1002 caelo,
2992 934 3246 992 alleluia.
3302 935 3595 999 Tanquam
3631 931 3818 1005 spiritus,

2261 1033 2494 1085 torrens
2522 1027 2770 1102 replevit
2799 1032 2986 1083 totam
3034 1025 3305 1089 domum,
3354 1020 3594 1090 alleluia,
3636 1020 3819 1077 alleluia.

2261 1150 2332 1159 —
2397 1120 2626 1175 Versus.
2688 1116 2912 1189 Repleti
2965 1119 3103 1171 sunt
3154 1128 3364 1169 omnes
3419 1110 3617 1183 Spiritu
3661 1115 3819 1177 sancto,

2262 1211 2322 1264 et
2381 1210 2689 1281 coepertmt
2747 1204 2934 1278 loqui.
3000 1206 3312 1276 Tanquam
3363 1198 3587 1273 spiritus
3642 1204 3820 1265 torrens,

2263 1302 2376 1355 etc.

3027 1386 3158 1439 XIII.
3342 1392 3381 1429 ο

2479 1477 2552 1532 In
2577 1475 2672 1531 die
2696 1475 2848 1544 festo
2890 1471 3256 1529 sacramenti
3289 1468 3675 1525 Eucharislid.

2338 1563 2529 1618 Homo
2559 1561 2811 1634 quidam
2847 1559 2986 1616 fecit
3033 1573 3272 1615 coenam
3317 1571 3606 1626 magnam,
3647 1557 3694 1609 et
3719 1553 3820 1608 misit

2185 1676 2229 1731 Β
2268 1667 2513 1708 servum
2546 1667 2725 1707 suum
2756 1650 2908 1707 hora
2936 1664 3117 1704 coenae
3148 1647 3379 1703 discere
3405 1643 3642 1700 invitatis
3681 1647 3730 1698 ut
3756 1657 3819 1696 ve-

2267 1741 2480 1809 nirent,
2529 1741 2674 1813 quia
2724 1743 2937 1812 parata
2984 1740 3126 1793 sunt
3172 1734 3397 1793 omnia.
3449 1766 3512 1774 —
3547 1734 3735 1789 Versus.
3755 1732 3819 1785 Ve-

2266 1831 2407 1899 nite,
2442 1830 2733 1887 comedite
2758 1844 2980 1902 panem
3008 1843 3234 1893 meum,
3252 1830 3310 1881 et
3322 1823 3497 1881 bibite
3522 1822 3695 1878 vinum
3713 1818 3819 1893 quod

2270 1920 2486 1977 miscui
2513 1919 2704 1976 vobis.
2738 1918 2888 1985 Quia
2912 1922 3143 1992 parata,
3177 1920 3288 1972 etc.

2480 2002 2575 2065 Ἰη
2608 2009 2805 2065 eodem
2831 2009 3006 2078 festo,
3038 2005 3217 2062 aliud
3243 2003 3668 2074 responsorium.

2342 2098 2622 2172 Respexit
2666 2096 2818 2153 Elias
2863 2095 2940 2151 ad
2999 2099 3182 2168 caput
3235 2109 3407 2149 suum
3465 2086 3815 2147 subcinericium

2270 2205 2514 2262 panem.
2543 2188 2651 2253 Qui
2682 2202 2934 2256 surgens
2965 2184 3228 2241 comedit
3255 2189 3310 2240 et
3349 2182 3508 2239 bibit.
3540 2182 3597 2236 Et
3634 2175 3817 2234 ambula-

2272 2277 2355 2333 vit
2382 2277 2444 2333 in
2474 2274 2815 2333 fortitudine
2843 2274 2959 2330 cibi
2990 2273 3147 2330 illius
3178 2288 3371 2347 usque
3401 2271 3473 2327 ad
3501 2272 3719 2325 montem
3740 2262 3815 2320 Dei.

2271 2398 2340 2407 —
2379 2367 2609 2422 Versus.
2644 2363 2699 2422 Si
2732 2363 2867 2437 quis
2900 2362 3356 2420 manducaverit
3381 2377 3449 2417 ex
3477 2360 3578 2415 hoc
3600 2371 3736 2431 pane,
3768 2351 3817 2405 vi-

2271 2459 2371 2511 vet
2398 2454 2460 2511 in
2489 2459 2799 2510 internum.
2836 2455 2900 2508 Et
2932 2452 3290 2521 ambulavit,
3317 2455 3422 2507 etc.

2502 2545 2576 2599 In
2606 2543 2803 2599 eodem
2834 2543 3007 2613 festo,
3048 2542 3228 2598 aliud
3254 2539 3668 2611 responsorium.

2345 2632 2457 2699 Qui
2510 2632 2840 2688 manducet
2892 2647 3091 2687 meam
3142 2647 3387 2686 carnem
3431 2633 3482 2684 et
3524 2625 3649 2683 bibit
3683 2633 3815 2677 meum

2275 2722 2653 2793 sanguinem,
2685 2722 2746 2777 in
2777 2737 2874 2777 me
2906 2725 3109 2777 manet
3137 2726 3201 2777 et
3228 2736 3339 2791 ego
3367 2720 3424 2775 in
3466 2733 3548 2773 eo.
3572 2748 3628 2755 —
3660 2713 3812 2767 Versus.

2274 2816 2403 2869 Non
2433 2816 2522 2868 est
2566 2812 2682 2869 alia
2711 2811 2874 2868 natio
2905 2816 3025 2867 tam
3058 2810 3309 2881 grandis
3359 2826 3483 2882 quae
3511 2805 3693 2862 habeat
3722 2799 3814 2855 deos

2274 2901 2830 2976 appropinquantes
2856 2900 2991 2968 sibi,
3018 2900 3176 2957 sicut
3209 2904 3359 2958 Deus
3385 2901 3568 2955 noster
3598 2893 3725 2951 adest
3751 2901 3813 2943 no-

2274 2991 2391 3049 bis.
2427 2995 2493 3051 ω
2520 3007 2618 3047 me
2650 2994 2871 3059 manet,
2907 2994 3015 3046 etc.

3040 3082 3180 3136 XIV.

2728 3170 2799 3225 In
2846 3168 3227 3225 dedicatione
3264 3167 3482 3238 templi.

2347 3258 2620 3325 Benedic,
2653 3257 2921 3327 Domine,
2953 3256 3212 3313 domum
3238 3257 3411 3313 istam
3437 3268 3598 3329 quam
3617 3238 3808 3305 adiﬁwi

2273 3346 2507 3403 nomini
2535 3350 2671 3414 tuo;
2704 3345 3071 3401 venientium
3112 3345 3179 3400 in
3209 3345 3340 3401 loco
3386 3344 3489 3399 isto
3534 3334 3702 3396 exaudi
3730 3344 3807 3402 pre-

2274 3452 2371 3492 ces
2398 3435 2462 3491 in
2492 3435 2725 3492 excelso
2775 3434 2924 3491 solio
2956 3434 3160 3505 gloriae
3214 3440 3346 3491 tuae.
3396 3466 3459 3474 —
3496 3431 3680 3487 Versus.
3709 3415 3806 3505 Beati

2272 3523 2378 3597 qui
2429 3524 2705 3580 habitant
2750 3523 2810 3578 in
2867 3522 3053 3579 domo
3100 3529 3230 3591 tua,
3281 3522 3545 3583 Domine;
3588 3517 3637 3571 in
3668 3504 3805 3566 secula

2275 3613 2635 3670 saeculorum
2685 3612 3023 3669 laudabunt
3073 3618 3145 3669 te.
3206 3611 3428 3669 Exaudi
3469 3621 3641 3682 preces
3676 3600 3718 3656 in
3750 3609 3804 3649 9X-

2274 3701 2454 3759 celso.
3186 3694 3195 3709 '

2517 3792 2583 3847 In
2607 3792 2801 3848 eodem
2825 3794 3003 3862 festo,
3037 3793 3216 3848 aliud
3239 3788 3649 3861 responsorium.
3762 3858 3797 3865 Η

2341 3880 2641 3937 Terribilis
2671 3886 2759 3937 est
2782 3860 2951 3937 locus
2990 3860 3117 3938 iste.
3174 3886 3300 3938 Non
3328 3860 3429 3936 est
3477 3876 3558 3933 hic
3582 3866 3702 3928 aliud
3735 3860 3799 3917 Πίεί

2270 3968 2490 4024 domus
2520 3969 2621 4025 Dei
2651 3973 2709 4025 et
2733 3975 2908 4042 porta
2940 3969 3092 4026 caeli.
3116 3972 3263 4025 Vere
3290 3968 3492 4025 etenim
3517 3957 3732 4019 Dominus
3750 3950 3801 4002 εει

2268 4056 2331 4113 in
2358 4057 2493 4114 loco
2524 4058 2639 4113 isto
2668 4063 2725 4113 et
2749 4074 2862 4128 ego
2891 4059 3261 4115 nesciebam.
3296 4091 3362 4100 --
3401 4058 3594 4129 Versus.
3622 4049 3801 4110 Cumque

2269 4147 2806 4219 evigilassetlacob
2837 4148 3010 4220 quasi
3039 4147 3114 4204 de
3145 4149 3316 4219 gravi
3349 4159 3555 4211 somno,
3578 4137 3675 4194 ait:
3711 4130 3801 4183 Vm

2269 4236 2511 4307 etenim,
2541 4240 2651 4293 etc.

3050 4329 3158 4383 XV.

2700 4415 2787 4470 De
2804 4415 3088 4484 pluribus
3114 4415 3488 4487 martyribus.

2344 4505 2387 4559 Ο
2421 4502 2755 4559 constantia
2785 4480 3121 4575 martyrum
3171 4480 3510 4561 laudabilis!
3543 4496 3576 4550 0
3620 4480 3803 4543 Charitas

2269 4590 2771 4663 inexstinguibilis
2798 4594 2809 4648 Ξ
2846 4595 2890 4651 Ο
2921 4594 3209 4667 patientia
3237 4583 3591 4651 invincibilis!
3749 4658 3756 4666 _

2344 4683 2507 4749 Quae,
2540 4681 2673 4737 licet
2710 4682 2862 4737 inter
2906 4698 3221 4755 pressuras
3264 4671 3682 4757 persequentium
3720 4669 3802 4757 ηεξ

2272 4771 2345 4827 sit
2369 4771 2774 4844 despicabilis,
2809 4746 3144 4828 invenietur
3168 4774 3232 4829 in
3251 4746 3478 4828 laudem
3503 4768 3551 4820 et
3570 4754 3753 4830 gloriam
3767 4746 3801 4798 ει

2270 4861 2585 4930 honorem,
2616 4861 2678 4917 in
2706 4865 2974 4934 tempore
2999 4861 3413 4919 retributionis.
3754 4923 3761 4933 ι

2340 4983 2411 4992 __
2447 4923 2676 5007 Versus.
2710 4923 2891 5007 Nobis
2944 4967 3088 5023 ergo
3140 4953 3392 5026 petimus
3439 4945 3537 5020 piis
3582 4923 3800 5026 subveniat

2268 5039 2517 5107 meritis,
2546 5038 2920 5095 honorificati
2950 5055 2987 5096 a
3011 5023 3177 5097 Patre
3206 5040 3305 5113 qui
3329 5041 3413 5094 est
3437 5036 3493 5090 in
3513 5026 3661 5086 caelis.
3698 5023 3798 5073 inve‘

2269 5126 2467 5185 nietur
2493 5128 2554 5185 in
2583 5127 2847 5196 laudem,
2876 5133 2986 5185 etc.

3038 5220 3167 5275 XVI.

2539 5310 2999 5378 Responsorium
3024 5311 3090 5366 in
3114 5310 3368 5367 adventu
3392 5298 3614 5361 Domini.

2342 5399 2486 5452 Ecce
2516 5396 2643 5452 dies
2690 5397 2956 5466 veniunt,
2990 5398 3133 5455 dicit
3162 5396 3452 5462 Dominus,
3497 5393 3546 5445 et
3585 5369 3796 5472 suscitst

2273 5485 2453 5540 David
2480 5501 2726 5555 germen
2752 5487 3003 5558 justum,
3037 5493 3094 5545 et
3120 5485 3381 5558 regnabit
3421 5496 3511 5536 rex
3547 5478 3595 5530 et
3635 5470 3799 5558 εξρξεηὲ

2268 5573 2377 5628 erit
2404 5592 2416 5643 ;
2450 5549 2511 5629 ei
2536 5574 2713 5630 faciet
2730 5549 3028 5646 judicium
3058 5582 3115 5632 et
3135 5549 3480 5648 jdstitiamin
3500 5571 3642 5621 terra.
3663 5556 3710 5648 rt
3725 5549 3797 5648 130$

2267 5666 2357 5718 est
2385 5639 2612 5721 nomen
2640 5639 2807 5737 quod
2844 5639 3155 5725 vocabunt
3171 5679 3307 5721 eum
3338 5679 3351 5717 :
3398 5653 3644 5716 Dominus
3665 5639 3798 5714 Ill-“'15
