3996 6178
175 153 282 207 945

1712 127 2134 184 DlPLOMATA.

3545 133 3648 185 946

166 278 402 332 noster.
437 299 506 310 —
547 267 784 323 Versus.
812 267 876 319 In
907 261 1122 318 diebus
1152 257 1268 314 illis
1292 255 1626 313 salvabitur
1680 252 1860 317 Juda,
1900 258 1948 311 Α
2051 252 2293 305 Uterum
2316 252 2491 305 tuum
2519 249 2594 305 de
2655 250 2874 323 Spiritu
2922 254 3131 306 sancto
3189 249 3492 308 credimus
3544 253 3651 309 im-

166 368 230 421 et
287 359 467 419 Israel
521 353 822 413 habitabit
880 349 1272 408 conﬁdenter.
1331 349 1396 402 Et
1454 345 1571 400 hoc
1626 346 1716 398 est
1762 357 1871 397 no-

169 468 342 510 rnen.

934 530 1090 587 XVII.

283 627 751 700 Responsorium
784 625 847 679 in
880 621 1090 692 vigilia
1111 613 1454 674 nativitatis
1487 611 1758 666 Domzm.

245 698 461 778 Iudaea
497 720 556 772 et
574 712 948 771 Hierusalem
969 708 1151 765 nolite
1176 706 1411 762 timere.
1443 703 1587 758 Cras
1606 698 1872 771 egredie-

171 811 329 868 mini
359 829 373 878 ;
407 813 466 864 et
490 805 780 863 Dominus
807 807 917 858 erit
947 798 1282 856 vobiscum.
1310 824 1384 836 —-
1430 793 1664 847 Versus.
1716 792 1869 847 Con-

174 904 407 959 stantes
436 899 624 953 estote
655 913 668 961 ;
697 891 977 948 videbitis
1027 886 1324 946 auxilium
1390 879 1631 938 Domini
1687 894 1871 952 super

175 1008 313 1049 vos.
351 991 495 1044 (‘ras
522 981 932 1055 egrediemini.

916 1068 1097 1126 XVIII.

187 1166 646 1240 Responsorium
681 1163 742 1219 in
790 1159 1113 1217 nativitate
1151 1151 1420 1209 Domini.
1467 1180 1536 1190 —
1571 1150 1659 1205 De
1697 1149 1870 1206 beata

341 1307 344 1310 λ
906 1247 1168 1317 Virgine.

263 1347 484 1405 Sancta
513 1345 571 1398 et
597 1337 926 1396 immacula
945 1331 1274 1405 virginitas,
1307 1326 1531 1400 quibus
1565 1331 1619 1382 te
1681 1324 1873 1381 laudi-

184 1526 474 1599 poterant
497 1524 599 1576 tuo
626 1515 854 1588 gremio
881 1507 1202 1569 contulisti.
1251 1537 1320 1546 —
1383 1506 1618 1560 Versus.
1695 1506 1874 1559 Bene-

1977 341 2386 410 praegnatum.

2049 426 2379 484 Erubescat
2403 429 2651 485 Judaeus
2678 430 2901 498 infelix,
2935 429 3039 502 qui
3064 429 3206 485 dicit
3249 429 3546 487 Christum
3576 448 3650 488 ex

1975 515 2201 587 Joseph
2227 516 2457 573 semine
2484 533 2620 574 esse
2645 523 2875 575 natum.

2052 607 2208 659 Dum
2239 604 2436 678 Virgo,
2468 611 2578 663 etc.

2329 773 2334 778 _
2749 698 2877 751 XIX.

2211 801 2286 857 In
2318 805 2877 862 commemoratione
2908 803 3093 858 beata
3128 802 3412 872 Virginis.

2055 906 2212 962 Felix
2255 924 2522 982 namque
2567 927 2648 978 es,
2706 926 2877 966 sacra
2923 908 3094 977 virgo
3143 907 3342 970 Maria.
3391 913 3447 963 et
3485 909 3650 964 omni

1978 996 2162 1053 laude
2200 997 2575 1069 dignissima.

2055 1086 2206 1152 Quia
2236 1104 2308 1143 ex
2339 1093 2394 1144 te
2425 1095 2592 1145 ortus
2619 1093 2709 1145 est
2768 1088 2856 1144 sol
2899 1086 3168 1158 justitiae,
3229 1087 3452 1144 Cristus
3499 1091 3653 1144 Deus

1980 1180 2202 1232 noster.
2443 1182 2445 1184 '

2065 1267 2298 1323 Versus.
2325 1270 2441 1324 Ora
2472 1283 2582 1340 pro
2615 1267 2864 1341 populo,
2896 1265 3188 1320 interveni
3223 1282 3332 1338 pro
3361 1266 3541 1339 clero,
3570 1267 3654 1322 in-

1981 1356 2216 1412 tercede
2247 1372 2358 1428 pro
2388 1356 2602 1412 devoto
2629 1355 2888 1412 femineo
2911 1371 3057 1410 sexu
3093 1373 3105 1422 ;

2052 1444 2315 1500 Sentiant
2342 1461 2554 1500 omnes
2586 1449 2756 1499 tuum
2783 1445 3071 1515 juvamen
3101 1443 3471 1517 quicumque
3507 1443 3654 1500 cele-

1982 1533 2161 1589 brant
2188 1538 2355 1588 tuam
2380 1532 3040 1588 commemorationem.

183 1593 351 1670 dicta
382 1617 449 1668 tu
479 1610 542 1665 in
572 1604 948 1675 mulieribus,
981 1606 1037 1656 et
1063 1595 1412 1656 benedictus
1454 1593 1694 1648 fructus
1735 1606 1877 1647 ven-
1915 1611 1958 1667 B
2062 1623 2212 1689 Quia
2242 1640 2314 1678 ex
2337 1628 2412 1690 te,
2445 1627 2554 1678 etc.

187 1705 295 1762 tris
320 1701 430 1770 tui,
464 1698 629 1772 quia,
659 1701 770 1752 etc.

518 1791 591 1846 In
629 1785 1069 1856 Puriﬁcatione
1107 1780 1288 1835 beata:
1307 1775 1536 1831 Mariae.

265 1883 499 1952 Gaude,
533 1878 714 1936 Maria
742 1876 934 1946 virgo,
967 1873 1213 1928 cunctas
1237 1867 1492 1922 haereses
1515 1859 1651 1917 sola
1668 1861 1880 1917 intere-

188 1975 357 2032 misti
390 1991 404 2041 ;
437 1949 576 2044 quae
609 1964 898 2024 Gabrielis
933 1955 1309 2027 archangelis
1341 1953 1511 2009 dictis
1543 1949 1872 2006 credidisti.

273 2068 425 2121 Dum
446 2041 625 2128 Virgo
659 2061 850 2113 Deum
879 2057 935 2109 et
962 2049 1272 2107 hominem
1299 2041 1570 2114 genuisti.

272 2157 340 2210 Et
367 2155 506 2226 post
534 2153 778 2221 partum
814 2143 986 2212 Virgo
1015 2137 1297 2195 inviolata
1325 2130 1728 2208 permansisti.

281 2218 496 2299 Versus
576 2233 916 2294 Gabrielem
947 2225 1376 2297 archangelum
1403 2221 1628 2276 scimus
1662 2218 1876 2274 divini-

189 2339 293 2390 tus
323 2336 379 2387 te
400 2344 534 2384 esse
561 2325 840 2381 aﬂ‘atum.

206 2475 3336 2525 Μ

209 2489 3336 2538 ρ

2767 1731 2869 1784 XX.

2328 1838 2402 1892 In
2433 1835 2770 1890 Nativitate
2798 1834 2983 1892 beatae
3025 1836 3306 1905 Virginis.

2056 1943 2253 1999 Solem
2281 1940 2542 2014 justitite.
2571 1942 2796 2009 Regem
2827 1941 3098 2013 paritura
3128 1955 3506 2012 supremum,

2055 2033 2257 2100 Stella,
2291 2031 2492 2100 Maria,
2524 2029 2730 2099 maris,
2758 2030 2938 2086 hodie
2964 2029 3259 2103 processit
3309 2027 3389 2084 ad
3439 2031 3657 2085 ortum.

1996 2127 2206 2181 Versus
2237 2140 2250 2176 :

2055 2217 2303 2268 Cernere
2333 2208 2605 2264 divinum
2633 2206 2846 2265 lumen
2877 2208 3132 2278 gaudete
3156 2205 3387 2262 ﬁdeles.

2057 2302 2235 2359 Stella
2265 2298 2472 2365 maris,
2506 2302 2616 2353 etc.

3343 2473 3656 2488 ἡ

3341 2491 3657 2504 —-—

622 2637 1418 2766 ROBEBTI
1473 2629 2013 2750 REGIS
2088 2621 3238 2742 FBANCORUM

1488 2833 1649 2952 DI
1670 2826 2384 2949 PLOMATA.

1727 3073 2122 3090 ψ

1019 3219 1058 3270 l.

195 3331 482 3401 Hugonis
504 3332 691 3398 atque
725 3315 1484 3401 Robertig‘egum‘ftiptoma
1506 3311 1579 3393 {te
1599 3307 1880 3401 electione

279 3380 652 3460 amiciri}:
685 3392 933 3450 ecclesia
957 3380 1165 3444 Sancti
1194 3380 1548 3455 Leodegarii
1595 3381 1667 3435 de
1707 3380 1881 3435 Cam-

270 3474 456 3545 pellis
488 3471 560 3542 (5)
573 3511 585 3523 .

849 3551 1042 3621 (Anno
1095 3548 1246 3618 994.)

311 3663 566 3734 [Μλιξιιιι.
581 3700 594 3725 ,
625 3648 1252 3734 perendipl‘om‘atica,
1280 3661 1368 3734 ιζι,Δ
1387 3657 1527 3734 pag.
1543 3643 1686 3734 _59]8,
1709 3655 1782 3694 ex

413 3712 782 3786 chart'ulario
809 3712 1008 3776 Sancti
1040 3715 1319 3773 Germani
1341 3712 1683 3782 Antissiod.]

287 3844 353 3895 In
397 3835 641 3893 nomine
698 3831 920 3884 sanctae
974 3829 1153 3897 atque
1200 3819 1520 3877 individuus
1564 3815 1880 3886 Trinitatis,

210 3931 376 3986 Huco
402 3931 583 3997 atque
609 3925 925 3988 Romanus,
961 3913 1149 3984 gratia
1171 3910 1271 3967 Dei
1294 3925 1463 3979 reges
1512 3905 1734 3979 inclyti.

290 4014 467 4074 Omni
487 3996 717 4069 nostra:
747 4005 965 4061 militiae
999 4007 1221 4058 nostrae
1254 3996 1518 4054 servituti
1539 3997 1770 4051 devotae
1791 4010 1880 4047 re-

215 4122 366 4180 gum
396 4098 738 4172 benignitas
769 4099 946 4166 atque
978 4088 1346 4148 excellentia,
1391 4101 1526 4154 quae
1580 4083 1881 4138 bonorum

214 4171 490 4252 virorum
552 4171 708 4243 votis
758 4185 1110 4253 competunt
1165 4192 1289 4233 non
1333 4173 1518 4229 modo
1574 4171 1878 4231 roborare,

214 4299 433 4342 verum
485 4279 663 4335 etiam
720 4270 1042 4341 magniﬁco
1096 4267 1277 4323 debet
1325 4263 1545 4319 auxilio
1605 4259 1880 4334 supplere

213 4373 487 4442 benigno
538 4362 763 4423 hortari
819 4360 1041 4429 favore,
1116 4357 1237 4412 imo
1312 4354 1448 4408 totis
1519 4350 1880 4408 benevolen-

219 4465 323 4519 tiae
350 4459 574 4514 viribus
602 4452 915 4529 proﬁcere.
948 4453 1172 4519 Magnaa
1199 4443 1493 4517 siquidem
1529 4447 1884 4512 aeternaque

1907 3207 1955 3258 Α
1983 3210 2336 3272 permanere
2362 3193 2586 3249 debent
2613 3192 2990 3260 inconvulsa,
3015 3195 3479 3252 clementissima
3506 3199 3649 3254 Jesu

1987 3285 2216 3343 conﬁsa
2246 3280 2657 3339 misericordia
2680 3281 2849 3352 justa
2876 3283 3130 3356 praemia
3152 3288 3386 3339 aeternae
3408 3291 3652 3356 praesto-

1986 3376 2144 3432 latur
2173 3373 2326 3428 vitae.
2361 3373 2740 3442 Quapropter
2791 3372 3000 3441 magni
3056 3377 3236 3445 atque
3286 3389 3528 3430 summo
3567 3374 3652 3430 di-

1989 3462 2260 3537 gnissimi
2294 3461 2522 3516 honore
2551 3459 2728 3514 Ducis
2757 3461 3138 3530 Burgundiae,
3184 3462 3418 3517 Henrici
3455 3464 3650 3519 nomi-

1988 3572 2084 3622 ne,
2109 3555 2332 3609 sanctae
2363 3552 2790 3618 congratantes
2817 3549 3127 3617 voluntati,
3153 3567 3226 3606 ea
3255 3567 3392 3623 quae
3422 3569 3530 3625 per
3556 3569 3653 3608 ve-

1989 3641 2319 3700 nerabilem
2341 3637 2648 3708 abbatem,
2678 3639 2774 3694 cui
2797 3655 3023 3694 nomen
3055 3640 3132 3695 sit
3175 3639 3488 3712 Hilderico,
3550 3657 3654 3696 no-

1989 3733 2081 3789 bis
2138 3728 2434 3786 intimavit
2484 3727 2691 3798 (digna
2743 3728 2905 3783 enim
2959 3730 3087 3799 ejus
3134 3733 3275 3785 sunt
3302 3729 3508 3785 omnia
3537 3730 3654 3785 ista

1989 3819 2251 3895 precata)
2303 3817 2687 3889 stipulatione
2718 3818 3025 3890 praecipua
3055 3823 3462 3885 auctoramus,
3523 3835 3652 3874 cor-

1988 3909 2368 3973 roboramus,
2440 3908 2620 3976 atque
2707 3904 2769 3959 in
2849 3909 3206 3976 perpetuum
3293 3905 3652 3960 inconcusse

1986 3996 2322 4052 ﬁrmamus.
2353 3992 2517 4047 Idem
2540 3991 2701 4046 enim
2733 3992 2945 4060 abbas,
2977 3991 3064 4045 vir
3103 3995 3222 4046 Deo
3281 3991 3518 4063 plenus,
3571 3992 3650 4048 ab

1989 4087 2118 4157 ejus
2163 4087 2330 4156 parte
2375 4096 2447 4135 ea
2497 4095 2636 4151 quae
2698 4084 2837 4135 sunt
2893 4079 3084 4134 sancti
3157 4080 3454 4136 Benedicti
3508 4080 3651 4136 sub-

1989 4173 2131 4230 nixa
2171 4169 2479 4239 religione,
2524 4167 2650 4223 imo
2712 4183 3015 4224 canonum
3069 4167 3395 4224 inviolabili
3453 4172 3654 4224 aucto-

1990 4264 2158 4319 ritate
2185 4264 2395 4332 petens
2425 4261 2620 4326 rogat,
2655 4261 2718 4313 ut
2747 4274 2869 4312 suae
2896 4257 3155 4313 abbatiaa
3176 4257 3367 4328 locus,
3423 4258 3651 4315 honore

1992 4349 2182 4407 sancti
2215 4345 2494 4403 Germani
2520 4345 3025 4401 Antissiodorensi
3053 4345 3346 4402 territorio
3372 4347 3654 4402 constitu-

1993 4445 2106 4508 tus,
2139 4441 2494 4513 perpetuam
2544 4434 2836 4490 abbatum
2893 4434 3241 4491 electionem
3298 4436 3521 4491 habeat
3565 4452 3653 4492 se-

221 4523 631 4611 retributionis
660 4541 1014 4618 participem
1047 4555 1110 4594 se
1138 4535 1389 4603 noverit,
1445 4533 1550 4606 qui
1603 4532 1696 4587 his
1747 4547 1885 4604 quae
1924 4566 1965 4618 Β
1995 4529 2262 4586 cundum
2295 4523 2488 4580 sancti
2526 4523 2826 4579 Benedicti
2851 4528 3240 4597 praeceptum.
3274 4526 3428 4592 Ergo
3465 4525 3650 4593 hujus

221 4640 335 4698 Dei
361 4644 519 4708 sunt,
548 4648 796 4709 quoquo
828 4629 1013 4686 modo
1044 4645 1105 4684 se
1133 4624 1461 4683 inseruerit.
1508 4625 1723 4677 Verum
1776 4621 1888 4676 vir-

220 4729 374 4788 tutis
403 4731 629 4795 auctor,
659 4719 988 4793 suppletor,
1023 4717 1236 4782 fautor,
1286 4710 1704 4786 benignissimi
1752 4712 1892 4765 Jesu

221 4813 696 4889 magniﬁcentiae
721 4825 845 4866 non
871 4823 1084 4880 expers
1137 4805 1264 4874 erit,
1294 4819 1430 4859 cum
1480 4818 1590 4874 pro
1646 4817 1708 4856 se
1757 4814 1892 4871 quae

224 4908 337 4968 Dei
355 4888 507 4961 Ivoto
529 4906 666 4958 sunt
691 4897 928 4972 juverit.
956 4894 1236 4951 Omnium
1267 4892 1425 4948 enim
1451 4907 1587 4963 quae
1617 4888 1893 4960 omnipo-

227 4995 416 5056 tentis
451 4993 545 5049 Dei
572 4991 724 5046 ﬁunt
753 5001 980 5056 amore,
1003 4984 1162 5040 idem
1194 4982 1512 5038 retributor
1527 4977 1897 5036 estmaxima

228 5084 622 5154 benignitate.
654 5083 808 5148 Ergo
834 5091 1047 5146 regum
1076 5072 1435 5141 benignitas,
1470 5087 1731 5143 quorum
1758 5085 1895 5124 auc-

233 5176 475 5234 toritate
504 5189 575 5229 ea
604 5186 740 5244 qua:
763 5166 918 5224 casis
945 5164 1046 5220 Dei
1083 5161 1490 5231 conferuntur,
1537 5159 1658 5216 ﬁxa
1715 5162 1896 5230 atque

317 5316 391 5386 (5)
424 5309 775 5386 Caenobium
805 5306 879 5362 de
911 5303 1248 5386 Campellis,
1272 5302 1346 5382 de
1377 5316 1500 5386 quo
1529 5300 1626 5386 hic
1679 5299 1894 5386 agitur,

239 5369 584 5446 sit‘uinerat
612 5382 670 5437 in
703 5377 945 5435 dioecesi
978 5369 1354 5444 [.ingonensi,
1398 5369 1822 5446 liaudprocul
1854 5385 1904 5446 ‘a

242 5441 556 5520 Desuensi,
610 5451 771 5508 aliud
829 5441 1163 5520 omnincf—a
1210 5441 1911 5520 Campellensi'ecclesia

245 5513 568 5598 collegiate.
593 5518 1256 5598 dimcesi‘sdParisiensis
1299 5513 1644 5598 ini-Baiegi‘o
1701 5517 1913 5594 tractu,

250 5584 444 5674 cujus
463 5597 685 5654 mentio
740 5595 802 5651 in
828 5592 956 5648 Vita
982 5589 1171 5646 sancti
1193 5584 1481 5654 Mederici,
1527 5584 1712 5640 relata
1731 5584 1792 5638 in
1817 5587 1920 5638 Be-

1997 4618 2193 4688 ducis,
2248 4613 2437 4671 nostri
2483 4613 2707 4669 scilicet
2750 4612 2968 4679 fratris,
3022 4611 3312 4684 quoniam
3357 4611 3520 4681 justa
3541 4615 3647 4680 est,

1999 4705 2310 4770 voluntati,
2361 4706 2541 4775 atque
2586 4700 2842 4768 abbatis,
2895 4700 3040 4771 quia
3092 4703 3254 4755 recta
3322 4703 3429 4769 est,
3495 4699 3654 4769 lega-

2001 4796 2146 4852 tioni
2200 4798 2554 4858 annuentes,
2586 4789 2890 4864 precando
2919 4805 3260 4860 monemus,
3316 4789 3653 4844 monendo-

2001 4903 2119 4959 que
2171 4883 2354 4953 regali
2401 4881 2653 4954 imperio
2711 4879 3094 4952 praecipimus
3147 4882 3212 4933 ut
3259 4877 3458 4933 nullus
3507 4878 3657 4934 inibi

2003 4973 2395 5030 constituatur
2437 4969 2646 5035 abbas,
2702 4968 2817 5024 nisi
2859 4983 3042 5039 quem
3094 4966 3344 5022 fratrum
3382 4967 3657 5022 omnium

2005 5079 2145 5118 cum
2177 5061 2277 5116 Dei
2292 5060 2504 5115 timore
2527 5072 2776 5112 concors
2799 5055 3038 5124 elegerit
3053 5058 3293 5111 caterva
3321 5072 3334 5110 :
3369 5056 3542 5126 cujus
3559 5055 3662 5111 ab-

2005 5153 2182 5208 batiae
2204 5150 2556 5206 tutationem
2579 5146 2693 5201 sub
2713 5161 2902 5201 manu
2921 5161 3134 5215 regum
3147 5149 3253 5202 aut
3270 5145 3418 5201 forte
3435 5145 3662 5202 ducum

2007 5290 2292 5350 nedictini
2316 5288 2526 5344 Saeculi
2552 5287 2700 5342 tertii
2729 5290 2896 5359 parte
2945 5291 2993 5342 ί.
3046 5290 3300 5343 Vocatur
3341 5287 3484 5344 item
3511 5288 3668 5344 beat-

2012 5365 2301 5433 martyr-is
2333 5359 2682 5430 Leodegarii
2726 5360 3147 5433 monasterium
3197 5359 3672 5433 quodACampeli

2023 5438 2093 5494 tis
2179 5429 2657 5505 cognominatur,
2692 5429 2883 5505 apud
2904 5501 2919 5505 _
2940 5429 3224 5485 Glabrum
3262 5430 3427 5485 initio
3447 5429 3580 5484 libri
3610 5446 3668 5496 v,

2025 5509 2130 5636 αἰλὶὶ
2161 5500 2372 5564 Glaber
2425 5500 2776 5576 aliquandiu
2801 5500 3021 5556 ibidem
3045 5506 3310 5558 versatus
3354 5506 3441 5557 est
3460 5515 3672 5556 mona-

2033 5597 2065 5636 c
2113 5596 2208 5636 us.

2033 5596 2208 5636 cnus.
