3996 6178
504 129 611 184 947

1704 131 2002 187 ROBERTI
2039 126 2245 199 REGIS
2284 126 2726 183 mucosum.
3170 192 3175 197 ἢ
3724 147 3802 203 με

502 253 633 325 ejus
657 253 823 325 regni
853 252 1288 321 constituimus,
1324 252 1431 310 itat
1458 257 1525 310 ut
1570 254 1772 311 nullus
1812 254 2152 328 principum
2195 254 2245 311 Δ
2270 249 2516 322 reliquis
2541 253 2853 308 monachis
2881 253 3139 326 praefatae
3183 256 3433 313 ecclesiae
3478 262 3809 326 muniﬁcentia

502 358 638 400 eam
663 343 944 399 invadere
971 358 1082 398 nec
1113 342 1292 399 etiam
1323 343 1545 400 audeat
1571 361 1803 415 rogare.
1859 345 2157 399 Adversa-

502 430 727 487 riarum
756 429 1016 502 denique
1039 431 1543 488 consuetudinum
1573 433 1657 489 sic
1712 433 2045 499 avellimus,
2095 436 2159 488 ut

503 521 581 578 ab
603 521 718 576 hoc
750 525 1018 593 tempore
1042 537 1232 594 usque
1258 521 1319 577 in
1357 522 1648 580 saeculum
1696 524 1842 581 nihil
1896 524 2158 596 patiatur

500 609 756 676 adversi,
788 610 892 665 sed
922 610 1002 666 ab
1034 610 1199 666 omni
1222 610 1410 667 libera
1438 612 1658 683 injuria
1684 613 1866 669 libere
1914 616 2032 668 Deo
2058 613 2157 667 de-

498 698 712 755 serviat
743 716 756 753 :
787 715 967 772 quem
997 699 1197 756 locum
1229 700 1520 772 quoniam
1549 702 1673 758 dux
1721 702 1908 772 diligit
1940 704 2154 775 (patro-

495 802 646 842 num
678 786 976 859 siquidem
1002 804 1143 844 eum
1174 788 1397 861 ipsum,
1431 789 1652 848 scilicet
1682 796 1957 849 sanctum
2015 795 2151 847 Ger-

495 890 770 942 manum,
803 874 963 946 eligit
993 876 1326 948 specialiter
1380 877 1602 934 habere
1651 879 1712 937 in
1769 880 1930 935 caelis
1989 880 2153 953 apud

495 963 725 1034 Deum),
757 964 1025 1036 quadam
1070 965 1191 1019 suis
1234 965 1537 1022 abbatiola
1594 973 1930 1026 constructa
1974 968 2154 1042 patri-

492 1053 712 1111 moniis
738 1052 801 1109 in
828 1054 1058 1109 honore
1079 1055 1269 1110 sancti
1302 1055 1645 1125 Leodegarii
1695 1059 1996 1131 martyris,
2050 1077 2154 1115 no-

492 1142 653 1197 mine
685 1142 1024 1214 Campellis,
1053 1142 1257 1215 ipsum
1279 1160 1419 1198 eum
1448 1144 1650 1202 locum
1681 1148 2005 1220 ampliavit,
2051 1166 2153 1222 pa-

490 1229 747 1302 riterque
774 1230 826 1289 ei
858 1231 1061 1288 villam
1092 1232 1466 1302 Magniacum
1488 1235 1747 1294 reddidit
1778 1255 1791 1292 :
1821 1238 2040 1295 scilicet
2088 1245 2151 1296 ut

487 1318 551 1373 in
580 1318 828 1391 praefata
859 1319 1164 1377 abbatiola
1195 1337 1433 1395 semper
1490 1316 1631 1380 octo
1679 1326 1796 1382 sint
1842 1330 2147 1398 monachi,

490 1403 695 1462 abbati
719 1406 937 1464 scilicet
967 1408 1309 1482 praesidenti
1337 1410 1469 1468 loco
1493 1414 1690 1469 Sancti
1717 1416 1994 1472 Germani
2013 1418 2151 1473 sub-

488 1493 613 1549 diti.
639 1494 732 1550 Eis
761 1511 904 1552 vero
934 1499 1253 1555 monachis
1282 1515 1319 1556 a
1343 1499 1476 1556 loco
1509 1503 1705 1559 Sancti
1737 1506 2012 1562 Germani
2036 1523 2147 1563 nec

2268 342 2490 395 nostra:
2520 344 2816 412 praecepto
2847 342 3297 414 conﬁrmamus,
3325 360 3422 418 per
3447 349 3590 420 quod
3618 355 3809 427 principi-

2268 443 2407 483 mus
2438 432 2615 500 atque
2641 430 2926 500 jubemus
2956 438 3020 487 ut
3043 433 3121 487 ab
3145 434 3426 491 hodierna
3451 436 3533 491 die
3569 439 3661 495 hac
3701 443 3811 501 dein-

2265 531 2409 589 ceps
2437 518 2755 590 praedictus
2780 520 2960 590 abba,
2989 521 3204 595 aliique
3229 525 3493 580 monachi
3526 528 3715 598 praefati
3729 548 3811 589 mo-

2263 606 2509 665 nasterii
2529 607 2659 664 illas
2673 625 2780 686 res
2804 624 2941 683 quin
2972 616 3111 668 sunt
3140 612 3197 669 in
3224 628 3378 686 pago
3400 615 3727 675 Parisiacensi
3765 623 3807 677 li-

2260 694 2407 752 bere
2437 683 2803 769 possideant,
2832 699 3030 757 villam
3060 683 3329 759 videlicet
3355 720 3481 779 quae
3507 712 3713 763 vocatur
3740 713 3809 767 Ne

2261 784 2538 857 biliacus,
2568 803 2706 844 cum
2729 789 3117 848 advocatione
3141 796 3195 847 et
3223 793 3453 864 vicaria,
3477 812 3600 853 cum
3632 798 3809 857 ecclesia

2261 879 2321 931 et
2345 875 2532 933 altare
2564 876 2792 949 absque
2820 881 3053 952 synodo
3078 886 3133 936 et
3162 882 3409 953 circada,
3435 901 3558 940 cum
3593 885 3736 957 silvis,
3758 890 3807 945 vi-

2260 966 2411 1035 neis,
2440 966 2649 1038 pratis,
2672 968 2839 1023 terris
2862 970 3032 1025 cultis
3062 976 3119 1026 et
3142 972 3390 1041 incultis,
3416 978 3468 1031 et
3511 992 3629 1031 cum
3672 978 3806 1034 omni-

2258 1053 2377 1109 bus
2396 1055 2518 1110 suis
2535 1058 2923 1129 appendiciis.
2942 1064 3084 1117 Item
3104 1062 3163 1119 in
3180 1062 3384 1117 eodem
3398 1079 3541 1136 pago
3554 1066 3804 1135 ecclesiam,

2259 1159 2396 1215 quae
2430 1144 2541 1204 sita
2570 1150 2658 1202 est
2682 1146 2744 1202 in
2771 1148 2903 1204 vico
2927 1150 3029 1222 qui
3058 1151 3335 1208 Nosiacus
3361 1152 3572 1226 dicitur,
3614 1172 3702 1229 per
3739 1156 3805 1213 de-

2259 1234 2669 1305 precationem
2701 1238 2992 1295 Goscelini
3022 1241 3121 1311 [an
3152 1242 3434 1298 Roscelini
3463 1244 3506 1315 2’]
3535 1245 3804 1301 vicecomitis

2259 1322 2669 1382 Milidunensis
2700 1328 3090 1395 tradiderunt,
3120 1331 3224 1403 qui
3244 1348 3375 1388 eam
3422 1333 3492 1389 de
3532 1333 3724 1393 illorum
3757 1346 3803 1391 te-

2256 1410 2365 1469 bat
2393 1411 2705 1469 beneﬁcio.
2738 1418 2881 1472 Item
2912 1416 2973 1472 in
3004 1419 3216 1475 eodem
3247 1436 3417 1492 pago,
3454 1422 3508 1477 in
3562 1422 3673 1479 villa
3714 1441 3803 1496 qua

2254 1506 2507 1560 vocatur
2541 1504 2745 1577 Licias,
2778 1524 3059 1565 mansum
3087 1510 3356 1579 Algardis
3381 1529 3509 1568 cum
3535 1514 3706 1582 vineis,
3730 1520 3800 1570 ter-

485 1580 660 1639 liceat
684 1583 905 1640 collum
936 1591 1230 1655 excutere,
1289 1604 1399 1644 nec
1448 1607 1820 1664 quemquam
1874 1594 1985 1651 sibi
2031 1596 2145 1652 nisi
2179 1603 2219 1657 Β
2253 1590 2339 1646 ris
2371 1592 2564 1662 CllltiS,
2599 1599 2656 1650 et
2684 1596 2969 1653 omnibus
2999 1598 3078 1654 ad
3102 1599 3266 1657 illum
3314 1580 3727 1674 pertinentibus:
3767 1607 3802 1658 et

486 1672 772 1730 abbatem
833 1676 1029 1731 Sancti
1073 1678 1373 1743 Germani,
1428 1681 1704 1752 praeferre
1761 1700 1773 1736 :
1822 1684 1924 1756 qui
1953 1685 2145 1742 abbas

482 1761 684 1833 ipsum
711 1762 976 1819 loculum
1007 1765 1055 1820 si
1072 1782 1183 1822 sua
1209 1766 1356 1821 forte
1382 1767 1694 1837 industria,
1724 1776 1827 1826 aut
1840 1772 2143 1830 bonorum

483 1848 804 1905 hominum
847 1851 1280 1925 muniﬁcentia,
1330 1854 1466 1927 plus
1510 1860 1675 1912 octo-
1701 1854 2141 1919 monachorum

482 1936 876 2009 ampliaverit,
902 1954 1013 2011 pro
1035 1940 1286 2011 hujusce
1306 1942 1581 2000 beneﬁcii
1633 1948 1844 2004 merito
1887 1951 2141 2020 gratiam

483 2026 917 2098 Omnipotentis
948 2028 1043 2084 hic
1069 2036 1487 2106 mereaturque
1516 2034 1577 2089 in
1607 2036 1777 2092 caelo.
1842 2039 2023 2109 Igitur
2076 2047 2143 2097 ut

480 2112 662 2185 hujus
714 2115 1010 2173 benefacti
1066 2134 1407 2177 mereamur
1437 2139 1564 2179 esse
1594 2125 1932 2199 participes,
1981 2130 2139 2187 hanc

477 2208 700 2260 nostrae
729 2208 1094 2264 auctoritatis
1127 2213 1593 2284 praeceptionem
1638 2215 1829 2285 sigillo
1888 2219 2137 2277 robora-

476 2292 676 2349 vimus
726 2295 1163 2368 inviolabiliter,
1217 2300 1615 2376 volumusque
1681 2305 1984 2364 observari
2032 2327 2139 2383 per

483 2388 699 2440 cuncta
728 2385 949 2442 saecula
976 2386 1261 2458 lagaliter.

549 2475 763 2529 Datum
784 2491 823 2530 v
848 2472 988 2531 Idus
1021 2477 1251 2549 0ctob.,
1284 2494 1446 2536 anno
1476 2497 1688 2552 regum
1739 2484 2006 2555 Hugonis
2055 2494 2138 2545 at-

474 2578 592 2636 que
621 2564 859 2622 Roberti
891 2582 1008 2625 vui.
1043 2570 1258 2626 Actum
1288 2570 1349 2627 in
1379 2572 1479 2628 Dei
1509 2574 1753 2630 nomine
1784 2576 1866 2647 [in
1892 2595 2135 2637 monas-

474 2653 641 2741 terio]
667 2656 865 2713 Sancti
895 2657 1161 2730 Dionysii
1190 2659 1453 2741 feliciter.

470 2796 716 2853 Roberti
734 2800 890 2873 regis
904 2735 1289 2873 _}!21'(L’ceptzc172I
1296 2736 1425 2873 lpro
1451 2807 1903 2873 confirmatione
1930 2826 2131 2869 rerum

541 2882 690 2994 φας
719 2870 1123 2927 Baro/tardus
1158 2870 1343 2930 comes
1378 2880 1433 2930 et
1458 2870 1796 2937 Rai’naldus
1826 2882 2133 2952 episcopus

595 2943 882 2994 ossatensz'
902 2946 1263 2994 monasterio
1296 2948 1695 2994 (radii/erunt

595 2944 882 2996 'ossatensi
902 2946 1263 3000 monasterio
1296 2948 1699 3005 tradiderunt.

1107 3016 1302 3086 (Anno
1351 3019 1496 3088 998).

580 3098 861 3170 [ΜΑΒιιι.,
882 3101 984 3183 De_
997 3118 1062 3158 re
1089 3103 1362 3183 diploma
1384 3105 1485 3183 lib.
1514 3123 1764 3183 vi,_pag.
1800 3114 1922 3183 598,
1947 3129 2020 3167 ex

935 3125 970 3158 ’ϐ
997 3125 1062 3158 re
1089 3125 1362 3174 alpwm.,
1384 3125 1485 3161 ιω.
1514 3125 1592 3174 Vl,

935 3173 1234 3232 chartario
1276 3125 1665 3251 Fossatensiﬁ

538 3261 604 3315 In
630 3259 879 3318 nomine
900 3267 1119 3320 sanctae
1151 3268 1209 3322 et
1233 3264 1559 3323 individuce
1585 3268 1896 3334 Trinitatis,
1919 3275 2127 3331 Rosea-

465 3362 589 3417 rus,
621 3348 829 3406 divina
854 3352 1204 3424 providente
1232 3354 1565 3424 clementia,
1609 3358 1974 3417 Francorum
1999 3379 2124 3421 rex.

541 3436 600 3497 Si
628 3453 774 3509 erga
799 3438 933 3501 loca
952 3441 1171 3499 divinis
1200 3443 1456 3500 cultibus
1488 3448 1834 3520 mancipata
1884 3456 2129 3524 propter

465 3540 739 3587 amorem
764 3528 866 3586 Dei
896 3544 1231 3603 eorumque
1254 3532 1316 3589 in
1342 3532 1572 3590 eisdem
1629 3535 1775 3593 locis
1826 3539 2125 3599 famulan-

464 3612 617 3671 tium
645 3613 941 3675 beneﬁcia
971 3623 1314 3689 opportuna
1333 3619 1645 3691 largimur,
1677 3627 1995 3696 prtemium
2024 3645 2129 3687 no-

463 3700 559 3765 bis
591 3702 759 3775 apud
815 3704 1141 3765 Dominum
1192 3711 1429 3771 internae
1480 3716 1976 3773 remunerationis
2033 3735 2125 3776 re-

463 3789 649 3862 pendi
699 3806 825 3851 non
880 3792 1231 3855 difﬁdimus.
1287 3797 1512 3855 Idcirco
1566 3802 1793 3858 noverit
1832 3807 2126 3875 sagacitas

464 3893 574 3941 seu
615 3878 910 3941 industria
962 3884 1238 3945 omnium
1288 3891 1635 3945 nostrorum
1688 3890 1977 3965 ﬁdelium,
2002 3901 2124 3955 tam

463 3970 853 4042 prensantium
879 3988 1066 4045 quam
1097 3978 1154 4030 et
1183 3974 1542 4045 futurorum,
1569 3980 1714 4052 quia
1734 3982 1984 4054 quidam
2033 4004 2125 4043 ve-

461 4056 746 4119 nerabilis
772 4065 994 4117 sanctae
1024 4061 1443 4123 Parisiacensis
1475 4067 1749 4125 Ecclesiae
1777 4074 2118 4147 episcopus,

463 4144 709 4205 nomine
738 4148 1059 4216 Renoldus,
1092 4154 1150 4207 et
1175 4157 1344 4218 pater
1369 4154 1498 4224 ejus
1542 4158 1662 4215 Deo
1691 4144 2003 4217 amabilis—
2028 4144 2120 4220 co?

462 4245 595 4289 mes
614 4232 1019 4305 Burchardus,
1071 4238 1348 4301 adierunt
1400 4245 1779 4305 serenitatem
1828 4255 2117 4319 nostrain,

460 4317 765 4381 humiliter
790 4327 1059 4394 petentes
1082 4332 1380 4399 quatenus
1407 4347 1504 4389 res
1541 4334 1617 4391 de
1666 4336 1969 4396 beneﬁciis
2018 4310 2119 4401 eo;
2151 4310 2194 4364 Β

459 4423 774 4483 ιἰιωῳιαε
793 4416 1163 4473 monasterio
1195 4421 1549 4492 Fossatensi,
1590 4427 1756 4499 quod
1814 4435 1905 4485 est
1951 4431 2118 4489 dedi-

459 4501 745 4590 catumin
794 4502 1024 4567 honore
1066 4506 1429 4571 beatissima:
1490 4513 1740 4584 Virginis
1793 4519 2007 4590 Mariae,
2063 4526 2120 4578 et

456 4587 776 4653 beatorum
824 4594 1236 4665 apostolorum
1283 4600 1433 4658 Petri
1478 4605 1536 4661 et
1589 4604 1772 4668 Pauli,
1826 4624 1932 4663 seu
1963 4587 2118 4666 beati

458 4678 661 4749 Mauri,
692 4680 879 4741 Patris
911 4685 1208 4745 Benedicti
1236 4689 1531 4762 discipuli,
1560 4693 1665 4764 qui
1712 4695 1927 4754 eodem
1982 4698 2116 4755 loco

455 4769 792 4840 requiescit,
823 4774 1219 4847 contulerunt,
1250 4783 1308 4835 et
1336 4778 1539 4839 abbati
1566 4782 1840 4852 ejusdem
1860 4785 1976 4843 loci
2005 4803 2116 4844 no-

454 4854 618 4917 mine
646 4859 911 4927 Teutoni,
944 4867 1001 4918 et
1027 4863 1309 4925 fratribus
1335 4866 1563 4926 ibidem
1582 4872 1702 4929 Deo
1722 4872 2113 4933 militantibus

454 4961 567 5019 pro
592 4950 828 5007 aeternae
852 4956 1334 5015 remuneratione
1361 4957 1517 5026 vitae,
1548 4964 1605 5017 et
1630 4977 1740 5034 pro
1769 4963 2111 5023 animarum

457 5050 705 5095 suarum
726 5039 1124 5111 absolutione,
1157 5049 1214 5101 et
1233 5046 1450 5105 animae
1471 5047 1773 5108 Elisabeth
1795 5054 2110 5113 comitissae

454 5126 851 5214 tradiderunt,
883 5132 1251 5191 auctoritatis
1274 5140 1499 5195 nostra:
1548 5148 1849 5214 praecepto
1906 5160 2111 5203 conce-

454 5207 596 5266 dere
617 5215 675 5267 et
700 5212 1055 5272 confirmare
1078 5218 1485 5289 dignaremur.
1514 5207 1980 5295 suggerentibus
2006 5231 2112 5286 ita-

453 5307 572 5381 que
596 5296 1220 5381 acintervenientibus
1265 5305 1490 5362 dilectis
1544 5311 1779 5381 nostris,
1838 5313 2110 5372 videlicet

452 5374 803 5443 dulcissima
824 5387 1103 5457 genitrice
1125 5398 1332 5451 nostra
1349 5395 1629 5454 Adelaide
1652 5374 1829 5473 atque
1851 5403 2107 5474 conjuge

450 5478 657 5535 nostra
686 5477 875 5549 Berta,
908 5493 1021 5535 nos
1044 5482 1320 5551 precibus
1350 5501 1559 5543 eorum
1582 5486 1970 5551 libentissime
2016 5492 2104 5548 fa-

2251 1679 2314 1735 in
2345 1682 2629 1738 comitatu
2660 1684 3026 1741 Milidunensi
3055 1688 3297 1744 alodum
3328 1706 3504 1746 unum
3523 1691 3611 1765 qui
3628 1697 3799 1748 vocatur

2255 1771 2596 1843 Curciacus,
2630 1791 2768 1832 cum
2801 1777 3192 1834 advocatione
3212 1780 3510 1845 etvicaria,
3530 1782 3795 1853 cumpratis.

2252 1860 2423 1915 terris
2455 1861 2624 1918 cultis
2654 1868 2710 1919 et
2733 1865 2994 1933 incultis,
3022 1873 3075 1923 et
3104 1886 3242 1925 cum
3272 1870 3362 1925 his
3396 1887 3520 1944 quae
3562 1870 3626 1925 ad
3659 1870 3794 1943 ipsum

2250 1950 2595 2021 respiciunt.
2625 1954 2691 2009 Et
2718 1953 2781 2009 in
2812 1955 3180 2014 Wastiuensi
3212 1975 3367 2031 pago
3420 1960 3583 2016 alium
3622 1959 3792 2016 alodum

2249 2039 2356 2110 qui
2386 2048 2768 2114 nuncupatur
2798 2045 2947 2111 Scia,
2982 2064 3122 2105 cum
3143 2048 3513 2106 advocatione
3532 2054 3581 2104 et
3602 2048 3792 2111 ecclesia,

2249 2127 2305 2178 et
2336 2140 2498 2197 aqua
2528 2142 2666 2183 cum
2697 2128 2974 2200 piscaria,
3009 2133 3215 2203 pratis,
3250 2134 3413 2190 terris
3428 2134 3577 2191 cultis
3601 2138 3646 2191 et
3665 2133 3791 2190 incul-

2248 2211 2340 2280 tis,
2367 2212 2599 2286 absque
2630 2215 2749 2272 ulla
2772 2219 3133 2276 vicariorum
3179 2226 3454 2294 potestate
3498 2238 3709 2291 congrue
3744 2227 3792 2275 te-

2244 2306 2429 2357 neant
2460 2307 2638 2375 atque
2670 2307 3041 2378 possideant.
3072 2310 3160 2365 Ob
3183 2312 3295 2366 hoc
3314 2312 3649 2385 praecipimus
3668 2310 3789 2367 etiam

2248 2394 2312 2445 ut
2333 2392 2533 2447 nullus
2564 2410 2687 2463 rex,
2712 2396 2912 2452 nullus
2944 2399 3288 2472 episcopus,
3321 2401 3503 2456 nullus
3529 2416 3704 2465 comes,
3726 2404 3791 2453 aut

2245 2478 2369 2535 ulla
2396 2486 2661 2552 potestas
2688 2483 2822 2540 illas
2841 2502 2939 2541 res
2965 2487 3307 2560 disponere,
3342 2494 3438 2546 aut
3460 2489 3514 2545 in
3540 2505 3630 2544 sua
3651 2492 3788 2561 potes-

2245 2570 2361 2623 tate
2388 2570 2725 2643 quidquam
2755 2573 2975 2629 horum
3006 2576 3322 2633 decernere
3350 2579 3433 2634 vel
3452 2578 3679 2647 delegare
3693 2592 3788 2649 pra-

2243 2662 2446 2714 sumat
2475 2677 2487 2714 :
2518 2660 2623 2717 sed
2648 2667 2939 2734 perpetua
2969 2665 3265 2723 soliditate
3314 2668 3374 2723 in
3416 2667 3785 2740 supradictorum

2241 2744 2492 2802 fratrum
2517 2753 2805 2821 potestate
2837 2754 3124 2810 consistat
3145 2755 3490 2828 disponendi
3509 2773 3597 2811 seu
3607 2752 3783 2810 faciendi

2240 2849 2314 2893 ex
2342 2835 2437 2892 his
2461 2837 2761 2911 quidquid
2786 2840 3088 2910 elegerint.
3126 2847 3191 2899 Et
3214 2851 3277 2900 ut
3300 2846 3468 2915 hujus
3489 2850 3665 2900 nostrae
3686 2857 3782 2914 pra»

2163 2956 2202 3010 C
2239 2924 2529 2995 ceptionis
2561 2927 2821 2983 edictum
2854 2936 3036 3003 atque
3094 2933 3478 2989 roborationis
3513 2937 3780 3005 praeceptum

2236 3026 2345 3083 per
2372 3018 2587 3070 cuncta
2612 3016 2723 3071 aevi
2756 3022 3027 3091 tempora
3057 3021 3453 3077 inviolabilem
3480 3020 3692 3077 obtineat
3720 3016 3779 3070 ﬁr-

2235 3099 2457 3157 mitatis
2488 3104 2776 3175 vigorem,
2810 3123 2999 3163 manu
3020 3112 3268 3183 propria
3300 3112 3487 3167 subter
3507 3104 3779 3165 conﬁrman-

2234 3204 2391 3257 mus,
2408 3194 2681 3249 etannuli
2696 3196 2880 3251 nostri
2894 3197 2974 3252 im
2984 3200 3290 3270 pressione
3306 3198 3546 3269 insigniri
3553 3195 3772 3267 jussimus.

2308 3282 2455 3336 Data
2475 3297 2577 3336 xui
2600 3282 2731 3338 Kal.
2758 3284 2906 3352 Maii,
2940 3286 3264 3345 indictione
3308 3307 3385 3360 x1,
3424 3303 3564 3344 anno
3602 3302 3647 3351 ι,
3687 3296 3770 3349 reg-

2237 3371 2418 3425 nante
2447 3368 2704 3428 Hoberto
2729 3388 2867 3442 rege
2896 3374 3179 3444 glorioso.
3208 3384 3415 3450 Actum
3440 3374 3637 3450 publice
3678 3367 3772 3425 Pari-

2237 3456 2399 3513 siaca
2421 3459 2568 3515 urbe
2596 3477 2757 3517 anno
2786 3462 3087 3593 incarnaltil
3108 3448 3279 3523 Verbi
3303 3472 3419 3524 998.

2233 3600 2506 3687 Rotoerti
2525 3604 2680 3673 regis
2709 3582 3109 3687 praiceptwri',‘
3130 3626 3245 3684 quo
3265 3611 3609 3687 superiorum.
3624 3614 3767 3687 regum

2304 3672 2681 3746 aliorumque
2704 3672 3109 3736 concessiones
3139 3672 3406 3738 ‘caenobio
3455 3676 3631 3735 Sancti
3679 3672 3767 3727 Ger-

2234 3745 2405 3799 mam’
2431 3744 2941 3820 Antiksiodorensi
2964 3754 3166 3820 factas
3188 3755 3501 3820 confirmat.

2726 3819 2910 3888 (Circa
2951 3819 3184 3879 annum
3229 3819 3401 3894 1002.)

2232 3902 2508 3973 iMABlLL.,
2541 3908 2628 3963 De
2656 3924 2721 3965 re
2745 3910 3016 3980 diplom.,
3048 3913 3153 3969 lib.
3186 3932 3262 3970 vi.
3295 3930 3421 3986 pag.
3451 3915 3555 3976 600,
3581 3924 3635 3964 ex
3658 3904 3765 3959 char-

2532 3996 2682 4052 tario
2712 3999 2911 4055 Sancti
2937 4003 3216 4059 Germani
3246 3999 3555 4070 Antissiod.]

2304 4085 2368 4136 In
2381 4084 2625 4140 nomine
2639 4092 2859 4142 sanctae
2876 4094 2931 4144 et
2951 4090 3279 4147 individua:
3310 4088 3581 4152 Trinitatis,
3598 4087 3768 4140 Horren-

2231 4184 2353 4240 rus,
2390 4172 2712 4230 Divinitatis
2745 4184 3046 4235 annuente
3076 4180 3407 4248 clementia,
3434 4194 3536 4233 rex.

2304 4262 2499 4331 988ίῶ
2576 4264 2882 4335 dignitatis
2950 4273 3036 4325 est
3096 4272 3257 4328 circa
3319 4266 3574 4341 religionis
3602 4258 3762 4317 cultum

2229 4349 2448 4421 pietate
2512 4356 2570 4409 et
2640 4354 2869 4424 justitia
2944 4374 3004 4414 se
3062 4362 3395 4427 extendere,
3446 4354 3758 4415 servorumque

2230 4441 2328 4497 Dei
2362 4442 2747 4513 petitionibus
2796 4447 3010 4505 votivis
3039 4451 3260 4509 animis
3312 4448 3639 4522 acquiescam.
3670 4434 3765 4522 Qua

2227 4528 2303 4585 de
2331 4546 2392 4586 re
2423 4532 2656 4588 noverit
2695 4535 2969 4594 omnium
3019 4546 3243 4597 sanctae
3289 4520 3630 4596 Dei'Ecclesia
3659 4520 3763 4578 ﬁde-

2224 4618 2373 4676 lium
2418 4620 2714 4678 industria
2757 4626 3161 4685 venerabilem
3202 4629 3468 4685 abbatem
3518 4614 3764 4679 Heldricum

2224 4710 2571 4766 monasterii
2605 4713 2800 4769 Sancti
2831 4716 3109 4773 Germani
3164 4706 3653 4775 Antissiodorensis,
3691 4696 3763 4754 ad-

2223 4795 2412 4853 hibita
2443 4815 2648 4856 secum
2701 4804 3137 4863 monachorum
3170 4807 3426 4877 ejusdem
3452 4800 3545 4858 loci
3585 4801 3763 4881 congl‘t‘

2223 4885 2484 4957 gatione,
2516 4894 2881 4961 praeceptum
2903 4894 3213 4964 quoddam
3234 4894 3400 4963 regite
3438 4882 3762 4969 muniﬁcentia!

2222 4974 2301 5031 ab
2340 4991 2454 5033 avo
2492 4982 2699 5033 nostro
2740 4963 2990 5049 Hugone
3051 4986 3260 5052 Magno
3298 4979 3518 5055 praefato
3563 4963 3761 5061 0090991?

2219 5061 2607 5136 impetratum
2682 5072 2862 5139 atque
2929 5070 3230 5138 collatum,
3279 5054 3477 5126 nostrae
3544 5054 3759 5116 serenital1

2220 5150 2524 5222 detulisse,
2580 5160 2784 5213 nostra
2808 5172 3055 5236 quoque
3099 5159 3430 5216 auctoritate
3456 5155 3623 5208 denuo
3645 5152 3759 5236 rei“?

2219 5240 2508 5310 vandum,
2538 5246 2717 5315 atque
2746 5243 2806 5299 in
2830 5228 3155 5317 posterum
3188 5238 3651 5303 transmittendum
3686 5228 3755 5314 h‘!’

2218 5323 2433 5379 militer
2461 5327 2754 5399 expetisse
2787 5345 2801 5383 :
2834 5336 3129 5402 quatenus
3153 5336 3207 5386 et
3236 5325 3645 5404 apostolicorum
3682 5322 3757 5383 Ρη

2218 5407 2449 5480 vilegia,
2517 5415 2574 5467 et
2646 5413 3153 5485 praedecessorum
3228 5419 3553 5472 nostrorum,
3580 5404 3753 5502 .reggl‘n

2215 5495 2454 5567 scilicet,
2483 5504 2780 5573 praecepta
2804 5504 3012 5561 omnia
3040 5505 3227 5561 eidem
3263 5501 3529 5577 praecepto
3575 5486 3751 5547 inserta:

449 5569 671 5635 ventes,
703 5567 1081 5623 traditionem
1107 5570 1409 5643 [praedicto
1439 5574 1643 5632 abbati
1691 5580 1794 5652 Ep.
1852 5581 1943 5650 P.]
1996 5596 2105 5638 seu
2210 5585 2327 5643 hoc
2397 5567 2603 5646 nostro
2661 5567 2988 5651 sanctionis
3055 5567 3374 5651 testimonio
3429 5567 3748 5643 donaremus:
