3996 6178
208 101 320 157 949

1733 93 2171 155 DIPLOMATA.

3563 113 3668 167 950

205 223 435 281 scilicet
472 225 532 278 ut
553 220 894 276 secundum
925 220 1111 277 ﬁdem
1142 219 1202 274 et
1246 230 1460 270 eorum
1503 215 1889 289 proprietatis
1938 223 1983 275 Α
2016 223 2161 280 tiam
2187 227 2523 287 secundum
2553 229 2889 300 regularem
2910 230 3341 289 institutionem
3356 232 3473 290 alio
3499 233 3672 292 dece-

204 310 637 371 continentiam
664 314 958 383 perpetuo
989 313 1053 364 et
1093 303 1471 397 inconvulsa
1497 311 1810 397 maneant,
1832 310 1903 397 et
2014 312 2211 370 dente.
2249 318 2313 372 Et
2342 321 2407 371 ut
2438 319 2601 374 nullo
2648 335 2919 392 unquam
2948 324 3217 393 tempore
3258 322 3369 378 sub
3419 323 3673 397 alicujus

201 400 499 459 inviolata
527 399 873 473 perdurent.
908 404 1175 466 Quorum
1206 393 1475 467 petitioni
1497 395 1797 452 benevolo
1818 396 1900 452 t‘a-

2014 402 2281 477 episcopi
2308 406 2717 465 dominatione
2741 409 3107 479 redigantur,
3141 415 3197 467 et
3226 411 3425 468 nullus
3441 413 3672 486 episco-

204 506 359 547 vore
385 488 801 561 assentientes,
816 489 1206 561 maximeque
1236 483 1316 539 ob
1343 482 1593 574 gloriosi
1615 485 1899 541 avunculi
2011 507 2127 562 pus
2154 492 2348 564 ipsam
2378 493 2688 551 ahbatiam
2711 513 2747 552 a
2775 497 2939 567 regia
2965 498 3313 556 celsitudine
3339 482 3669 574 exquirere,

206 580 405 636 nostri
432 579 643 636 domui
672 579 905 635 Henrici
934 578 1103 635 ducis
1133 572 1501 644 Burgundise
1527 574 1893 632 memoriam

206 674 267 726 et
295 668 526 728 Ottonis
557 667 753 726 fratris
791 669 940 740 ejus,
973 667 1074 741 qui
1108 679 1243 721 sese
1272 661 1719 735 particulariter
1748 663 1896 720 inibi

206 757 334 815 sub
380 756 540 815 beati
572 757 851 813 Germani
880 754 1216 829 patrocinio
1265 750 1718 823 manciparunt,
1746 756 1816 817 ut
1839 756 1897 807 et

205 847 538 920 sepulturae
593 846 866 903 mandati
918 846 1072 914 sint;
1128 857 1250 899 nos
1302 856 1551 915 quoque
1608 841 1893 899 eumdem

204 936 420 994 locum
443 939 671 995 sanctas
710 935 907 1008 potius
937 931 1282 992 reverentiae
1326 947 1516 1004 quam
1549 932 1726 989 alicui
1756 931 1894 987 sub-

207 1026 455 1097 jectioni
484 1025 938 1094 committimus,
968 1025 1290 1089 tradimus,
1308 1021 1729 1079 sublimamus.
1746 1024 1893 1076 Prte-

216 1121 394 1189 cepta
417 1131 669 1189 quoque
701 1114 906 1171 omnia
932 1119 987 1169 et
1016 1112 1403 1170 auctoritates
1433 1117 1652 1168 nostrae
1692 1112 1893 1168 denuo

220 1203 661 1276 astipulationis
687 1203 881 1259 edicto
912 1202 1347 1258 conﬁrmamus
1379 1220 1391 1270 ;
1421 1202 1618 1274 ipsam
1649 1216 1891 1274 quoque

214 1293 753 1363 congregationem
786 1292 902 1348 sub
926 1291 1278 1365 plenissima
1302 1291 1653 1348 defensione
1683 1296 1893 1348 nostra

207 1380 479 1454 quietam
522 1398 602 1438 ac
650 1381 901 1437 liberam
932 1397 1062 1436 esse
1092 1380 1393 1451 volumus,
1436 1397 1574 1436 cum
1605 1379 1889 1436 omnibus

203 1486 334 1543 quae
378 1471 590 1543 ipsius
618 1470 965 1527 monasterii
1005 1474 1162 1539 sunt,
1194 1469 1288 1525 vel
1312 1486 1676 1542 quocunque
1707 1469 1891 1525 modo

2011 585 2067 635 et
2093 582 2255 654 ipsos
2276 585 2608 640 monachos
2638 585 2950 643 sollicitare
2966 592 3067 644 aut
3094 588 3423 663 inquietare
3442 608 3671 665 pressu-

2010 670 2273 737 mat,hac
2297 677 2514 729 nostrae
2525 673 2892 731 auctoritatis
2913 677 3306 749 praeceptione
3317 680 3670 739 omnimodo

2007 756 2440 817 interdicimus.
2478 762 2534 817 Si
2563 762 2698 834 quis
2730 764 3136 835 autem'hujus
3166 771 3381 824 nostrae
3413 770 3668 826 auctori-

2009 846 2143 903 tatis
2177 851 2524 905 temerarius
2552 850 2805 906 violator
2825 856 2928 908 aut
2969 855 3345 929 contemptor
3372 872 3499 911 esse
3525 861 3672 914 tem-

2009 937 2282 1007 ptaverit,
2314 953 2433 992 non
2466 938 2659 994 valeat
2706 939 3024 1014 impetrare
3062 942 3229 1014 quod
3258 942 3474 1015 expetit
3503 960 3514 1001 :
3564 945 3670 1000 sed

2008 1024 2254 1099 insuper
2301 1042 2411 1098 pro
2450 1028 2624 1096 regiae
2678 1028 3007 1099 majestatis
3052 1034 3399 1104 contemptu
3429 1036 3670 1091 centum

2006 1113 2191 1171 libras
2218 1115 2345 1171 auri
2369 1116 2519 1172 cocti
2534 1121 2784 1187 cogatur
2799 1117 3103 1175 exsolvere
3130 1137 3144 1188 ;
3167 1120 3546 1178 medietatem
3577 1138 3673 1179 ca-

2008 1220 2188 1261 merae
2220 1209 2459 1276 nostrae,
2492 1202 2871 1263 medietatem
2908 1206 3056 1280 ipsis
3087 1208 3442 1277 monachis;
3474 1209 3549 1268 de
3578 1227 3671 1268 ce-

2010 1294 2144 1350 teris
2171 1311 2310 1351 vero
2345 1296 2702 1370 supradictis
2744 1297 3245 1370 praeceptionibus
3273 1298 3671 1359 immunitatis

2004 1398 2041 1437 a
2067 1383 2577 1456 contemptoribus
2620 1400 2800 1456 paena
2844 1385 3135 1455 exigatur.
3170 1379 3255 1443 Ut.
3283 1392 3483 1444 autem
3535 1388 3667 1446 haec

2004 1470 2330 1527 altitudinis
2356 1475 2574 1527 nostrae
2606 1471 2979 1530 conﬁrmatio
3029 1490 3133 1530 seu
3175 1475 3496 1550 praeceptio
3542 1490 3667 1533 me-

198 1560 505 1634 pertinere
523 1560 831 1630 videntur,
863 1559 1280 1615 inviolabiliter
1304 1559 1653 1615 auctoritate
1683 1563 1890 1615 nostra
1924 1576 1962 1629 3
2000 1558 2211 1616 liorem
2244 1576 2481 1633 semper
2510 1560 2776 1619 obtineat
2809 1562 3171 1632 ﬁrmitatem,
3221 1580 3409 1621 manu
3457 1571 3665 1624 nostra

195 1665 574 1722 permanere
622 1648 1020 1716 decernimus,
1072 1652 1130 1704 et
1200 1648 1316 1704 sub
1364 1653 1584 1704 nostrae
1629 1647 1890 1704 tuitionis

192 1739 658 1812 gubernatione
710 1738 1072 1811 suscipimus
1108 1756 1120 1793 :
1154 1740 1235 1794 ita
1265 1744 1329 1793 ut
1358 1738 1471 1794 sub
1501 1743 1710 1795 nostra
1758 1754 1892 1811 pro-

191 1830 456 1891 teetione
490 1829 680 1885 liceat
702 1828 786 1884 eis
814 1828 1011 1900 quiete
1041 1827 1255 1899 vivere,
1297 1833 1354 1882 et
1390 1827 1649 1884 vivendo
1690 1827 1889 1900 quies-

195 1935 364 1988 wre;
395 1917 742 1990 nullusque
770 1917 1110 1989 episcopus,
1128 1916 1225 1972 vel
1243 1916 1460 1989 aliquis
1480 1932 1553 1973 ex
1582 1917 1891 1991 episcopa-

195 2009 362 2067 libus
394 2007 697 2064 ministris
724 2006 949 2063 ibidem
978 2006 1209 2079 aliquid
1239 2010 1569 2077 praesumat
1614 2022 1888 2062 exercere

196 2097 544 2169 judicium:
581 2099 640 2152 et
678 2095 875 2152 nullus
926 2095 1113 2166 judex
1167 2094 1446 2167 publicus
1493 2094 1587 2150 vel
1639 2095 1891 2167 quilibet

199 2191 455 2244 exactor
481 2185 817 2256 judiciarite
850 2186 1177 2257 potestatis,
1210 2184 1304 2239 vel
1328 2184 1542 2257 aliquis
1572 2200 1646 2240 ex
1670 2184 1888 2241 nostris

198 2274 519 2345 ﬁdelibus,
550 2273 650 2330 vel
688 2273 888 2346 aliqua
916 2288 1142 2343 magna
1171 2289 1478 2345 parvaque
1522 2288 1781 2345 persona
1825 2273 1886 2330 in

197 2364 500 2424 omnibus
525 2363 709 2420 rebus
739 2362 930 2418 eidem
961 2362 1095 2419 loco
1125 2361 1383 2417 subditis
1413 2362 1493 2419 ad
1524 2378 1743 2418 causas
1776 2378 1884 2418 au-

197 2453 493 2519 diendas,
526 2450 623 2507 vel
652 2450 818 2507 {reda
846 2455 951 2507 aut
975 2451 1195 2507 tributa
1225 2450 1544 2522 exigenda,
1577 2455 1681 2507 aut
1708 2466 1884 2507 man-

198 2542 414 2601 siones
438 2540 537 2597 vel
566 2544 808 2612 paratas
838 2540 1166 2609 faciendas,
1218 2542 1323 2595 aut
1350 2538 1736 2611 ﬁdejussores
1783 2539 1886 2595 tol-

194 2630 449 2700 lendos,
481 2633 587 2685 aut
614 2628 885 2683 homines
916 2628 1105 2701 ipsius
1136 2628 1505 2699 monasterii,
1522 2632 1644 2683 tam
1677 2644 1884 2684 servos

195 2737 400 2795 quam
441 2720 760 2789 ingenuos,
807 2735 987 2791 super
1032 2723 1250 2776 terram
1303 2718 1576 2788 ejusdem
1624 2717 1884 2773 ccenobii

197 2812 672 2867 commanentes
701 2808 1072 2879 distringere,
1106 2812 1211 2864 aut
1258 2806 1492 2863 illicitas
1535 2807 1882 2865 occasiones

204 2899 443 2957 nostris
475 2897 567 2957 vel
592 2896 803 2957 futuris
858 2899 1235 2971 temporibus
1260 2897 1565 2970 requirere
1614 2897 1836 2953 audeat
1864 2915 1877 2953 :
1912 2930 1953 2982 ο

199 2988 319 3045 sed
368 2988 550 3044 liceat
596 2987 906 3042 monachis
958 2986 1187 3059 praefati
1218 2986 1476 3042 coenobii
1514 3003 1609 3041 res
1657 2985 1735 3041 ad
1770 3003 1880 3042 sua

201 3075 519 3151 stipendia
547 3075 905 3148 pertinentes
939 3075 1055 3130 sub
1088 3091 1208 3131 una
1236 3074 1631 3130 immunitatis
1661 3090 1881 3146 praece-

196 3171 418 3242 ptione
464 3164 667 3238 quieto
715 3163 920 3221 ordine
965 3164 1292 3238 possidere.
1340 3163 1630 3220 Jubemus
1676 3178 1788 3233 ego
1820 3167 1885 3219 ut
1956 3182 1969 3205 κ

197 3273 413 3330 neque
445 3256 559 3329 ipsi
589 3255 872 3312 monachi
900 3255 1419 3325 autnegotiatores
1444 3269 1882 3326 eorum,neque

198 3347 492 3405 homines
519 3345 623 3418 qui
662 3361 768 3418 per
795 3345 991 3418 ipsam
1021 3361 1227 3401 casam
1260 3344 1361 3400 Dei
1409 3359 1648 3417 sperare
1680 3343 1881 3399 viden-

200 3444 331 3507 tur,
374 3436 676 3492 teloneum
726 3435 1065 3506 persolvere
1113 3439 1406 3505 cogantur
1454 3434 1513 3489 in
1545 3433 1883 3489 civitatibus

200 3526 309 3583 vel
335 3525 504 3593 vicis,
521 3540 626 3580 seu
650 3524 804 3580 villis
829 3529 932 3581 aut
961 3523 1432 3592 mercatis,ve1in
1464 3522 1758 3597 portubus
1781 3527 1885 3579 aut

201 3616 425 3690 portis,
446 3615 599 3673 sicut
626 3614 689 3669 in
712 3619 1010 3687 praecepto
1037 3614 1451 3684 gloriosissimi
1482 3612 1675 3673 Caroli
1697 3613 1884 3685 impe-

201 3704 430 3762 ratoris
470 3703 825 3761 continetur.
873 3703 1285 3776 Principientes
1334 3707 1535 3759 autem
1568 3701 1881 3773 jubemus,

206 3800 270 3851 et
294 3792 576 3865 iubentes
606 3790 1058 3862 conﬁrmamus,
1102 3796 1167 3849 ut
1203 3791 1352 3849 nulli
1395 3791 1689 3851 abbatum
1729 3791 1883 3861 ejus-

205 3884 355 3941 dem
379 3882 516 3952 loci,
549 3886 654 3939 aut
677 3882 917 3939 cuilibet
946 3883 1111 3941 alteri
1141 3898 1414 3956 personae
1443 3881 1617 3941 liceat
1629 3897 1706 3939 ex
1733 3896 1884 3953 prae-

208 3973 447 4045 scriptis
496 3971 780 4029 omnibus
832 3973 1014 4028 rebus
1064 3971 1295 4044 aliquid
1345 3971 1405 4027 in
1445 3970 1595 4031 alios
1645 3974 1883 4043 praeter-

207 4077 402 4137 quam
431 4061 849 4118 constituimus
896 4078 1041 4118 usus
1085 4062 1353 4130 redigere
1385 4064 1488 4115 aut
1514 4062 1880 4131 retorquere,

209 4156 321 4210 aut
344 4150 522 4207 alicui
568 4150 918 4207 habendum
951 4150 1239 4217 conferre,
1273 4165 1468 4222 neque
1498 4164 1750 4209 censum
1779 4151 1884 4205 aut

208 4242 509 4298 honorem
538 4244 643 4296 aut
667 4239 830 4296 dona
856 4239 1160 4312 quaelibet,
1190 4239 1286 4294 vel
1314 4242 1520 4311 pastos
1551 4252 1772 4295 canum
1818 4235 1881 4292 in

208 4328 699 4403 possessionibus
744 4327 887 4395 suis,
921 4327 1043 4382 sive
1072 4343 1390 4400 equorum,
1424 4324 1518 4381 vel
1547 4324 1625 4381 ab
1653 4324 1880 4380 eisdem

211 4416 405 4475 servis
432 4417 529 4473 Dei
562 4420 836 4490 receptus
864 4416 1120 4489 aliquos,
1144 4416 1257 4471 nisi
1278 4415 1355 4471 de
1381 4430 1547 4471 more
1575 4412 1880 4484 religionis

212 4520 335 4578 pro
366 4505 776 4579 hospitalitatis
806 4506 990 4574 bono,
1043 4505 1372 4578 quisquam
1404 4503 1704 4560 ullatenus
1734 4518 1885 4575 prae-

212 4598 417 4650 sumat
461 4594 801 4667 requirere:
866 4595 971 4651 sed
1007 4594 1309 4668 quidquid
1357 4592 1574 4649 exinde
1602 4591 1730 4648 ﬁeri
1777 4607 1882 4665 po-

209 4686 348 4750 test,
372 4684 545 4754 juxta
571 4684 739 4757 quod
761 4684 1175 4757 praescriptum
1206 4687 1312 4754 est,
1340 4681 1599 4755 regulari
1624 4680 1882 4737 admini-

205 4772 498 4830 stratione
530 4772 741 4829 usibus
771 4777 830 4829 et
859 4771 1206 4829 utilitatibus
1251 4787 1462 4827 eorum
1490 4774 1731 4826 auctore
1762 4772 1882 4825 Deo

204 4861 499 4919 omnibus
529 4861 824 4918 habeatur
842 4860 1231 4934 temporibus.
1266 4864 1495 4918 interea
1522 4859 1805 4917 volumus
1825 4862 1885 4917 et

206 4951 671 5019 conﬁrmamus,
706 4956 771 5007 ut
796 4949 1097 5023 quidquid
1126 4950 1201 5006 de
1229 4950 1450 5006 smculo
1477 4950 1540 5006 in
1564 4949 1727 5007 idem
1756 4964 1882 5005 mo-

203 5039 545 5099 nasterium
571 5039 649 5096 ad
666 5039 1002 5110 regularem
1033 5039 1556 5100 conversationem
1577 5037 1879 5109 agendam

204 5127 445 5187 favente
478 5131 595 5185 Deo
637 5127 943 5184 venientes
973 5144 1046 5183 ex
1090 5127 1582 5200 possessionibus
1612 5128 1736 5183 suis
1767 5125 1876 5183 ob-

210 5215 454 5274 tulerint
483 5216 608 5273 sive
639 5215 1026 5283 contulerint;
1062 5216 1152 5273 vel
1180 5215 1278 5272 alii
1311 5216 1656 5289 quicunque
1685 5215 1879 5273 homi-

202 5322 383 5377 num,
413 5306 579 5365 sicuti
612 5321 824 5362 eorum
855 5306 1132 5363 voluntas
1159 5311 1216 5362 et
1246 5305 1482 5361 collatio
1516 5305 1670 5362 facta
1694 5321 1879 5379 appa-

202 5396 413 5465 ruerit,
450 5396 577 5453 sine
608 5396 812 5469 aliqua
839 5396 1258 5453 immutatione
1283 5394 1701 5451 inviolabiliter
1727 5412 1879 5452 sem-

202 5502 318 5560 per
332 5491 670 5560 perseveret
689 5491 870 5560 atque
884 5491 1255 5561 permaneat.
1277 5484 1675 5544 Concedimus
1696 5485 1876 5541 etiam

202 5576 409 5641 eidem
454 5576 902 5649 congregationi
932 5576 1189 5648 eligendi
1219 5576 1518 5643 Abbatem
1555 5573 1666 5631 sibi
1695 5574 1874 5631 licen-

2001 1666 2137 1705 eam
2187 1649 2788 1721 subtcrﬁrmavimus,
2831 1656 2888 1708 et
2929 1652 3136 1710 annuli
3180 1653 3367 1711 nostri
3409 1654 3662 1729 impres-

2001 1737 2168 1794 sione
2199 1738 2444 1809 sigillari
2467 1739 2782 1810 jussimus.

2070 1831 2281 1884 Actum
2309 1827 2700 1885 Antissiodori
2725 1828 2961 1887 civitate
2989 1828 3246 1902 publice.
3275 1887 3292 1898 ,

2784 1954 2871 2009 IV.

1996 2059 2277 2128 Diploma
2306 2058 2547 2116 Robertz‘
2566 2062 2722 2129 regis
2742 2061 3121 2117 Francorum
3156 2076 3271 2130 pro
3299 2061 3657 2118 monasterio

2353 2133 2549 2187 sancti
2582 2132 2871 2202 Maglorii
2907 2133 3288 2188 Paﬁsz’ensis.

2538 2238 2727 2311 (Circa
2756 2255 2899 2296 ann.
2935 2240 3111 2308 1002).

1996 2346 2166 2416 [Dom
2194 2346 2476 2432 Minume,
2514 2345 3132 2432 Thes‘aur;_dnecdg.t.,
3151 2348 3295 2432 tom.
3322 2344 3504 2432 incol.
3531 2349 3655 2422 t07,

2246 2430 2317 2470 ex
2356 2417 2732 2489 autographo
2769 2417 3002 2488 Majoris
3032 2417 3404 2490 Monasterii].

2067 2540 2462 2601 Consistensis
2488 2542 2552 2598 in
2576 2542 2802 2601 unitate
2829 2542 3066 2599 Deitatis
3096 2558 3345 2602 sommae
3362 2544 3659 2603 etincom-

1995 2630 2412 2706 prehensibilis
2439 2632 2732 2689 Trinitatis
2761 2632 2822 2687 in
2848 2632 3114 2703 nomine,
3147 2635 3438 2691 Roeenrus
3481 2634 3662 2693 Fran-

1996 2736 2223 2788 corum,
2243 2735 2345 2775 rex
2377 2725 2692 2792 angustus,
2725 2720 3079 2794 disponente
3104 2721 3425 2794 praelibataz
3446 2720 3660 2781 divini-

1994 2810 2128 2869 tatis
2158 2808 2494 2879 clementia,
2535 2810 3063 2869 intervenientibus
3104 2811 3326 2880 reginis
3375 2808 3661 2873 Adelaide

1994 2898 2321 2956 venerabili
2360 2899 2453 2956 sui
2503 2900 2805 2970 genitrice,
2843 2917 2983 2956 cum
3031 2900 3406 2958 nobilissima
3449 2917 3660 2975 uxore,

1995 2992 2165 3047 Berta
2191 2990 2456 3057 nomine,
2489 2990 2773 3046 omnibus
2806 2990 3122 3062 cujuslibet
3150 2991 3376 3048 ordinis
3402 2989 3516 3047 sub
3545 2990 3662 3049 im-

1994 3079 2159 3151 perio
2182 3083 2387 3135 nostro
2412 3079 2770 3150 degentibus
2800 3079 3029 3152 liquido
3057 3084 3259 3152 pateat
3287 3080 3588 3139 volumus.

2065 3167 2320 3225 Obnoxii
2352 3170 2470 3224 Deo
2507 3167 2850 3240 sanctisque
2882 3168 3013 3239 ejus
3043 3167 3191 3224 dum
3221 3168 3499 3237 vivimus,
3531 3186 3663 3229 mo-

1991 3273 2201 3314 vemur
2246 3261 2304 3313 et
2351 3273 2584 3325 sumus,
2636 3256 2877 3329 expedit
2923 3256 3004 3312 ita
3035 3272 3145 3329 pro
3190 3256 3380 3315 nostri
3425 3262 3659 3318 nostro-

1992 3362 2249 3418 rumque
2287 3350 2518 3402 erratus
2550 3344 2854 3401 diluvione
2905 3344 3288 3414 commoveri,
3325 3350 3507 3418 atque
3534 3362 3661 3407 me.

1993 3436 2116 3491 ritis
2142 3440 2485 3491 sanctorum
2524 3434 2862 3507 imprecari,
2889 3450 3113 3507 eosque
3137 3433 3504 3495 incessanter
3524 3452 3662 3497 exo~

1991 3541 2145 3595 rare,
2174 3528 2473 3597 quatenus
2498 3540 2606 3597 per
2634 3523 2905 3596 ipsorum
2945 3522 3432 3580 intercessionem
3461 3525 3659 3582 valea-

1993 3631 2128 3671 mus
2175 3612 2425 3687 paciﬁce
2478 3612 2669 3669 vivere
2721 3617 2902 3685 atque
2948 3617 3086 3686 post
3137 3618 3362 3672 metam
3409 3614 3659 3687 hujusce

1990 3702 2245 3759 labentis
2273 3701 2389 3759 aevi
2419 3705 2606 3759 Deum
2649 3702 2904 3759 deorum
2932 3702 2995 3757 in
3038 3703 3180 3761 Sion
3214 3707 3486 3765 sanctam
3516 3719 3658 3766 con-

1991 3792 2285 3864 templari.
2346 3795 2720 3864 Quapropter
2776 3807 3045 3861 congrua
3093 3793 3210 3860 via,
3268 3793 3435 3865 quod
3480 3793 3658 3855 nobis

1991 3896 2101 3954 pro
2131 3880 2441 3937 commissi
2483 3880 2687 3937 talenti
2717 3879 2884 3936 lucro
2916 3879 3264 3950 attitulatur,
3312 3886 3658 3953 reputantes

1991 3968 2159 4042 quod
2190 3969 2442 4025 Domino
2484 3968 2886 4040 ﬁdelibusque
2914 3968 3044 4038 ejus
3074 3966 3371 4038 tribuitur,
3409 3968 3658 4029 inviola-v

1991 4057 2109 4114 bile
2161 4061 2341 4130 atque
2398 4058 2819 4114 intemeratum
2870 4055 3223 4128 persistere;
3281 4055 3463 4115 simul
3508 4056 3659 4121 moti

1992 4145 2403 4205 misericordia
2441 4160 2781 4218 pauperum
2810 4148 2869 4207 et
2910 4142 3332 4215 eﬂlagitatione
3385 4145 3657 4218 supradj.

1993 4240 2225 4293 ctarum
2281 4233 2727 4292 honorabilium
2787 4234 3151 4305 reginarum,
3201 4252 3342 4298 eum
3404 4250 3658 4301 assensu

1992 4325 2319 4398 primatum
2339 4327 2707 4395 nostrorum,
2732 4322 2984 4382 fecimus
3010 4329 3382 4398 praeceptum
3403 4323 3655 4387 ﬁrmita-o

1992 4413 2064 4470 tis
2094 4413 2170 4469 de
2222 4412 2403 4470 rebus
2433 4428 2589 4486 quas
2644 4416 2813 4485 pater
2869 4416 3070 4473 noster
3111 4413 3302 4473 beatas
3348 4415 3656 4475 memoria

1992 4502 2165 4572 Hugo
2193 4519 2316 4571 rex,
2350 4517 2582 4574 nosque
2603 4501 2701 4575 pie
2732 4502 3097 4561 contulimus
3119 4504 3435 4565 monachis
3462 4503 3657 4567 famu-

1990 4590 2256 4651 lantibus
2296 4591 2525 4650 Christo
2555 4591 3053 4665 sanctissimeque
3083 4591 3363 4663 Maglorio
3412 4591 3476 4652 in
3504 4592 3654 4655 urbe

1990 4681 2291 4741 Parisiaca
2319 4681 2673 4755 quiescenti;
2706 4681 2810 4741 ubi
2838 4682 3014 4741 etiam
3047 4680 3431 4739 fundavimus
3444 4697 3656 4741 mona-

1992 4773 2239 4830 sterium
2265 4777 2595 4846 praetextato
2611 4773 2919 4846 praecipuo
2948 4771 3273 4831 confessori
3301 4770 3652 4845 ceterisque

1989 4862 2211 4918 sanctis
2240 4862 2389 4919 inibi
2418 4861 2740 4931 assignatis
2764 4861 2844 4918 ob
2869 4861 3109 4919 illorum
3129 4875 3403 4933 corpora,
3430 4875 3570 4933 qua
3586 4864 3653 4923 ut

1988 4950 2305 5022 peregrina
2347 4949 2809 5022 hospitabantnr
2860 4965 2968 5024 per
3020 4949 3276 5007 aliorum
3327 4964 3489 5007 rura.
3548 4952 3652 5011 Est

1987 5044 2191 5097 autem
2231 5038 2399 5113 prius
2425 5041 2582 5095 terra
2607 5038 2669 5094 in
2698 5055 2823 5111 qua
2856 5039 3059 5113 ipsum
3089 5038 3270 5097 situm
3312 5041 3404 5095 est
3438 5053 3649 5101 mone-

1987 5128 2251 5196 sterium,
2270 5131 2328 5184 et
2354 5125 2651 5200 praedium
2678 5128 2840 5200 quod
2873 5126 3150 5187 dedimus
3176 5126 3310 5199 ipso
3338 5126 3436 5187 die
3461 5132 3649 5189 trans-

1985 5216 2222 5274 lationis
2253 5220 2602 5273 sanctorum
2650 5219 2707 5275 et
2752 5216 2966 5274 dicitur
3004 5214 3260 5286 Villaris,
3300 5232 3443 5275 cum
3479 5216 3648 5281 omni

1984 5305 2317 5374 integritate
2342 5321 2478 5377 quae
2509 5304 2590 5365 ad
2617 5304 2818 5377 ipsum
2855 5306 3127 5378 pertinet,
3157 5310 3216 5365 et
3243 5305 3472 5379 capelle
3498 5306 3647 5371 inihi

1986 5397 2333 5451 consecrata
2353 5392 2415 5449 in
2441 5394 2736 5450 honorem
2763 5398 2980 5452 sanctae
3000 5394 3100 5453 Dei
3114 5394 3419 5452 Genitricis
3429 5394 3641 5455 Mariae.

1983 5484 2127 5541 Item
2156 5484 2287 5542 aliae
2314 5500 2412 5541 res
2440 5501 2579 5559 quea
2607 5484 2774 5559 prius
2800 5485 2958 5545 datae
2988 5489 3146 5558 sunt,
3174 5484 3337 5545 unde
3364 5484 3528 5559 prior
3553 5486 3645 5545 est

1984 5575 2295 5635 ecclesiola
2313 5574 2375 5641 in
2401 5575 2698 5635 suburbio
2714 5575 3020 5638 Parisiaco
3047 5576 3214 5638 haud
3241 5575 3450 5651 procul
3469 5589 3623 5636 ama
