3996 6178
442 129 538 181 951

1660 120 1960 177 ROBERTI
2002 115 2205 174 REGIS
2245 116 2672 174 FRANCORUM
3702 130 3778 184 93!

439 249 638 316 nibus,
672 249 731 305 in
761 250 988 305 honore
1021 249 1076 304 S.
1101 245 1362 316 Maglorii
1391 246 1588 302 dicata
1627 261 1762 301 cum
1798 248 1951 299 terra
1981 240 2094 296 sibi
2124 243 2181 312 PA
2212 257 2353 296 cum
2377 241 2629 298 normali
2648 241 2877 298 honore
2907 241 3305 298 custodiendo
3334 245 3528 299 tractet
3549 245 3784 321 simulque

441 339 759 410 adjacenti.
788 338 846 392 in
875 353 996 410 qua
1021 337 1292 409 ipsorum
1321 336 1626 409 sepultura
1654 339 1739 390 est
1771 331 2097 389 monacho-

438 447 594 485 rum.
625 427 875 484 Clausus
933 426 1112 482 etiam
1162 425 1353 481 vineae
1403 426 1575 496 juxta
1631 424 1870 481 Saveias
1933 421 2099 488 situs,

437 533 621 589 quem
659 515 826 571 dedit
883 513 1037 570 divae
1091 513 1397 569 memoriae
1457 514 1628 584 Hugo
1682 529 1832 568 avus
1880 513 2100 580 noster,

436 603 850 677 mquivocique
879 603 1066 659 nostri
1099 602 1358 658 Rotberti
1398 603 1554 673 regis
1585 603 1760 657 tilius.
1794 601 1934 655 Item
1962 613 2104 670 pars

436 700 606 749 terra;
628 693 802 764 juxta
827 693 1460 765 Montem-martyrum
1487 709 1669 764 quam
1703 706 1905 747 comes
1926 687 2104 745 Fulco

435 783 618 839 dedit.
644 786 870 838 Parvus
901 781 1086 837 etiam
1109 781 1324 837 alodus
1347 799 1528 854 quem
1551 781 1751 836 tribuit
1767 778 2106 834 Willelmus

431 872 604 943 juxta
649 870 933 926 eumdem
967 869 1115 924 situs
1144 869 1618 941 suprascriptum
1665 872 1955 923 montem.
1991 869 2105 922 Nec

435 977 560 1016 non
610 964 666 1015 et
722 959 935 1014 alodus
994 958 1053 1013 in
1109 958 1395 1013 comitatu
1451 957 1692 1023 Mellico,
1743 956 1848 1029 qui
1891 955 2107 1010 dicitur

439 1050 692 1107 Grandis
720 1053 1002 1121 Campus,
1037 1052 1094 1103 et
1123 1047 1421 1120 praedium
1451 1047 1616 1119 quod
1645 1045 1862 1102 dicitur
1887 1044 2103 1101 alodus

436 1141 496 1196 in
528 1138 814 1196 comitatu
839 1137 1222 1194 Parisiacensi
1257 1153 1428 1192 secus
1460 1136 1892 1192 Fontiniacum.
1913 1134 2027 1191 Sed
2050 1138 2108 1191 et

438 1227 700 1286 ecclesiae
731 1229 790 1283 in
824 1226 1192 1283 Pinciacensi
1225 1226 1511 1282 comitatu
1544 1245 1556 1282 :
1588 1226 1786 1300 prima
1815 1225 1874 1280 in
1907 1229 2105 1297 potes-

438 1321 554 1373 tate
600 1316 896 1373 Madriaca
927 1316 987 1370 in
1035 1316 1264 1371 honore
1309 1316 1364 1369 S.
1401 1314 1661 1387 Dionysii
1702 1314 1922 1380 dicata,
1967 1329 2106 1368 cum

437 1405 668 1478 capella
694 1405 753 1460 in
782 1405 1020 1461 Maroilo
1048 1405 1157 1460 sita
1179 1405 1240 1459 in
1266 1406 1321 1461 S.
1343 1404 1564 1460 Martini
1585 1405 1812 1459 honore
1834 1402 2104 1458 fundata.

437 1495 566 1550 Alia
596 1495 656 1549 in
688 1493 978 1550 Vernoilio
1003 1493 1256 1549 ecclesia
1299 1495 1354 1549 S.
1393 1493 1694 1566 Stephano
1724 1491 2019 1557 dedicata,
2052 1493 2110 1545 et

2211 335 2276 386 nt
2306 331 2504 386 nullus
2555 332 3051 406 metropolitanus
3093 336 3198 388 aut
3230 331 3437 404 aliquis
3475 350 3605 389 suus
3641 337 3787 409 subje-

2209 425 2361 492 ctus,
2395 421 2572 477 etiam
2603 423 2871 495 pontifex
2901 422 3252 494 Parisiacns,
3295 439 3471 478 causa
3491 424 3710 498 alicujus
3729 447 3790 485 or-

2209 510 2532 566 dinationis
2561 510 2700 567 illuc
2729 511 2960 581 ingredi
2989 516 3334 584 praesumat,
3363 512 3470 568 nisi
3495 520 3710 570 vocatus
3722 534 3788 573 ve-

2211 599 2364 655 nerit
2392 605 2493 656 aut
2524 600 2601 656 ad
2626 605 2900 656 sanctam
2917 601 3165 656 missam
3197 600 3616 673 celebrandam,
3640 608 3790 663 autad
3868 626 3869 648 ι

2211 688 2496 745 ecclesias
2546 690 3015 757 consecrandas,
3051 696 3152 746 aut
3187 690 3267 747 ad
3293 689 3698 749 benedictiones
3719 695 3793 750 cle-

2210 778 2470 834 ricorum
2505 778 2833 850 faciendas,
2867 784 2923 835 et
2951 779 3115 852 quod
3144 779 3409 836 debitum
3443 796 3693 838 excusare
3707 800 3792 840 non

2211 868 2410 938 debet,
2457 869 2563 940 qui
2590 874 2841 925 vocatus
2892 869 3085 924 fuerit.
3134 872 3202 924 Et
3243 870 3522 941 quoniam
3564 874 3792 942 peregrini

2213 962 2395 1030 atque
2423 957 2707 1028 aliegense
2729 975 2861 1015 esse
2891 963 3221 1014 noscuntur
3241 957 3509 1028 benigne,
3539 960 3795 1018 misericor-

2211 1046 2364 1101 diter
2395 1063 2466 1102 ac
2495 1047 2592 1119 pie
2615 1047 2789 1102 almis
2805 1053 2862 1103 et
2883 1047 3189 1102 catholicis
3211 1047 3348 1102 viris
3379 1063 3601 1120 semper
3618 1054 3794 1107 tractari

2214 1151 2283 1192 ac
2307 1135 2574 1191 contueri
2598 1135 2857 1192 debeant
2881 1152 2992 1209 pro
3020 1135 3307 1207 Christo,a
3325 1153 3442 1210 quo
3465 1141 3518 1192 et
3536 1153 3632 1194 nos
3653 1142 3793 1196 cuncti

2213 1224 2671 1296 peregrinamnr
2717 1225 2776 1280 in
2807 1225 3056 1281 mundo.
3109 1226 3481 1281 Decrevimus
3532 1227 3685 1283 etiam
3724 1245 3794 1300 per

2214 1314 2403 1369 nostri
2434 1314 2846 1370 auctoritatem
2875 1315 3155 1388 praecepti
3188 1319 3253 1370 ut
3277 1330 3451 1370 nemo
3482 1317 3642 1389 super
3682 1317 3793 1391 ipso:

2217 1418 2423 1457 servos
2445 1403 2544 1459 Dei
2564 1408 2912 1476 potestatem
2935 1409 3228 1471 exerceat,
3243 1410 3344 1460 aut
3359 1405 3675 1477 quempiam
3691 1407 3792 1462 inter

2217 1507 2323 1546 eos
2349 1497 2557 1548 contra
2605 1492 2973 1549 voluntatem
3016 1493 3286 1567 ipsorum
3328 1495 3614 1567 imponere
3653 1501 3790 1552 tentet.

436 1584 498 1640 in
538 1583 752 1639 eadem
781 1583 924 1638 villa
954 1583 1185 1656 capella
1218 1583 1274 1638 S.
1310 1582 1530 1638 Hilario
1558 1586 1922 1637 consecrata.
1943 1580 2110 1635 Deni-
2147 1605 2184 1658 Β
2222 1581 2337 1638 Sed
2366 1581 2426 1636 in
2455 1599 2664 1638 eorum
2695 1583 3072 1656 dipositione,
3106 1583 3476 1640 ordinatione
3504 1589 3555 1640 et
3581 1585 3791 1641 electione

439 1690 557 1746 que
587 1677 644 1728 et
672 1672 984 1728 ecclesiola
1016 1673 1076 1727 in
1093 1672 1232 1727 villa
1261 1688 1395 1744 quae
1427 1672 1642 1726 dicitur
1671 1670 1859 1726 sancti
1889 1669 2108 1725 Leode-

440 1763 608 1833 garii,
639 1762 701 1817 in
751 1763 922 1832 cujus
955 1767 1011 1817 et
1041 1761 1285 1816 nomine
1317 1761 1633 1816 benedicta
1662 1765 1914 1815 constat.
1963 1760 2112 1815 Sunt

439 1851 622 1906 etiam
648 1849 845 1905 mansi
872 1867 929 1904 ιιι
959 1865 1113 1922 quos
1136 1849 1324 1904 tenuit
1340 1849 1600 1904 Riculqu
1632 1849 1692 1904 in
1723 1846 2016 1903 beneﬁcio
2037 1863 2106 1902 ex

441 1938 786 2011 supradicta
814 1942 1100 2009 potestate
1124 1937 1381 1994 Madreia
1403 1937 1460 1992 in
1486 1936 1792 2009 episcopio
1815 1937 2110 1992 Parisiaco

441 2027 822 2082 etcomitatu.
856 2025 1115 2081 Ecclesia
1149 2027 1205 2082 S.
1239 2026 1428 2081 Mariae
1470 2026 1698 2081 nomini
1741 2025 2113 2081 sanctificata

441 2119 498 2171 et
534 2114 595 2169 in
626 2114 840 2169 eodem
885 2115 1173 2170 comitatu
1220 2113 1279 2168 in
1329 2118 1620 2186 potestate
1664 2113 1870 2178 Isiaca,
1905 2113 2111 2169 vinea-

440 2220 578 2260 rum
608 2207 788 2275 atque
841 2208 1153 2275 pratorum
1182 2219 1304 2272 xrx,
1339 2219 1546 2276 arpen.
1585 2202 1774 2258 Etiam
1820 2203 1879 2257 in
1908 2205 2114 2258 Venua

440 2309 499 2360 v,
547 2307 753 2364 arpen.
805 2291 1010 2346 vineae.
1064 2292 1128 2346 In
1175 2295 1465 2364 potestate
1507 2306 1752 2364 quoque
1805 2290 2111 2346 Cataronis

442 2397 692 2437 mansus
721 2396 738 2434 ι
768 2379 1010 2436 arabilis
1039 2384 1209 2436 terrae
1258 2397 1396 2436 cum
1410 2380 1716 2437 vinearum
1728 2380 2110 2446 fecunditate;

439 2469 504 2526 in
554 2468 842 2542 praedicto
885 2469 1066 2524 etiam
1115 2468 1403 2525 comitatu
1445 2468 1506 2524 in
1534 2467 1676 2526 villa
1721 2484 1857 2542 quae
1896 2466 2113 2523 dicitur

442 2558 728 2616 Montium
771 2573 1022 2613 mansus
1061 2575 1078 2612 ι
1122 2558 1365 2614 arabllis
1392 2562 1562 2614 terrae
1613 2573 1753 2614 cum
1799 2557 2110 2613 vinearum

441 2647 732 2701 ubertate.
795 2651 855 2700 tn
899 2646 1114 2702 eodem
1161 2663 1406 2720 quoque
1438 2647 1729 2702 territorio
1773 2661 1957 2719 supra
2002 2644 2111 2700 ﬂu-

439 2730 610 2786 vium
639 2731 900 2800 Vigenne
931 2730 1250 2786 dimidium
1294 2731 1666 2801 maisnilum,
1707 2731 1872 2804 quod
1897 2729 2113 2786 dicitur

442 2819 798 2876 Murcinctus
829 2835 968 2874 cum
999 2825 1312 2892 pratorum
1342 2821 1535 2893 copia.
1571 2823 1611 2875 E
1643 2819 1918 2893 proximo
1965 2835 2114 2892 quo-

443 2923 560 2980 que
578 2907 924 2963 maisnilum
951 2907 1226 2976 alterum,
1249 2909 1418 2981 quod
1437 2909 1651 2965 dicitur
1675 2909 1862 2966 Sienis
1882 2907 2109 2979 Villere,

443 3012 584 3052 cum
615 2996 846 3067 capella
871 2996 1015 3052 inibi
1041 2997 1099 3052 in
1132 2998 1359 3053 honore
1383 3000 1438 3054 S.
1460 2997 1768 3054 Genovefae
1797 2998 2110 3054 aediﬁcata.

451 3089 515 3141 In
546 3083 955 3141 Aurelianensi
995 3103 1238 3160 quoque
1268 3088 1551 3143 comitatu
1581 3088 1797 3144 alodus
1828 3088 1929 3160 qui
1972 3087 2114 3143 diei-

444 3178 540 3230 tur
585 3172 923 3230 Cilliniacus
978 3191 1116 3232 cum
1165 3176 1448 3231 omnibus
1501 3177 1613 3232 sibi
1671 3177 2108 3247 adjacentibus.

444 3263 848 3320 Molendinum
891 3280 1135 3337 quoque
1168 3283 1357 3322 unum
1406 3267 1662 3322 Parisius
1693 3267 1754 3322 in
1802 3267 1984 3322 ﬂuvio
2015 3268 2114 3323 Se—

445 3368 682 3426 quanae.
731 3357 875 3409 ltem
913 3353 975 3408 in
1001 3357 1291 3412 comitatu
1331 3355 1745 3412 Aurelianensi
1775 3356 2024 3412 ecclesia
2052 3355 2114 3411 in

444 3441 588 3498 villa
613 3457 749 3514 quae
775 3441 990 3498 dicitur
1017 3443 1470 3499 Gimminiacus.

520 3619 655 3672 Hac
683 3617 889 3674 omnia
928 3619 1294 3690 supradicta,
1338 3618 1433 3674 vel
1475 3635 1610 3693 quin
1643 3620 1926 3693 deinceps
1957 3637 1993 3678 a
2023 3638 2116 3679 ca-

449 3702 684 3759 tholicis
739 3705 882 3760 viris
939 3705 1136 3761 eidem
1195 3705 1410 3763 collata
1461 3707 1678 3763 fuerint
1729 3709 1990 3764 ecclesiae
2038 3710 2118 3766 ob

451 3807 723 3849 amorem
771 3793 873 3850 Dei
917 3797 974 3850 et
1014 3794 1410 3851 reverentiam
1455 3796 1727 3868 ipsorum
1775 3802 2119 3854 sanctorum

451 3881 884 3939 conﬁrmamus
915 3885 1262 3941 auctoritate
1292 3891 1518 3956 nostra,
1551 3892 1849 3959 quatenus
1881 3905 2120 3962 semper

449 3970 565 4026 sub
595 3971 951 4044 plenissima
999 3972 1346 4030 defensione
1397 3979 1452 4030 et
1501 3976 1843 4032 emnnitatis
1874 3978 2119 4034 tuitione

451 4060 842 4118 corroborata
869 4068 1289 4134 permaneant,
1316 4063 1399 4120 ita
1424 4063 1696 4122 videlicet
1727 4070 1792 4121 ut
1811 4066 2012 4122 nullus
2042 4067 2120 4123 ab

450 4148 592 4203 hinc
623 4149 703 4204 ad
748 4165 968 4205 causas
1018 4151 1365 4220 exigendas,
1417 4157 1521 4210 aut
1562 4153 1730 4211 freda
1781 4155 1875 4210 vel
1902 4155 2122 4212 tributa

453 4237 769 4305 exigenda,
820 4241 925 4293 aut
970 4240 1312 4298 mansiones
1358 4241 1452 4297 vel
1492 4250 1738 4316 paratas
1793 4243 2118 4313 faciendas,

451 4323 548 4380 vel
576 4324 961 4397 ﬁdejussores
1011 4328 1328 4400 tollendos,
1380 4336 1484 4388 aut
1529 4333 1808 4388 homines
1848 4334 2121 4405 ejusdem

453 4412 741 4482 ecclesiae,
764 4419 887 4470 tam
917 4415 1212 4486 ingenuos
1233 4436 1418 4492 quam
1448 4437 1672 4492 servos,
1693 4438 1872 4496 super
1903 4428 2121 4479 terram

451 4501 725 4575 ipsorum
749 4512 1200 4564 commanentes
1238 4509 1456 4581 injuste
1493 4511 1961 4583 distringendos,
2011 4529 2122 4569 nec

454 4590 608 4648 ullas
631 4593 1059 4652 redhibitiones
1081 4604 1184 4654 aut
1198 4598 1432 4655 illicitas
1449 4601 1800 4657 occasiones
1818 4602 2123 4674 requiren-

456 4679 588 4747 das,
615 4683 837 4738 nostris
868 4689 925 4740 et
953 4685 1166 4742 futuris
1196 4688 1570 4759 temporibus
1611 4689 1841 4760 ingredi
1879 4691 2122 4763 audeat,

456 4769 548 4825 vel
593 4787 664 4827 ea
693 4788 829 4845 quae
869 4791 1054 4846 supra
1097 4781 1432 4832 memorata
1463 4781 1605 4834 sunt
1632 4778 1864 4849 exigere
1895 4796 2122 4852 praesu-

457 4865 602 4916 mat.
637 4861 751 4918 Sed
793 4862 967 4919 liceat
995 4863 1202 4921 abbati
1252 4866 1497 4939 suisque
1555 4869 2000 4925 successoribus
2030 4887 2125 4926 res

460 4951 726 5022 praedicti
764 4955 1110 5010 monasterii
1155 4955 1268 5011 sub
1299 4959 1642 5016 emnnitatis
1680 4965 1896 5017 nostrze
1928 4961 2127 5018 defen-

459 5038 690 5096 sionem
720 5041 922 5114 qnieto
968 5043 1178 5101 ordine
1207 5047 1516 5119 possidere
1547 5049 1624 5105 ad
1669 5051 1963 5124 stipendia
1994 5069 2124 5108 mo-

455 5129 791 5186 nachorum
802 5131 1028 5190 ibidem
1043 5135 1164 5190 Deo
1179 5135 1624 5205 famulantium,
1640 5141 2125 5214 perennibusque

457 5217 731 5288 proﬁciat
756 5223 1127 5293 temporibus
1149 5225 1208 5280 in
1236 5227 1601 5296 augmentis.
1630 5229 1914 5286 Volumus
1945 5233 2124 5288 etiam

457 5309 524 5360 ut
551 5307 827 5363 omnium
871 5311 1297 5386 episcoporum
1347 5331 1416 5372 ac
1448 5318 1734 5374 comitum
1781 5325 2125 5378 nostrorum

458 5392 520 5449 in
560 5393 676 5452 hoc
705 5401 1027 5458 concordet
1066 5419 1372 5476 assensus,
1407 5412 1468 5463 ut
1496 5407 1657 5463 idem
1687 5408 1854 5465 locus
1886 5427 2125 5485 semper

458 5483 741 5572 abbatem
793 5489 1015 5547 habeat
1053 5509 1127 5549 ex
1178 5495 1424 5568 propria
1481 5499 1963 5572 congregatione,
2019 5483 2123 5568 qui

458 5571 654 5645 ipsam
700 5593 905 5636 casam
965 5580 1063 5638 Dei
1109 5587 1165 5639 et
1203 5585 1537 5643 monachos
1568 5587 1792 5646 ibidem
1834 5571 2120 5658 degentes

2217 1671 2380 1726 intus
2406 1677 2461 1728 et
2490 1671 2631 1728 foris
2647 1673 2852 1728 omnia
2873 1673 3222 1739 consistant,
3237 1680 3523 1747 quatenus
3540 1691 3710 1730 servos
3727 1676 3791 1731 Dei

2217 1760 2323 1832 qui
2354 1760 2498 1816 inibi
2532 1764 2650 1817 Deo
2682 1761 3068 1828 famulantur,
3107 1777 3220 1835 pro
3268 1763 3440 1818 nobis
3471 1768 3523 1819 et
3555 1764 3789 1820 stabilitate

2220 1849 2398 1904 totius
2423 1850 2589 1919 regni
2617 1867 2652 1906 a
2685 1855 2801 1908 Deo
2831 1851 3006 1907 nobis
3035 1852 3328 1918 concessi,
3359 1868 3571 1924 proque
3596 1853 3789 1908 remedio

2220 1939 2562 1996 animarum
2593 1957 2802 1996 eorum
2831 1942 2933 2014 qui
2964 1958 3073 2015 pro
3097 1957 3305 1998 amore
3328 1942 3424 1998 Dei
3451 1947 3502 1998 et
3525 1946 3788 1998 sanctorum

2219 2026 2366 2083 inibi
2399 2045 2507 2085 sua
2561 2030 2854 2086 tradidere
2898 2031 3174 2098 donaria,
3234 2047 3436 2087 eorum
3473 2046 3680 2104 quoque
3721 2030 3789 2102 qui

2221 2115 2432 2172 futuris
2463 2119 2832 2192 temporibus
2857 2119 3055 2176 daturi
3087 2125 3231 2175 sunt
3251 2120 3508 2194 praemia,
3529 2119 3691 2175 luceat
3711 2123 3788 2174 tute

2220 2209 2399 2278 atque
2445 2207 2743 2278 condigne
2776 2209 3030 2265 Domino
3082 2225 3293 2282 preces
3323 2209 3571 2275 fundere,
3617 2213 3664 2264 et
3683 2208 3787 2262 hanc

2221 2295 2653 2368 auctoritatem,
2687 2302 2750 2353 ut
2779 2297 3010 2354 firmior
3047 2299 3106 2354 in
3155 2299 3255 2355 Dei
3299 2299 3527 2355 nomine
3554 2297 3786 2364 habeatur,

2219 2384 2499 2441 ﬁdelibus
2552 2403 2793 2460 quoque
2844 2392 3068 2444 sanctae
3126 2388 3226 2444 Dei
3285 2387 3538 2443 Ecclesiae
3566 2391 3614 2442 et
3635 2383 3788 2441 nostris

2221 2472 2562 2545 diligentius
2614 2481 3018 2545 conservetur,
3074 2493 3268 2533 manu
3296 2475 3525 2550 propria
3566 2471 3786 2530 subterﬁr-

2221 2563 2544 2627 mavimus,
2600 2569 2656 2620 et
2707 2565 2914 2621 annuli
2966 2566 3162 2622 nostri
3215 2565 3583 2638 impressione
3629 2559 3785 2632 signari

2216 2652 2532 2724 jussimus.

2661 2743 2851 2798 Locus
2891 2743 3437 2814 monogrammatis.

2294 2832 2606 2902 Rotgerius
2635 2831 3030 2888 cancellarius
3067 2832 3324 2907 scripsit.

3296 2923 3474 2977 Locus
3497 2918 3668 2990 sigilli.

3025 3031 3088 3084 V.

2222 3130 2465 3187 Roberti
2507 3133 2662 3202 regis
2687 3134 3074 3203 privilegium
3114 3149 3224 3203 pro
3249 3128 3782 3203 monasterioj‘iscam:

2295 3204 2482 3259 nensi.
2531 3201 2600 3244 -ὲ
2630 3201 3082 3261 Reslilutionem
3115 3201 3527 3260 Monac/torum
3564 3201 3777 3256 Fiscamm

2295 3288 2332 3329 a
2371 3275 2677 3331 Richardo
2704 3277 2914 3332 comite
2939 3277 3175 3345 factam
3217 3283 3271 3332 et
3313 3275 3621 3332 donationes
3656 3266 3776 3324 eidem

2299 3345 2425 3401 loco
2455 3346 2531 3402 ab
2562 3361 2626 3403 eo
2651 3348 2852 3417 factas
2883 3349 3228 3419 conﬁrmat.

2846 3436 3046 3508 (Anno
3091 3438 3276 3509 1006).

2511 3525 2788 3595 [MARILL.,
2821 3526 3050 3583 Annal.
3077 3527 3303 3584 Bened.
3338 3527 3421 3596 IV,
3454 3522 3577 3594 185].

2297 3634 2363 3686 In
2391 3631 2637 3688 nomine
2677 3637 2895 3689 sanctae
2945 3639 3002 3689 et
3045 3633 3372 3690 individuus
3398 3624 3661 3691 Trinitatis,
3683 3623 3774 3676 Rar-

2225 3735 2433 3775 scarus
2462 3719 2665 3776 divina
2703 3721 2936 3776 favente
2958 3721 3277 3778 clementia
3302 3738 3417 3777 rex.

2297 3807 2592 3872 Quoniam
2627 3809 2778 3866 inter
2828 3826 3158 3867 numerum
3203 3811 3432 3867 illorum
3459 3804 3772 3877 computari!”

2225 3895 2330 3967 qui
2355 3896 2539 3967 regali
2570 3901 2886 3954 censentur
2906 3899 3178 3970 nomine,
3212 3899 3259 3955 si
3290 3898 3348 3954 in
3391 3893 3629 3953 omnibus
3652 3884 3770 3952 huius

2226 3985 2488 4042 nominis
2536 3985 2802 4043 oﬁcium
2857 3987 3067 4044 devote
3131 3991 3459 4063 nequimus,
3518 3974 3770 4048 adimplere,

2227 4075 2411 4132 nimis
2463 4075 2719 4149 impium
2764 4081 2852 4132 est
2899 4078 3105 4134 omnia
3147 4077 3506 4136 inefﬁcaciter
3543 4063 3771 4159 printele-

2229 4163 2395 4220 Unde
2439 4166 2896 4237 Fiscamnensis,
2950 4184 3143 4240 quam
3192 4166 3464 4224 orationis
3497 4158 3645 4232 gratia
3679 4158 3774 4240 visi-

2228 4255 2512 4322 tavimus,
2539 4256 2767 4327 justam
2811 4256 3073 4313 ecclesiae
3126 4274 3390 4322 causam,
3437 4267 3539 4326 qua
3574 4233 3772 4335 ἱηεεζΡεῙ·

2227 4343 2446 4415 lamur,
2479 4349 2536 4401 et
2577 4345 2836 4415 benigne
2879 4347 3246 4420 suscipimus
3287 4352 3343 4403 et
3373 4327 3767 4421 gratanteradml'

2229 4432 2488 4506 Plemus-
2543 4437 2758 4490 Notum
2804 4435 2877 4490 sit
2912 4419 3092 4506 igitur
3141 4433 3510 4510 praesentibus
3545 4429 3588 4480 et
3616 4419 3772 4475 tuturis

2229 4523 2394 4596 qu°d
2439 4524 2540 4596 Ι)ίᾶ
2571 4541 2781 4580 sumus
2812 4525 3096 4597 petitione
3127 4522 3479 4583 dilectissimi
3504 4511 3652 4574 fidelis
3678 4517 3775 4560 nos-

2230 4608 2304 4668 tri
2327 4613 2605 4670 Richardi
2635 4615 2869 4670 comitis
2893 4616 3141 4686 exorati,
3171 4621 3236 4672 ut
3263 4633 3352 4672 res
3379 4627 3513 4686 quas
3538 4602 3645 4662 huic
3667 4597 3773 4686 loco,

2229 4701 2290 4758 in
2351 4702 2579 4759 honore
2633 4703 2959 4760 individuas
3018 4711 3240 4762 sanctae
3287 4699 3547 4761 Trinitatis
3588 4679 3774 4748 consub-

2231 4791 2520 4848 stantialis
2551 4794 2758 4862 Patris,
2804 4797 2859 4849 et
2893 4794 3033 4862 Filii,
3065 4799 3123 4852 et
3166 4794 3404 4868 Spiritus
3451 4781 3605 4844 sancti
3629 4783 3772 4868 conse-

2231 4885 2415 4947 crato,
2447 4881 2707 4952 tradidit,
2752 4888 2808 4938 et
2835 4898 2944 4955 per
2979 4865 3611 4941 chartae‘testamentum
3633 4865 3772 4921 διπλὼ

2230 4971 2332 5038 Vit,
2383 4987 2493 5026 nos
2523 4987 2766 5044 quoque
2818 4978 3023 5029 nostro
3063 4977 3354 5046 praecepto
3398 4961 3770 5046 corroborauiuS-

2234 5060 2414 5132 Cujus
2456 5043 2686 5133 precesi
2710 5043 3134 5119 delectabiliter
3171 5043 3396 5118 auditas
3445 5043 3772 5144 sicut‘itJSlE

2231 5152 2338 5216 est,
2373 5149 2750 5222 suscepimus
2777 5154 2901 5206 tam
2942 5150 3191 5207 libenter
3226 5143 3553 5221 implendas,
3665 5133 3771 5182 8mm

2231 5238 2446 5312 prioris
2511 5220 2788 5296 Richardi
2847 5239 3098 5296 intentio
3162 5239 3238 5295 ad
3294 5220 3399 5293 hoc
3450 5233 3586 5288 hunc
3637 5220 3771 5312 1°C“?

2232 5296 2584 5397 construxit,
2640 5332 2706 5384 ut
2734 5329 3171 5386 monachorum
3201 5327 3343 5384 ordo
3394 5321 3468 5378 ibi
3512 5313 3610 5407 sub

2232 5415 2421 5471 sancti
2464 5416 2756 5473 Benedicti
2806 5416 3051 5482 viveret,
3101 5423 3156 5474 et
3214 5417 3308 5470 Dei
3361 5405 3606 5498 laudibus

2231 5504 2398 5560 viret.
2433 5506 2606 5571 Quod
2651 5506 3015 5564 desiderium
3066 5505 3343 5581 quoniam
3389 5486 3772 5587 ωσι-ιςίξιιίξτξξ

2234 5561 2949 5668 ηίρηιθὶιάιωριὲτειὲόιῖ
2959 5561 3177 5671 potuit,
3200 5592 3357 5668 prius
3368 5587 3508 5646 ﬁlius
3527 5561 3771 5636 aiebamus
