3996 6178
179 117 290 172 953

1730 116 2151 174 DIPLOMATA.
2221 119 2230 130 '

3551 135 3658 190 954

173 238 528 312 ωίιιιίνοοιιε
554 235 814 304 implere
845 235 1238 312 procuravit;
1287 244 1346 294 et
1401 239 1610 296 divina
1668 241 1870 312 provi-
1905 244 1953 296 Α
1984 241 2130 296 locis
2161 245 2280 298 Deo
2311 243 2521 301 dicatis
2561 247 2805 304 uberius
2865 248 3305 320 famulandum,
3361 253 3658 313 auxilium

169 329 383 385 dentia
436 332 746 400 repertum
777 329 1077 383 domnum
1126 326 1415 386 abbatem
1467 330 1870 401 Guillelmum,

169 418 363 488 hujus
390 417 740 472 monasticae
774 416 1097 486 religionis,
1129 431 1270 487 quae
1304 417 1383 474 ibi
1417 418 1702 488 cernitur,
1728 436 1875 492 pt‘tB-

173 507 317 564 fecit
342 505 704 574 magistrum
759 511 815 562 et
840 511 1152 562 rectorem.
1217 507 1348 563 Sub
1395 525 1520 582 quo
1571 515 1873 566 crescente

173 595 626 652 monachorum
656 595 1040 662 numero,hic
1064 611 1276 650 comes
1314 598 1644 655 Richardus
1666 600 1874 670 junior

173 683 515 757 temporale
566 684 793 740 bonum
845 699 1062 753 augere
1123 683 1380 742 studuit.
1457 692 1520 743 In
1587 689 1873 744 comitatu

176 771 495 842 Calciensi,
530 773 588 828 in
622 772 753 844 ipsa
782 772 917 828 villa
949 773 1292 838 Fiscamno,
1352 775 1584 830 tertiam
1637 782 1870 847 partem

173 861 520 935 hospitum,
552 878 704 934 quos
736 861 981 918 colonos
1013 865 1252 916 vocant.
1306 863 1477 919 Silvae
1509 881 1698 920 unam
1732 881 1870 938 par-

185 956 328 1018 tem,
357 967 394 1006 a
424 951 670 1024 publica
698 956 880 1007 strata
913 967 1100 1023 usque
1131 951 1206 1005 ad
1243 968 1413 1009 mare
1438 954 1829 1010 teririnatam
1854 972 1866 1008 :

189 1041 286 1097 cui
312 1040 495 1096 etiam
549 1039 710 1096 dedit
765 1040 822 1094 in
876 1039 1351 1110 Rothomagensi
1410 1043 1643 1098 civitate
1691 1043 1874 1099 eccle-

194 1129 347 1186 siam
375 1128 574 1184 Sancti
600 1129 827 1184 Paterni
858 1146 995 1185 cum
1029 1144 1156 1183 uno
1189 1145 1428 1198 manso,
1485 1131 1585 1186 ubi
1619 1133 1730 1187 sita
1759 1135 1870 1197 est,

193 1223 307 1276 etc.
340 1219 474 1272 Haec
503 1222 561 1273 et
587 1217 790 1273 omnia
817 1234 953 1290 quae
982 1217 1128 1274 data
1153 1224 1294 1274 sunt
1338 1221 1419 1277 ab
1467 1221 1597 1294 ipso
1629 1221 1873 1286 comite,

191 1308 287 1364 vel
315 1324 352 1364 a
375 1311 543 1380 patre
567 1306 739 1376 illius,
771 1306 864 1361 vel
895 1311 1100 1362 nostra
1130 1307 1449 1377 largitione
1473 1311 1688 1366 collata
1707 1313 1875 1372 sunt,

187 1397 285 1453 vel
316 1414 352 1452 a
382 1412 746 1470 quocunque
771 1395 931 1451 ﬁdeli
961 1397 1100 1450 huic
1131 1396 1264 1452 loco
1320 1398 1608 1472 deinceps
1655 1399 1881 1454 fuerint

187 1484 583 1554 conferenda,
614 1483 934 1549 sancimus,
964 1483 1466 1551 corroborainus,
1501 1493 1608 1542 etc.
1669 1492 1729 1541 In
1761 1485 1878 1540 ab-

1985 333 2367 404 porrigimus,
2401 337 2459 391 id
2486 338 2662 392 nobis
2686 341 2894 411 procul
2924 341 3202 400 dubio.et
3228 341 3309 396 ad
3332 342 3661 404 instantem

1982 421 2166 476 vitam
2201 425 2608 496 temporaliter
2637 429 3106 498 transigendam,
3161 435 3216 485 et
3266 430 3347 485 ad
3394 431 3664 494 futuram

1981 511 2226 567 feliciter
2257 513 2648 571 obtinendam
2677 519 3057 574 commodius
3111 535 3436 593 provenire
3488 529 3674 584 conﬁ.

1981 597 2205 655 dimus.
2237 603 2652 672 Percognitum
2683 605 2808 660 fore
2839 606 3016 676 igitur
3065 609 3446 667 omnimodis
3507 618 3673 692 cupi-

1980 703 2118 741 mus
2148 691 2430 745 omnibus
2465 693 2676 748 Christi
2709 695 3050 769 nostrisque
3076 697 3392 769 fidelibus,
3418 691 3676 776 praesen-

1983 776 2142 830 tibus
2175 777 2397 834 scilicet
2428 785 2610 852 atque
2643 782 2874 855 futuris,
2907 786 3210 856 quoniam
3262 789 3412 846 adiit
3456 799 3675 854 sereni-

1980 869 2164 920 tatem
2196 867 2475 923 culminis
2507 871 2695 926 nostri
2727 876 2981 929 Hervens
3012 875 3199 931 levita
3233 882 3295 933 et
3321 883 3675 943 archiclavis

1982 953 2142 1009 beati
2197 956 2445 1024 Martini,
2499 958 2799 1016 humiliter
2856 963 3160 1032 ﬂagitans,
3217 973 3277 1022 et
3341 969 3672 1040 flagitando

1985 1059 2228 1100 summa
2275 1061 2449 1117 prece
2500 1048 2854 1120 deposcens,
2918 1054 2996 1108 uti
3053 1059 3417 1114 auctoritate
3452 1067 3672 1120 nostra?

1986 1133 2402 1204 praeceptionis
2430 1135 2801 1193 ediceremus
2831 1148 3209 1213 praeceptum
3262 1145 3375 1200 sibi
3431 1148 3557 1204 ﬁeri
3596 1152 3671 1206 de

1989 1219 2238 1276 ecclesia
2270 1223 2462 1277 Beatae
2495 1225 2692 1281 Mariae
2720 1228 3109 1300 Bellimontis,
3134 1248 3262 1287 non
3296 1233 3474 1304 longe
3505 1239 3670 1295 sitaa

1990 1313 2189 1364 castro
2217 1311 2397 1366 Patris
2431 1314 2652 1370 Martini
2715 1333 2851 1371 cum
2884 1320 3172 1375 omnibus
3214 1322 3395 1378 rebus
3425 1326 3503 1380 ad
3534 1343 3670 1383 eam

1992 1399 2451 1472 pertinentibus,
2483 1402 2755 1461 videlicet
2787 1407 2990 1473 vineis,
3026 1411 3238 1480 pratis,
3295 1429 3406 1485 pro
3447 1417 3669 1486 quibus

1991 1486 2238 1544 dederat
2267 1490 2429 1544 fideli
2462 1507 2570 1547 suo
2604 1493 2811 1549 Ebloni
2845 1501 3066 1553 terram
3099 1500 3159 1554 in
3187 1504 3666 1577 concamio,qua3

186 1574 346 1632 batis
372 1578 579 1630 autem
602 1572 899 1637 electione,
932 1571 1339 1644 ordinatione,
1389 1576 1513 1632 sive
1559 1592 1881 1632 consecra—
1922 1594 1961 1648 Β
1993 1592 2116 1632 non
2148 1579 2395 1634 minoris
2425 1581 2594 1652 pretii
2625 1583 2701 1638 ad
2755 1584 3136 1643 reddendum
3183 1589 3410 1646 fructus
3459 1571 3666 1650 eiii-sto-

189 1666 379 1735 tione,
412 1664 516 1720 illa
543 1664 702 1737 apud
732 1664 874 1719 istos
927 1665 1304 1720 consuetudo
1377 1673 1686 1739 sequatur,
1737 1682 1879 1738 quae

184 1755 490 1812 hactenus
547 1754 607 1809 in
660 1753 938 1809 Cluniaco
990 1753 1421 1810 coenobiorum
1481 1761 1718 1812 servata
1787 1759 1882 1811 est

186 1843 619 1910 illustrissimo,
652 1843 811 1900 unde
843 1843 977 1899 fons
1008 1848 1230 1900 sanctae
1266 1845 1623 1901 monasticae
1648 1845 1881 1915 religio-

186 1935 288 1992 nis
318 1951 430 2008 per
462 1934 652 1990 multa
677 1935 805 2005 jam
836 1934 1016 2004 longe
1065 1934 1305 2008 lateque
1365 1936 1672 1992 derivatus
1723 1936 1878 2002 loca,

192 2023 281 2080 ad
307 2024 470 2078 hunc
500 2039 689 2094 usque
721 2023 841 2078 Deo
863 2023 1153 2095 profluxit
1175 2023 1456 2096 propitio.
1482 2025 1633 2080 Nihil
1652 2025 1881 2097 quippe

190 2115 419 2170 horum
449 2111 669 2184 quibus
698 2112 844 2168 inibi
879 2113 980 2168 Dei
1030 2113 1223 2185 possit
1269 2113 1545 2187 impediri
1598 2115 1878 2184 servitus,

186 2200 535 2274 subreptori
564 2201 962 2274 relinquimus
1001 2218 1240 2273 amaro,
1289 2203 1437 2259 dum
1487 2221 1744 2277 ([qu118
1802 2205 1882 2260 ad

182 2291 625 2350 continendam
653 2291 868 2364 quietis
918 2293 1310 2348 securitatem
1359 2295 1695 2368 cuicunque
1754 2311 1881 2350 mo-

181 2380 457 2440 nasterio
486 2381 700 2436 nostris
731 2396 766 2436 a
793 2381 1354 2453 praedecessoribus
1381 2383 1563 2454 regali
1592 2399 1883 2440 concessa

182 2477 338 2528 sunt
359 2469 725 2537 auctoritate,
768 2479 878 2526 n05
925 2471 986 2525 in
1017 2471 1260 2527 honore
1308 2478 1531 2528 sanctae
1582 2473 1880 2529 Trinitatis

181 2560 496 2626 dedicato,
531 2559 624 2614 his
661 2560 892 2616 etiamsi
919 2560 1179 2633 pleniter
1233 2577 1358 2617 non
1409 2568 1696 2618 notantur
1745 2564 1884 2619 scri-

181 2649 335 2726 ptis,
370 2649 509 2704 huic
540 2665 710 2705 sacro
739 2649 1128 2707 libentissime
1179 2651 1512 2708 annuimus
1544 2653 1678 2708 loco
1714 2669 1726 2706 :
1779 2669 1882 2710 cu-

178 2741 294 2811 jus
320 2741 386 2792 ut
414 2742 640 2808 sancta,
672 2755 807 2811 quae
866 2738 949 2793 ibi
1006 2739 1248 2794 Domini
1299 2740 1630 2812 Opitulante
1690 2743 1883 2810 gratia

183 2828 382 2898 digne
412 2827 596 2882 modo
624 2827 926 2898 religionis
956 2827 1115 2899 viget
1155 2828 1507 2885 observatio
1557 2847 1686 2887 non
1741 2830 1884 2887 deti-

187 2917 340 2986 ciat,
370 2915 475 2972 sed
504 2916 698 2988 magis
720 2932 790 2973 ac
818 2916 1014 2986 magis
1036 2917 1114 2973 ad
1136 2917 1475 2990 profectum
1499 2923 1625 2978 tam
1658 2925 1883 2977 nostrae

185 3023 391 3081 quam
418 3005 691 3062 omnium
716 3005 984 3062 ﬁdelium
1004 3006 1283 3080 proﬁciat
1310 3008 1661 3066 animarum
1686 3029 1699 3077 ;
1733 3010 1887 3067 sicut

187 3095 351 3153 nulli
379 3094 594 3164 ordini,
647 3094 939 3168 dignitati,
994 3095 1296 3168 potestati,
1355 3097 1883 3173 haereditariieque

193 3185 594 3255 successioni,
625 3190 845 3240 nostrae
875 3185 1151 3258 quinimo
1174 3187 1474 3256 majestati
1501 3205 1695 3261 super
1721 3189 1884 3246 idem

184 3278 298 3350 jus
332 3274 664 3348 relinquere
691 3274 1068 3330 decrevimus
1104 3275 1538 3332 dominationis
1572 3279 1692 3336 :ita
1714 3279 1883 3350 nulli,

195 3365 278 3433 si,
307 3364 472 3436 quod
499 3363 659 3419 absit
688 3364 700 3418 !
757 3363 1122 3420 habitatores
1176 3363 1306 3435 ejus
1339 3382 1375 3420 a
1405 3368 1528 3421 ta'm
1562 3367 1721 3424 bene
1756 3369 1884 3440 jam

191 3458 404 3528 coepto
430 3452 799 3509 rectitudinis
845 3453 1176 3526 aliquando
1235 3453 1609 3514 deviaverint
1666 3475 1889 3532 propo-

196 3543 324 3600 sito
353 3544 414 3599 in
442 3543 769 3617 pristinum
797 3542 942 3599 illud
971 3543 1344 3600 reformandi
1393 3551 1754 3618 potestatem
1785 3550 1888 3606 de-

195 3649 523 3703 negamus,
556 3632 698 3688 huic
727 3632 925 3702 dignae
976 3649 1013 3688 a
1059 3633 1289 3689 Christo
1346 3637 1689 3694 mercedem
1746 3655 1884 3711 pro-

201 3722 425 3778 mereri
481 3721 589 3796 qui
645 3721 898 3778 voluerit
949 3725 1545 3795 recompensationis.
1593 3731 1658 3783 Et
1690 3734 1753 3784 ut
1783 3745 1887 3784 no-

206 3817 351 3869 strae
399 3811 658 3869 auctoris
709 3811 1186 3869 conﬁrmationis
1239 3812 1645 3872 inviolabilem
1705 3823 1884 3890 atque

208 3902 640 3958 inconvulsam
713 3900 980 3958 obtineat
1062 3902 1446 3968 ﬁrmitatem,
1531 3907 1737 3962 annuli
1816 3925 1887 3964 ac

204 3990 756 4062 monogrammatis
815 3991 1000 4046 nostri
1050 3991 1222 4061 signo
1276 3991 1440 4049 illam
1509 3993 1887 4052 decrevimus

203 4080 509 4152 insigniri.

287 4173 502 4225 Actum
534 4169 918 4224 Fiscamnum
950 4183 1114 4225 anno
1153 4169 1472 4224 Dominicae
1529 4173 1886 4228 lncarnatio-

207 4258 315 4316 nis
348 4261 504 4318 1006.
530 4257 853 4314 indictione
882 4275 960 4326 iv,
991 4257 1088 4312 die
1111 4257 1278 4313 tertio
1299 4263 1435 4314 ante
1468 4259 1772 4317 Kalendas
1795 4265 1889 4317 Ju-

207 4347 356 4405 nias
386 4349 428 4402 V
447 4345 593 4402 feria
621 4346 948 4402 Dominicie
975 4345 1345 4402 ascensionis
1387 4347 1609 4418 gaudio
1631 4349 1887 4406 celeber-

210 4437 381 4494 rima
407 4436 644 4493 feliciter
669 4437 768 4509 (6).

1007 4546 1094 4598 Vl.

215 4650 495 4707 Rolberti
522 4653 676 4721 regis
706 4652 997 4722 diploma,
1029 4668 1144 4723 quo
1184 4654 1582 4720 confirmatur
1605 4653 1888 4723 fundatio

389 4739 766 4796 Bellimontis
787 4739 1188 4809 part/lenonis
1213 4757 1402 4810 prope
1439 4743 1724 4797 Turonos.

857 4849 1050 4920 (Anno
1082 4852 1260 4914 1007).

220 4957 483 5026 [Manu
516 4955 743 5010 Annal.
771 4955 1020 5025 Bened.,
1044 4958 1189 5010 tom.
1216 4957 1302 5024 IV,
1333 4956 1630 5026 Append.,
1657 4972 1714 5028 p.
1741 4956 1886 5025 696].

303 5064 366 5116 In
396 5060 638 5118 nomine
664 5065 885 5118 sancta:
916 5064 973 5117 et
1018 5061 1342 5117 individuis
1395 5063 1686 5119 Trinitatis
1747 5065 1888 5119 Hor-

221 5166 437 5208 nenrus
469 5149 564 5206 Dei
599 5150 1007 5206 misericordia
1031 5166 1153 5206 rex.

306 5239 363 5294 Si
395 5239 778 5312 petitionibus
837 5255 1146 5294 servorum
1206 5239 1306 5295 Dei
1356 5255 1467 5312 pro
1523 5240 1894 5312 quibuslibet

225 5327 643 5385 ecclesiasticis
669 5327 1126 5384 necessitatibus
1157 5344 1332 5384 aures
1358 5333 1596 5383 nostras
1647 5330 1892 5390 pulsan-

225 5419 386 5476 tium
417 5418 684 5474 assentiri
712 5418 1006 5486 videmur,
1059 5422 1114 5474 et
1156 5418 1230 5473 ad
1285 5417 1499 5473 divinae
1558 5419 1778 5474 militiae
1831 5421 1891 5477 in

303 5599 388 5672 (ὃ)
427 5597 732 5655 Chronica
751 5602 908 5653 nota:
938 5595 1211 5670 apprime
1242 5595 1630 5654 concordant.

1992 1671 2100 1735 ret,
2133 1683 2318 1738 quam
2341 1669 2590 1726 ecclesia
2621 1673 2895 1744 superius
2936 1677 3243 1733 nominata
3277 1699 3288 1747 ;
3351 1687 3530 1754 atque
3589 1684 3665 1739 de

1992 1756 2262 1827 quodam
2294 1758 2347 1812 vi
2365 1759 2535 1825 vario,
2561 1759 2910 1817 Malamoria
2940 1773 3314 1839 nuncupata.
3381 1770 3665 1844 Idemque

1992 1845 2310 1916 postulans
2339 1846 2414 1901 de
2439 1851 2603 1903 curte
2637 1849 2964 1920 Soriniaco,
2993 1856 3052 1908 et
3082 1856 3332 1912 ecclesia
3357 1875 3495 1931 quae
3527 1876 3666 1916 con-

1992 1937 2107 1990 stat
2140 1935 2336 1990 Sancti
2393 1935 2543 1991 Petri
2587 1938 3001 2008 apostolorum
3060 1943 3350 2017 principis
3393 1948 3663 2016 fundata,

1990 2041 2131 2079 cum
2161 2024 2445 2080 omnibus
2475 2025 2552 2081 ad
2585 2042 2720 2082 eam
2760 2029 3221 2101 pertinentibus,
3279 2040 3404 2090 tam
3455 2037 3663 2105 vineis,

1990 2113 2200 2186 pratis,
2235 2113 2417 2182 silvis,
2450 2120 2506 2170 et
2533 2115 2730 2188 aquis,
2793 2117 3114 2182 farinariis.
3171 2123 3340 2179 terris
3397 2125 3567 2181 cultis
3613 2129 3669 2182 et

1991 2202 2224 2258 incultis
2251 2220 2263 2269 ;
2288 2219 2524 2259 necnon
2555 2205 2629 2260 de
2658 2205 2864 2276 viginti
2913 2213 3288 2282 arpennibus
3327 2213 3664 2282 vinearum,

1989 2307 2124 2362 quae
2156 2306 2342 2363 prope
2376 2292 2736 2349 suburbium
2769 2296 2982 2367 Oppidi
3026 2300 3258 2372 praefati
3307 2303 3666 2358 confessoris

1992 2379 2200 2436 Christi
2231 2395 2360 2435 esse
2409 2381 2706 2452 videntur,
2759 2385 2883 2440 sitae
2939 2387 3092 2444 inter
3138 2390 3358 2460 Ligeris
3414 2391 3665 2464 Carique

1990 2469 2250 2524 alveum.
2283 2470 2555 2542 Cumque
2606 2487 2747 2528 eum
2803 2474 3122 2545 diligenter
3159 2479 3481 2536 fuissemus
3534 2497 3666 2554 per-

1991 2557 2212 2612 contati
2265 2557 2412 2628 quid
2469 2557 2666 2629 operis
2720 2560 2796 2615 de
2855 2564 3216 2634 supradictis
3273 2567 3452 2623 rebus
3511 2571 3667 2624 esset

1992 2649 2251 2708 acturus,
2278 2644 2473 2700 retulit
2502 2661 2563 2699 se
2587 2646 2810 2704 tristari
2859 2649 3197 2708 admodum
3246 2670 3369 2710 non
3421 2671 3549 2710 esse
3602 2656 3664 2710 in

1992 2749 2152 2807 pago
2181 2734 2472 2790 Turonico
2528 2737 2877 2794 coenobium
2932 2740 3037 2796 ubi
3083 2743 3563 2799 sanctimoniales
3588 2743 3668 2799 fe-

1992 2825 2171 2878 minae
2223 2823 2450 2880 Christo
2482 2832 2732 2896 possent
2762 2845 2889 2884 suae
2944 2829 3276 2888 devotionis
3319 2833 3667 2906 impendere

1925 2952 1966 3008 Ο
1995 2911 2282 2982 ofﬁcium,
2334 2911 2483 3008 sicut
2521 2912 2582 2968 in
2640 2915 2944 2990 plerisque
3003 2919 3340 2977 habebatur
3389 2922 3667 2995 partibus

1997 3007 2161 3058 terrae
2194 3020 2205 3070 ;
2239 3006 2295 3058 et
2318 3001 2398 3058 ob
2429 3002 2563 3072 hoc,
2595 3019 2720 3060 non
2746 3013 2993 3080 propter
3021 3009 3206 3081 aliud,
3230 3011 3384 3068 efﬁci
3409 3011 3670 3086 postula-

1993 3097 2081 3148 ret
2113 3091 2422 3164 scriptum,
2456 3108 2527 3148 eo
2557 3097 2763 3150 tamen
2791 3100 2993 3154 tenore
3024 3104 3322 3170 quatenus
3349 3102 3522 3157 annis
3545 3101 3666 3156 sin-

1997 3182 2151 3253 gulis
2182 3181 2242 3235 in
2273 3181 2583 3237 festivitate
2613 3187 2952 3242 autumnali
2979 3188 3273 3260 praelibati
3313 3190 3494 3245 Patris
3526 3193 3666 3246 Mar-

1997 3271 2100 3326 tini
2157 3270 2474 3326 redderent
2518 3281 2998 3343 praememoratze
3041 3277 3526 3334 sanctimoniales
3592 3279 3667 3334 de

1996 3360 2225 3417 cunctis
2283 3376 2465 3433 supra
2516 3361 2778 3418 recitatis
2833 3365 3014 3420 rebus
3073 3365 3277 3436 viginti
3323 3367 3544 3422 solidos
3592 3368 3668 3424 de

1996 3467 2182 3507 censu
2230 3451 2290 3506 in
2348 3453 2700 3508 thesaurum
2735 3453 2811 3509 ad
2858 3456 2997 3510 thus
3043 3455 3165 3511 sive
3197 3455 3396 3512 oleum
3428 3474 3670 3532 compa-

1994 3543 2277 3598 randum.
2312 3540 2524 3596 Adhuc
2551 3545 2912 3610 autem,non
2940 3545 3263 3602 immemor
3293 3548 3403 3615 sui,
3437 3548 3670 3606 addidit

1995 3637 2060 3688 ut
2087 3631 2254 3706 prius
2276 3647 2387 3705 pro
2415 3646 2509 3686 me
2537 3635 2591 3686 et
2625 3635 3077 3690 successoribus
3110 3637 3278 3704 meis,
3313 3637 3528 3694 deinde
3557 3655 3668 3712 pro

1996 3739 2058 3778 se
2082 3727 2262 3794 atque
2291 3721 2468 3777 totius
2502 3724 2989 3792 congregationis
3020 3726 3110 3782 sui
3139 3727 3411 3785 advocati
3443 3731 3668 3787 Martini

1997 3815 2176 3873 statu,
2211 3827 2419 3883 preces
2467 3811 2721 3866 Domino
2770 3813 3086 3870 funderent
3135 3818 3400 3888 quotidie
3437 3819 3662 3876 ibidem

1997 3901 2376 3956 famulaturae
2408 3899 2686 3969 virgines.
2745 3905 3006 3957 Herveus
3063 3905 3143 3959 ita
3199 3907 3455 3961 ostensis
3513 3909 3662 3980 (sic),

1995 3989 2406 4045 excellentiam
2435 3987 2742 4054 regiminis
2765 3990 2949 4044 nostri
2967 3990 3177 4045 humili
3195 4007 3512 4062 aggressus
3537 4011 3665 4067 pre-

1998 4079 2253 4143 camine,
2284 4077 2683 4149 expostulavit
2711 4083 2774 4132 ut
2797 4077 3068 4133 similiter
3089 4081 3412 4136 assertione
3444 4087 3664 4138 nostrae

1997 4168 2366 4225 auctoritatis
2396 4165 2923 4222 corroboraremus
2954 4183 3025 4222 ea
3056 4185 3191 4240 quae
3220 4170 3313 4224 vel
3348 4171 3477 4244 ipse
3517 4172 3666 4228 foret

1996 4259 2245 4313 daturus
2276 4258 2335 4311 in
2363 4254 2582 4320 futuro,
2618 4255 2711 4310 vel
2741 4255 2869 4310 aliis
2897 4255 3174 4312 ﬁdelibus
3206 4258 3270 4329 [ι.
3304 4259 3400 4314 alii
3428 4259 3660 4333 ﬁdeles]

1998 4347 2209 4403 Christi
2233 4363 2340 4419 pro
2373 4361 2619 4400 suarum
2650 4345 2991 4400 animarum
3023 4346 3453 4420 redemptione.
3481 4352 3664 4421 Cujus

1999 4437 2406 4492 saluberrimae
2439 4435 2706 4507 petitioni
2737 4440 2858 4490 tam
2891 4435 3004 4490 sibi
3030 4453 3217 4508 quam
3267 4439 3467 4494 militis
3518 4456 3666 4510 prie-

1999 4528 2239 4583 fecturae
2267 4527 2361 4598 [f.,
2395 4525 2572 4580 nobis
2605 4525 2971 4596 profuturae],
3018 4543 3129 4598 pro
3173 4527 3390 4581 animae
3442 4533 3662 4584 nostrae

1999 4622 2055 4673 et
2081 4622 2399 4690 parentum
2431 4620 2774 4670 nostrorum
2806 4615 3070 4670 remedio
3129 4631 3442 4671 assensum
3487 4617 3664 4672 nobis

1997 4706 2169 4762 libuit
2198 4704 2483 4778 prmbere,
2540 4708 2594 4759 et
2654 4705 2800 4760 serie
2856 4703 3182 4759 litterarum
3239 4720 3422 4776 supra
3457 4706 3664 4762 omnia

1999 4800 2333 4850 memorata
2363 4793 2720 4848 conﬁrmare
2782 4809 2794 4845 ξ
2851 4792 2964 4847 hoc
3010 4797 3096 4848 est
3125 4792 3442 4848 ecclesiam
3476 4796 3664 4849 Beatus

1998 4885 2198 4939 Mariae
2226 4883 2586 4939 Bellimontis
2613 4896 2750 4934 cum
2782 4880 3066 4935 omnibus
3088 4881 3506 4951 adjacentibus
3527 4882 3660 4949 sibi,

2001 4974 2220 5029 scilicet
2253 4972 2454 5034 vineis,
2488 4969 2690 5042 pratis,
2722 4973 2777 5023 et
2807 4969 3098 5024 vivarium
3121 4970 3474 5026 Malamorta
3507 4986 3660 5026 nun-

2001 5068 2287 5134 cupatum
2339 5059 2416 5115 ad
2473 5057 2950 5130 supradictarum
2982 5059 3083 5113 Dei
3128 5057 3481 5114 ancillarum
3515 5060 3662 5115 edu-

2000 5151 2146 5206 lium
2172 5169 2184 5218 ;
2209 5148 2524 5205 ecclesiam
2557 5146 2944 5213 Soriniacam,
2979 5164 3131 5203 cum.
3161 5147 3413 5204 ecclesia
3459 5153 3515 5204 et
3539 5164 3666 5204 om-

2002 5240 2178 5295 nibus
2233 5235 2646 5309 adjacentibus
2692 5234 2822 5300 sibi,
2885 5235 2942 5290 id
2994 5242 3082 5292 est
3135 5237 3324 5292 vineis
3359 5281 3372 5304 ,
3437 5238 3660 5310 pratis,

2003 5329 2184 5394 siIVis,
2245 5327 2439 5399 aquis,
2493 5326 2808 5391 farinariis,
2866 5327 3032 5381 terris
3081 5327 3252 5382 cultis
3297 5332 3353 5383 et
3405 5328 3660 5394 incultis,

2003 5422 2181 5490 atque
2229 5433 2367 5471 cum
2422 5415 2704 5472 omnibus
2774 5415 2927 5470 illius
3003 5418 3184 5472 curtis
3253 5417 3480 5472 colonis
3527 5433 3538 5470 :
3586 5415 3664 5470 vi-
