  <div class='ocr_page' id='page_1' title='image "/cluster/home/n/w/nwhite01/storage/ocr_20150623/141/hvd.32044054760012/481.png"; bbox 0 0 3996 6178; ppageno 0'>
   <div class='ocr_carea' id='block_1_1' title="bbox 1637 83 3752 158">
    <p class='ocr_par' dir='ltr' id='par_1_1' title="bbox 1637 83 3752 158">
     <span class='ocr_line' id='line_1_1' title="bbox 1637 83 3752 158; baseline -0.005 -14"><span class='ocrx_word' id='word_1_1' title='bbox 1637 85 1938 144; x_wconf 71' lang='lat' dir='ltr'><strong>nosam</strong></span> <span class='ocrx_word' id='word_1_2' title='bbox 1977 83 2184 145; x_wconf 74' lang='lat' dir='ltr'><strong>assis</strong></span> <span class='ocrx_word' id='word_1_3' title='bbox 2222 83 2666 141; x_wconf 62' lang='lat' dir='ltr'><strong>mucosum.</strong></span> <span class='ocrx_word' id='word_1_4' title='bbox 3682 103 3752 158; x_wconf 63' lang='grc' dir='ltr'><strong>κο</strong></span> 
     </span>
    </p>
   </div>
   <div class='ocr_carea' id='block_1_2' title="bbox 445 208 3760 287">
    <p class='ocr_par' dir='ltr' id='par_1_2' title="bbox 445 208 3760 287">
     <span class='ocr_line' id='line_1_2' title="bbox 445 208 3760 287; baseline 0.002 -19"><span class='ocrx_word' id='word_1_5' title='bbox 445 210 592 281; x_wconf 87' lang='lat' dir='ltr'><strong>ginti</strong></span> <span class='ocrx_word' id='word_1_6' title='bbox 616 226 860 285; x_wconf 89' lang='lat' dir='ltr'><strong>quoque</strong></span> <span class='ocrx_word' id='word_1_7' title='bbox 889 227 1189 287; x_wconf 89' lang='lat' dir='ltr'><strong>arpennas</strong></span> <span class='ocrx_word' id='word_1_8' title='bbox 1214 212 1526 272; x_wconf 82' lang='lat' dir='ltr'><strong>vinearum</strong></span> <span class='ocrx_word' id='word_1_9' title='bbox 1573 213 1725 272; x_wconf 85' lang='lat' dir='ltr'><strong>inter</strong></span> <span class='ocrx_word' id='word_1_10' title='bbox 1764 212 2017 283; x_wconf 77' lang='lat' dir='ltr'><strong>Ligerim</strong></span> <span class='ocrx_word' id='word_1_11' title='bbox 2042 215 2100 269; x_wconf 87' lang='lat' dir='ltr'><strong>et</strong></span> <span class='ocrx_word' id='word_1_12' title='bbox 2131 212 2180 266; x_wconf 79' lang='grc' dir='ltr'>Α</span> <span class='ocrx_word' id='word_1_13' title='bbox 2283 212 2668 282; x_wconf 80' lang='lat' dir='ltr'><strong>Compertum</strong></span> <span class='ocrx_word' id='word_1_14' title='bbox 2698 224 2825 267; x_wconf 91' lang='lat' dir='ltr'><strong>esse</strong></span> <span class='ocrx_word' id='word_1_15' title='bbox 2854 208 2995 266; x_wconf 90' lang='lat' dir='ltr'><strong>volo</strong></span> <span class='ocrx_word' id='word_1_16' title='bbox 3025 209 3300 267; x_wconf 89' lang='lat' dir='ltr'><strong>omnibus</strong></span> <span class='ocrx_word' id='word_1_17' title='bbox 3345 218 3557 271; x_wconf 67' lang='lat' dir='ltr'><strong>sanctas</strong></span> <span class='ocrx_word' id='word_1_18' title='bbox 3577 219 3661 275; x_wconf 88' lang='lat' dir='ltr'><strong>Dei</strong></span> <span class='ocrx_word' id='word_1_19' title='bbox 3690 225 3760 280; x_wconf 58' lang='lat' dir='ltr'><strong>En-</strong></span> 
     </span>
    </p>
   </div>
   <div class='ocr_carea' id='block_1_3' title="bbox 446 301 2100 375">
    <p class='ocr_par' dir='ltr' id='par_1_3' title="bbox 446 301 2100 375">
     <span class='ocr_line' id='line_1_3' title="bbox 446 301 2100 375; baseline -0.001 -17"><span class='ocrx_word' id='word_1_20' title='bbox 446 303 692 371; x_wconf 86' lang='lat' dir='ltr'><strong>Carum;</strong></span> <span class='ocrx_word' id='word_1_21' title='bbox 724 305 950 358; x_wconf 89' lang='lat' dir='ltr'><strong>curtem</strong></span> <span class='ocrx_word' id='word_1_22' title='bbox 982 318 1224 375; x_wconf 89' lang='lat' dir='ltr'><strong>quoque</strong></span> <span class='ocrx_word' id='word_1_23' title='bbox 1254 302 1495 359; x_wconf 87' lang='lat' dir='ltr'><strong>Liuram</strong></span> <span class='ocrx_word' id='word_1_24' title='bbox 1546 320 1681 359; x_wconf 89' lang='lat' dir='ltr'><strong>cum</strong></span> <span class='ocrx_word' id='word_1_25' title='bbox 1734 301 1996 359; x_wconf 89' lang='lat' dir='ltr'><strong>ecclesiis</strong></span> <span class='ocrx_word' id='word_1_26' title='bbox 2045 304 2100 357; x_wconf 87' lang='lat' dir='ltr'><strong>et</strong></span> 
     </span>
    </p>
   </div>
   <div class='ocr_carea' id='block_1_4' title="bbox 446 390 2101 465">
    <p class='ocr_par' dir='ltr' id='par_1_4' title="bbox 446 390 2101 465">
     <span class='ocr_line' id='line_1_4' title="bbox 446 390 2101 465; baseline 0 -19"><span class='ocrx_word' id='word_1_27' title='bbox 446 391 726 448; x_wconf 89' lang='lat' dir='ltr'><strong>omnibus</strong></span> <span class='ocrx_word' id='word_1_28' title='bbox 757 390 869 446; x_wconf 84' lang='lat' dir='ltr'><strong>sibi</strong></span> <span class='ocrx_word' id='word_1_29' title='bbox 899 392 1333 465; x_wconf 87' lang='lat' dir='ltr'><strong>pertinentibus</strong></span> <span class='ocrx_word' id='word_1_30' title='bbox 1376 409 1484 465; x_wconf 87' lang='lat' dir='ltr'><strong>per</strong></span> <span class='ocrx_word' id='word_1_31' title='bbox 1532 409 1845 449; x_wconf 85' lang='lat' dir='ltr'><strong>assensum</strong></span> <span class='ocrx_word' id='word_1_32' title='bbox 1878 390 2101 449; x_wconf 91' lang='lat' dir='ltr'><strong>Odonis</strong></span> 
     </span>
    </p>
   </div>
   <div class='ocr_carea' id='block_1_5' title="bbox 445 480 2101 556">
    <p class='ocr_par' dir='ltr' id='par_1_5' title="bbox 445 480 2101 556">
     <span class='ocr_line' id='line_1_5' title="bbox 445 480 2101 556; baseline 0 -19"><span class='ocrx_word' id='word_1_33' title='bbox 445 480 676 539; x_wconf 90' lang='lat' dir='ltr'><strong>comitis</strong></span> <span class='ocrx_word' id='word_1_34' title='bbox 702 484 758 537; x_wconf 90' lang='lat' dir='ltr'><strong>et</strong></span> <span class='ocrx_word' id='word_1_35' title='bbox 785 480 984 539; x_wconf 83' lang='lat' dir='ltr'><strong>fratris</strong></span> <span class='ocrx_word' id='word_1_36' title='bbox 1012 482 1104 538; x_wconf 91' lang='lat' dir='ltr'><strong>sui</strong></span> <span class='ocrx_word' id='word_1_37' title='bbox 1131 482 1422 551; x_wconf 89' lang='lat' dir='ltr'><strong>Landrici,</strong></span> <span class='ocrx_word' id='word_1_38' title='bbox 1455 500 1525 540; x_wconf 87' lang='lat' dir='ltr'><strong>ex</strong></span> <span class='ocrx_word' id='word_1_39' title='bbox 1581 486 1753 556; x_wconf 89' lang='lat' dir='ltr'><strong>cujus</strong></span> <span class='ocrx_word' id='word_1_40' title='bbox 1807 482 2101 540; x_wconf 83' lang='lat' dir='ltr'><strong>beneficio</strong></span> 
     </span>
    </p>
   </div>
   <div class='ocr_carea' id='block_1_6' title="bbox 443 568 2102 644">
    <p class='ocr_par' dir='ltr' id='par_1_6' title="bbox 443 568 2102 644">
     <span class='ocr_line' id='line_1_6' title="bbox 443 568 2102 644; baseline 0.001 -19"><span class='ocrx_word' id='word_1_41' title='bbox 443 584 574 625; x_wconf 88' lang='lat' dir='ltr'><strong>esse</strong></span> <span class='ocrx_word' id='word_1_42' title='bbox 599 568 936 639; x_wconf 83' lang='lat' dir='ltr'><strong>videbatur,</strong></span> <span class='ocrx_word' id='word_1_43' title='bbox 978 569 1236 628; x_wconf 83' lang='lat' dir='ltr'><strong>distante</strong></span> <span class='ocrx_word' id='word_1_44' title='bbox 1251 576 1524 644; x_wconf 88' lang='lat' dir='ltr'><strong>.quatuor</strong></span> <span class='ocrx_word' id='word_1_45' title='bbox 1543 571 1829 629; x_wconf 90' lang='lat' dir='ltr'><strong>milliariis</strong></span> <span class='ocrx_word' id='word_1_46' title='bbox 1850 588 1886 628; x_wconf 91' lang='lat' dir='ltr'><strong>a</strong></span> <span class='ocrx_word' id='word_1_47' title='bbox 1907 576 2102 629; x_wconf 91' lang='lat' dir='ltr'><strong>castro</strong></span> 
     </span>
    </p>
   </div>
   <div class='ocr_carea' id='block_1_7' title="bbox 442 656 2103 732">
    <p class='ocr_par' dir='ltr' id='par_1_7' title="bbox 442 656 2103 732">
     <span class='ocr_line' id='line_1_7' title="bbox 442 656 2103 732; baseline 0 -15"><span class='ocrx_word' id='word_1_48' title='bbox 442 656 610 732; x_wconf 88' lang='lat' dir='ltr'><strong>quod</strong></span> <span class='ocrx_word' id='word_1_49' title='bbox 661 658 877 717; x_wconf 90' lang='lat' dir='ltr'><strong>dicitur</strong></span> <span class='ocrx_word' id='word_1_50' title='bbox 932 660 1167 730; x_wconf 72' lang='lat' dir='ltr'><strong>Insula;</strong></span> <span class='ocrx_word' id='word_1_51' title='bbox 1227 676 1463 719; x_wconf 89' lang='lat' dir='ltr'><strong>necnon</strong></span> <span class='ocrx_word' id='word_1_52' title='bbox 1507 662 1854 728; x_wconf 88' lang='lat' dir='ltr'><strong>Quiciacum</strong></span> <span class='ocrx_word' id='word_1_53' title='bbox 1895 660 2103 717; x_wconf 90' lang='lat' dir='ltr'><strong>villam</strong></span> 
     </span>
    </p>
   </div>
   <div class='ocr_carea' id='block_1_8' title="bbox 443 748 2104 823">
    <p class='ocr_par' dir='ltr' id='par_1_8' title="bbox 443 748 2104 823">
     <span class='ocr_line' id='line_1_8' title="bbox 443 748 2104 823; baseline 0.002 -20"><span class='ocrx_word' id='word_1_54' title='bbox 443 763 583 805; x_wconf 90' lang='lat' dir='ltr'><strong>cum</strong></span> <span class='ocrx_word' id='word_1_55' title='bbox 613 748 896 819; x_wconf 87' lang='lat' dir='ltr'><strong>omnibus</strong></span> <span class='ocrx_word' id='word_1_56' title='bbox 918 748 971 806; x_wconf 90' lang='lat' dir='ltr'><strong>ei</strong></span> <span class='ocrx_word' id='word_1_57' title='bbox 1001 749 1454 823; x_wconf 84' lang='lat' dir='ltr'><strong>pertinentibus,</strong></span> <span class='ocrx_word' id='word_1_58' title='bbox 1484 766 1672 823; x_wconf 89' lang='lat' dir='ltr'><strong>quam</strong></span> <span class='ocrx_word' id='word_1_59' title='bbox 1701 750 1863 807; x_wconf 91' lang='lat' dir='ltr'><strong>idem</strong></span> <span class='ocrx_word' id='word_1_60' title='bbox 1892 749 2104 823; x_wconf 70' lang='lat' dir='ltr'><strong>praefa-</strong></span> 
     </span>
    </p>
   </div>
   <div class='ocr_carea' id='block_1_9' title="bbox 442 837 1414 896">
    <p class='ocr_par' dir='ltr' id='par_1_9' title="bbox 442 837 1414 896">
     <span class='ocr_line' id='line_1_9' title="bbox 442 837 1414 896; baseline 0.002 -3"><span class='ocrx_word' id='word_1_61' title='bbox 442 841 538 895; x_wconf 90' lang='lat' dir='ltr'><strong>tus</strong></span> <span class='ocrx_word' id='word_1_62' title='bbox 564 837 829 894; x_wconf 88' lang='lat' dir='ltr'><strong>Herveus</strong></span> <span class='ocrx_word' id='word_1_63' title='bbox 858 842 1057 895; x_wconf 89' lang='lat' dir='ltr'><strong>tenere</strong></span> <span class='ocrx_word' id='word_1_64' title='bbox 1081 838 1414 896; x_wconf 81' lang='lat' dir='ltr'><strong>videbatur.</strong></span> 
     </span>
    </p>
   </div>
   <div class='ocr_carea' id='block_1_10' title="bbox 517 927 2105 1004">
    <p class='ocr_par' dir='ltr' id='par_1_10' title="bbox 517 927 2105 1004">
     <span class='ocr_line' id='line_1_10' title="bbox 517 927 2105 1004; baseline 0.001 -20"><span class='ocrx_word' id='word_1_65' title='bbox 517 927 925 1001; x_wconf 65' lang='lat' dir='ltr'><strong>Prascipientes</strong></span> <span class='ocrx_word' id='word_1_66' title='bbox 951 945 1094 999; x_wconf 88' lang='lat' dir='ltr'><strong>ergo</strong></span> <span class='ocrx_word' id='word_1_67' title='bbox 1120 929 1405 1000; x_wconf 90' lang='lat' dir='ltr'><strong>jubemus</strong></span> <span class='ocrx_word' id='word_1_68' title='bbox 1433 934 1491 987; x_wconf 92' lang='lat' dir='ltr'><strong>et</strong></span> <span class='ocrx_word' id='word_1_69' title='bbox 1514 930 1788 1001; x_wconf 92' lang='lat' dir='ltr'><strong>jubendo</strong></span> <span class='ocrx_word' id='word_1_70' title='bbox 1834 929 2105 1004; x_wconf 77' lang='lat' dir='ltr'><strong>praecipi-</strong></span> 
     </span>
    </p>
   </div>
   <div class='ocr_carea' id='block_1_11' title="bbox 444 1017 2104 1093">
    <p class='ocr_par' dir='ltr' id='par_1_11' title="bbox 444 1017 2104 1093">
     <span class='ocr_line' id='line_1_11' title="bbox 444 1017 2104 1093; baseline -0.001 -16"><span class='ocrx_word' id='word_1_71' title='bbox 444 1033 582 1077; x_wconf 91' lang='lat' dir='ltr'><strong>mus</strong></span> <span class='ocrx_word' id='word_1_72' title='bbox 606 1022 673 1075; x_wconf 90' lang='lat' dir='ltr'><strong>ut</strong></span> <span class='ocrx_word' id='word_1_73' title='bbox 699 1017 896 1073; x_wconf 88' lang='lat' dir='ltr'><strong>nullus</strong></span> <span class='ocrx_word' id='word_1_74' title='bbox 920 1018 1110 1089; x_wconf 83' lang='lat' dir='ltr'><strong>judex</strong></span> <span class='ocrx_word' id='word_1_75' title='bbox 1138 1018 1436 1091; x_wconf 90' lang='lat' dir='ltr'><strong>publicus,</strong></span> <span class='ocrx_word' id='word_1_76' title='bbox 1493 1023 1597 1076; x_wconf 90' lang='lat' dir='ltr'><strong>aut</strong></span> <span class='ocrx_word' id='word_1_77' title='bbox 1634 1020 1884 1093; x_wconf 87' lang='lat' dir='ltr'><strong>quilibet</strong></span> <span class='ocrx_word' id='word_1_78' title='bbox 1931 1036 2104 1093; x_wconf 88' lang='lat' dir='ltr'><strong>supe-</strong></span> 
     </span>
    </p>
   </div>
   <div class='ocr_carea' id='block_1_12' title="bbox 445 1106 2104 1183">
    <p class='ocr_par' dir='ltr' id='par_1_12' title="bbox 445 1106 2104 1183">
     <span class='ocr_line' id='line_1_12' title="bbox 445 1106 2104 1183; baseline 0.001 -21"><span class='ocrx_word' id='word_1_79' title='bbox 445 1106 616 1162; x_wconf 91' lang='lat' dir='ltr'><strong>rioris</strong></span> <span class='ocrx_word' id='word_1_80' title='bbox 641 1110 745 1163; x_wconf 89' lang='lat' dir='ltr'><strong>aut</strong></span> <span class='ocrx_word' id='word_1_81' title='bbox 770 1106 1063 1163; x_wconf 88' lang='lat' dir='ltr'><strong>inferioris</strong></span> <span class='ocrx_word' id='word_1_82' title='bbox 1089 1107 1314 1164; x_wconf 89' lang='lat' dir='ltr'><strong>ordinis</strong></span> <span class='ocrx_word' id='word_1_83' title='bbox 1344 1109 1424 1164; x_wconf 87' lang='lat' dir='ltr'><strong>rei</strong></span> <span class='ocrx_word' id='word_1_84' title='bbox 1457 1109 1713 1181; x_wconf 70' lang='lat' dir='ltr'><strong>publicae</strong></span> <span class='ocrx_word' id='word_1_85' title='bbox 1751 1114 2104 1183; x_wconf 84' lang='lat' dir='ltr'><strong>procurator</strong></span> 
     </span>
    </p>
   </div>
   <div class='ocr_carea' id='block_1_13' title="bbox 445 1195 2102 1267">
    <p class='ocr_par' dir='ltr' id='par_1_13' title="bbox 445 1195 2102 1267">
     <span class='ocr_line' id='line_1_13' title="bbox 445 1195 2102 1267; baseline 0.003 -17"><span class='ocrx_word' id='word_1_86' title='bbox 445 1195 508 1253; x_wconf 92' lang='lat' dir='ltr'><strong>in</strong></span> <span class='ocrx_word' id='word_1_87' title='bbox 554 1195 646 1252; x_wconf 86' lang='lat' dir='ltr'><strong>his</strong></span> <span class='ocrx_word' id='word_1_88' title='bbox 680 1195 1056 1267; x_wconf 76' lang='lat' dir='ltr'><strong>prassignatis</strong></span> <span class='ocrx_word' id='word_1_89' title='bbox 1110 1199 1338 1254; x_wconf 66' lang='lat' dir='ltr'><strong>Sanctae</strong></span> <span class='ocrx_word' id='word_1_90' title='bbox 1386 1198 1578 1255; x_wconf 81' lang='lat' dir='ltr'><strong>Mariae</strong></span> <span class='ocrx_word' id='word_1_91' title='bbox 1608 1198 1894 1256; x_wconf 90' lang='lat' dir='ltr'><strong>omnibus</strong></span> <span class='ocrx_word' id='word_1_92' title='bbox 1922 1199 2102 1255; x_wconf 89' lang='lat' dir='ltr'><strong>rebus</strong></span> 
     </span>
    </p>
   </div>
   <div class='ocr_carea' id='block_1_14' title="bbox 444 1285 2104 1355">
    <p class='ocr_par' dir='ltr' id='par_1_14' title="bbox 444 1285 2104 1355">
     <span class='ocr_line' id='line_1_14' title="bbox 444 1285 2104 1355; baseline -0.001 -10"><span class='ocrx_word' id='word_1_93' title='bbox 444 1285 523 1347; x_wconf 84' lang='lat' dir='ltr'><strong>ad</strong></span> <span class='ocrx_word' id='word_1_94' title='bbox 553 1300 770 1343; x_wconf 86' lang='lat' dir='ltr'><strong>causas</strong></span> <span class='ocrx_word' id='word_1_95' title='bbox 792 1286 1111 1355; x_wconf 90' lang='lat' dir='ltr'><strong>judiciario</strong></span> <span class='ocrx_word' id='word_1_96' title='bbox 1140 1303 1308 1344; x_wconf 91' lang='lat' dir='ltr'><strong>more</strong></span> <span class='ocrx_word' id='word_1_97' title='bbox 1334 1288 1669 1345; x_wconf 87' lang='lat' dir='ltr'><strong>audiendas</strong></span> <span class='ocrx_word' id='word_1_98' title='bbox 1708 1289 1771 1344; x_wconf 92' lang='lat' dir='ltr'><strong>in</strong></span> <span class='ocrx_word' id='word_1_99' title='bbox 1824 1287 2104 1345; x_wconf 84' lang='lat' dir='ltr'><strong>ecclesias</strong></span> 
     </span>
    </p>
   </div>
   <div class='ocr_carea' id='block_1_15' title="bbox 445 1373 2106 1450">
    <p class='ocr_par' dir='ltr' id='par_1_15' title="bbox 445 1373 2106 1450">
     <span class='ocr_line' id='line_1_15' title="bbox 445 1373 2106 1450; baseline -0.001 -18"><span class='ocrx_word' id='word_1_100' title='bbox 445 1378 550 1432; x_wconf 87' lang='lat' dir='ltr'><strong>aut</strong></span> <span class='ocrx_word' id='word_1_101' title='bbox 577 1373 768 1442; x_wconf 90' lang='lat' dir='ltr'><strong>villas,</strong></span> <span class='ocrx_word' id='word_1_102' title='bbox 799 1379 903 1433; x_wconf 85' lang='lat' dir='ltr'><strong>aut</strong></span> <span class='ocrx_word' id='word_1_103' title='bbox 926 1375 1160 1449; x_wconf 90' lang='lat' dir='ltr'><strong>aliquas</strong></span> <span class='ocrx_word' id='word_1_104' title='bbox 1192 1377 1624 1449; x_wconf 86' lang='lat' dir='ltr'><strong>possessiones,</strong></span> <span class='ocrx_word' id='word_1_105' title='bbox 1671 1394 1827 1450; x_wconf 89' lang='lat' dir='ltr'><strong>quas</strong></span> <span class='ocrx_word' id='word_1_106' title='bbox 1872 1376 2106 1433; x_wconf 90' lang='lat' dir='ltr'><strong>moder-</strong></span> 
     </span>
    </p>
   </div>
   <div class='ocr_carea' id='block_1_16' title="bbox 443 1463 2106 1540">
    <p class='ocr_par' dir='ltr' id='par_1_16' title="bbox 443 1463 2106 1540">
     <span class='ocr_line' id='line_1_16' title="bbox 443 1463 2106 1540; baseline 0 -21"><span class='ocrx_word' id='word_1_107' title='bbox 443 1478 523 1521; x_wconf 93' lang='lat' dir='ltr'><strong>no</strong></span> <span class='ocrx_word' id='word_1_108' title='bbox 554 1463 644 1521; x_wconf 88' lang='lat' dir='ltr'><strong>vel</strong></span> <span class='ocrx_word' id='word_1_109' title='bbox 671 1463 886 1536; x_wconf 83' lang='lat' dir='ltr'><strong>priscis</strong></span> <span class='ocrx_word' id='word_1_110' title='bbox 918 1466 1291 1537; x_wconf 88' lang='lat' dir='ltr'><strong>temporibus</strong></span> <span class='ocrx_word' id='word_1_111' title='bbox 1346 1466 1405 1521; x_wconf 92' lang='lat' dir='ltr'><strong>in</strong></span> <span class='ocrx_word' id='word_1_112' title='bbox 1455 1467 1920 1540; x_wconf 88' lang='lat' dir='ltr'><strong>quibuscunque</strong></span> <span class='ocrx_word' id='word_1_113' title='bbox 1970 1481 2106 1538; x_wconf 85' lang='lat' dir='ltr'><strong>pro-</strong></span> 
     </span>
    </p>
   </div>
   <div class='ocr_carea' id='block_1_17' title="bbox 2212 298 3764 383">
    <p class='ocr_par' dir='ltr' id='par_1_17' title="bbox 2212 298 3764 383">
     <span class='ocr_line' id='line_1_17' title="bbox 2212 298 3764 383; baseline 0.009 -30"><span class='ocrx_word' id='word_1_114' title='bbox 2212 298 2407 355; x_wconf 70' lang='lat' dir='ltr'><strong>clesiaa</strong></span> <span class='ocrx_word' id='word_1_115' title='bbox 2437 298 2736 367; x_wconf 88' lang='lat' dir='ltr'><strong>ﬁdelibus,</strong></span> <span class='ocrx_word' id='word_1_116' title='bbox 2771 304 2894 355; x_wconf 90' lang='lat' dir='ltr'><strong>tam</strong></span> <span class='ocrx_word' id='word_1_117' title='bbox 2943 298 3152 356; x_wconf 85' lang='lat' dir='ltr'><strong>futuris</strong></span> <span class='ocrx_word' id='word_1_118' title='bbox 3205 316 3382 374; x_wconf 90' lang='lat' dir='ltr'><strong>quam</strong></span> <span class='ocrx_word' id='word_1_119' title='bbox 3432 308 3764 383; x_wconf 64' lang='lat' dir='ltr'><strong>presentibus,</strong></span> 
     </span>
    </p>
   </div>
   <div class='ocr_carea' id='block_1_18' title="bbox 2210 387 3768 466">
    <p class='ocr_par' dir='ltr' id='par_1_18' title="bbox 2210 387 3768 466">
     <span class='ocr_line' id='line_1_18' title="bbox 2210 387 3768 466; baseline 0.008 -23"><span class='ocrx_word' id='word_1_120' title='bbox 2210 388 2503 460; x_wconf 88' lang='lat' dir='ltr'><strong>quoniam</strong></span> <span class='ocrx_word' id='word_1_121' title='bbox 2529 387 2981 460; x_wconf 83' lang='lat' dir='ltr'><strong>praevalescente</strong></span> <span class='ocrx_word' id='word_1_122' title='bbox 3023 389 3233 446; x_wconf 86' lang='lat' dir='ltr'><strong>nostris</strong></span> <span class='ocrx_word' id='word_1_123' title='bbox 3280 394 3610 466; x_wconf 88' lang='lat' dir='ltr'><strong>temporibus</strong></span> <span class='ocrx_word' id='word_1_124' title='bbox 3649 399 3768 456; x_wconf 87' lang='lat' dir='ltr'><strong>mali-</strong></span> 
     </span>
    </p>
   </div>
   <div class='ocr_carea' id='block_1_19' title="bbox 2212 478 3767 555">
    <p class='ocr_par' dir='ltr' id='par_1_19' title="bbox 2212 478 3767 555">
     <span class='ocr_line' id='line_1_19' title="bbox 2212 478 3767 555; baseline 0.007 -22"><span class='ocrx_word' id='word_1_125' title='bbox 2212 478 2435 547; x_wconf 89' lang='lat' dir='ltr'><strong>gnitate</strong></span> <span class='ocrx_word' id='word_1_126' title='bbox 2457 493 2876 551; x_wconf 88' lang='lat' dir='ltr'><strong>perversorum</strong></span> <span class='ocrx_word' id='word_1_127' title='bbox 2900 478 3233 548; x_wconf 90' lang='lat' dir='ltr'><strong>hominum,</strong></span> <span class='ocrx_word' id='word_1_128' title='bbox 3265 497 3394 537; x_wconf 91' lang='lat' dir='ltr'><strong>cum</strong></span> <span class='ocrx_word' id='word_1_129' title='bbox 3444 484 3670 555; x_wconf 85' lang='lat' dir='ltr'><strong>quotidie</strong></span> <span class='ocrx_word' id='word_1_130' title='bbox 3712 489 3767 545; x_wconf 86' lang='lat' dir='ltr'><strong>vi-</strong></span> 
     </span>
    </p>
   </div>
   <div class='ocr_carea' id='block_1_20' title="bbox 2211 567 3770 641">
    <p class='ocr_par' dir='ltr' id='par_1_20' title="bbox 2211 567 3770 641">
     <span class='ocr_line' id='line_1_20' title="bbox 2211 567 3770 641; baseline 0.008 -19"><span class='ocrx_word' id='word_1_131' title='bbox 2211 567 2450 623; x_wconf 89' lang='lat' dir='ltr'><strong>deretur</strong></span> <span class='ocrx_word' id='word_1_132' title='bbox 2477 567 2764 625; x_wconf 88' lang='lat' dir='ltr'><strong>minorari</strong></span> <span class='ocrx_word' id='word_1_133' title='bbox 2789 572 2977 625; x_wconf 90' lang='lat' dir='ltr'><strong>status</strong></span> <span class='ocrx_word' id='word_1_134' title='bbox 3026 585 3095 624; x_wconf 91' lang='lat' dir='ltr'><strong>ac</strong></span> <span class='ocrx_word' id='word_1_135' title='bbox 3136 569 3355 641; x_wconf 89' lang='lat' dir='ltr'><strong>justitia</strong></span> <span class='ocrx_word' id='word_1_136' title='bbox 3394 576 3589 630; x_wconf 76' lang='lat' dir='ltr'><strong>sanctae</strong></span> <span class='ocrx_word' id='word_1_137' title='bbox 3616 578 3770 634; x_wconf 74' lang='lat' dir='ltr'><strong>matris</strong></span> 
     </span>
    </p>
   </div>
   <div class='ocr_carea' id='block_1_21' title="bbox 2214 656 3768 731">
    <p class='ocr_par' dir='ltr' id='par_1_21' title="bbox 2214 656 3768 731">
     <span class='ocr_line' id='line_1_21' title="bbox 2214 656 3768 731; baseline 0.006 -18"><span class='ocrx_word' id='word_1_138' title='bbox 2214 656 2508 729; x_wconf 70' lang='lat' dir='ltr'><strong>Ecclesim,</strong></span> <span class='ocrx_word' id='word_1_139' title='bbox 2537 657 2800 713; x_wconf 80' lang='lat' dir='ltr'><strong>maxime</strong></span> <span class='ocrx_word' id='word_1_140' title='bbox 2829 657 2907 714; x_wconf 90' lang='lat' dir='ltr'><strong>ab</strong></span> <span class='ocrx_word' id='word_1_141' title='bbox 2939 657 3052 714; x_wconf 89' lang='lat' dir='ltr'><strong>illis</strong></span> <span class='ocrx_word' id='word_1_142' title='bbox 3079 657 3184 731; x_wconf 89' lang='lat' dir='ltr'><strong>qui</strong></span> <span class='ocrx_word' id='word_1_143' title='bbox 3214 658 3474 717; x_wconf 86' lang='lat' dir='ltr'><strong>advocati</strong></span> <span class='ocrx_word' id='word_1_144' title='bbox 3498 669 3768 723; x_wconf 86' lang='lat' dir='ltr'><strong>sanctorum</strong></span> 
     </span>
    </p>
   </div>
   <div class='ocr_carea' id='block_1_22' title="bbox 2210 746 3773 819">
    <p class='ocr_par' dir='ltr' id='par_1_22' title="bbox 2210 746 3773 819">
     <span class='ocr_line' id='line_1_22' title="bbox 2210 746 3773 819; baseline 0.006 -17"><span class='ocrx_word' id='word_1_145' title='bbox 2210 746 2483 803; x_wconf 89' lang='lat' dir='ltr'><strong>locorum</strong></span> <span class='ocrx_word' id='word_1_146' title='bbox 2514 762 2642 802; x_wconf 90' lang='lat' dir='ltr'><strong>esse</strong></span> <span class='ocrx_word' id='word_1_147' title='bbox 2672 746 2958 804; x_wconf 89' lang='lat' dir='ltr'><strong>deberent</strong></span> <span class='ocrx_word' id='word_1_148' title='bbox 2987 751 3045 804; x_wconf 90' lang='lat' dir='ltr'><strong>et</strong></span> <span class='ocrx_word' id='word_1_149' title='bbox 3070 746 3421 819; x_wconf 86' lang='lat' dir='ltr'><strong>defensores,</strong></span> <span class='ocrx_word' id='word_1_150' title='bbox 3450 750 3525 807; x_wconf 87' lang='lat' dir='ltr'><strong>illi</strong></span> <span class='ocrx_word' id='word_1_151' title='bbox 3549 768 3576 807; x_wconf 91' lang='lat' dir='ltr'><strong>e</strong></span> <span class='ocrx_word' id='word_1_152' title='bbox 3602 758 3773 812; x_wconf 79' lang='lat' dir='ltr'><strong>contra-</strong></span> 
     </span>
    </p>
   </div>
   <div class='ocr_carea' id='block_1_23' title="bbox 2211 835 3774 916">
    <p class='ocr_par' dir='ltr' id='par_1_23' title="bbox 2211 835 3774 916">
     <span class='ocr_line' id='line_1_23' title="bbox 2211 835 3774 916; baseline 0.005 -25"><span class='ocrx_word' id='word_1_153' title='bbox 2211 835 2299 893; x_wconf 91' lang='lat' dir='ltr'><strong>rio</strong></span> <span class='ocrx_word' id='word_1_154' title='bbox 2325 835 2695 909; x_wconf 65' lang='lat' dir='ltr'><strong>praedatores</strong></span> <span class='ocrx_word' id='word_1_155' title='bbox 2722 836 2868 892; x_wconf 86' lang='lat' dir='ltr'><strong>ﬁant</strong></span> <span class='ocrx_word' id='word_1_156' title='bbox 2899 841 2956 893; x_wconf 89' lang='lat' dir='ltr'><strong>et</strong></span> <span class='ocrx_word' id='word_1_157' title='bbox 2983 841 3267 909; x_wconf 86' lang='lat' dir='ltr'><strong>raptores.</strong></span> <span class='ocrx_word' id='word_1_158' title='bbox 3300 838 3405 894; x_wconf 89' lang='lat' dir='ltr'><strong>Pro</strong></span> <span class='ocrx_word' id='word_1_159' title='bbox 3429 855 3539 911; x_wconf 90' lang='lat' dir='ltr'><strong>qua</strong></span> <span class='ocrx_word' id='word_1_160' title='bbox 3563 858 3615 897; x_wconf 90' lang='lat' dir='ltr'><strong>re</strong></span> <span class='ocrx_word' id='word_1_161' title='bbox 3642 860 3774 916; x_wconf 65' lang='lat' dir='ltr'><strong>saepe-</strong></span> 
     </span>
    </p>
   </div>
   <div class='ocr_carea' id='block_1_24' title="bbox 2210 924 3772 998">
    <p class='ocr_par' dir='ltr' id='par_1_24' title="bbox 2210 924 3772 998">
     <span class='ocr_line' id='line_1_24' title="bbox 2210 924 3772 998; baseline 0.005 -19"><span class='ocrx_word' id='word_1_162' title='bbox 2210 940 2465 980; x_wconf 91' lang='lat' dir='ltr'><strong>numero</strong></span> <span class='ocrx_word' id='word_1_163' title='bbox 2497 925 2647 981; x_wconf 90' lang='lat' dir='ltr'><strong>dum</strong></span> <span class='ocrx_word' id='word_1_164' title='bbox 2671 924 3073 998; x_wconf 84' lang='lat' dir='ltr'><strong>interpellatus</strong></span> <span class='ocrx_word' id='word_1_165' title='bbox 3098 941 3288 983; x_wconf 91' lang='lat' dir='ltr'><strong>essem</strong></span> <span class='ocrx_word' id='word_1_166' title='bbox 3319 942 3354 982; x_wconf 93' lang='lat' dir='ltr'><strong>a</strong></span> <span class='ocrx_word' id='word_1_167' title='bbox 3380 928 3667 985; x_wconf 85' lang='lat' dir='ltr'><strong>venerabili</strong></span> <span class='ocrx_word' id='word_1_168' title='bbox 3703 932 3772 987; x_wconf 86' lang='lat' dir='ltr'><strong>ab-</strong></span> 
     </span>
    </p>
   </div>
   <div class='ocr_carea' id='block_1_25' title="bbox 2211 1013 3774 1093">
    <p class='ocr_par' dir='ltr' id='par_1_25' title="bbox 2211 1013 3774 1093">
     <span class='ocr_line' id='line_1_25' title="bbox 2211 1013 3774 1093; baseline 0.004 -23"><span class='ocrx_word' id='word_1_169' title='bbox 2211 1013 2350 1070; x_wconf 87' lang='lat' dir='ltr'><strong>bate</strong></span> <span class='ocrx_word' id='word_1_170' title='bbox 2380 1014 2663 1070; x_wconf 86' lang='lat' dir='ltr'><strong>Herberto</strong></span> <span class='ocrx_word' id='word_1_171' title='bbox 2695 1015 2954 1071; x_wconf 77' lang='lat' dir='ltr'><strong>ccenobii</strong></span> <span class='ocrx_word' id='word_1_172' title='bbox 2982 1014 3361 1086; x_wconf 89' lang='lat' dir='ltr'><strong>Corbeiensis,</strong></span> <span class='ocrx_word' id='word_1_173' title='bbox 3408 1018 3502 1090; x_wconf 94' lang='lat' dir='ltr'><strong>qui</strong></span> <span class='ocrx_word' id='word_1_174' title='bbox 3527 1018 3660 1075; x_wconf 89' lang='lat' dir='ltr'><strong>hanc</strong></span> <span class='ocrx_word' id='word_1_175' title='bbox 3685 1037 3774 1093; x_wconf 87' lang='lat' dir='ltr'><strong>per-</strong></span> 
     </span>
    </p>
   </div>
   <div class='ocr_carea' id='block_1_26' title="bbox 2210 1103 3775 1180">
    <p class='ocr_par' dir='ltr' id='par_1_26' title="bbox 2210 1103 3775 1180">
     <span class='ocr_line' id='line_1_26' title="bbox 2210 1103 3775 1180; baseline 0.004 -21"><span class='ocrx_word' id='word_1_176' title='bbox 2210 1103 2421 1161; x_wconf 91' lang='lat' dir='ltr'><strong>nitiam</strong></span> <span class='ocrx_word' id='word_1_177' title='bbox 2452 1104 2595 1160; x_wconf 88' lang='lat' dir='ltr'><strong>mali</strong></span> <span class='ocrx_word' id='word_1_178' title='bbox 2630 1120 2787 1178; x_wconf 73' lang='lat' dir='ltr'><strong>saepe</strong></span> <span class='ocrx_word' id='word_1_179' title='bbox 2816 1104 3115 1178; x_wconf 76' lang='lat' dir='ltr'><strong>experitur</strong></span> <span class='ocrx_word' id='word_1_180' title='bbox 3139 1121 3175 1161; x_wconf 90' lang='lat' dir='ltr'><strong>a</strong></span> <span class='ocrx_word' id='word_1_181' title='bbox 3202 1104 3451 1162; x_wconf 82' lang='lat' dir='ltr'><strong>nefando</strong></span> <span class='ocrx_word' id='word_1_182' title='bbox 3488 1112 3538 1163; x_wconf 92' lang='lat' dir='ltr'><strong>et</strong></span> <span class='ocrx_word' id='word_1_183' title='bbox 3573 1108 3775 1180; x_wconf 84' lang='lat' dir='ltr'><strong>maligno</strong></span> 
     </span>
    </p>
   </div>
   <div class='ocr_carea' id='block_1_27' title="bbox 2214 1192 3771 1266">
    <p class='ocr_par' dir='ltr' id='par_1_27' title="bbox 2214 1192 3771 1266">
     <span class='ocr_line' id='line_1_27' title="bbox 2214 1192 3771 1266; baseline 0.004 -18"><span class='ocrx_word' id='word_1_184' title='bbox 2214 1192 2427 1249; x_wconf 86' lang='lat' dir='ltr'><strong>Efredo</strong></span> <span class='ocrx_word' id='word_1_185' title='bbox 2459 1209 2571 1249; x_wconf 92' lang='lat' dir='ltr'><strong>suo</strong></span> <span class='ocrx_word' id='word_1_186' title='bbox 2602 1193 2783 1250; x_wconf 88' lang='lat' dir='ltr'><strong>milite</strong></span> <span class='ocrx_word' id='word_1_187' title='bbox 2809 1199 2864 1249; x_wconf 91' lang='lat' dir='ltr'><strong>et</strong></span> <span class='ocrx_word' id='word_1_188' title='bbox 2892 1193 3187 1250; x_wconf 89' lang='lat' dir='ltr'><strong>advocato</strong></span> <span class='ocrx_word' id='word_1_189' title='bbox 3215 1195 3515 1266; x_wconf 84' lang='lat' dir='ltr'><strong>supradicti</strong></span> <span class='ocrx_word' id='word_1_190' title='bbox 3560 1197 3771 1266; x_wconf 67' lang='lat' dir='ltr'><strong>caenobii,</strong></span> 
     </span>
    </p>
   </div>
   <div class='ocr_carea' id='block_1_28' title="bbox 2211 1282 3774 1356">
    <p class='ocr_par' dir='ltr' id='par_1_28' title="bbox 2211 1282 3774 1356">
     <span class='ocr_line' id='line_1_28' title="bbox 2211 1282 3774 1356; baseline 0.005 -19"><span class='ocrx_word' id='word_1_191' title='bbox 2211 1282 2317 1355; x_wconf 90' lang='lat' dir='ltr'><strong>qui</strong></span> <span class='ocrx_word' id='word_1_192' title='bbox 2343 1282 2673 1356; x_wconf 87' lang='lat' dir='ltr'><strong>aliquando</strong></span> <span class='ocrx_word' id='word_1_193' title='bbox 2704 1283 2753 1339; x_wconf 92' lang='lat' dir='ltr'><strong>si</strong></span> <span class='ocrx_word' id='word_1_194' title='bbox 2783 1283 2861 1340; x_wconf 89' lang='lat' dir='ltr'><strong>ad</strong></span> <span class='ocrx_word' id='word_1_195' title='bbox 2891 1284 3325 1356; x_wconf 80' lang='lat' dir='ltr'><strong>expeditionem</strong></span> <span class='ocrx_word' id='word_1_196' title='bbox 3346 1286 3553 1355; x_wconf 80' lang='lat' dir='ltr'><strong>regiam</strong></span> <span class='ocrx_word' id='word_1_197' title='bbox 3574 1302 3774 1345; x_wconf 80' lang='lat' dir='ltr'><strong>commo-</strong></span> 
     </span>
    </p>
   </div>
   <div class='ocr_carea' id='block_1_29' title="bbox 2212 1372 3774 1446">
    <p class='ocr_par' dir='ltr' id='par_1_29' title="bbox 2212 1372 3774 1446">
     <span class='ocr_line' id='line_1_29' title="bbox 2212 1372 3774 1446; baseline 0.004 -20"><span class='ocrx_word' id='word_1_198' title='bbox 2212 1372 2372 1428; x_wconf 90' lang='lat' dir='ltr'><strong>nitus</strong></span> <span class='ocrx_word' id='word_1_199' title='bbox 2405 1372 2677 1441; x_wconf 85' lang='lat' dir='ltr'><strong>extiterit,</strong></span> <span class='ocrx_word' id='word_1_200' title='bbox 2710 1377 2987 1446; x_wconf 88' lang='lat' dir='ltr'><strong>sumptus</strong></span> <span class='ocrx_word' id='word_1_201' title='bbox 3015 1372 3236 1429; x_wconf 90' lang='lat' dir='ltr'><strong>itineris</strong></span> <span class='ocrx_word' id='word_1_202' title='bbox 3283 1374 3371 1431; x_wconf 88' lang='lat' dir='ltr'><strong>sui</strong></span> <span class='ocrx_word' id='word_1_203' title='bbox 3399 1374 3471 1431; x_wconf 89' lang='lat' dir='ltr'><strong>ab</strong></span> <span class='ocrx_word' id='word_1_204' title='bbox 3505 1376 3774 1433; x_wconf 76' lang='lat' dir='ltr'><strong>horninibus</strong></span> 
     </span>
    </p>
   </div>
   <div class='ocr_carea' id='block_1_30' title="bbox 2211 1463 3773 1537">
    <p class='ocr_par' dir='ltr' id='par_1_30' title="bbox 2211 1463 3773 1537">
     <span class='ocr_line' id='line_1_30' title="bbox 2211 1463 3773 1537; baseline 0.004 -19"><span class='ocrx_word' id='word_1_205' title='bbox 2211 1463 2399 1535; x_wconf 88' lang='lat' dir='ltr'><strong>ipsius</strong></span> <span class='ocrx_word' id='word_1_206' title='bbox 2427 1464 2775 1520; x_wconf 88' lang='lat' dir='ltr'><strong>monasterii</strong></span> <span class='ocrx_word' id='word_1_207' title='bbox 2802 1464 3048 1537; x_wconf 87' lang='lat' dir='ltr'><strong>requirit</strong></span> <span class='ocrx_word' id='word_1_208' title='bbox 3077 1464 3186 1520; x_wconf 88' lang='lat' dir='ltr'><strong>sibi</strong></span> <span class='ocrx_word' id='word_1_209' title='bbox 3235 1465 3542 1537; x_wconf 66' lang='lat' dir='ltr'><strong>praeparari</strong></span> <span class='ocrx_word' id='word_1_210' title='bbox 3580 1484 3592 1521; x_wconf 88' lang='lat'><strong>:</strong></span> <span class='ocrx_word' id='word_1_211' title='bbox 3634 1472 3713 1523; x_wconf 87' lang='lat' dir='ltr'><strong>aut</strong></span> <span class='ocrx_word' id='word_1_212' title='bbox 3742 1468 3773 1525; x_wconf 83' lang='lat' dir='ltr'><strong>si</strong></span> 
     </span>
    </p>
   </div>
   <div class='ocr_carea' id='block_1_31' title="bbox 442 1550 3771 1628">
    <p class='ocr_par' dir='ltr' id='par_1_31' title="bbox 442 1550 3771 1628">
     <span class='ocr_line' id='line_1_31' title="bbox 442 1550 3771 1628; baseline 0.001 -20"><span class='ocrx_word' id='word_1_213' title='bbox 442 1550 654 1610; x_wconf 87' lang='lat' dir='ltr'><strong>vinciis</strong></span> <span class='ocrx_word' id='word_1_214' title='bbox 708 1557 811 1609; x_wconf 88' lang='lat' dir='ltr'><strong>aut</strong></span> <span class='ocrx_word' id='word_1_215' title='bbox 852 1553 1155 1613; x_wconf 88' lang='lat' dir='ltr'><strong>territoriis</strong></span> <span class='ocrx_word' id='word_1_216' title='bbox 1184 1554 1352 1623; x_wconf 83' lang='lat' dir='ltr'><strong>regni</strong></span> <span class='ocrx_word' id='word_1_217' title='bbox 1408 1555 1594 1613; x_wconf 86' lang='lat' dir='ltr'><strong>nostri</strong></span> <span class='ocrx_word' id='word_1_218' title='bbox 1651 1556 1810 1626; x_wconf 89' lang='lat' dir='ltr'><strong>juste</strong></span> <span class='ocrx_word' id='word_1_219' title='bbox 1856 1554 2105 1611; x_wconf 84' lang='lat' dir='ltr'><strong>basilica</strong></span> <span class='ocrx_word' id='word_1_220' title='bbox 2138 1567 2178 1623; x_wconf 82' lang='grc' dir='ltr'>Β</span> <span class='ocrx_word' id='word_1_221' title='bbox 2211 1552 2449 1609; x_wconf 90' lang='lat' dir='ltr'><strong>rediens</strong></span> <span class='ocrx_word' id='word_1_222' title='bbox 2478 1570 2550 1609; x_wconf 86' lang='lat' dir='ltr'><strong>ex</strong></span> <span class='ocrx_word' id='word_1_223' title='bbox 2579 1554 2783 1626; x_wconf 90' lang='lat' dir='ltr'><strong>aliquo</strong></span> <span class='ocrx_word' id='word_1_224' title='bbox 2812 1554 3040 1623; x_wconf 90' lang='lat' dir='ltr'><strong>itinere,</strong></span> <span class='ocrx_word' id='word_1_225' title='bbox 3065 1553 3112 1609; x_wconf 88' lang='lat' dir='ltr'><strong>si</strong></span> <span class='ocrx_word' id='word_1_226' title='bbox 3141 1570 3259 1610; x_wconf 85' lang='lat' dir='ltr'><strong>nox</strong></span> <span class='ocrx_word' id='word_1_227' title='bbox 3288 1570 3419 1611; x_wconf 91' lang='lat' dir='ltr'><strong>eum</strong></span> <span class='ocrx_word' id='word_1_228' title='bbox 3455 1557 3771 1628; x_wconf 82' lang='lat' dir='ltr'><strong>occupaverit,</strong></span> 
     </span>
    </p>
   </div>
   <div class='ocr_carea' id='block_1_32' title="bbox 447 1641 2102 1715">
    <p class='ocr_par' dir='ltr' id='par_1_32' title="bbox 447 1641 2102 1715">
     <span class='ocr_line' id='line_1_32' title="bbox 447 1641 2102 1715; baseline -0.001 -17"><span class='ocrx_word' id='word_1_229' title='bbox 447 1641 676 1698; x_wconf 63' lang='lat' dir='ltr'><strong>Sanctae</strong></span> <span class='ocrx_word' id='word_1_230' title='bbox 706 1642 895 1699; x_wconf 80' lang='lat' dir='ltr'><strong>Mariae</strong></span> <span class='ocrx_word' id='word_1_231' title='bbox 928 1645 1102 1708; x_wconf 87' lang='lat' dir='ltr'><strong>tenet,</strong></span> <span class='ocrx_word' id='word_1_232' title='bbox 1144 1641 1239 1696; x_wconf 89' lang='lat' dir='ltr'><strong>vel</strong></span> <span class='ocrx_word' id='word_1_233' title='bbox 1287 1642 1571 1715; x_wconf 89' lang='lat' dir='ltr'><strong>deinceps</strong></span> <span class='ocrx_word' id='word_1_234' title='bbox 1628 1642 1687 1699; x_wconf 91' lang='lat' dir='ltr'><strong>in</strong></span> <span class='ocrx_word' id='word_1_235' title='bbox 1742 1643 1876 1713; x_wconf 89' lang='lat' dir='ltr'><strong>jure</strong></span> <span class='ocrx_word' id='word_1_236' title='bbox 1914 1642 2102 1715; x_wconf 86' lang='lat' dir='ltr'><strong>ipsius</strong></span> 
     </span>
    </p>
   </div>
   <div class='ocr_carea' id='block_1_33' title="bbox 442 1729 2105 1804">
    <p class='ocr_par' dir='ltr' id='par_1_33' title="bbox 442 1729 2105 1804">
     <span class='ocr_line' id='line_1_33' title="bbox 442 1729 2105 1804; baseline 0.001 -19"><span class='ocrx_word' id='word_1_237' title='bbox 442 1729 707 1789; x_wconf 71' lang='lat' dir='ltr'><strong>basilicas</strong></span> <span class='ocrx_word' id='word_1_238' title='bbox 736 1729 941 1786; x_wconf 91' lang='lat' dir='ltr'><strong>divina</strong></span> <span class='ocrx_word' id='word_1_239' title='bbox 966 1731 1154 1803; x_wconf 89' lang='lat' dir='ltr'><strong>pietas</strong></span> <span class='ocrx_word' id='word_1_240' title='bbox 1181 1732 1385 1800; x_wconf 82' lang='lat' dir='ltr'><strong>augeri</strong></span> <span class='ocrx_word' id='word_1_241' title='bbox 1408 1732 1677 1802; x_wconf 90' lang='lat' dir='ltr'><strong>voluerit,</strong></span> <span class='ocrx_word' id='word_1_242' title='bbox 1696 1732 1926 1802; x_wconf 82' lang='lat' dir='ltr'><strong>ingredi</strong></span> <span class='ocrx_word' id='word_1_243' title='bbox 1956 1748 2105 1804; x_wconf 76' lang='lat' dir='ltr'><strong>prae-</strong></span> 
     </span>
    </p>
   </div>
   <div class='ocr_carea' id='block_1_34' title="bbox 445 1818 2104 1888">
    <p class='ocr_par' dir='ltr' id='par_1_34' title="bbox 445 1818 2104 1888">
     <span class='ocr_line' id='line_1_34' title="bbox 445 1818 2104 1888; baseline 0.001 -12"><span class='ocrx_word' id='word_1_244' title='bbox 445 1824 645 1877; x_wconf 88' lang='lat' dir='ltr'><strong>sumat</strong></span> <span class='ocrx_word' id='word_1_245' title='bbox 671 1837 685 1888; x_wconf 86' lang='lat'><strong>;</strong></span> <span class='ocrx_word' id='word_1_246' title='bbox 725 1835 835 1877; x_wconf 88' lang='lat' dir='ltr'><strong>nec</strong></span> <span class='ocrx_word' id='word_1_247' title='bbox 865 1818 1033 1877; x_wconf 87' lang='lat' dir='ltr'><strong>freda</strong></span> <span class='ocrx_word' id='word_1_248' title='bbox 1058 1825 1162 1879; x_wconf 88' lang='lat' dir='ltr'><strong>aut</strong></span> <span class='ocrx_word' id='word_1_249' title='bbox 1186 1820 1422 1887; x_wconf 87' lang='lat' dir='ltr'><strong>tributa,</strong></span> <span class='ocrx_word' id='word_1_250' title='bbox 1455 1825 1559 1877; x_wconf 90' lang='lat' dir='ltr'><strong>aut</strong></span> <span class='ocrx_word' id='word_1_251' title='bbox 1589 1822 1956 1887; x_wconf 88' lang='lat' dir='ltr'><strong>mansiones,</strong></span> <span class='ocrx_word' id='word_1_252' title='bbox 2000 1825 2104 1878; x_wconf 90' lang='lat' dir='ltr'><strong>aut</strong></span> 
     </span>
    </p>
   </div>
   <div class='ocr_carea' id='block_1_35' title="bbox 443 1908 2103 1979">
    <p class='ocr_par' dir='ltr' id='par_1_35' title="bbox 443 1908 2103 1979">
     <span class='ocr_line' id='line_1_35' title="bbox 443 1908 2103 1979; baseline 0.002 -18"><span class='ocrx_word' id='word_1_253' title='bbox 443 1910 673 1976; x_wconf 81' lang='lat' dir='ltr'><strong>parata,</strong></span> <span class='ocrx_word' id='word_1_254' title='bbox 733 1911 837 1965; x_wconf 91' lang='lat' dir='ltr'><strong>aut</strong></span> <span class='ocrx_word' id='word_1_255' title='bbox 879 1908 1181 1965; x_wconf 87' lang='lat' dir='ltr'><strong>teloneum</strong></span> <span class='ocrx_word' id='word_1_256' title='bbox 1228 1924 1300 1965; x_wconf 86' lang='lat' dir='ltr'><strong>ex</strong></span> <span class='ocrx_word' id='word_1_257' title='bbox 1354 1908 1487 1965; x_wconf 89' lang='lat' dir='ltr'><strong>ullis</strong></span> <span class='ocrx_word' id='word_1_258' title='bbox 1544 1909 1817 1979; x_wconf 91' lang='lat' dir='ltr'><strong>negotiis,</strong></span> <span class='ocrx_word' id='word_1_259' title='bbox 1866 1909 2017 1965; x_wconf 86' lang='lat' dir='ltr'><strong>sicut</strong></span> <span class='ocrx_word' id='word_1_260' title='bbox 2041 1908 2103 1965; x_wconf 91' lang='lat' dir='ltr'><strong>in</strong></span> 
     </span>
    </p>
   </div>
   <div class='ocr_carea' id='block_1_36' title="bbox 444 1994 2101 2068">
    <p class='ocr_par' dir='ltr' id='par_1_36' title="bbox 444 1994 2101 2068">
     <span class='ocr_line' id='line_1_36' title="bbox 444 1994 2101 2068; baseline 0.002 -19"><span class='ocrx_word' id='word_1_261' title='bbox 444 1994 776 2067; x_wconf 70' lang='lat' dir='ltr'><strong>praeceptis,</strong></span> <span class='ocrx_word' id='word_1_262' title='bbox 807 2000 873 2055; x_wconf 89' lang='lat' dir='ltr'><strong>ut</strong></span> <span class='ocrx_word' id='word_1_263' title='bbox 895 1995 1177 2064; x_wconf 86' lang='lat' dir='ltr'><strong>diximus,</strong></span> <span class='ocrx_word' id='word_1_264' title='bbox 1204 1997 1532 2055; x_wconf 92' lang='lat' dir='ltr'><strong>multorum</strong></span> <span class='ocrx_word' id='word_1_265' title='bbox 1571 2014 1804 2068; x_wconf 90' lang='lat' dir='ltr'><strong>regum,</strong></span> <span class='ocrx_word' id='word_1_266' title='bbox 1844 1998 2101 2067; x_wconf 82' lang='lat' dir='ltr'><strong>exigere,</strong></span> 
     </span>
    </p>
   </div>
   <div class='ocr_carea' id='block_1_37' title="bbox 444 2082 2100 2156">
    <p class='ocr_par' dir='ltr' id='par_1_37' title="bbox 444 2082 2100 2156">
     <span class='ocr_line' id='line_1_37' title="bbox 444 2082 2100 2156; baseline -0.001 -13"><span class='ocrx_word' id='word_1_267' title='bbox 444 2085 548 2143; x_wconf 78' lang='lat' dir='ltr'><strong>aut</strong></span> <span class='ocrx_word' id='word_1_268' title='bbox 574 2082 956 2155; x_wconf 84' lang='lat' dir='ltr'><strong>tidejussores</strong></span> <span class='ocrx_word' id='word_1_269' title='bbox 990 2086 1207 2153; x_wconf 89' lang='lat' dir='ltr'><strong>tollere,</strong></span> <span class='ocrx_word' id='word_1_270' title='bbox 1224 2092 1328 2143; x_wconf 89' lang='lat' dir='ltr'><strong>aut</strong></span> <span class='ocrx_word' id='word_1_271' title='bbox 1346 2087 1622 2143; x_wconf 89' lang='lat' dir='ltr'><strong>homines</strong></span> <span class='ocrx_word' id='word_1_272' title='bbox 1650 2092 1773 2145; x_wconf 89' lang='lat' dir='ltr'><strong>tam</strong></span> <span class='ocrx_word' id='word_1_273' title='bbox 1802 2088 2100 2156; x_wconf 88' lang='lat' dir='ltr'><strong>ingenuos</strong></span> 
     </span>
    </p>
   </div>
   <div class='ocr_carea' id='block_1_38' title="bbox 443 2174 2106 2248">
    <p class='ocr_par' dir='ltr' id='par_1_38' title="bbox 443 2174 2106 2248">
     <span class='ocr_line' id='line_1_38' title="bbox 443 2174 2106 2248; baseline 0.002 -22"><span class='ocrx_word' id='word_1_274' title='bbox 443 2185 630 2245; x_wconf 89' lang='lat' dir='ltr'><strong>quam</strong></span> <span class='ocrx_word' id='word_1_275' title='bbox 661 2187 865 2229; x_wconf 89' lang='lat' dir='ltr'><strong>servos</strong></span> <span class='ocrx_word' id='word_1_276' title='bbox 889 2189 1069 2246; x_wconf 90' lang='lat' dir='ltr'><strong>super</strong></span> <span class='ocrx_word' id='word_1_277' title='bbox 1098 2180 1315 2235; x_wconf 89' lang='lat' dir='ltr'><strong>terram</strong></span> <span class='ocrx_word' id='word_1_278' title='bbox 1344 2174 1535 2248; x_wconf 88' lang='lat' dir='ltr'><strong>ipsius</strong></span> <span class='ocrx_word' id='word_1_279' title='bbox 1582 2174 1844 2231; x_wconf 60' lang='lat' dir='ltr'><strong>basilicae</strong></span> <span class='ocrx_word' id='word_1_280' title='bbox 1892 2175 2106 2231; x_wconf 91' lang='lat' dir='ltr'><strong>imma-</strong></span> 
     </span>
    </p>
   </div>
   <div class='ocr_carea' id='block_1_39' title="bbox 442 2260 2107 2336">
    <p class='ocr_par' dir='ltr' id='par_1_39' title="bbox 442 2260 2107 2336">
     <span class='ocr_line' id='line_1_39' title="bbox 442 2260 2107 2336; baseline 0.002 -17"><span class='ocrx_word' id='word_1_281' title='bbox 442 2264 650 2319; x_wconf 84' lang='lat' dir='ltr'><strong>nentes</strong></span> <span class='ocrx_word' id='word_1_282' title='bbox 676 2260 1050 2335; x_wconf 84' lang='lat' dir='ltr'><strong>distringere,</strong></span> <span class='ocrx_word' id='word_1_283' title='bbox 1082 2280 1192 2320; x_wconf 92' lang='lat' dir='ltr'><strong>nec</strong></span> <span class='ocrx_word' id='word_1_284' title='bbox 1216 2264 1367 2320; x_wconf 90' lang='lat' dir='ltr'><strong>ullas</strong></span> <span class='ocrx_word' id='word_1_285' title='bbox 1396 2264 1673 2336; x_wconf 89' lang='lat' dir='ltr'><strong>publicas</strong></span> <span class='ocrx_word' id='word_1_286' title='bbox 1698 2264 1984 2321; x_wconf 85' lang='lat' dir='ltr'><strong>factiones</strong></span> <span class='ocrx_word' id='word_1_287' title='bbox 2001 2269 2107 2323; x_wconf 90' lang='lat' dir='ltr'><strong>aut</strong></span> 
     </span>
    </p>
   </div>
   <div class='ocr_carea' id='block_1_40' title="bbox 441 2348 2102 2426">
    <p class='ocr_par' dir='ltr' id='par_1_40' title="bbox 441 2348 2102 2426">
     <span class='ocr_line' id='line_1_40' title="bbox 441 2348 2102 2426; baseline 0.003 -22"><span class='ocrx_word' id='word_1_288' title='bbox 441 2348 871 2409; x_wconf 87' lang='lat' dir='ltr'><strong>redhibitiones</strong></span> <span class='ocrx_word' id='word_1_289' title='bbox 898 2351 993 2408; x_wconf 84' lang='lat' dir='ltr'><strong>vel</strong></span> <span class='ocrx_word' id='word_1_290' title='bbox 1031 2351 1262 2411; x_wconf 90' lang='lat' dir='ltr'><strong>illicitas</strong></span> <span class='ocrx_word' id='word_1_291' title='bbox 1287 2353 1635 2413; x_wconf 86' lang='lat' dir='ltr'><strong>occasiones</strong></span> <span class='ocrx_word' id='word_1_292' title='bbox 1651 2354 1952 2426; x_wconf 88' lang='lat' dir='ltr'><strong>requirere</strong></span> <span class='ocrx_word' id='word_1_293' title='bbox 1978 2357 2102 2410; x_wconf 87' lang='lat' dir='ltr'><strong>tam</strong></span> 
     </span>
    </p>
   </div>
   <div class='ocr_carea' id='block_1_41' title="bbox 444 2436 2107 2521">
    <p class='ocr_par' dir='ltr' id='par_1_41' title="bbox 444 2436 2107 2521">
     <span class='ocr_line' id='line_1_41' title="bbox 444 2436 2107 2521; baseline 0.002 -26"><span class='ocrx_word' id='word_1_294' title='bbox 444 2436 794 2497; x_wconf 87' lang='lat' dir='ltr'><strong>temerarius</strong></span> <span class='ocrx_word' id='word_1_295' title='bbox 819 2441 1058 2499; x_wconf 88' lang='lat' dir='ltr'><strong>audeat.</strong></span> <span class='ocrx_word' id='word_1_296' title='bbox 1088 2443 1143 2499; x_wconf 66' lang='lat' dir='ltr'><strong>Si</strong></span> <span class='ocrx_word' id='word_1_297' title='bbox 1172 2444 1314 2516; x_wconf 86' lang='lat' dir='ltr'><strong>quis</strong></span> <span class='ocrx_word' id='word_1_298' title='bbox 1345 2448 1549 2521; x_wconf 86' lang='lat' dir='ltr'><strong>autem</strong></span> <span class='ocrx_word' id='word_1_299' title='bbox 1599 2443 1661 2499; x_wconf 94' lang='lat' dir='ltr'><strong>in</strong></span> <span class='ocrx_word' id='word_1_300' title='bbox 1712 2448 1941 2503; x_wconf 85' lang='lat' dir='ltr'><strong>tantam</strong></span> <span class='ocrx_word' id='word_1_301' title='bbox 1972 2459 2107 2515; x_wconf 78' lang='lat' dir='ltr'><strong>pro—</strong></span> 
     </span>
    </p>
   </div>
   <div class='ocr_carea' id='block_1_42' title="bbox 440 2530 2102 2603">
    <p class='ocr_par' dir='ltr' id='par_1_42' title="bbox 440 2530 2102 2603">
     <span class='ocr_line' id='line_1_42' title="bbox 440 2530 2102 2603; baseline 0.006 -22"><span class='ocrx_word' id='word_1_302' title='bbox 440 2542 720 2601; x_wconf 86' lang='lat' dir='ltr'><strong>rumpere</strong></span> <span class='ocrx_word' id='word_1_303' title='bbox 749 2545 937 2586; x_wconf 86' lang='lat' dir='ltr'><strong>ausus</strong></span> <span class='ocrx_word' id='word_1_304' title='bbox 966 2530 1144 2589; x_wconf 89' lang='lat' dir='ltr'><strong>fuerit</strong></span> <span class='ocrx_word' id='word_1_305' title='bbox 1172 2532 1516 2599; x_wconf 87' lang='lat' dir='ltr'><strong>audaciam,</strong></span> <span class='ocrx_word' id='word_1_306' title='bbox 1558 2537 1623 2590; x_wconf 90' lang='lat' dir='ltr'><strong>ut</strong></span> <span class='ocrx_word' id='word_1_307' title='bbox 1651 2533 1831 2603; x_wconf 85' lang='lat' dir='ltr'><strong>hujus</strong></span> <span class='ocrx_word' id='word_1_308' title='bbox 1880 2537 2102 2591; x_wconf 62' lang='lat' dir='ltr'><strong>nostrae</strong></span> 
     </span>
    </p>
   </div>
   <div class='ocr_carea' id='block_1_43' title="bbox 442 2617 2103 2695">
    <p class='ocr_par' dir='ltr' id='par_1_43' title="bbox 442 2617 2103 2695">
     <span class='ocr_line' id='line_1_43' title="bbox 442 2617 2103 2695; baseline 0.002 -20"><span class='ocrx_word' id='word_1_309' title='bbox 442 2617 809 2677; x_wconf 81' lang='lat' dir='ltr'><strong>auctoritatis</strong></span> <span class='ocrx_word' id='word_1_310' title='bbox 832 2623 890 2677; x_wconf 89' lang='lat' dir='ltr'><strong>et</strong></span> <span class='ocrx_word' id='word_1_311' title='bbox 918 2620 1245 2681; x_wconf 87' lang='lat' dir='ltr'><strong>altitudinis</strong></span> <span class='ocrx_word' id='word_1_312' title='bbox 1273 2625 1641 2695; x_wconf 67' lang='lat' dir='ltr'><strong>praeceptum</strong></span> <span class='ocrx_word' id='word_1_313' title='bbox 1680 2622 1901 2680; x_wconf 90' lang='lat' dir='ltr'><strong>violare</strong></span> <span class='ocrx_word' id='word_1_314' title='bbox 1952 2638 2103 2694; x_wconf 62' lang='lat' dir='ltr'><strong>prae-</strong></span> 
     </span>
    </p>
   </div>
   <div class='ocr_carea' id='block_1_44' title="bbox 444 2707 2104 2781">
    <p class='ocr_par' dir='ltr' id='par_1_44' title="bbox 444 2707 2104 2781">
     <span class='ocr_line' id='line_1_44' title="bbox 444 2707 2104 2781; baseline 0.005 -18"><span class='ocrx_word' id='word_1_315' title='bbox 444 2707 785 2780; x_wconf 86' lang='lat' dir='ltr'><strong>sumpserit,</strong></span> <span class='ocrx_word' id='word_1_316' title='bbox 835 2710 1354 2781; x_wconf 86' lang='lat' dir='ltr'><strong>quemadmodum</strong></span> <span class='ocrx_word' id='word_1_317' title='bbox 1394 2711 1456 2768; x_wconf 90' lang='lat' dir='ltr'><strong>in</strong></span> <span class='ocrx_word' id='word_1_318' title='bbox 1509 2712 1734 2769; x_wconf 67' lang='lat' dir='ltr'><strong>caeteris</strong></span> <span class='ocrx_word' id='word_1_319' title='bbox 1787 2728 1999 2781; x_wconf 90' lang='lat' dir='ltr'><strong>regum</strong></span> <span class='ocrx_word' id='word_1_320' title='bbox 2046 2716 2104 2771; x_wconf 88' lang='lat' dir='ltr'><strong>et</strong></span> 
     </span>
    </p>
   </div>
   <div class='ocr_carea' id='block_1_45' title="bbox 440 2793 2104 2872">
    <p class='ocr_par' dir='ltr' id='par_1_45' title="bbox 440 2793 2104 2872">
     <span class='ocr_line' id='line_1_45' title="bbox 440 2793 2104 2872; baseline 0.004 -22"><span class='ocrx_word' id='word_1_321' title='bbox 440 2793 872 2869; x_wconf 88' lang='lat' dir='ltr'><strong>imperatorum</strong></span> <span class='ocrx_word' id='word_1_322' title='bbox 900 2799 1412 2870; x_wconf 83' lang='lat' dir='ltr'><strong>praedecessorum</strong></span> <span class='ocrx_word' id='word_1_323' title='bbox 1468 2804 1527 2856; x_wconf 91' lang='lat' dir='ltr'><strong>et</strong></span> <span class='ocrx_word' id='word_1_324' title='bbox 1581 2806 1901 2872; x_wconf 88' lang='lat' dir='ltr'><strong>parentum</strong></span> <span class='ocrx_word' id='word_1_325' title='bbox 1945 2816 2104 2857; x_wconf 89' lang='lat' dir='ltr'><strong>meo-</strong></span> 
     </span>
    </p>
   </div>
   <div class='ocr_carea' id='block_1_46' title="bbox 441 2971 2099 3050">
    <p class='ocr_par' dir='ltr' id='par_1_46' title="bbox 441 2971 2099 3050">
     <span class='ocr_line' id='line_1_46' title="bbox 441 2971 2099 3050; baseline 0.005 -21"><span class='ocrx_word' id='word_1_326' title='bbox 441 2971 675 3031; x_wconf 85' lang='lat' dir='ltr'><strong>fensam</strong></span> <span class='ocrx_word' id='word_1_327' title='bbox 706 2975 917 3033; x_wconf 91' lang='lat' dir='ltr'><strong>Christi</strong></span> <span class='ocrx_word' id='word_1_328' title='bbox 940 2981 999 3033; x_wconf 89' lang='lat' dir='ltr'><strong>et</strong></span> <span class='ocrx_word' id='word_1_329' title='bbox 1022 2982 1293 3034; x_wconf 79' lang='lat' dir='ltr'><strong>nostrain</strong></span> <span class='ocrx_word' id='word_1_330' title='bbox 1318 2977 1653 3050; x_wconf 85' lang='lat' dir='ltr'><strong>lapsurum,</strong></span> <span class='ocrx_word' id='word_1_331' title='bbox 1680 2995 1891 3035; x_wconf 89' lang='lat' dir='ltr'><strong>verum</strong></span> <span class='ocrx_word' id='word_1_332' title='bbox 1918 2979 2099 3037; x_wconf 90' lang='lat' dir='ltr'><strong>etiam</strong></span> 
     </span>
    </p>
   </div>
   <div class='ocr_carea' id='block_1_47' title="bbox 440 3058 2101 3139">
    <p class='ocr_par' dir='ltr' id='par_1_47' title="bbox 440 3058 2101 3139">
     <span class='ocr_line' id='line_1_47' title="bbox 440 3058 2101 3139; baseline 0.002 -20"><span class='ocrx_word' id='word_1_333' title='bbox 440 3058 840 3121; x_wconf 86' lang='lat' dir='ltr'><strong>ducentorum</strong></span> <span class='ocrx_word' id='word_1_334' title='bbox 869 3063 1196 3124; x_wconf 88' lang='lat' dir='ltr'><strong>solidorum</strong></span> <span class='ocrx_word' id='word_1_335' title='bbox 1223 3067 1353 3122; x_wconf 87' lang='lat' dir='ltr'><strong>auri</strong></span> <span class='ocrx_word' id='word_1_336' title='bbox 1379 3066 1458 3122; x_wconf 92' lang='lat' dir='ltr'><strong>ad</strong></span> <span class='ocrx_word' id='word_1_337' title='bbox 1487 3083 1708 3139; x_wconf 91' lang='lat' dir='ltr'><strong>purum</strong></span> <span class='ocrx_word' id='word_1_338' title='bbox 1758 3068 1984 3124; x_wconf 83' lang='lat' dir='ltr'><strong>excocti</strong></span> <span class='ocrx_word' id='word_1_339' title='bbox 2035 3083 2101 3123; x_wconf 87' lang='lat' dir='ltr'><strong>se</strong></span> 
     </span>
    </p>
   </div>
   <div class='ocr_carea' id='block_1_48' title="bbox 439 3151 2099 3228">
    <p class='ocr_par' dir='ltr' id='par_1_48' title="bbox 439 3151 2099 3228">
     <span class='ocr_line' id='line_1_48' title="bbox 439 3151 2099 3228; baseline 0.002 -20"><span class='ocrx_word' id='word_1_340' title='bbox 439 3151 671 3211; x_wconf 89' lang='lat' dir='ltr'><strong>noverit</strong></span> <span class='ocrx_word' id='word_1_341' title='bbox 720 3167 901 3224; x_wconf 67' lang='lat' dir='ltr'><strong>paena</strong></span> <span class='ocrx_word' id='word_1_342' title='bbox 950 3153 1354 3213; x_wconf 88' lang='lat' dir='ltr'><strong>multandum.</strong></span> <span class='ocrx_word' id='word_1_343' title='bbox 1412 3159 1474 3213; x_wconf 89' lang='lat' dir='ltr'><strong>Et</strong></span> <span class='ocrx_word' id='word_1_344' title='bbox 1526 3160 1592 3212; x_wconf 90' lang='lat' dir='ltr'><strong>ut</strong></span> <span class='ocrx_word' id='word_1_345' title='bbox 1636 3156 1819 3228; x_wconf 87' lang='lat' dir='ltr'><strong>hujus</strong></span> <span class='ocrx_word' id='word_1_346' title='bbox 1877 3161 2099 3212; x_wconf 79' lang='lat' dir='ltr'><strong>nostrae</strong></span> 
     </span>
    </p>
   </div>
   <div class='ocr_carea' id='block_1_49' title="bbox 437 3241 2101 3314">
    <p class='ocr_par' dir='ltr' id='par_1_49' title="bbox 437 3241 2101 3314">
     <span class='ocr_line' id='line_1_49' title="bbox 437 3241 2101 3314; baseline 0.003 -17"><span class='ocrx_word' id='word_1_347' title='bbox 437 3241 850 3314; x_wconf 81' lang='lat' dir='ltr'><strong>praeceptionis</strong></span> <span class='ocrx_word' id='word_1_348' title='bbox 875 3245 1195 3303; x_wconf 82' lang='lat' dir='ltr'><strong>auctoritas</strong></span> <span class='ocrx_word' id='word_1_349' title='bbox 1234 3246 1643 3307; x_wconf 88' lang='lat' dir='ltr'><strong>inviolabilem</strong></span> <span class='ocrx_word' id='word_1_350' title='bbox 1699 3246 1967 3307; x_wconf 87' lang='lat' dir='ltr'><strong>obtineat</strong></span> <span class='ocrx_word' id='word_1_351' title='bbox 2022 3246 2101 3302; x_wconf 89' lang='lat' dir='ltr'><strong>ef-</strong></span> 
     </span>
    </p>
   </div>
   <div class='ocr_carea' id='block_1_50' title="bbox 437 3328 2102 3399">
    <p class='ocr_par' dir='ltr' id='par_1_50' title="bbox 437 3328 2102 3399">
     <span class='ocr_line' id='line_1_50' title="bbox 437 3328 2102 3399; baseline 0.005 -13"><span class='ocrx_word' id='word_1_352' title='bbox 437 3328 680 3399; x_wconf 84' lang='lat' dir='ltr'><strong>fectum,</strong></span> <span class='ocrx_word' id='word_1_353' title='bbox 708 3336 767 3388; x_wconf 88' lang='lat' dir='ltr'><strong>et</strong></span> <span class='ocrx_word' id='word_1_354' title='bbox 786 3332 865 3390; x_wconf 89' lang='lat' dir='ltr'><strong>ab</strong></span> <span class='ocrx_word' id='word_1_355' title='bbox 894 3334 1178 3391; x_wconf 90' lang='lat' dir='ltr'><strong>omnibus</strong></span> <span class='ocrx_word' id='word_1_356' title='bbox 1210 3339 1429 3393; x_wconf 79' lang='lat' dir='ltr'><strong>sanctae</strong></span> <span class='ocrx_word' id='word_1_357' title='bbox 1462 3336 1563 3392; x_wconf 91' lang='lat' dir='ltr'><strong>Dei</strong></span> <span class='ocrx_word' id='word_1_358' title='bbox 1612 3328 1885 3393; x_wconf 66' lang='lat' dir='ltr'><strong>Ecclesiae</strong></span> <span class='ocrx_word' id='word_1_359' title='bbox 1914 3335 2102 3395; x_wconf 89' lang='lat' dir='ltr'><strong>ﬁdeli-</strong></span> 
     </span>
    </p>
   </div>
   <div class='ocr_carea' id='block_1_51' title="bbox 436 3418 2099 3493">
    <p class='ocr_par' dir='ltr' id='par_1_51' title="bbox 436 3418 2099 3493">
     <span class='ocr_line' id='line_1_51' title="bbox 436 3418 2099 3493; baseline 0.002 -16"><span class='ocrx_word' id='word_1_360' title='bbox 436 3418 550 3477; x_wconf 87' lang='lat' dir='ltr'><strong>bus</strong></span> <span class='ocrx_word' id='word_1_361' title='bbox 580 3426 636 3479; x_wconf 90' lang='lat' dir='ltr'><strong>et</strong></span> <span class='ocrx_word' id='word_1_362' title='bbox 664 3424 1110 3481; x_wconf 79' lang='lat' dir='ltr'><strong>successoribus</strong></span> <span class='ocrx_word' id='word_1_363' title='bbox 1139 3425 1380 3493; x_wconf 88' lang='lat' dir='ltr'><strong>regibus</strong></span> <span class='ocrx_word' id='word_1_364' title='bbox 1409 3428 1626 3482; x_wconf 88' lang='lat' dir='ltr'><strong>nostris</strong></span> <span class='ocrx_word' id='word_1_365' title='bbox 1653 3426 1848 3481; x_wconf 88' lang='lat' dir='ltr'><strong>verius</strong></span> <span class='ocrx_word' id='word_1_366' title='bbox 1871 3425 2099 3482; x_wconf 91' lang='lat' dir='ltr'><strong>anobis</strong></span> 
     </span>
    </p>
   </div>
   <div class='ocr_carea' id='block_1_52' title="bbox 439 3505 2101 3583">
    <p class='ocr_par' dir='ltr' id='par_1_52' title="bbox 439 3505 2101 3583">
     <span class='ocr_line' id='line_1_52' title="bbox 439 3505 2101 3583; baseline 0.004 -20"><span class='ocrx_word' id='word_1_367' title='bbox 439 3505 594 3566; x_wconf 85' lang='lat' dir='ltr'><strong>facta</strong></span> <span class='ocrx_word' id='word_1_368' title='bbox 624 3525 757 3565; x_wconf 86' lang='lat' dir='ltr'><strong>esse</strong></span> <span class='ocrx_word' id='word_1_369' title='bbox 801 3511 1096 3577; x_wconf 87' lang='lat' dir='ltr'><strong>credatur,</strong></span> <span class='ocrx_word' id='word_1_370' title='bbox 1140 3516 1199 3567; x_wconf 90' lang='lat' dir='ltr'><strong>et</strong></span> <span class='ocrx_word' id='word_1_371' title='bbox 1244 3512 1551 3583; x_wconf 89' lang='lat' dir='ltr'><strong>diligentia</strong></span> <span class='ocrx_word' id='word_1_372' title='bbox 1600 3513 1929 3575; x_wconf 90' lang='lat' dir='ltr'><strong>inviolabili</strong></span> <span class='ocrx_word' id='word_1_373' title='bbox 1962 3530 2101 3570; x_wconf 91' lang='lat' dir='ltr'><strong>con-</strong></span> 
     </span>
    </p>
   </div>
   <div class='ocr_carea' id='block_1_53' title="bbox 440 3600 2101 3674">
    <p class='ocr_par' dir='ltr' id='par_1_53' title="bbox 440 3600 2101 3674">
     <span class='ocr_line' id='line_1_53' title="bbox 440 3600 2101 3674; baseline 0.004 -21"><span class='ocrx_word' id='word_1_374' title='bbox 440 3602 723 3669; x_wconf 78' lang='lat' dir='ltr'><strong>servetur,</strong></span> <span class='ocrx_word' id='word_1_375' title='bbox 755 3615 946 3657; x_wconf 90' lang='lat' dir='ltr'><strong>manu</strong></span> <span class='ocrx_word' id='word_1_376' title='bbox 974 3605 1180 3658; x_wconf 88' lang='lat' dir='ltr'><strong>nostra</strong></span> <span class='ocrx_word' id='word_1_377' title='bbox 1210 3600 1455 3674; x_wconf 89' lang='lat' dir='ltr'><strong>propria</strong></span> <span class='ocrx_word' id='word_1_378' title='bbox 1485 3603 2000 3672; x_wconf 87' lang='lat' dir='ltr'><strong>consignavimus,</strong></span> <span class='ocrx_word' id='word_1_379' title='bbox 2043 3609 2101 3660; x_wconf 88' lang='lat' dir='ltr'><strong>et</strong></span> 
     </span>
    </p>
   </div>
   <div class='ocr_carea' id='block_1_54' title="bbox 436 3686 2101 3763">
    <p class='ocr_par' dir='ltr' id='par_1_54' title="bbox 436 3686 2101 3763">
     <span class='ocr_line' id='line_1_54' title="bbox 436 3686 2101 3763; baseline 0.005 -22"><span class='ocrx_word' id='word_1_380' title='bbox 436 3686 644 3743; x_wconf 90' lang='lat' dir='ltr'><strong>annuli</strong></span> <span class='ocrx_word' id='word_1_381' title='bbox 697 3688 883 3748; x_wconf 85' lang='lat' dir='ltr'><strong>nostri</strong></span> <span class='ocrx_word' id='word_1_382' title='bbox 938 3689 1334 3761; x_wconf 87' lang='lat' dir='ltr'><strong>impressione</strong></span> <span class='ocrx_word' id='word_1_383' title='bbox 1387 3691 1609 3760; x_wconf 91' lang='lat' dir='ltr'><strong>signari</strong></span> <span class='ocrx_word' id='word_1_384' title='bbox 1651 3692 1968 3763; x_wconf 90' lang='lat' dir='ltr'><strong>jussimns.</strong></span> <span class='ocrx_word' id='word_1_385' title='bbox 2020 3693 2101 3749; x_wconf 91' lang='lat' dir='ltr'><strong>Si-</strong></span> 
     </span>
    </p>
   </div>
   <div class='ocr_carea' id='block_1_55' title="bbox 437 3775 2099 3852">
    <p class='ocr_par' dir='ltr' id='par_1_55' title="bbox 437 3775 2099 3852">
     <span class='ocr_line' id='line_1_55' title="bbox 437 3775 2099 3852; baseline 0.007 -23"><span class='ocrx_word' id='word_1_386' title='bbox 437 3788 625 3845; x_wconf 86' lang='lat' dir='ltr'><strong>gnum</strong></span> <span class='ocrx_word' id='word_1_387' title='bbox 673 3775 904 3835; x_wconf 89' lang='lat' dir='ltr'><strong>domini</strong></span> <span class='ocrx_word' id='word_1_388' title='bbox 961 3778 1229 3847; x_wconf 87' lang='lat' dir='ltr'><strong>Hugonis</strong></span> <span class='ocrx_word' id='word_1_389' title='bbox 1300 3779 1755 3852; x_wconf 89' lang='lat' dir='ltr'><strong>archiepiscopi.</strong></span> <span class='ocrx_word' id='word_1_390' title='bbox 1850 3782 2099 3852; x_wconf 90' lang='lat' dir='ltr'><strong>Signum</strong></span> 
     </span>
    </p>
   </div>
   <div class='ocr_carea' id='block_1_56' title="bbox 434 3866 2101 3943">
    <p class='ocr_par' dir='ltr' id='par_1_56' title="bbox 434 3866 2101 3943">
     <span class='ocr_line' id='line_1_56' title="bbox 434 3866 2101 3943; baseline 0.002 -20"><span class='ocrx_word' id='word_1_391' title='bbox 434 3866 775 3939; x_wconf 79' lang='lat' dir='ltr'><strong>Avesgaudi</strong></span> <span class='ocrx_word' id='word_1_392' title='bbox 814 3867 1112 3942; x_wconf 89' lang='lat' dir='ltr'><strong>episcopi,</strong></span> <span class='ocrx_word' id='word_1_393' title='bbox 1161 3886 1423 3943; x_wconf 91' lang='lat' dir='ltr'><strong>quorum</strong></span> <span class='ocrx_word' id='word_1_394' title='bbox 1478 3871 2101 3928; x_wconf 83' lang='lat' dir='ltr'><strong>excommunicatione</strong></span> 
     </span>
    </p>
   </div>
   <div class='ocr_carea' id='block_1_57' title="bbox 435 3954 2100 4031">
    <p class='ocr_par' dir='ltr' id='par_1_57' title="bbox 435 3954 2100 4031">
     <span class='ocr_line' id='line_1_57' title="bbox 435 3954 2100 4031; baseline 0.003 -21"><span class='ocrx_word' id='word_1_395' title='bbox 435 3969 497 4010; x_wconf 89' lang='lat' dir='ltr'><strong>se</strong></span> <span class='ocrx_word' id='word_1_396' title='bbox 517 3954 769 4025; x_wconf 88' lang='lat' dir='ltr'><strong>ligatum</strong></span> <span class='ocrx_word' id='word_1_397' title='bbox 798 3957 983 4025; x_wconf 85' lang='lat' dir='ltr'><strong>novit,</strong></span> <span class='ocrx_word' id='word_1_398' title='bbox 1028 3958 1134 4030; x_wconf 88' lang='lat' dir='ltr'><strong>qui</strong></span> <span class='ocrx_word' id='word_1_399' title='bbox 1191 3958 1306 4015; x_wconf 90' lang='lat' dir='ltr'><strong>hoc</strong></span> <span class='ocrx_word' id='word_1_400' title='bbox 1360 3964 1728 4031; x_wconf 74' lang='lat' dir='ltr'><strong>praeceptum</strong></span> <span class='ocrx_word' id='word_1_401' title='bbox 1776 3960 2100 4031; x_wconf 88' lang='lat' dir='ltr'><strong>infringere</strong></span> 
     </span>
    </p>
   </div>
   <div class='ocr_carea' id='block_1_58' title="bbox 434 4046 2101 4133">
    <p class='ocr_par' dir='ltr' id='par_1_58' title="bbox 434 4046 2101 4133">
     <span class='ocr_line' id='line_1_58' title="bbox 434 4046 2101 4133; baseline 0.005 -34"><span class='ocrx_word' id='word_1_402' title='bbox 434 4046 902 4119; x_wconf 76' lang='lat' dir='ltr'><strong>praesumpserit,</strong></span> <span class='ocrx_word' id='word_1_403' title='bbox 932 4047 1053 4133; x_wconf 76' lang='lat' dir='ltr'><strong>nisi</strong></span> <span class='ocrx_word' id='word_1_404' title='bbox 1077 4047 1194 4104; x_wconf 86' lang='lat' dir='ltr'><strong>cito</strong></span> <span class='ocrx_word' id='word_1_405' title='bbox 1217 4048 1576 4121; x_wconf 74' lang='lat' dir='ltr'><strong>paenituerit,</strong></span> <span class='ocrx_word' id='word_1_406' title='bbox 1627 4055 1684 4107; x_wconf 90' lang='lat' dir='ltr'><strong>et</strong></span> <span class='ocrx_word' id='word_1_407' title='bbox 1712 4049 1791 4107; x_wconf 90' lang='lat' dir='ltr'><strong>ad</strong></span> <span class='ocrx_word' id='word_1_408' title='bbox 1820 4050 2101 4107; x_wconf 90' lang='lat' dir='ltr'><strong>emenda-</strong></span> 
     </span>
    </p>
   </div>
   <div class='ocr_carea' id='block_1_59' title="bbox 435 4132 2097 4208">
    <p class='ocr_par' dir='ltr' id='par_1_59' title="bbox 435 4132 2097 4208">
     <span class='ocr_line' id='line_1_59' title="bbox 435 4132 2097 4208; baseline 0.004 -20"><span class='ocrx_word' id='word_1_409' title='bbox 435 4132 658 4191; x_wconf 89' lang='lat' dir='ltr'><strong>tionem</strong></span> <span class='ocrx_word' id='word_1_410' title='bbox 687 4135 930 4191; x_wconf 86' lang='lat' dir='ltr'><strong>venerit.</strong></span> <span class='ocrx_word' id='word_1_411' title='bbox 965 4136 1093 4193; x_wconf 93' lang='lat' dir='ltr'><strong>Odo</strong></span> <span class='ocrx_word' id='word_1_412' title='bbox 1123 4154 1349 4207; x_wconf 79' lang='lat' dir='ltr'><strong>comes,</strong></span> <span class='ocrx_word' id='word_1_413' title='bbox 1377 4142 1486 4194; x_wconf 93' lang='lat' dir='ltr'><strong>etc.</strong></span> <span class='ocrx_word' id='word_1_414' title='bbox 1523 4138 1874 4208; x_wconf 90' lang='lat' dir='ltr'><strong>Odolgerius</strong></span> <span class='ocrx_word' id='word_1_415' title='bbox 1921 4139 2097 4195; x_wconf 88' lang='lat' dir='ltr'><strong>deca-</strong></span> 
     </span>
    </p>
   </div>
   <div class='ocr_carea' id='block_1_60' title="bbox 434 4223 2093 4300">
    <p class='ocr_par' dir='ltr' id='par_1_60' title="bbox 434 4223 2093 4300">
     <span class='ocr_line' id='line_1_60' title="bbox 434 4223 2093 4300; baseline 0.003 -23"><span class='ocrx_word' id='word_1_416' title='bbox 434 4233 571 4289; x_wconf 86' lang='lat' dir='ltr'><strong>nus,</strong></span> <span class='ocrx_word' id='word_1_417' title='bbox 602 4223 856 4283; x_wconf 83' lang='lat' dir='ltr'><strong>Herveus</strong></span> <span class='ocrx_word' id='word_1_418' title='bbox 883 4224 1589 4295; x_wconf 89' lang='lat' dir='ltr'><strong>archiclavis,Walterius</strong></span> <span class='ocrx_word' id='word_1_419' title='bbox 1610 4232 1959 4300; x_wconf 81' lang='lat' dir='ltr'><strong>praecentor,</strong></span> <span class='ocrx_word' id='word_1_420' title='bbox 1984 4232 2093 4283; x_wconf 90' lang='lat' dir='ltr'><strong>etc.</strong></span> 
     </span>
    </p>
   </div>
   <div class='ocr_carea' id='block_1_61' title="bbox 506 4310 2096 4386">
    <p class='ocr_par' dir='ltr' id='par_1_61' title="bbox 506 4310 2096 4386">
     <span class='ocr_line' id='line_1_61' title="bbox 506 4310 2096 4386; baseline 0.004 -23"><span class='ocrx_word' id='word_1_421' title='bbox 506 4311 718 4367; x_wconf 80' lang='lat' dir='ltr'><strong>Actum</strong></span> <span class='ocrx_word' id='word_1_422' title='bbox 748 4310 996 4371; x_wconf 89' lang='lat' dir='ltr'><strong>Bolonia</strong></span> <span class='ocrx_word' id='word_1_423' title='bbox 1026 4313 1237 4369; x_wconf 81' lang='lat' dir='ltr'><strong>foreste</strong></span> <span class='ocrx_word' id='word_1_424' title='bbox 1283 4315 1493 4386; x_wconf 91' lang='lat' dir='ltr'><strong>quinto</strong></span> <span class='ocrx_word' id='word_1_425' title='bbox 1517 4315 1769 4372; x_wconf 85' lang='lat' dir='ltr'><strong>Kalend.</strong></span> <span class='ocrx_word' id='word_1_426' title='bbox 1805 4315 2096 4386; x_wconf 87' lang='lat' dir='ltr'><strong>Octobris,</strong></span> 
     </span>
    </p>
   </div>
   <div class='ocr_carea' id='block_1_62' title="bbox 436 4398 2100 4463">
    <p class='ocr_par' dir='ltr' id='par_1_62' title="bbox 436 4398 2100 4463">
     <span class='ocr_line' id='line_1_62' title="bbox 436 4398 2100 4463; baseline 0.005 -10"><span class='ocrx_word' id='word_1_427' title='bbox 436 4410 599 4457; x_wconf 87' lang='lat' dir='ltr'><strong>anno</strong></span> <span class='ocrx_word' id='word_1_428' title='bbox 629 4398 708 4457; x_wconf 88' lang='lat' dir='ltr'><strong>ab</strong></span> <span class='ocrx_word' id='word_1_429' title='bbox 741 4401 1152 4461; x_wconf 86' lang='lat' dir='ltr'><strong>lucarnatione</strong></span> <span class='ocrx_word' id='word_1_430' title='bbox 1180 4402 1413 4463; x_wconf 90' lang='lat' dir='ltr'><strong>Domini</strong></span> <span class='ocrx_word' id='word_1_431' title='bbox 1452 4404 1637 4463; x_wconf 89' lang='lat' dir='ltr'><strong>nostri</strong></span> <span class='ocrx_word' id='word_1_432' title='bbox 1685 4405 1827 4461; x_wconf 88' lang='lat' dir='ltr'><strong>Jesu</strong></span> <span class='ocrx_word' id='word_1_433' title='bbox 1888 4405 2100 4462; x_wconf 87' lang='lat' dir='ltr'><strong>Christi</strong></span> 
     </span>
    </p>
   </div>
   <div class='ocr_carea' id='block_1_63' title="bbox 440 4485 2100 4562">
    <p class='ocr_par' dir='ltr' id='par_1_63' title="bbox 440 4485 2100 4562">
     <span class='ocr_line' id='line_1_63' title="bbox 440 4485 2100 4562; baseline 0.004 -20"><span class='ocrx_word' id='word_1_434' title='bbox 440 4485 596 4557; x_wconf 82' lang='lat'><strong>1007,</strong></span> <span class='ocrx_word' id='word_1_435' title='bbox 621 4487 945 4548; x_wconf 86' lang='lat' dir='ltr'><strong>indictione</strong></span> <span class='ocrx_word' id='word_1_436' title='bbox 970 4490 1201 4562; x_wconf 86' lang='lat' dir='ltr'><strong>quinta.</strong></span> <span class='ocrx_word' id='word_1_437' title='bbox 1235 4491 1636 4549; x_wconf 87' lang='lat' dir='ltr'><strong>Theodoricus</strong></span> <span class='ocrx_word' id='word_1_438' title='bbox 1663 4492 1840 4553; x_wconf 86' lang='lat' dir='ltr'><strong>levita</strong></span> <span class='ocrx_word' id='word_1_439' title='bbox 1895 4493 1973 4549; x_wconf 92' lang='lat' dir='ltr'><strong>ad</strong></span> <span class='ocrx_word' id='word_1_440' title='bbox 2021 4493 2100 4549; x_wconf 90' lang='lat' dir='ltr'><strong>vi-</strong></span> 
     </span>
    </p>
   </div>
   <div class='ocr_carea' id='block_1_64' title="bbox 434 4579 2098 4651">
    <p class='ocr_par' dir='ltr' id='par_1_64' title="bbox 434 4579 2098 4651">
     <span class='ocr_line' id='line_1_64' title="bbox 434 4579 2098 4651; baseline 0.001 -16"><span class='ocrx_word' id='word_1_441' title='bbox 434 4590 566 4635; x_wconf 84' lang='lat' dir='ltr'><strong>cem</strong></span> <span class='ocrx_word' id='word_1_442' title='bbox 597 4579 918 4640; x_wconf 83' lang='lat' dir='ltr'><strong>Franconis</strong></span> <span class='ocrx_word' id='word_1_443' title='bbox 946 4579 1168 4639; x_wconf 87' lang='lat' dir='ltr'><strong>summi</strong></span> <span class='ocrx_word' id='word_1_444' title='bbox 1195 4580 1532 4639; x_wconf 89' lang='lat' dir='ltr'><strong>cancellarii</strong></span> <span class='ocrx_word' id='word_1_445' title='bbox 1588 4582 1936 4651; x_wconf 88' lang='lat' dir='ltr'><strong>recognovit</strong></span> <span class='ocrx_word' id='word_1_446' title='bbox 1981 4581 2098 4637; x_wconf 93' lang='lat' dir='ltr'><strong>hoc</strong></span> 
     </span>
    </p>
   </div>
   <div class='ocr_carea' id='block_1_65' title="bbox 361 4669 2096 4740">
    <p class='ocr_par' dir='ltr' id='par_1_65' title="bbox 361 4669 2096 4740">
     <span class='ocr_line' id='line_1_65' title="bbox 361 4669 2096 4740; baseline 0.002 -18"><span class='ocrx_word' id='word_1_447' title='bbox 361 4724 371 4735; x_wconf 59' lang='grc'>,</span> <span class='ocrx_word' id='word_1_448' title='bbox 432 4671 823 4740; x_wconf 67' lang='lat' dir='ltr'><strong>praaceptum.</strong></span> <span class='ocrx_word' id='word_1_449' title='bbox 854 4670 976 4738; x_wconf 90' lang='lat' dir='ltr'><strong>Ego</strong></span> <span class='ocrx_word' id='word_1_450' title='bbox 1007 4671 1266 4727; x_wconf 85' lang='lat' dir='ltr'><strong>Herveus</strong></span> <span class='ocrx_word' id='word_1_451' title='bbox 1306 4673 1363 4725; x_wconf 90' lang='lat' dir='ltr'><strong>et</strong></span> <span class='ocrx_word' id='word_1_452' title='bbox 1391 4669 1717 4725; x_wconf 87' lang='lat' dir='ltr'><strong>confratres</strong></span> <span class='ocrx_word' id='word_1_453' title='bbox 1747 4671 1864 4727; x_wconf 91' lang='lat' dir='ltr'><strong>mei</strong></span> <span class='ocrx_word' id='word_1_454' title='bbox 1899 4672 2096 4729; x_wconf 89' lang='lat' dir='ltr'><strong>Sancti</strong></span> 
     </span>
    </p>
   </div>
   <div class='ocr_carea' id='block_1_66' title="bbox 434 4755 2094 4830">
    <p class='ocr_par' dir='ltr' id='par_1_66' title="bbox 434 4755 2094 4830">
     <span class='ocr_line' id='line_1_66' title="bbox 434 4755 2094 4830; baseline 0.001 -17"><span class='ocrx_word' id='word_1_455' title='bbox 434 4755 661 4813; x_wconf 72' lang='lat' dir='ltr'><strong>Martini</strong></span> <span class='ocrx_word' id='word_1_456' title='bbox 682 4756 958 4817; x_wconf 85' lang='lat' dir='ltr'><strong>canonici</strong></span> <span class='ocrx_word' id='word_1_457' title='bbox 980 4756 1042 4815; x_wconf 91' lang='lat' dir='ltr'><strong>in</strong></span> <span class='ocrx_word' id='word_1_458' title='bbox 1071 4756 1251 4830; x_wconf 89' lang='lat' dir='ltr'><strong>pleno</strong></span> <span class='ocrx_word' id='word_1_459' title='bbox 1282 4756 1545 4829; x_wconf 91' lang='lat' dir='ltr'><strong>capitulo</strong></span> <span class='ocrx_word' id='word_1_460' title='bbox 1584 4757 2094 4815; x_wconf 80' lang='lat' dir='ltr'><strong>conﬁrmavimus.</strong></span> 
     </span>
    </p>
   </div>
   <div class='ocr_carea' id='block_1_67' title="bbox 1210 4848 1323 4902">
    <p class='ocr_par' dir='ltr' id='par_1_67' title="bbox 1210 4848 1323 4902">
     <span class='ocr_line' id='line_1_67' title="bbox 1210 4848 1323 4902; baseline 0.018 -2"><span class='ocrx_word' id='word_1_461' title='bbox 1210 4848 1323 4902; x_wconf 89' lang='lat' dir='ltr'><strong>Vll.</strong></span> 
     </span>
    </p>
   </div>
   <div class='ocr_carea' id='block_1_68' title="bbox 430 4934 2101 5006">
    <p class='ocr_par' dir='ltr' id='par_1_68' title="bbox 430 4934 2101 5006">
     <span class='ocr_line' id='line_1_68' title="bbox 430 4934 2101 5006; baseline 0.001 -16"><span class='ocrx_word' id='word_1_462' title='bbox 430 4934 714 5003; x_wconf 77' lang='lat' dir='ltr'><strong>Diploma</strong></span> <span class='ocrx_word' id='word_1_463' title='bbox 742 4934 986 4992; x_wconf 76' lang='lat' dir='ltr'><strong>Roberti</strong></span> <span class='ocrx_word' id='word_1_464' title='bbox 1009 4936 1164 5006; x_wconf 81' lang='lat' dir='ltr'><strong>regis</strong></span> <span class='ocrx_word' id='word_1_465' title='bbox 1190 4936 1568 4993; x_wconf 79' lang='lat' dir='ltr'><strong>Francorum</strong></span> <span class='ocrx_word' id='word_1_466' title='bbox 1611 4951 1728 5005; x_wconf 79' lang='lat' dir='ltr'><strong>pro</strong></span> <span class='ocrx_word' id='word_1_467' title='bbox 1761 4936 2101 4993; x_wconf 84' lang='lat' dir='ltr'><strong>Corbeiensi</strong></span> 
     </span>
    </p>
   </div>
   <div class='ocr_carea' id='block_1_69' title="bbox 502 5007 2096 5078">
    <p class='ocr_par' dir='ltr' id='par_1_69' title="bbox 502 5007 2096 5078">
     <span class='ocr_line' id='line_1_69' title="bbox 502 5007 2096 5078; baseline 0.001 -17"><span class='ocrx_word' id='word_1_468' title='bbox 502 5012 882 5063; x_wconf 71' lang='lat' dir='ltr'><strong>monasterio.</strong></span> <span class='ocrx_word' id='word_1_469' title='bbox 911 5038 981 5046; x_wconf 97' lang='lat'><strong><em>—</em></strong></span> <span class='ocrx_word' id='word_1_470' title='bbox 1008 5008 1302 5078; x_wconf 82' lang='lat' dir='ltr'><strong>Reprimit</strong></span> <span class='ocrx_word' id='word_1_471' title='bbox 1334 5007 1570 5078; x_wconf 83' lang='lat' dir='ltr'><strong>iniquas</strong></span> <span class='ocrx_word' id='word_1_472' title='bbox 1602 5008 1848 5077; x_wconf 78' lang='lat' dir='ltr'><strong>El/redi</strong></span> <span class='ocrx_word' id='word_1_473' title='bbox 1871 5008 1943 5064; x_wconf 89' lang='lat' dir='ltr'><strong>de</strong></span> <span class='ocrx_word' id='word_1_474' title='bbox 1972 5009 2096 5062; x_wconf 82' lang='lat' dir='ltr'><strong>En-</strong></span> 
     </span>
    </p>
   </div>
   <div class='ocr_carea' id='block_1_70' title="bbox 502 5078 2098 5147">
    <p class='ocr_par' dir='ltr' id='par_1_70' title="bbox 502 5078 2098 5147">
     <span class='ocr_line' id='line_1_70' title="bbox 502 5078 2098 5147; baseline 0.001 -15"><span class='ocrx_word' id='word_1_475' title='bbox 502 5091 631 5141; x_wconf 85' lang='lat' dir='ltr'><strong>cra,</strong></span> <span class='ocrx_word' id='word_1_476' title='bbox 663 5078 944 5133; x_wconf 77' lang='lat' dir='ltr'><strong>advocati</strong></span> <span class='ocrx_word' id='word_1_477' title='bbox 966 5078 1336 5134; x_wconf 80' lang='lat' dir='ltr'><strong>Corbeiensis</strong></span> <span class='ocrx_word' id='word_1_478' title='bbox 1388 5080 1840 5135; x_wconf 78' lang='lat' dir='ltr'><strong>consuetudines</strong></span> <span class='ocrx_word' id='word_1_479' title='bbox 1888 5085 1943 5135; x_wconf 87' lang='lat' dir='ltr'><strong>et</strong></span> <span class='ocrx_word' id='word_1_480' title='bbox 1993 5094 2098 5147; x_wconf 82' lang='lat' dir='ltr'><strong>op-</strong></span> 
     </span>
    </p>
   </div>
   <div class='ocr_carea' id='block_1_71' title="bbox 500 5150 851 5215">
    <p class='ocr_par' dir='ltr' id='par_1_71' title="bbox 500 5150 851 5215">
     <span class='ocr_line' id='line_1_71' title="bbox 500 5150 851 5215; baseline 0 -13"><span class='ocrx_word' id='word_1_481' title='bbox 500 5150 851 5215; x_wconf 80' lang='lat' dir='ltr'><strong>pressiones.</strong></span> 
     </span>
    </p>
   </div>
   <div class='ocr_carea' id='block_1_72' title="bbox 1061 5220 1469 5291">
    <p class='ocr_par' dir='ltr' id='par_1_72' title="bbox 1061 5220 1469 5291">
     <span class='ocr_line' id='line_1_72' title="bbox 1061 5220 1469 5291; baseline -0.005 -15"><span class='ocrx_word' id='word_1_482' title='bbox 1061 5220 1253 5291; x_wconf 80' lang='lat' dir='ltr'><strong>(Anno</strong></span> <span class='ocrx_word' id='word_1_483' title='bbox 1289 5220 1469 5291; x_wconf 80' lang='grc'>1016).</span> 
     </span>
    </p>
   </div>
   <div class='ocr_carea' id='block_1_73' title="bbox 433 5304 2098 5379">
    <p class='ocr_par' dir='ltr' id='par_1_73' title="bbox 433 5304 2098 5379">
     <span class='ocr_line' id='line_1_73' title="bbox 433 5304 2098 5379; baseline 0.002 -18"><span class='ocrx_word' id='word_1_484' title='bbox 433 5304 521 5376; x_wconf 81' lang='grc' dir='ltr'><strong>[Β.</strong></span> <span class='ocrx_word' id='word_1_485' title='bbox 552 5307 850 5378; x_wconf 65' lang='grc' dir='ltr'><strong>Μηιτεκε,</strong></span> <span class='ocrx_word' id='word_1_486' title='bbox 883 5310 1068 5379; x_wconf 81' lang='lat' dir='ltr'><strong>ampl.</strong></span> <span class='ocrx_word' id='word_1_487' title='bbox 1111 5309 1385 5375; x_wconf 64' lang='grc' dir='ltr'><strong>ϐοηθοίη</strong></span> <span class='ocrx_word' id='word_1_488' title='bbox 1415 5314 1557 5365; x_wconf 89' lang='lat' dir='ltr'><strong>tom.</strong></span> <span class='ocrx_word' id='word_1_489' title='bbox 1591 5315 1687 5375; x_wconf 69' lang='grc' dir='ltr'><strong>μ’,</strong></span> <span class='ocrx_word' id='word_1_490' title='bbox 1723 5307 1833 5365; x_wconf 89' lang='lat' dir='ltr'><strong>col.</strong></span> <span class='ocrx_word' id='word_1_491' title='bbox 1860 5312 1986 5379; x_wconf 89' lang='lat'><strong>379,</strong></span> <span class='ocrx_word' id='word_1_492' title='bbox 2024 5325 2098 5365; x_wconf 84' lang='lat' dir='ltr'><strong>ex</strong></span> 
     </span>
    </p>
   </div>
   <div class='ocr_carea' id='block_1_74' title="bbox 1057 5381 1474 5452">
    <p class='ocr_par' dir='ltr' id='par_1_74' title="bbox 1057 5381 1474 5452">
     <span class='ocr_line' id='line_1_74' title="bbox 1057 5381 1474 5452; baseline 0.002 -16"><span class='ocrx_word' id='word_1_493' title='bbox 1057 5381 1474 5452; x_wconf 79' lang='lat' dir='ltr'><strong>autographa].</strong></span> 
     </span>
    </p>
   </div>
   <div class='ocr_carea' id='block_1_75' title="bbox 506 5467 2099 5539">
    <p class='ocr_par' dir='ltr' id='par_1_75' title="bbox 506 5467 2099 5539">
     <span class='ocr_line' id='line_1_75' title="bbox 506 5467 2099 5539; baseline 0.001 -16"><span class='ocrx_word' id='word_1_494' title='bbox 506 5471 570 5523; x_wconf 85' lang='lat' dir='ltr'><strong>In</strong></span> <span class='ocrx_word' id='word_1_495' title='bbox 599 5468 845 5527; x_wconf 86' lang='lat' dir='ltr'><strong>nomine</strong></span> <span class='ocrx_word' id='word_1_496' title='bbox 889 5473 1109 5525; x_wconf 81' lang='lat' dir='ltr'><strong>sanctae</strong></span> <span class='ocrx_word' id='word_1_497' title='bbox 1159 5475 1216 5525; x_wconf 90' lang='lat' dir='ltr'><strong>et</strong></span> <span class='ocrx_word' id='word_1_498' title='bbox 1270 5468 1595 5525; x_wconf 73' lang='lat' dir='ltr'><strong>individua:</strong></span> <span class='ocrx_word' id='word_1_499' title='bbox 1645 5467 1960 5539; x_wconf 88' lang='lat' dir='ltr'><strong>Trinitatis,</strong></span> <span class='ocrx_word' id='word_1_500' title='bbox 1987 5484 2099 5537; x_wconf 89' lang='lat' dir='ltr'><strong>ego</strong></span> 
     </span>
    </p>
   </div>
   <div class='ocr_carea' id='block_1_76' title="bbox 432 5556 1453 5628">
    <p class='ocr_par' dir='ltr' id='par_1_76' title="bbox 432 5556 1453 5628">
     <span class='ocr_line' id='line_1_76' title="bbox 432 5556 1453 5628; baseline 0.004 -18"><span class='ocrx_word' id='word_1_501' title='bbox 432 5556 548 5627; x_wconf 80' lang='lat' dir='ltr'><strong>R..,</strong></span> <span class='ocrx_word' id='word_1_502' title='bbox 577 5556 770 5628; x_wconf 87' lang='lat' dir='ltr'><strong>gratia</strong></span> <span class='ocrx_word' id='word_1_503' title='bbox 795 5556 900 5614; x_wconf 92' lang='lat' dir='ltr'><strong>Dei</strong></span> <span class='ocrx_word' id='word_1_504' title='bbox 934 5571 1041 5613; x_wconf 86' lang='lat' dir='ltr'><strong>rex</strong></span> <span class='ocrx_word' id='word_1_505' title='bbox 1071 5559 1453 5614; x_wconf 86' lang='lat' dir='ltr'><strong>Francorum.</strong></span> 
     </span>
    </p>
   </div>
   <div class='ocr_carea' id='block_1_77' title="bbox 2208 1641 3773 1714">
    <p class='ocr_par' dir='ltr' id='par_1_77' title="bbox 2208 1641 3773 1714">
     <span class='ocr_line' id='line_1_77' title="bbox 2208 1641 3773 1714; baseline 0.002 -18"><span class='ocrx_word' id='word_1_506' title='bbox 2208 1641 2534 1714; x_wconf 89' lang='lat' dir='ltr'><strong>hospitium</strong></span> <span class='ocrx_word' id='word_1_507' title='bbox 2554 1642 2617 1698; x_wconf 91' lang='lat' dir='ltr'><strong>in</strong></span> <span class='ocrx_word' id='word_1_508' title='bbox 2646 1642 2890 1699; x_wconf 90' lang='lat' dir='ltr'><strong>abbatia</strong></span> <span class='ocrx_word' id='word_1_509' title='bbox 2910 1648 2968 1699; x_wconf 91' lang='lat' dir='ltr'><strong>et</strong></span> <span class='ocrx_word' id='word_1_510' title='bbox 2987 1642 3290 1699; x_wconf 83' lang='lat' dir='ltr'><strong>servitium</strong></span> <span class='ocrx_word' id='word_1_511' title='bbox 3320 1642 3773 1699; x_wconf 75' lang='lat' dir='ltr'><strong>sibidemandatab</strong></span> 
     </span>
    </p>
   </div>
   <div class='ocr_carea' id='block_1_78' title="bbox 2210 1729 3773 1804">
    <p class='ocr_par' dir='ltr' id='par_1_78' title="bbox 2210 1729 3773 1804">
     <span class='ocr_line' id='line_1_78' title="bbox 2210 1729 3773 1804; baseline 0.003 -19"><span class='ocrx_word' id='word_1_512' title='bbox 2210 1729 2558 1787; x_wconf 88' lang='lat' dir='ltr'><strong>hominibus</strong></span> <span class='ocrx_word' id='word_1_513' title='bbox 2588 1730 2737 1787; x_wconf 83' lang='lat' dir='ltr'><strong>villae</strong></span> <span class='ocrx_word' id='word_1_514' title='bbox 2761 1747 2797 1787; x_wconf 90' lang='lat' dir='ltr'><strong>a</strong></span> <span class='ocrx_word' id='word_1_515' title='bbox 2826 1746 2887 1786; x_wconf 91' lang='lat' dir='ltr'><strong>se</strong></span> <span class='ocrx_word' id='word_1_516' title='bbox 2912 1731 3210 1804; x_wconf 88' lang='lat' dir='ltr'><strong>hospitate</strong></span> <span class='ocrx_word' id='word_1_517' title='bbox 3235 1731 3534 1788; x_wconf 84' lang='lat' dir='ltr'><strong>ministrari</strong></span> <span class='ocrx_word' id='word_1_518' title='bbox 3558 1750 3569 1799; x_wconf 84' lang='lat'><strong>;</strong></span> <span class='ocrx_word' id='word_1_519' title='bbox 3614 1732 3652 1787; x_wconf 88' lang='lat' dir='ltr'><strong>si</strong></span> <span class='ocrx_word' id='word_1_520' title='bbox 3677 1749 3773 1789; x_wconf 83' lang='lat' dir='ltr'><strong>vero</strong></span> 
     </span>
    </p>
   </div>
   <div class='ocr_carea' id='block_1_79' title="bbox 2211 1818 3773 1892">
    <p class='ocr_par' dir='ltr' id='par_1_79' title="bbox 2211 1818 3773 1892">
     <span class='ocr_line' id='line_1_79' title="bbox 2211 1818 3773 1892; baseline 0.001 -18"><span class='ocrx_word' id='word_1_521' title='bbox 2211 1820 2648 1892; x_wconf 89' lang='lat' dir='ltr'><strong>qualiscunque</strong></span> <span class='ocrx_word' id='word_1_522' title='bbox 2678 1818 2910 1877; x_wconf 72' lang='lat' dir='ltr'><strong>offensa</strong></span> <span class='ocrx_word' id='word_1_523' title='bbox 2938 1820 3091 1877; x_wconf 90' lang='lat' dir='ltr'><strong>inter</strong></span> <span class='ocrx_word' id='word_1_524' title='bbox 3120 1820 3389 1879; x_wconf 90' lang='lat' dir='ltr'><strong>homines</strong></span> <span class='ocrx_word' id='word_1_525' title='bbox 3429 1837 3538 1877; x_wconf 64' lang='lat' dir='ltr'><strong>suae</strong></span> <span class='ocrx_word' id='word_1_526' title='bbox 3588 1820 3773 1876; x_wconf 75' lang='lat' dir='ltr'><strong>advoca-</strong></span> 
     </span>
    </p>
   </div>
   <div class='ocr_carea' id='block_1_80' title="bbox 2212 1908 3775 1982">
    <p class='ocr_par' dir='ltr' id='par_1_80' title="bbox 2212 1908 3775 1982">
     <span class='ocr_line' id='line_1_80' title="bbox 2212 1908 3775 1982; baseline 0.003 -19"><span class='ocrx_word' id='word_1_527' title='bbox 2212 1908 2387 1965; x_wconf 87' lang='lat' dir='ltr'><strong>tionis</strong></span> <span class='ocrx_word' id='word_1_528' title='bbox 2410 1909 2710 1981; x_wconf 90' lang='lat' dir='ltr'><strong>acciderit,</strong></span> <span class='ocrx_word' id='word_1_529' title='bbox 2737 1908 3031 1981; x_wconf 88' lang='lat' dir='ltr'><strong>justitiam</strong></span> <span class='ocrx_word' id='word_1_530' title='bbox 3060 1908 3209 1979; x_wconf 86' lang='lat' dir='ltr'><strong>legis</strong></span> <span class='ocrx_word' id='word_1_531' title='bbox 3237 1926 3310 1966; x_wconf 86' lang='lat' dir='ltr'><strong>ex</strong></span> <span class='ocrx_word' id='word_1_532' title='bbox 3350 1909 3558 1980; x_wconf 90' lang='lat' dir='ltr'><strong>integro</strong></span> <span class='ocrx_word' id='word_1_533' title='bbox 3598 1908 3775 1982; x_wconf 81' lang='lat' dir='ltr'><strong>requirit</strong></span> 
     </span>
    </p>
   </div>
   <div class='ocr_carea' id='block_1_81' title="bbox 2211 1996 3773 2069">
    <p class='ocr_par' dir='ltr' id='par_1_81' title="bbox 2211 1996 3773 2069">
     <span class='ocr_line' id='line_1_81' title="bbox 2211 1996 3773 2069; baseline -0.001 -16"><span class='ocrx_word' id='word_1_534' title='bbox 2211 1996 2454 2053; x_wconf 89' lang='lat' dir='ltr'><strong>habere.</strong></span> <span class='ocrx_word' id='word_1_535' title='bbox 2487 1997 2657 2063; x_wconf 84' lang='lat' dir='ltr'><strong>Quod</strong></span> <span class='ocrx_word' id='word_1_536' title='bbox 2690 1997 2737 2052; x_wconf 92' lang='lat' dir='ltr'><strong>si</strong></span> <span class='ocrx_word' id='word_1_537' title='bbox 2764 1996 2826 2053; x_wconf 93' lang='lat' dir='ltr'><strong>in</strong></span> <span class='ocrx_word' id='word_1_538' title='bbox 2855 2001 3053 2053; x_wconf 88' lang='lat' dir='ltr'><strong>castro</strong></span> <span class='ocrx_word' id='word_1_539' title='bbox 3084 2014 3197 2054; x_wconf 88' lang='lat' dir='ltr'><strong>suo</strong></span> <span class='ocrx_word' id='word_1_540' title='bbox 3229 1997 3492 2054; x_wconf 86' lang='lat' dir='ltr'><strong>Encrensi</strong></span> <span class='ocrx_word' id='word_1_541' title='bbox 3517 1996 3702 2069; x_wconf 89' lang='lat' dir='ltr'><strong>aliquid</strong></span> <span class='ocrx_word' id='word_1_542' title='bbox 3715 2013 3773 2052; x_wconf 78' lang='lat' dir='ltr'><strong>re-</strong></span> 
     </span>
    </p>
   </div>
   <div class='ocr_carea' id='block_1_82' title="bbox 2210 2085 3774 2154">
    <p class='ocr_par' dir='ltr' id='par_1_82' title="bbox 2210 2085 3774 2154">
     <span class='ocr_line' id='line_1_82' title="bbox 2210 2085 3774 2154; baseline 0 -14"><span class='ocrx_word' id='word_1_543' title='bbox 2210 2085 2457 2143; x_wconf 90' lang='lat' dir='ltr'><strong>formari</strong></span> <span class='ocrx_word' id='word_1_544' title='bbox 2483 2102 2722 2142; x_wconf 89' lang='lat' dir='ltr'><strong>necesse</strong></span> <span class='ocrx_word' id='word_1_545' title='bbox 2753 2086 2947 2154; x_wconf 86' lang='lat' dir='ltr'><strong>fuerit,</strong></span> <span class='ocrx_word' id='word_1_546' title='bbox 2982 2086 3261 2145; x_wconf 91' lang='lat' dir='ltr'><strong>homines</strong></span> <span class='ocrx_word' id='word_1_547' title='bbox 3310 2087 3594 2145; x_wconf 87' lang='lat' dir='ltr'><strong>memorati</strong></span> <span class='ocrx_word' id='word_1_548' title='bbox 3636 2101 3774 2142; x_wconf 65' lang='lat' dir='ltr'><strong>omne</strong></span> 
     </span>
    </p>
   </div>
   <div class='ocr_carea' id='block_1_83' title="bbox 2206 2174 3773 2249">
    <p class='ocr_par' dir='ltr' id='par_1_83' title="bbox 2206 2174 3773 2249">
     <span class='ocr_line' id='line_1_83' title="bbox 2206 2174 3773 2249; baseline -0.001 -19"><span class='ocrx_word' id='word_1_549' title='bbox 2206 2174 2294 2231; x_wconf 90' lang='lat' dir='ltr'><strong>bii</strong></span> <span class='ocrx_word' id='word_1_550' title='bbox 2324 2176 2401 2231; x_wconf 91' lang='lat' dir='ltr'><strong>ad</strong></span> <span class='ocrx_word' id='word_1_551' title='bbox 2432 2175 2578 2231; x_wconf 85' lang='lat' dir='ltr'><strong>illud</strong></span> <span class='ocrx_word' id='word_1_552' title='bbox 2606 2191 2759 2247; x_wconf 91' lang='lat' dir='ltr'><strong>opus</strong></span> <span class='ocrx_word' id='word_1_553' title='bbox 2787 2175 2870 2232; x_wconf 91' lang='lat' dir='ltr'><strong>ire</strong></span> <span class='ocrx_word' id='word_1_554' title='bbox 2902 2175 3227 2249; x_wconf 90' lang='lat' dir='ltr'><strong>compellit.</strong></span> <span class='ocrx_word' id='word_1_555' title='bbox 3272 2178 3564 2249; x_wconf 84' lang='lat' dir='ltr'><strong>Repertum</strong></span> <span class='ocrx_word' id='word_1_556' title='bbox 3598 2178 3672 2231; x_wconf 89' lang='lat' dir='ltr'><strong>est</strong></span> <span class='ocrx_word' id='word_1_557' title='bbox 3707 2174 3773 2242; x_wconf 45' lang='lat' dir='ltr'><strong>igi‘</strong></span> 
     </span>
    </p>
   </div>
   <div class='ocr_carea' id='block_1_84' title="bbox 2213 2262 3773 2339">
    <p class='ocr_par' dir='ltr' id='par_1_84' title="bbox 2213 2262 3773 2339">
     <span class='ocr_line' id='line_1_84' title="bbox 2213 2262 3773 2339; baseline 0 -21"><span class='ocrx_word' id='word_1_558' title='bbox 2213 2267 2306 2319; x_wconf 91' lang='lat' dir='ltr'><strong>tur</strong></span> <span class='ocrx_word' id='word_1_559' title='bbox 2329 2264 2558 2335; x_wconf 90' lang='lat' dir='ltr'><strong>judicio</strong></span> <span class='ocrx_word' id='word_1_560' title='bbox 2585 2268 2793 2321; x_wconf 91' lang='lat' dir='ltr'><strong>nostro</strong></span> <span class='ocrx_word' id='word_1_561' title='bbox 2825 2269 2883 2321; x_wconf 91' lang='lat' dir='ltr'><strong>et</strong></span> <span class='ocrx_word' id='word_1_562' title='bbox 2907 2268 3253 2321; x_wconf 88' lang='lat' dir='ltr'><strong>nostrorum</strong></span> <span class='ocrx_word' id='word_1_563' title='bbox 3291 2264 3616 2339; x_wconf 89' lang='lat' dir='ltr'><strong>principum,</strong></span> <span class='ocrx_word' id='word_1_564' title='bbox 3660 2262 3773 2335; x_wconf 81' lang='lat' dir='ltr'><strong>quia,</strong></span> 
     </span>
    </p>
   </div>
   <div class='ocr_carea' id='block_1_85' title="bbox 2211 2352 3773 2426">
    <p class='ocr_par' dir='ltr' id='par_1_85' title="bbox 2211 2352 3773 2426">
     <span class='ocr_line' id='line_1_85' title="bbox 2211 2352 3773 2426; baseline -0.003 -18"><span class='ocrx_word' id='word_1_565' title='bbox 2211 2368 2350 2411; x_wconf 90' lang='lat' dir='ltr'><strong>cum</strong></span> <span class='ocrx_word' id='word_1_566' title='bbox 2405 2370 2583 2409; x_wconf 91' lang='lat' dir='ltr'><strong>suum</strong></span> <span class='ocrx_word' id='word_1_567' title='bbox 2635 2352 2998 2410; x_wconf 85' lang='lat' dir='ltr'><strong>beneﬁcium</strong></span> <span class='ocrx_word' id='word_1_568' title='bbox 3056 2370 3132 2409; x_wconf 85' lang='lat' dir='ltr'><strong>ex</strong></span> <span class='ocrx_word' id='word_1_569' title='bbox 3185 2352 3418 2410; x_wconf 90' lang='lat' dir='ltr'><strong>abbatia</strong></span> <span class='ocrx_word' id='word_1_570' title='bbox 3459 2352 3576 2426; x_wconf 89' lang='lat' dir='ltr'><strong>ipsa</strong></span> <span class='ocrx_word' id='word_1_571' title='bbox 3596 2354 3773 2424; x_wconf 81' lang='lat' dir='ltr'><strong>propter</strong></span> 
     </span>
    </p>
   </div>
   <div class='ocr_carea' id='block_1_86' title="bbox 2210 2438 3771 2516">
    <p class='ocr_par' dir='ltr' id='par_1_86' title="bbox 2210 2438 3771 2516">
     <span class='ocr_line' id='line_1_86' title="bbox 2210 2438 3771 2516; baseline -0.004 -17"><span class='ocrx_word' id='word_1_572' title='bbox 2210 2442 2669 2501; x_wconf 90' lang='lat' dir='ltr'><strong>advocationem</strong></span> <span class='ocrx_word' id='word_1_573' title='bbox 2716 2442 2953 2511; x_wconf 88' lang='lat' dir='ltr'><strong>habeat,</strong></span> <span class='ocrx_word' id='word_1_574' title='bbox 2999 2442 3371 2516; x_wconf 89' lang='lat' dir='ltr'><strong>supradictas</strong></span> <span class='ocrx_word' id='word_1_575' title='bbox 3407 2438 3771 2499; x_wconf 81' lang='lat' dir='ltr'><strong>consuetudines</strong></span> 
     </span>
    </p>
   </div>
   <div class='ocr_carea' id='block_1_87' title="bbox 2209 2531 3873 2606">
    <p class='ocr_par' dir='ltr' id='par_1_87' title="bbox 2209 2531 3873 2606">
     <span class='ocr_line' id='line_1_87' title="bbox 2209 2531 3873 2606; baseline -0.003 -19"><span class='ocrx_word' id='word_1_576' title='bbox 2209 2532 2271 2588; x_wconf 92' lang='lat' dir='ltr'><strong>in</strong></span> <span class='ocrx_word' id='word_1_577' title='bbox 2302 2534 2504 2606; x_wconf 89' lang='lat' dir='ltr'><strong>ipsum</strong></span> <span class='ocrx_word' id='word_1_578' title='bbox 2532 2533 2970 2589; x_wconf 89' lang='lat' dir='ltr'><strong>monasterium</strong></span> <span class='ocrx_word' id='word_1_579' title='bbox 2999 2532 3225 2590; x_wconf 89' lang='lat' dir='ltr'><strong>habere</strong></span> <span class='ocrx_word' id='word_1_580' title='bbox 3254 2548 3371 2589; x_wconf 92' lang='lat' dir='ltr'><strong>non</strong></span> <span class='ocrx_word' id='word_1_581' title='bbox 3419 2531 3622 2593; x_wconf 87' lang='lat' dir='ltr'><strong>debeat,</strong></span> <span class='ocrx_word' id='word_1_582' title='bbox 3659 2543 3772 2584; x_wconf 78' lang='lat' dir='ltr'><strong>exce-</strong></span> <span class='ocrx_word' id='word_1_583' title='bbox 3868 2570 3873 2583; x_wconf 51' lang='grc' dir='ltr'><strong><em>λ</em></strong></span> 
     </span>
    </p>
   </div>
   <div class='ocr_carea' id='block_1_88' title="bbox 2210 2616 3772 2695">
    <p class='ocr_par' dir='ltr' id='par_1_88' title="bbox 2210 2616 3772 2695">
     <span class='ocr_line' id='line_1_88' title="bbox 2210 2616 3772 2695; baseline -0.005 -16"><span class='ocrx_word' id='word_1_584' title='bbox 2210 2627 2313 2695; x_wconf 90' lang='lat' dir='ltr'><strong>pto</strong></span> <span class='ocrx_word' id='word_1_585' title='bbox 2343 2623 2392 2677; x_wconf 92' lang='lat' dir='ltr'><strong>si</strong></span> <span class='ocrx_word' id='word_1_586' title='bbox 2423 2623 2615 2679; x_wconf 89' lang='lat' dir='ltr'><strong>abbas</strong></span> <span class='ocrx_word' id='word_1_587' title='bbox 2643 2622 2835 2695; x_wconf 91' lang='lat' dir='ltr'><strong>ipsius</strong></span> <span class='ocrx_word' id='word_1_588' title='bbox 2862 2621 2977 2678; x_wconf 91' lang='lat' dir='ltr'><strong>loci</strong></span> <span class='ocrx_word' id='word_1_589' title='bbox 3006 2622 3069 2678; x_wconf 89' lang='lat' dir='ltr'><strong>in</strong></span> <span class='ocrx_word' id='word_1_590' title='bbox 3100 2620 3523 2694; x_wconf 82' lang='lat' dir='ltr'><strong>expeditionem</strong></span> <span class='ocrx_word' id='word_1_591' title='bbox 3564 2617 3687 2687; x_wconf 79' lang='lat' dir='ltr'><strong>regis</strong></span> <span class='ocrx_word' id='word_1_592' title='bbox 3718 2616 3772 2671; x_wconf 84' lang='lat' dir='ltr'><strong>ire</strong></span> 
     </span>
    </p>
   </div>
   <div class='ocr_carea' id='block_1_89' title="bbox 2208 2703 3771 2782">
    <p class='ocr_par' dir='ltr' id='par_1_89' title="bbox 2208 2703 3771 2782">
     <span class='ocr_line' id='line_1_89' title="bbox 2208 2703 3771 2782; baseline -0.006 -14"><span class='ocrx_word' id='word_1_593' title='bbox 2208 2712 2472 2782; x_wconf 89' lang='lat' dir='ltr'><strong>deberet,</strong></span> <span class='ocrx_word' id='word_1_594' title='bbox 2504 2719 2561 2768; x_wconf 91' lang='lat' dir='ltr'><strong>et</strong></span> <span class='ocrx_word' id='word_1_595' title='bbox 2587 2728 2727 2768; x_wconf 91' lang='lat' dir='ltr'><strong>eum</strong></span> <span class='ocrx_word' id='word_1_596' title='bbox 2754 2728 2957 2769; x_wconf 87' lang='lat' dir='ltr'><strong>secum</strong></span> <span class='ocrx_word' id='word_1_597' title='bbox 2987 2710 3069 2767; x_wconf 90' lang='lat' dir='ltr'><strong>ire</strong></span> <span class='ocrx_word' id='word_1_598' title='bbox 3095 2711 3359 2782; x_wconf 86' lang='lat' dir='ltr'><strong>jusserit,</strong></span> <span class='ocrx_word' id='word_1_599' title='bbox 3408 2714 3501 2766; x_wconf 89' lang='lat' dir='ltr'><strong>aut</strong></span> <span class='ocrx_word' id='word_1_600' title='bbox 3542 2724 3630 2782; x_wconf 89' lang='lat' dir='ltr'><strong>per</strong></span> <span class='ocrx_word' id='word_1_601' title='bbox 3666 2722 3710 2761; x_wconf 82' lang='lat' dir='ltr'><strong>se</strong></span> <span class='ocrx_word' id='word_1_602' title='bbox 3730 2703 3771 2759; x_wconf 88' lang='lat' dir='ltr'><strong>il-</strong></span> 
     </span>
    </p>
   </div>
   <div class='ocr_carea' id='block_1_90' title="bbox 2207 2791 3770 2873">
    <p class='ocr_par' dir='ltr' id='par_1_90' title="bbox 2207 2791 3770 2873">
     <span class='ocr_line' id='line_1_90' title="bbox 2207 2791 3770 2873; baseline -0.006 -18"><span class='ocrx_word' id='word_1_603' title='bbox 2207 2799 2334 2857; x_wconf 90' lang='lat' dir='ltr'><strong>lum</strong></span> <span class='ocrx_word' id='word_1_604' title='bbox 2366 2817 2505 2859; x_wconf 89' lang='lat' dir='ltr'><strong>cum</strong></span> <span class='ocrx_word' id='word_1_605' title='bbox 2536 2800 2659 2855; x_wconf 88' lang='lat' dir='ltr'><strong>suis</strong></span> <span class='ocrx_word' id='word_1_606' title='bbox 2690 2799 2977 2859; x_wconf 90' lang='lat' dir='ltr'><strong>militibus</strong></span> <span class='ocrx_word' id='word_1_607' title='bbox 3017 2799 3101 2857; x_wconf 90' lang='lat' dir='ltr'><strong>ire</strong></span> <span class='ocrx_word' id='word_1_608' title='bbox 3134 2798 3467 2873; x_wconf 64' lang='lat' dir='ltr'><strong>praeceperit</strong></span> <span class='ocrx_word' id='word_1_609' title='bbox 3502 2814 3514 2852; x_wconf 91' lang='lat'><strong>:</strong></span> <span class='ocrx_word' id='word_1_610' title='bbox 3554 2802 3664 2851; x_wconf 87' lang='lat' dir='ltr'><strong>tunc</strong></span> <span class='ocrx_word' id='word_1_611' title='bbox 3697 2791 3770 2847; x_wconf 86' lang='lat' dir='ltr'><strong>sibi</strong></span> 
     </span>
    </p>
   </div>
   <div class='ocr_carea' id='block_1_91' title="bbox 439 2880 3771 2973">
    <p class='ocr_par' dir='ltr' id='par_1_91' title="bbox 439 2880 3771 2973">
     <span class='ocr_line' id='line_1_91' title="bbox 439 2880 3771 2973; baseline -0.001 -32"><span class='ocrx_word' id='word_1_612' title='bbox 439 2899 576 2941; x_wconf 87' lang='lat' dir='ltr'><strong>rum</strong></span> <span class='ocrx_word' id='word_1_613' title='bbox 605 2887 1109 2959; x_wconf 63' lang='lat' dir='ltr'><strong>praeceptionibus</strong></span> <span class='ocrx_word' id='word_1_614' title='bbox 1138 2890 1491 2959; x_wconf 89' lang='lat' dir='ltr'><strong>continetur,</strong></span> <span class='ocrx_word' id='word_1_615' title='bbox 1537 2908 1661 2949; x_wconf 88' lang='lat' dir='ltr'><strong>non</strong></span> <span class='ocrx_word' id='word_1_616' title='bbox 1700 2891 1898 2947; x_wconf 89' lang='lat' dir='ltr'><strong>solum</strong></span> <span class='ocrx_word' id='word_1_617' title='bbox 1927 2891 1988 2946; x_wconf 90' lang='lat' dir='ltr'><strong>in</strong></span> <span class='ocrx_word' id='word_1_618' title='bbox 2019 2890 2102 2946; x_wconf 87' lang='lat' dir='ltr'><strong>of-</strong></span> <span class='ocrx_word' id='word_1_619' title='bbox 2144 2930 2177 2973; x_wconf 30' lang='lat' dir='ltr'><strong>‘L</strong></span> <span class='ocrx_word' id='word_1_620' title='bbox 2210 2892 2490 2962; x_wconf 90' lang='lat' dir='ltr'><strong>sumptus</strong></span> <span class='ocrx_word' id='word_1_621' title='bbox 2517 2903 2590 2944; x_wconf 85' lang='lat' dir='ltr'><strong>ex</strong></span> <span class='ocrx_word' id='word_1_622' title='bbox 2618 2886 3035 2954; x_wconf 88' lang='lat' dir='ltr'><strong>advocatione,</strong></span> <span class='ocrx_word' id='word_1_623' title='bbox 3064 2902 3193 2947; x_wconf 91' lang='lat' dir='ltr'><strong>non</strong></span> <span class='ocrx_word' id='word_1_624' title='bbox 3234 2891 3423 2947; x_wconf 86' lang='lat' dir='ltr'><strong>tamen</strong></span> <span class='ocrx_word' id='word_1_625' title='bbox 3470 2884 3576 2943; x_wconf 90' lang='lat' dir='ltr'><strong>sine</strong></span> <span class='ocrx_word' id='word_1_626' title='bbox 3610 2880 3771 2973; x_wconf 68' lang='lat' dir='ltr'><strong>ratione</strong></span> 
     </span>
    </p>
   </div>
   <div class='ocr_carea' id='block_1_92' title="bbox 2208 2967 3771 3050">
    <p class='ocr_par' dir='ltr' id='par_1_92' title="bbox 2208 2967 3771 3050">
     <span class='ocr_line' id='line_1_92' title="bbox 2208 2967 3771 3050; baseline -0.008 -17"><span class='ocrx_word' id='word_1_627' title='bbox 2208 2978 2509 3050; x_wconf 88' lang='lat' dir='ltr'><strong>requirere</strong></span> <span class='ocrx_word' id='word_1_628' title='bbox 2536 2977 2745 3047; x_wconf 83' lang='lat' dir='ltr'><strong>liceat;</strong></span> <span class='ocrx_word' id='word_1_629' title='bbox 2774 2992 2885 3032; x_wconf 91' lang='lat' dir='ltr'><strong>nec</strong></span> <span class='ocrx_word' id='word_1_630' title='bbox 2917 2976 3098 3032; x_wconf 90' lang='lat' dir='ltr'><strong>aliam</strong></span> <span class='ocrx_word' id='word_1_631' title='bbox 3126 2975 3276 3045; x_wconf 82' lang='lat' dir='ltr'><strong>legis</strong></span> <span class='ocrx_word' id='word_1_632' title='bbox 3290 2973 3559 3049; x_wconf 84' lang='lat' dir='ltr'><strong>justitiam</strong></span> <span class='ocrx_word' id='word_1_633' title='bbox 3576 2971 3624 3027; x_wconf 91' lang='lat' dir='ltr'><strong>in</strong></span> <span class='ocrx_word' id='word_1_634' title='bbox 3646 2967 3771 3024; x_wconf 80' lang='lat' dir='ltr'><strong>abba-</strong></span> 
     </span>
    </p>
   </div>
   <div class='ocr_carea' id='block_1_93' title="bbox 2213 3058 3769 3137">
    <p class='ocr_par' dir='ltr' id='par_1_93' title="bbox 2213 3058 3769 3137">
     <span class='ocr_line' id='line_1_93' title="bbox 2213 3058 3769 3137; baseline -0.01 -13"><span class='ocrx_word' id='word_1_635' title='bbox 2213 3068 2292 3123; x_wconf 93' lang='lat' dir='ltr'><strong>tia</strong></span> <span class='ocrx_word' id='word_1_636' title='bbox 2320 3067 2558 3133; x_wconf 90' lang='lat' dir='ltr'><strong>habeat,</strong></span> <span class='ocrx_word' id='word_1_637' title='bbox 2591 3065 2705 3122; x_wconf 91' lang='lat' dir='ltr'><strong>nisi</strong></span> <span class='ocrx_word' id='word_1_638' title='bbox 2735 3071 2839 3121; x_wconf 89' lang='lat' dir='ltr'><strong>aut</strong></span> <span class='ocrx_word' id='word_1_639' title='bbox 2864 3066 3063 3137; x_wconf 90' lang='lat' dir='ltr'><strong>major</strong></span> <span class='ocrx_word' id='word_1_640' title='bbox 3091 3064 3353 3132; x_wconf 86' lang='lat' dir='ltr'><strong>abbatis,</strong></span> <span class='ocrx_word' id='word_1_641' title='bbox 3385 3069 3478 3125; x_wconf 91' lang='lat' dir='ltr'><strong>aut</strong></span> <span class='ocrx_word' id='word_1_642' title='bbox 3504 3058 3769 3136; x_wconf 62' lang='lat' dir='ltr'><strong>praepositus</strong></span> 
     </span>
    </p>
   </div>
   <div class='ocr_carea' id='block_1_94' title="bbox 2209 3153 3767 3231">
    <p class='ocr_par' dir='ltr' id='par_1_94' title="bbox 2209 3153 3767 3231">
     <span class='ocr_line' id='line_1_94' title="bbox 2209 3153 3767 3231; baseline -0.006 -19"><span class='ocrx_word' id='word_1_643' title='bbox 2209 3156 2418 3231; x_wconf 89' lang='lat' dir='ltr'><strong>ipsius,</strong></span> <span class='ocrx_word' id='word_1_644' title='bbox 2450 3156 2541 3213; x_wconf 90' lang='lat' dir='ltr'><strong>vel</strong></span> <span class='ocrx_word' id='word_1_645' title='bbox 2567 3156 2824 3228; x_wconf 85' lang='lat' dir='ltr'><strong>ipsemet</strong></span> <span class='ocrx_word' id='word_1_646' title='bbox 2853 3155 3046 3211; x_wconf 88' lang='lat' dir='ltr'><strong>abbas</strong></span> <span class='ocrx_word' id='word_1_647' title='bbox 3080 3171 3226 3211; x_wconf 90' lang='lat' dir='ltr'><strong>cum</strong></span> <span class='ocrx_word' id='word_1_648' title='bbox 3256 3153 3550 3211; x_wconf 87' lang='lat' dir='ltr'><strong>mutaverit</strong></span> <span class='ocrx_word' id='word_1_649' title='bbox 3574 3162 3707 3221; x_wconf 82' lang='lat' dir='ltr'><strong>super</strong></span> <span class='ocrx_word' id='word_1_650' title='bbox 3728 3159 3767 3198; x_wconf 84' lang='lat' dir='ltr'><strong>se</strong></span> 
     </span>
    </p>
   </div>
   <div class='ocr_carea' id='block_1_95' title="bbox 2210 3236 3766 3319">
    <p class='ocr_par' dir='ltr' id='par_1_95' title="bbox 2210 3236 3766 3319">
     <span class='ocr_line' id='line_1_95' title="bbox 2210 3236 3766 3319; baseline 0 -16"><span class='ocrx_word' id='word_1_651' title='bbox 2210 3248 2445 3317; x_wconf 75' lang='lat' dir='ltr'><strong>exigere</strong></span> <span class='ocrx_word' id='word_1_652' title='bbox 2472 3246 2769 3318; x_wconf 90' lang='lat' dir='ltr'><strong>justitiam</strong></span> <span class='ocrx_word' id='word_1_653' title='bbox 2801 3245 2915 3302; x_wconf 90' lang='lat' dir='ltr'><strong>sibi</strong></span> <span class='ocrx_word' id='word_1_654' title='bbox 2944 3261 3067 3301; x_wconf 91' lang='lat' dir='ltr'><strong>non</strong></span> <span class='ocrx_word' id='word_1_655' title='bbox 3094 3245 3372 3319; x_wconf 90' lang='lat' dir='ltr'><strong>potuerit,</strong></span> <span class='ocrx_word' id='word_1_656' title='bbox 3402 3247 3454 3299; x_wconf 91' lang='lat' dir='ltr'><strong>et</strong></span> <span class='ocrx_word' id='word_1_657' title='bbox 3475 3242 3540 3298; x_wconf 90' lang='lat' dir='ltr'><strong>de</strong></span> <span class='ocrx_word' id='word_1_658' title='bbox 3559 3240 3662 3314; x_wconf 80' lang='lat' dir='ltr'><strong>ipsa</strong></span> <span class='ocrx_word' id='word_1_659' title='bbox 3682 3236 3766 3303; x_wconf 75' lang='grc' dir='ltr'><strong>Ῐθεθ</strong></span> 
     </span>
    </p>
   </div>
   <div class='ocr_carea' id='block_1_96' title="bbox 2208 3324 3768 3408">
    <p class='ocr_par' dir='ltr' id='par_1_96' title="bbox 2208 3324 3768 3408">
     <span class='ocr_line' id='line_1_96' title="bbox 2208 3324 3768 3408; baseline -0.006 -17"><span class='ocrx_word' id='word_1_660' title='bbox 2208 3337 2442 3392; x_wconf 87' lang='lat' dir='ltr'><strong>tertiam</strong></span> <span class='ocrx_word' id='word_1_661' title='bbox 2473 3340 2705 3408; x_wconf 89' lang='lat' dir='ltr'><strong>partem</strong></span> <span class='ocrx_word' id='word_1_662' title='bbox 2737 3334 2981 3390; x_wconf 91' lang='lat' dir='ltr'><strong>habeat.</strong></span> <span class='ocrx_word' id='word_1_663' title='bbox 3015 3337 3133 3390; x_wconf 86' lang='lat' dir='ltr'><strong>Nec</strong></span> <span class='ocrx_word' id='word_1_664' title='bbox 3165 3339 3423 3391; x_wconf 88' lang='lat' dir='ltr'><strong>castrum</strong></span> <span class='ocrx_word' id='word_1_665' title='bbox 3450 3330 3609 3405; x_wconf 87' lang='lat' dir='ltr'><strong>ipsius</strong></span> <span class='ocrx_word' id='word_1_666' title='bbox 3646 3324 3768 3383; x_wconf 72' lang='lat' dir='ltr'><strong>advo-</strong></span> 
     </span>
    </p>
   </div>
   <div class='ocr_carea' id='block_1_97' title="bbox 2211 3422 3765 3496">
    <p class='ocr_par' dir='ltr' id='par_1_97' title="bbox 2211 3422 3765 3496">
     <span class='ocr_line' id='line_1_97' title="bbox 2211 3422 3765 3496; baseline -0.008 -15"><span class='ocrx_word' id='word_1_667' title='bbox 2211 3424 2325 3483; x_wconf 91' lang='lat' dir='ltr'><strong>cati</strong></span> <span class='ocrx_word' id='word_1_668' title='bbox 2354 3425 2432 3487; x_wconf 83' lang='lat' dir='ltr'><strong>ab</strong></span> <span class='ocrx_word' id='word_1_669' title='bbox 2462 3423 2811 3483; x_wconf 89' lang='lat' dir='ltr'><strong>hominibus</strong></span> <span class='ocrx_word' id='word_1_670' title='bbox 2840 3423 3029 3496; x_wconf 91' lang='lat' dir='ltr'><strong>ipsius</strong></span> <span class='ocrx_word' id='word_1_671' title='bbox 3085 3422 3327 3481; x_wconf 90' lang='lat' dir='ltr'><strong>abbatis</strong></span> <span class='ocrx_word' id='word_1_672' title='bbox 3372 3423 3591 3491; x_wconf 85' lang='lat' dir='ltr'><strong>cogatur</strong></span> <span class='ocrx_word' id='word_1_673' title='bbox 3634 3424 3765 3486; x_wconf 85' lang='lat' dir='ltr'><strong>neque</strong></span> 
     </span>
    </p>
   </div>
   <div class='ocr_carea' id='block_1_98' title="bbox 2208 3499 3765 3587">
    <p class='ocr_par' dir='ltr' id='par_1_98' title="bbox 2208 3499 3765 3587">
     <span class='ocr_line' id='line_1_98' title="bbox 2208 3499 3765 3587; baseline -0.008 -18"><span class='ocrx_word' id='word_1_674' title='bbox 2208 3513 2337 3569; x_wconf 85' lang='lat' dir='ltr'><strong>ﬁeri</strong></span> <span class='ocrx_word' id='word_1_675' title='bbox 2386 3529 2583 3587; x_wconf 89' lang='lat' dir='ltr'><strong>neque</strong></span> <span class='ocrx_word' id='word_1_676' title='bbox 2636 3512 2950 3577; x_wconf 88' lang='lat' dir='ltr'><strong>reﬁrmari,</strong></span> <span class='ocrx_word' id='word_1_677' title='bbox 3008 3527 3121 3568; x_wconf 91' lang='lat' dir='ltr'><strong>nec</strong></span> <span class='ocrx_word' id='word_1_678' title='bbox 3173 3512 3237 3568; x_wconf 89' lang='lat' dir='ltr'><strong>in</strong></span> <span class='ocrx_word' id='word_1_679' title='bbox 3276 3510 3409 3568; x_wconf 86' lang='lat' dir='ltr'><strong>villa</strong></span> <span class='ocrx_word' id='word_1_680' title='bbox 3449 3508 3619 3580; x_wconf 86' lang='lat' dir='ltr'><strong>aliqua</strong></span> <span class='ocrx_word' id='word_1_681' title='bbox 3641 3499 3765 3577; x_wconf 81' lang='lat' dir='ltr'><strong>ipsius</strong></span> 
     </span>
    </p>
   </div>
   <div class='ocr_carea' id='block_1_99' title="bbox 2210 3594 3764 3666">
    <p class='ocr_par' dir='ltr' id='par_1_99' title="bbox 2210 3594 3764 3666">
     <span class='ocr_line' id='line_1_99' title="bbox 2210 3594 3764 3666; baseline -0.006 -8"><span class='ocrx_word' id='word_1_682' title='bbox 2210 3603 2467 3659; x_wconf 67' lang='lat' dir='ltr'><strong>abbatiaa</strong></span> <span class='ocrx_word' id='word_1_683' title='bbox 2496 3618 2619 3659; x_wconf 92' lang='lat' dir='ltr'><strong>non</strong></span> <span class='ocrx_word' id='word_1_684' title='bbox 2650 3602 2946 3666; x_wconf 90' lang='lat' dir='ltr'><strong>comedat,</strong></span> <span class='ocrx_word' id='word_1_685' title='bbox 2980 3601 3097 3658; x_wconf 90' lang='lat' dir='ltr'><strong>nisi</strong></span> <span class='ocrx_word' id='word_1_686' title='bbox 3129 3601 3277 3658; x_wconf 84' lang='lat' dir='ltr'><strong>forte</strong></span> <span class='ocrx_word' id='word_1_687' title='bbox 3324 3599 3500 3657; x_wconf 87' lang='lat' dir='ltr'><strong>abbas</strong></span> <span class='ocrx_word' id='word_1_688' title='bbox 3536 3594 3669 3651; x_wconf 88' lang='lat' dir='ltr'><strong>illum</strong></span> <span class='ocrx_word' id='word_1_689' title='bbox 3702 3601 3764 3641; x_wconf 56' lang='grc' dir='ltr'><strong>τιν</strong></span> 
     </span>
    </p>
   </div>
   <div class='ocr_carea' id='block_1_100' title="bbox 2210 3686 3764 3764">
    <p class='ocr_par' dir='ltr' id='par_1_100' title="bbox 2210 3686 3764 3764">
     <span class='ocr_line' id='line_1_100' title="bbox 2210 3686 3764 3764; baseline -0.007 -16"><span class='ocrx_word' id='word_1_690' title='bbox 2210 3692 2453 3763; x_wconf 90' lang='lat' dir='ltr'><strong>caverit,</strong></span> <span class='ocrx_word' id='word_1_691' title='bbox 2468 3697 2570 3748; x_wconf 91' lang='lat' dir='ltr'><strong>aut</strong></span> <span class='ocrx_word' id='word_1_692' title='bbox 2598 3690 2958 3764; x_wconf 85' lang='lat' dir='ltr'><strong>praepositus</strong></span> <span class='ocrx_word' id='word_1_693' title='bbox 2991 3690 3141 3749; x_wconf 77' lang='lat' dir='ltr'><strong>villae</strong></span> <span class='ocrx_word' id='word_1_694' title='bbox 3172 3707 3281 3763; x_wconf 89' lang='lat' dir='ltr'><strong>pro</strong></span> <span class='ocrx_word' id='word_1_695' title='bbox 3312 3706 3416 3748; x_wconf 91' lang='lat' dir='ltr'><strong>sua</strong></span> <span class='ocrx_word' id='word_1_696' title='bbox 3442 3686 3764 3747; x_wconf 53' lang='lat' dir='ltr'><strong>utilitatum</strong></span> 
     </span>
    </p>
   </div>
   <div class='ocr_carea' id='block_1_101' title="bbox 2208 3778 3763 3852">
    <p class='ocr_par' dir='ltr' id='par_1_101' title="bbox 2208 3778 3763 3852">
     <span class='ocr_line' id='line_1_101' title="bbox 2208 3778 3763 3852; baseline -0.006 -16"><span class='ocrx_word' id='word_1_697' title='bbox 2208 3780 2517 3836; x_wconf 89' lang='lat' dir='ltr'><strong>hominem</strong></span> <span class='ocrx_word' id='word_1_698' title='bbox 2549 3780 2736 3852; x_wconf 90' lang='lat' dir='ltr'><strong>ipsius</strong></span> <span class='ocrx_word' id='word_1_699' title='bbox 2761 3779 3018 3835; x_wconf 70' lang='lat' dir='ltr'><strong>abbatia:</strong></span> <span class='ocrx_word' id='word_1_700' title='bbox 3044 3779 3124 3834; x_wconf 90' lang='lat' dir='ltr'><strong>ad</strong></span> <span class='ocrx_word' id='word_1_701' title='bbox 3151 3779 3431 3852; x_wconf 87' lang='lat' dir='ltr'><strong>placitum</strong></span> <span class='ocrx_word' id='word_1_702' title='bbox 3480 3787 3629 3831; x_wconf 88' lang='lat' dir='ltr'><strong>suum</strong></span> <span class='ocrx_word' id='word_1_703' title='bbox 3659 3778 3763 3822; x_wconf 74' lang='lat' dir='ltr'><strong>com-</strong></span> 
     </span>
    </p>
   </div>
   <div class='ocr_carea' id='block_1_102' title="bbox 2208 3858 3765 3943">
    <p class='ocr_par' dir='ltr' id='par_1_102' title="bbox 2208 3858 3765 3943">
     <span class='ocr_line' id='line_1_102' title="bbox 2208 3858 3765 3943; baseline -0.01 -18"><span class='ocrx_word' id='word_1_704' title='bbox 2208 3869 2391 3943; x_wconf 88' lang='lat' dir='ltr'><strong>pellat</strong></span> <span class='ocrx_word' id='word_1_705' title='bbox 2418 3886 2529 3942; x_wconf 89' lang='lat' dir='ltr'><strong>pro</strong></span> <span class='ocrx_word' id='word_1_706' title='bbox 2559 3869 2764 3942; x_wconf 89' lang='lat' dir='ltr'><strong>aliqua</strong></span> <span class='ocrx_word' id='word_1_707' title='bbox 2794 3868 3110 3925; x_wconf 90' lang='lat' dir='ltr'><strong>occasione</strong></span> <span class='ocrx_word' id='word_1_708' title='bbox 3146 3888 3160 3936; x_wconf 86' lang='lat'><strong>;</strong></span> <span class='ocrx_word' id='word_1_709' title='bbox 3216 3885 3325 3926; x_wconf 85' lang='lat' dir='ltr'><strong>nec</strong></span> <span class='ocrx_word' id='word_1_710' title='bbox 3375 3878 3590 3923; x_wconf 86' lang='lat' dir='ltr'><strong>causam</strong></span> <span class='ocrx_word' id='word_1_711' title='bbox 3624 3858 3765 3925; x_wconf 83' lang='lat' dir='ltr'><strong>despe-</strong></span> 
     </span>
    </p>
   </div>
   <div class='ocr_carea' id='block_1_103' title="bbox 2209 3954 3764 4035">
    <p class='ocr_par' dir='ltr' id='par_1_103' title="bbox 2209 3954 3764 4035">
     <span class='ocr_line' id='line_1_103' title="bbox 2209 3954 3764 4035; baseline -0.01 -19"><span class='ocrx_word' id='word_1_712' title='bbox 2209 3966 2339 4016; x_wconf 90' lang='lat' dir='ltr'><strong>ctus</strong></span> <span class='ocrx_word' id='word_1_713' title='bbox 2371 3959 2448 4016; x_wconf 91' lang='lat' dir='ltr'><strong>ab</strong></span> <span class='ocrx_word' id='word_1_714' title='bbox 2478 3959 2609 4033; x_wconf 91' lang='lat' dir='ltr'><strong>ipso</strong></span> <span class='ocrx_word' id='word_1_715' title='bbox 2641 3958 2926 4035; x_wconf 85' lang='lat' dir='ltr'><strong>requirat.</strong></span> <span class='ocrx_word' id='word_1_716' title='bbox 2956 3959 3124 4014; x_wconf 88' lang='lat' dir='ltr'><strong>Hanc</strong></span> <span class='ocrx_word' id='word_1_717' title='bbox 3164 3958 3343 4029; x_wconf 88' lang='lat' dir='ltr'><strong>igitur</strong></span> <span class='ocrx_word' id='word_1_718' title='bbox 3370 3954 3676 4015; x_wconf 87' lang='lat' dir='ltr'><strong>sanctionem</strong></span> <span class='ocrx_word' id='word_1_719' title='bbox 3696 3956 3764 4035; x_wconf 53' lang='lat' dir='ltr'><strong>ne</strong></span> 
     </span>
    </p>
   </div>
   <div class='ocr_carea' id='block_1_104' title="bbox 2209 4031 3765 4127">
    <p class='ocr_par' dir='ltr' id='par_1_104' title="bbox 2209 4031 3765 4127">
     <span class='ocr_line' id='line_1_104' title="bbox 2209 4031 3765 4127; baseline -0.006 -24"><span class='ocrx_word' id='word_1_720' title='bbox 2209 4052 2395 4103; x_wconf 89' lang='lat' dir='ltr'><strong>stram</strong></span> <span class='ocrx_word' id='word_1_721' title='bbox 2427 4031 2518 4104; x_wconf 25' lang='lat' dir='ltr'><strong>ac:</strong></span> <span class='ocrx_word' id='word_1_722' title='bbox 2538 4031 2877 4120; x_wconf 74' lang='lat' dir='ltr'><strong>principum</strong></span> <span class='ocrx_word' id='word_1_723' title='bbox 2925 4052 3296 4113; x_wconf 87' lang='lat' dir='ltr'><strong>nostrorum,</strong></span> <span class='ocrx_word' id='word_1_724' title='bbox 3354 4047 3395 4102; x_wconf 92' lang='lat' dir='ltr'><strong>si</strong></span> <span class='ocrx_word' id='word_1_725' title='bbox 3441 4045 3549 4117; x_wconf 88' lang='lat' dir='ltr'><strong>ipse</strong></span> 
     </span>
    </p>
   </div>
   <div class='ocr_carea' id='block_1_105' title="bbox 2209 4123 3764 4213">
    <p class='ocr_par' dir='ltr' id='par_1_105' title="bbox 2209 4123 3764 4213">
     <span class='ocr_line' id='line_1_105' title="bbox 2209 4123 3764 4213; baseline -0.006 -20"><span class='ocrx_word' id='word_1_726' title='bbox 2209 4142 2312 4193; x_wconf 87' lang='lat' dir='ltr'><strong>aut</strong></span> <span class='ocrx_word' id='word_1_727' title='bbox 2361 4152 2738 4193; x_wconf 89' lang='lat' dir='ltr'><strong>successores</strong></span> <span class='ocrx_word' id='word_1_728' title='bbox 2791 4136 2982 4213; x_wconf 91' lang='lat' dir='ltr'><strong>ipsius</strong></span> <span class='ocrx_word' id='word_1_729' title='bbox 3039 4136 3362 4210; x_wconf 87' lang='lat' dir='ltr'><strong>infringere</strong></span> <span class='ocrx_word' id='word_1_730' title='bbox 3403 4123 3764 4213; x_wconf 57' lang='lat' dir='ltr'><strong>praesumpserit,</strong></span> 
     </span>
    </p>
   </div>
   <div class='ocr_carea' id='block_1_106' title="bbox 2207 4211 3766 4299">
    <p class='ocr_par' dir='ltr' id='par_1_106' title="bbox 2207 4211 3766 4299">
     <span class='ocr_line' id='line_1_106' title="bbox 2207 4211 3766 4299; baseline -0.006 -18"><span class='ocrx_word' id='word_1_731' title='bbox 2207 4225 2524 4299; x_wconf 88' lang='lat' dir='ltr'><strong>despectus</strong></span> <span class='ocrx_word' id='word_1_732' title='bbox 2554 4226 2743 4282; x_wconf 82' lang='lat' dir='ltr'><strong>nostri</strong></span> <span class='ocrx_word' id='word_1_733' title='bbox 2773 4212 3021 4299; x_wconf 72' lang='lat' dir='ltr'><strong>poenam</strong></span> <span class='ocrx_word' id='word_1_734' title='bbox 3050 4231 3109 4282; x_wconf 92' lang='lat' dir='ltr'><strong>et</strong></span> <span class='ocrx_word' id='word_1_735' title='bbox 3139 4224 3428 4284; x_wconf 90' lang='lat' dir='ltr'><strong>tremendi</strong></span> <span class='ocrx_word' id='word_1_736' title='bbox 3447 4217 3615 4295; x_wconf 88' lang='lat' dir='ltr'><strong>judicii</strong></span> <span class='ocrx_word' id='word_1_737' title='bbox 3647 4211 3766 4267; x_wconf 67' lang='lat' dir='ltr'><strong>dam-</strong></span> 
     </span>
    </p>
   </div>
   <div class='ocr_carea' id='block_1_107' title="bbox 2206 4302 3760 4388">
    <p class='ocr_par' dir='ltr' id='par_1_107' title="bbox 2206 4302 3760 4388">
     <span class='ocr_line' id='line_1_107' title="bbox 2206 4302 3760 4388; baseline -0.014 -19"><span class='ocrx_word' id='word_1_738' title='bbox 2206 4315 2511 4370; x_wconf 89' lang='lat' dir='ltr'><strong>nationem</strong></span> <span class='ocrx_word' id='word_1_739' title='bbox 2541 4331 2680 4370; x_wconf 90' lang='lat' dir='ltr'><strong>cum</strong></span> <span class='ocrx_word' id='word_1_740' title='bbox 2710 4320 3003 4388; x_wconf 88' lang='lat' dir='ltr'><strong>perpetua</strong></span> <span class='ocrx_word' id='word_1_741' title='bbox 3032 4309 3602 4372; x_wconf 82' lang='lat' dir='ltr'><strong>excommunicatione</strong></span> <span class='ocrx_word' id='word_1_742' title='bbox 3619 4302 3760 4355; x_wconf 88' lang='lat' dir='ltr'><strong>incur-</strong></span> 
     </span>
    </p>
   </div>
   <div class='ocr_carea' id='block_1_108' title="bbox 2203 4408 2358 4459">
    <p class='ocr_par' dir='ltr' id='par_1_108' title="bbox 2203 4408 2358 4459">
     <span class='ocr_line' id='line_1_108' title="bbox 2203 4408 2358 4459; baseline -0.006 0"><span class='ocrx_word' id='word_1_743' title='bbox 2203 4408 2358 4459; x_wconf 90' lang='lat' dir='ltr'><strong>rant.</strong></span> 
     </span>
    </p>
   </div>
   <div class='ocr_carea' id='block_1_109' title="bbox 2275 4478 3766 4549">
    <p class='ocr_par' dir='ltr' id='par_1_109' title="bbox 2275 4478 3766 4549">
     <span class='ocr_line' id='line_1_109' title="bbox 2275 4478 3766 4549; baseline -0.008 -2"><span class='ocrx_word' id='word_1_744' title='bbox 2275 4496 2419 4547; x_wconf 85' lang='lat' dir='ltr'><strong>Acta</strong></span> <span class='ocrx_word' id='word_1_745' title='bbox 2448 4504 2538 4548; x_wconf 91' lang='lat' dir='ltr'><strong>est</strong></span> <span class='ocrx_word' id='word_1_746' title='bbox 2562 4492 2689 4547; x_wconf 73' lang='lat' dir='ltr'><strong>haec</strong></span> <span class='ocrx_word' id='word_1_747' title='bbox 2717 4492 3057 4548; x_wconf 90' lang='lat' dir='ltr'><strong>constitutio</strong></span> <span class='ocrx_word' id='word_1_748' title='bbox 3082 4492 3147 4548; x_wconf 90' lang='lat' dir='ltr'><strong>in</strong></span> <span class='ocrx_word' id='word_1_749' title='bbox 3188 4492 3329 4549; x_wconf 92' lang='lat' dir='ltr'><strong>villa</strong></span> <span class='ocrx_word' id='word_1_750' title='bbox 3372 4480 3618 4547; x_wconf 88' lang='lat' dir='ltr'><strong>vocabulo</strong></span> <span class='ocrx_word' id='word_1_751' title='bbox 3651 4478 3766 4530; x_wconf 71' lang='grc' dir='ltr'><strong>Ροῐι³</strong></span> 
     </span>
    </p>
   </div>
   <div class='ocr_carea' id='block_1_110' title="bbox 2207 4564 3766 4653">
    <p class='ocr_par' dir='ltr' id='par_1_110' title="bbox 2207 4564 3766 4653">
     <span class='ocr_line' id='line_1_110' title="bbox 2207 4564 3766 4653; baseline -0.013 -15"><span class='ocrx_word' id='word_1_752' title='bbox 2207 4581 2781 4650; x_wconf 65' lang='lat' dir='ltr'><strong>Sanctae-Maxentius,</strong></span> <span class='ocrx_word' id='word_1_753' title='bbox 2814 4587 3101 4651; x_wconf 88' lang='lat' dir='ltr'><strong>regnante</strong></span> <span class='ocrx_word' id='word_1_754' title='bbox 3128 4582 3388 4653; x_wconf 86' lang='lat' dir='ltr'><strong>glorioso</strong></span> <span class='ocrx_word' id='word_1_755' title='bbox 3414 4592 3531 4647; x_wconf 85' lang='lat' dir='ltr'><strong>rege</strong></span> <span class='ocrx_word' id='word_1_756' title='bbox 3554 4564 3766 4625; x_wconf 82' lang='lat' dir='ltr'><strong>Rotberto</strong></span> 
     </span>
    </p>
   </div>
   <div class='ocr_carea' id='block_1_111' title="bbox 2206 4669 3172 4726">
    <p class='ocr_par' dir='ltr' id='par_1_111' title="bbox 2206 4669 3172 4726">
     <span class='ocr_line' id='line_1_111' title="bbox 2206 4669 3172 4726; baseline -0.002 -1"><span class='ocrx_word' id='word_1_757' title='bbox 2206 4685 2366 4725; x_wconf 92' lang='lat' dir='ltr'><strong>anno</strong></span> <span class='ocrx_word' id='word_1_758' title='bbox 2394 4669 2678 4726; x_wconf 90' lang='lat' dir='ltr'><strong>vicesimo</strong></span> <span class='ocrx_word' id='word_1_759' title='bbox 2703 4669 3025 4726; x_wconf 88' lang='lat' dir='ltr'><strong>indictione</strong></span> <span class='ocrx_word' id='word_1_760' title='bbox 3050 4685 3172 4726; x_wconf 79' lang='lat' dir='ltr'><strong>xiv.</strong></span> 
     </span>
    </p>
   </div>
   <div class='ocr_carea' id='block_1_112' title="bbox 2275 4757 3178 4830">
    <p class='ocr_par' dir='ltr' id='par_1_112' title="bbox 2275 4757 3178 4830">
     <span class='ocr_line' id='line_1_112' title="bbox 2275 4757 3178 4830; baseline -0.002 -15"><span class='ocrx_word' id='word_1_761' title='bbox 2275 4760 2316 4829; x_wconf 64' lang='lat'>+</span> <span class='ocrx_word' id='word_1_762' title='bbox 2358 4760 2413 4815; x_wconf 90' lang='lat' dir='ltr'><strong>S.</strong></span> <span class='ocrx_word' id='word_1_763' title='bbox 2442 4757 2701 4814; x_wconf 81' lang='lat' dir='ltr'><strong>Rotberti</strong></span> <span class='ocrx_word' id='word_1_764' title='bbox 2732 4757 2974 4828; x_wconf 89' lang='lat' dir='ltr'><strong>gloriosi</strong></span> <span class='ocrx_word' id='word_1_765' title='bbox 3001 4759 3178 4830; x_wconf 88' lang='lat' dir='ltr'><strong>regis.</strong></span> 
     </span>
    </p>
   </div>
   <div class='ocr_carea' id='block_1_113' title="bbox 2202 4849 3771 4990">
    <p class='ocr_par' dir='ltr' id='par_1_113' title="bbox 2202 4849 3771 4990">
     <span class='ocr_line' id='line_1_113' title="bbox 2202 4849 3771 4990; baseline -0.003 -16"><span class='ocrx_word' id='word_1_766' title='bbox 2202 4919 2578 4987; x_wconf 71' lang='lat' dir='ltr'><strong>Praeceptum</strong></span> <span class='ocrx_word' id='word_1_767' title='bbox 2606 4917 2878 4974; x_wconf 81' lang='lat' dir='ltr'><strong>Rotberti</strong></span> <span class='ocrx_word' id='word_1_768' title='bbox 2915 4849 3101 4990; x_wconf 42' lang='lat' dir='ltr'><strong>7&#39;35]le</strong></span> <span class='ocrx_word' id='word_1_769' title='bbox 3135 4933 3269 4990; x_wconf 83' lang='lat' dir='ltr'><strong>quo</strong></span> <span class='ocrx_word' id='word_1_770' title='bbox 3306 4912 3578 4990; x_wconf 68' lang='lat' dir='ltr'><strong>capellam</strong></span> <span class='ocrx_word' id='word_1_771' title='bbox 3620 4891 3771 4990; x_wconf 63' lang='grc' dir='ltr'><strong>δριξςξί</strong></span> 
     </span>
    </p>
   </div>
   <div class='ocr_carea' id='block_1_114' title="bbox 2274 4976 3768 5060">
    <p class='ocr_par' dir='ltr' id='par_1_114' title="bbox 2274 4976 3768 5060">
     <span class='ocr_line' id='line_1_114' title="bbox 2274 4976 3768 5060; baseline -0.003 -18"><span class='ocrx_word' id='word_1_772' title='bbox 2274 4976 2528 5044; x_wconf 60' lang='lat' dir='ltr'><strong>Joannis</strong></span> <span class='ocrx_word' id='word_1_773' title='bbox 2561 4991 2961 5060; x_wconf 55' lang='lat' dir='ltr'><strong>euangelista,</strong></span> <span class='ocrx_word' id='word_1_774' title='bbox 2983 4976 3092 5045; x_wconf 57' lang='lat' dir='ltr'><strong>&quot;in&#39;</strong></span> <span class='ocrx_word' id='word_1_775' title='bbox 3132 4976 3351 5045; x_wconf 63' lang='grc' dir='ltr'><strong>ΣΕάαα</strong></span> <span class='ocrx_word' id='word_1_776' title='bbox 3374 4976 3607 5060; x_wconf 31' lang='lat' dir='ltr'><strong>trinitate</strong></span> 
     </span>
    </p>
   </div>
   <div class='ocr_carea' id='block_1_115' title="bbox 2274 5049 3768 5127">
    <p class='ocr_par' dir='ltr' id='par_1_115' title="bbox 2274 5049 3768 5127">
     <span class='ocr_line' id='line_1_115' title="bbox 2274 5049 3768 5127; baseline -0.001 -12"><span class='ocrx_word' id='word_1_777' title='bbox 2274 5049 2829 5116; x_wconf 52' lang='lat' dir='ltr'><strong>Flaviniacensivbus</strong></span> <span class='ocrx_word' id='word_1_778' title='bbox 2884 5049 3193 5118; x_wconf 80' lang='lat' dir='ltr'><strong>monachis</strong></span> <span class='ocrx_word' id='word_1_779' title='bbox 3249 5058 3472 5127; x_wconf 76' lang='lat' dir='ltr'><strong>confert</strong></span> <span class='ocrx_word' id='word_1_780' title='bbox 3520 5050 3590 5107; x_wconf 74' lang='lat' dir='ltr'><strong>ad</strong></span> <span class='ocrx_word' id='word_1_781' title='bbox 3625 5049 3768 5114; x_wconf 60' lang='lat' dir='ltr'><strong>9m“</strong></span> 
     </span>
    </p>
   </div>
   <div class='ocr_carea' id='block_1_116' title="bbox 2277 5132 2805 5188">
    <p class='ocr_par' dir='ltr' id='par_1_116' title="bbox 2277 5132 2805 5188">
     <span class='ocr_line' id='line_1_116' title="bbox 2277 5132 2805 5188; baseline 0.004 -3"><span class='ocrx_word' id='word_1_782' title='bbox 2277 5132 2530 5188; x_wconf 87' lang='lat' dir='ltr'><strong>Amadei</strong></span> <span class='ocrx_word' id='word_1_783' title='bbox 2553 5132 2805 5188; x_wconf 82' lang='lat' dir='ltr'><strong>abbatis.</strong></span> 
     </span>
    </p>
   </div>
   <div class='ocr_carea' id='block_1_117' title="bbox 2826 5203 3231 5277">
    <p class='ocr_par' dir='ltr' id='par_1_117' title="bbox 2826 5203 3231 5277">
     <span class='ocr_line' id='line_1_117' title="bbox 2826 5203 3231 5277; baseline 0.002 -18"><span class='ocrx_word' id='word_1_784' title='bbox 2826 5203 3021 5277; x_wconf 80' lang='lat' dir='ltr'><strong>(Anno</strong></span> <span class='ocrx_word' id='word_1_785' title='bbox 3056 5204 3231 5275; x_wconf 75' lang='grc'><strong>1018).</strong></span> 
     </span>
    </p>
   </div>
   <div class='ocr_carea' id='block_1_118' title="bbox 2295 5269 3751 5368">
    <p class='ocr_par' dir='ltr' id='par_1_118' title="bbox 2295 5269 3751 5368">
     <span class='ocr_line' id='line_1_118' title="bbox 2295 5269 3751 5368; baseline 0.005 -22"><span class='ocrx_word' id='word_1_786' title='bbox 2295 5292 2576 5362; x_wconf 62' lang='grc' dir='ltr'><strong>[ΜΑΒιιιη</strong></span> <span class='ocrx_word' id='word_1_787' title='bbox 2607 5269 2862 5363; x_wconf 58' lang='grc' dir='ltr'><strong>Αηηαιξ,</strong></span> <span class='ocrx_word' id='word_1_788' title='bbox 2894 5293 3139 5361; x_wconf 82' lang='lat' dir='ltr'><strong>Bened.,</strong></span> <span class='ocrx_word' id='word_1_789' title='bbox 3172 5269 3315 5348; x_wconf 74' lang='lat' dir='ltr'><strong>tom.</strong></span> <span class='ocrx_word' id='word_1_790' title='bbox 3344 5288 3428 5354; x_wconf 84' lang='lat' dir='ltr'><strong>IV,</strong></span> <span class='ocrx_word' id='word_1_791' title='bbox 3456 5295 3579 5358; x_wconf 72' lang='lat' dir='ltr'><strong>p88-</strong></span> <span class='ocrx_word' id='word_1_792' title='bbox 3608 5269 3751 5368; x_wconf 40' lang='lat'><strong>257.1],</strong></span> 
     </span>
    </p>
   </div>
   <div class='ocr_carea' id='block_1_119' title="bbox 2280 5361 3768 5437">
    <p class='ocr_par' dir='ltr' id='par_1_119' title="bbox 2280 5361 3768 5437">
     <span class='ocr_line' id='line_1_119' title="bbox 2280 5361 3768 5437; baseline -0.011 0"><span class='ocrx_word' id='word_1_793' title='bbox 2280 5361 2340 5436; x_wconf 81' lang='lat' dir='ltr'><strong>In</strong></span> <span class='ocrx_word' id='word_1_794' title='bbox 2371 5381 2612 5437; x_wconf 90' lang='lat' dir='ltr'><strong>nomine</strong></span> <span class='ocrx_word' id='word_1_795' title='bbox 2645 5361 2897 5437; x_wconf 63' lang='lat' dir='ltr'><strong>summae</strong></span> <span class='ocrx_word' id='word_1_796' title='bbox 2928 5379 3229 5437; x_wconf 86' lang='lat' dir='ltr'><strong>Trinitatis</strong></span> <span class='ocrx_word' id='word_1_797' title='bbox 3259 5384 3313 5434; x_wconf 89' lang='lat' dir='ltr'><strong>et</strong></span> <span class='ocrx_word' id='word_1_798' title='bbox 3344 5368 3635 5432; x_wconf 64' lang='lat' dir='ltr'><strong>individuis</strong></span> <span class='ocrx_word' id='word_1_799' title='bbox 3680 5361 3768 5413; x_wconf 56' lang='grc' dir='ltr'><strong>ὕην</strong></span> 
     </span>
    </p>
   </div>
   <div class='ocr_carea' id='block_1_120' title="bbox 2206 5448 3769 5540">
    <p class='ocr_par' dir='ltr' id='par_1_120' title="bbox 2206 5448 3769 5540">
     <span class='ocr_line' id='line_1_120' title="bbox 2206 5448 3769 5540; baseline -0.019 -14"><span class='ocrx_word' id='word_1_800' title='bbox 2206 5469 2360 5538; x_wconf 86' lang='lat' dir='ltr'><strong>tatis,</strong></span> <span class='ocrx_word' id='word_1_801' title='bbox 2393 5485 2505 5540; x_wconf 88' lang='lat' dir='ltr'><strong>ego</strong></span> <span class='ocrx_word' id='word_1_802' title='bbox 2536 5472 2882 5540; x_wconf 77' lang='lat' dir='ltr'><strong>Rorasnrus,</strong></span> <span class='ocrx_word' id='word_1_803' title='bbox 2915 5471 3103 5540; x_wconf 88' lang='lat' dir='ltr'><strong>gratia</strong></span> <span class='ocrx_word' id='word_1_804' title='bbox 3142 5473 3199 5524; x_wconf 90' lang='lat' dir='ltr'><strong>et</strong></span> <span class='ocrx_word' id='word_1_805' title='bbox 3221 5463 3563 5534; x_wconf 86' lang='lat' dir='ltr'><strong>benignitate</strong></span> <span class='ocrx_word' id='word_1_806' title='bbox 3603 5448 3769 5508; x_wconf 86' lang='lat' dir='ltr'><strong>redem-</strong></span> 
     </span>
    </p>
   </div>
   <div class='ocr_carea' id='block_1_121' title="bbox 2207 5558 3102 5631">
    <p class='ocr_par' dir='ltr' id='par_1_121' title="bbox 2207 5558 3102 5631">
     <span class='ocr_line' id='line_1_121' title="bbox 2207 5558 3102 5631; baseline -0.001 -17"><span class='ocrx_word' id='word_1_807' title='bbox 2207 5558 2395 5631; x_wconf 90' lang='lat' dir='ltr'><strong>ptoris</strong></span> <span class='ocrx_word' id='word_1_808' title='bbox 2418 5560 2557 5614; x_wconf 86' lang='lat' dir='ltr'><strong>Jesu</strong></span> <span class='ocrx_word' id='word_1_809' title='bbox 2584 5574 2687 5617; x_wconf 86' lang='lat' dir='ltr'><strong>rex</strong></span> <span class='ocrx_word' id='word_1_810' title='bbox 2718 5560 3102 5617; x_wconf 88' lang='lat' dir='ltr'><strong>Francorum.</strong></span> 
     </span>
    </p>
   </div>
  </div>
