3984 6180
200 186 303 241 957

1704 183 2116 243 DlPLOKATA.

3522 198 3628 253 958

269 314 486 367 Notum
514 309 641 365 ﬁeri
675 309 950 367 volumus
975 310 1284 366 industriae
1329 310 1604 366 omnium
1638 311 1857 364 sancite
1888 310 1934 365 A
1966 307 2057 364 dis
2088 313 2143 367 et
2168 314 2588 387 prospectibus
2616 320 2821 374 nostra
2859 317 3205 374 auctoritate
3259 317 3626 376 stabiliendis

196 400 405 457 matris
438 399 728 461 Ecclesiae,
756 404 880 456 tam
912 399 1219 473 praesentis
1263 416 1447 472 quam
1480 399 1689 454 futurae
1722 402 1858 452 {eta-

198 490 270 546 tis
302 488 591 557 ﬁdelium,
624 488 790 561 quod
840 489 1088 562 quidam
1121 489 1423 545 Amadeus
1453 488 1644 543 abbas
1669 486 1859 543 Flavi-

196 578 496 635 niacensis
523 576 801 647 ccenobii,
832 577 891 632 in
921 577 1149 634 honore
1177 577 1366 634 beatri
1394 576 1543 633 Petri
1563 574 1861 651 apostolo-

198 685 333 725 rum
365 667 670 742 principis,
713 668 977 741 almique
1028 668 1290 739 Praejecti
1315 668 1594 741 martyris
1616 683 1685 723 ac
1714 682 1864 740 prte-

195 757 341 813 sulis
370 757 621 826 fundati,
675 756 754 813 ad
789 762 1057 814 nostram
1102 757 1481 830 praesentiam
1527 756 1860 827 accesserit,

198 851 413 922 petens
432 845 764 920 quamdam
788 846 1077 920 capellam
1096 847 1286 903 nostri
1297 846 1626 921 juris,infra
1642 846 1865 903 moenia

195 936 525 993 zEduorum
556 936 806 993 civitatis
837 936 1033 1004 sitam,
1058 941 1112 992 et
1158 936 1220 992 in
1250 935 1478 993 honore
1504 935 1664 992 beati
1692 939 1865 992 Joan-

194 1028 292 1084 nis
343 1026 717 1096 evangelista:
771 1026 1055 1095 dicatam,
1108 1026 1416 1094 supradito
1460 1026 1614 1097 loco,
1646 1025 1867 1082 scilicet

196 1115 554 1183 Flaviniaco,
614 1114 763 1181 dari,
818 1130 953 1187 quae
1002 1114 1287 1171 fratribus
1346 1115 1614 1187 praedicti
1643 1115 1757 1171 loci
1779 1115 1864 1172 ita

191 1208 324 1262 erat
352 1203 707 1273 necessaria,
737 1207 801 1259 ut
852 1202 1197 1276 hospitandi
1245 1219 1427 1259 causa
1470 1203 1555 1259 eis
1586 1208 1741 1259 esset
1769 1221 1865 1260 ex-

189 1293 473 1368 petenda.
509 1292 691 1364 Cujus
738 1293 940 1365 petitio
998 1308 1107 1348 nec
1166 1292 1293 1348 visa
1351 1296 1440 1348 est
1467 1292 1860 1363 refragahilis,

192 1398 309 1439 nec
359 1382 599 1452 injusta.
638 1381 695 1438 Si
726 1381 885 1437 enim
941 1381 1225 1437 omnibus
1265 1380 1716 1437 rationabilibus
1777 1387 1865 1440 est

194 1471 524 1528 favendum
557 1470 962 1543 petitionibus,
989 1474 1217 1544 quanto
1240 1470 1433 1541 magis
1452 1470 1689 1526 illorum
1710 1487 1860 1543 quo-

187 1578 327 1618 rum
357 1560 761 1617 remuneratio
786 1560 848 1615 in
879 1559 975 1616 die
995 1560 1235 1631 justitiee
1265 1565 1500 1617 constat
1521 1560 1863 1633 copiosior?

1966 402 2023 453 et
2050 399 2407 461 roborandis
2439 407 2759 479 cujusdam
2813 406 3072 474 cenobii,
3110 406 3354 465 nomine
3382 409 3625 467 Corma-

1965 486 2091 557 rici,
2114 488 2174 544 in
2204 492 2430 549 honore
2459 495 2556 551 Dei
2579 496 3006 568 omnipotentis
3028 501 3084 552 et
3102 497 3156 551 S.
3185 496 3348 551 Pauli
3375 498 3628 571 apostoli

1968 581 2309 637 constructi.
2340 587 2469 655 Ipse
2514 601 2781 657 namque
2834 585 3016 640 Fulco
3046 601 3251 641 comes
3302 587 3628 642 construxit

1968 683 2078 723 suo
2108 672 2374 744 tempore
2395 672 2455 728 in
2485 675 2770 730 comitatu
2797 674 3090 731 Turonico
3121 673 3431 730 castellum
3462 675 3628 748 quod

1968 763 2216 815 vocatur
2244 762 2675 834 Monsbasonis,
2721 763 2781 819 in
2820 767 2978 820 terra
3008 763 3194 836 ipsius
3244 762 3540 819 coanobii:
3573 765 3632 820 et

1970 846 2223 903 alterum
2252 852 2579 907 construxit
2608 851 2919 909 castellum
2948 853 3009 908 in
3040 852 3330 908 comitatu
3379 852 3627 907 Pictavi-

1968 951 2071 1007 no,
2100 937 2265 1008 quod
2294 944 2542 995 vocatur
2561 941 2946 1010 Mirebellum,
2968 947 3134 998 terrae
3151 941 3339 1014 ipsius
3369 940 3628 997 ccenobii

1968 1028 2333 1098 proximum.
2366 1031 2639 1087 Verentes
2669 1030 2873 1103 itaque
2901 1031 3181 1088 monachi
3205 1031 3334 1102 jam
3356 1030 3496 1086 dicti
3513 1046 3629 1084 coe-

1970 1116 2134 1173 nobii
2161 1132 2237 1175 ne
2267 1118 2483 1175 eadem
2512 1119 2753 1176 castella
2801 1121 2862 1178 in
2912 1121 3177 1179 futurum
3225 1120 3339 1177 sibi
3366 1120 3461 1177 vel
3502 1119 3626 1176 suis

1968 1205 2149 1261 rebus
2174 1206 2385 1264 nociva
2415 1212 2471 1264 et
2486 1208 2700 1265 infesta
2724 1209 2996 1278 existant,
3037 1209 3183 1267 adiit
3208 1208 3307 1265 nol
3334 1208 3425 1266 ilis
3450 1213 3508 1265 et
3532 1224 3624 1265 re-

1969 1294 2216 1363 ligiosus
2241 1295 2434 1351 abbas
2461 1296 2649 1368 ipsius
2670 1297 2803 1363 loci,
2833 1298 3078 1353 nomine
3100 1296 3627 1367 Teutbaldus,cum

1971 1384 2093 1440 suis
2124 1385 2458 1456 monachis,
2482 1386 2795 1459 praefatum
2818 1387 3099 1444 comitem
3121 1386 3462 1453 Fulconem,
3488 1388 3554 1443 ut
3570 1385 3630 1440 vi

1971 1488 2080 1527 sua
2107 1478 2285 1545 atque
2315 1475 2602 1547 potentia,
2653 1480 2950 1548 quantum
2981 1478 3205 1548 posset,
3236 1473 3550 1550 providere
3576 1476 3633 1530 et

1969 1560 2288 1632 prohibere
2311 1567 2547 1619 curaret
2569 1578 2644 1618 ne
2665 1563 2878 1619 eadem
2902 1562 3144 1619 castella
3170 1563 3295 1633 jam
3323 1562 3481 1619 dicto
3510 1577 3630 1617 cce-

194 1650 361 1707 Unde
391 1649 683 1723 quoniam
712 1649 852 1705 huic
884 1649 1077 1705 simile
1133 1649 1436 1706 multoties
1467 1649 1545 1706 ab
1601 1654 1859 1705 ante‘ces-
1898 1662 1939 1717 Β
1969 1648 2172 1718 nobio,
2199 1664 2309 1705 nec
2331 1649 2465 1707 ullis
2493 1651 2672 1707 rebus
2689 1651 2811 1707 suis
2830 1668 3101 1725 unquam
3125 1651 3387 1709 violenta
3417 1650 3629 1707 forent.

193 1740 437 1796 scribus
465 1739 686 1796 nostris
711 1738 1153 1811 frequentatum
1182 1740 1525 1796 audivimus
1555 1745 1609 1795 et
1633 1740 1860 1797 factita-

190 1832 345 1895 tum,
372 1827 623 1883 libenter
651 1826 952 1900 petitionis
981 1827 1137 1883 illius
1168 1829 1537 1900 praebuimus
1562 1829 1860 1893 effectum,

190 1923 497 1991 quatenus
552 1917 721 1973 locus
776 1933 935 1990 saepe
968 1921 1337 1983 nominatus,
1381 1916 1756 1973 Flaviniacus
1784 1914 1863 1970 vi-

194 2006 432 2071 delicet,
466 2009 522 2060 et
546 2007 829 2062 monachi
861 2006 942 2061 ibi
971 2006 1273 2075 degentes,
1334 2010 1513 2077 atque
1544 2005 1689 2061 inibi
1720 2004 1861 2060 divi-

196 2111 292 2150 na:
319 2094 610 2166 majestati
640 2094 1018 2159 famulantes,
1051 2099 1445 2166 prrtaxatam
1471 2094 1767 2166 capellam
1798 2093 1857 2151 in

188 2182 425 2238 honore
482 2182 671 2238 sancti
717 2183 960 2238 Joannis
1000 2182 1406 2252 evangelistaa,
1464 2187 1529 2238 ut
1571 2182 1855 2250 diximus,

185 2275 628 2336 consecratam,
683 2286 819 2325 cum
864 2270 1148 2326 omnibus
1192 2287 1324 2342 quae
1356 2271 1435 2326 ad
1462 2271 1657 2343 ipsam
1677 2274 1855 2343 perti-

183 2375 332 2415 nere
387 2358 685 2427 videntur,
740 2358 1182 2431 perpetualiter,
1238 2359 1403 2415 nullo
1466 2359 1853 2431 inquietante,

179 2448 474 2522 deinceps
497 2447 894 2520 possiderent.
944 2450 1015 2503 Et
1061 2453 1125 2504 ut
1154 2448 1487 2504 ﬁrmiorem
1517 2447 1739 2504 amodo
1780 2453 1857 2503 te-

179 2539 373 2595 nendi
400 2538 691 2595 haberent
721 2537 1227 2611 astipulationem,
1257 2539 1372 2593 hoc
1404 2537 1689 2611 scriptum
1718 2536 1857 2592 inde

177 2628 273 2684 eis
298 2627 425 2683 fieri
449 2627 765 2698 jussimus,
801 2631 858 2682 et
886 2626 1059 2696 sigilli
1088 2627 1273 2682 nostri
1296 2626 1689 2701 impressione
1718 2626 1857 2681 insi-

177 2716 345 2787 gniri
374 2716 795 2790 precepimus.

255 2811 471 2862 Actum
503 2805 704 2861 Edum
718 2821 880 2862 anno
901 2805 1224 2861 Dominicae
1247 2805 1676 2861 Incarnationis
1697 2806 1853 2871 1018,

174 2896 516 2952 indictione
554 2894 773 2967 prima,
826 2894 993 2965 regni
1046 2911 1187 2950 vero
1232 2895 1643 2964 gloriosissimi
1698 2895 1854 2964 regis

177 2983 450 3039 Rotberti
478 2999 622 3051 xxx,
656 2998 713 3036 ιιι
742 2981 996 3037 Kalend.
1055 2982 1307 3038 Martias.
1368 2985 1489 3053 Ego
1519 2982 1579 3038 in
1613 2982 1855 3038 nomine

175 3072 401 3129 Christi
455 3071 720 3127 Galterus
778 3070 1075 3127 cathedrae
1129 3070 1668 3140 Augustidunensis
1690 3070 1856 3126 urbis

173 3160 511 3234 episcopus
551 3158 805 3228 assensi,
845 3163 902 3214 et
929 3158 1173 3231 propria
1232 3175 1418 3214 manu
1456 3159 1709 3213 ﬁrmavi.
1770 3159 1856 3215 Si—

174 3266 380 3321 gnum
410 3249 678 3318 Hugonis
727 3247 995 3320 episcopi
1022 3248 1118 3318 (7).
1174 3250 1297 3316 Ego
1326 3246 1388 3302 in
1420 3246 1665 3303 nomine
1690 3246 1857 3325 ligni

175 3338 392 3397 Crucis
425 3336 750 3393 Balduinus
780 3340 999 3393 sanctae
1034 3335 1193 3391 sedis
1240 3336 1635 3392 Tarvanensis
1666 3336 1855 3391 antis-

175 3434 275 3484 tes
302 3427 640 3499 astipulavi.
678 3429 798 3496 Ego
829 3425 1224 3482 Theodericus
1250 3425 1692 3480 Aurelianensis
1715 3425 1856 3480 civi-

176 3516 324 3575 tatis
353 3517 670 3590 episcopus
725 3530 915 3570 manu
970 3515 1212 3588 propria
1268 3514 1672 3570 corroboravi.
1737 3518 1857 3584 Ego

178 3607 506 3664 Rotbcrtus
535 3608 658 3660 dux
709 3604 1206 3675 Burgundionum
1242 3606 1310 3677 (8)
1369 3604 1613 3677 propria
1670 3620 1856 3658 manu

175 3694 441 3751 ﬁrmavi.

870 3766 986 3818 VIII
1019 3763 1173 3834 (bis).

181 3856 567 3922 Praeceptum
596 3852 839 3907 Roberti
876 3853 1033 3921 regis
1064 3852 1440 3906 Francorum
1490 3850 1561 3905 de
1591 3855 1857 3905 constru-

259 3926 372 3979 s'lis
420 3924 681 3979 castellis
725 3924 1190 3978 Monte-Basone
1227 3929 1406 3992 atque
1444 3922 1779 3989 Mirebello,
1802 3927 1857 3976 et

261 4012 338 4051 ne
366 3997 504 4050 inde
526 3995 778 4065 aliquod
824 3996 1135 4063 inferatur
1183 3994 1618 4049 incommodum
1657 4007 1859 4047 mona-

260 4068 391 4124 chis
424 4067 1031 4123 Cormeriacensibus.

825 4157 1019 4225 (Anno
1056 4153 1232 4223 lOt8.)

185 4245 367 4316 [Dom
415 4246 695 4316 Maerens;
752 4242 920 4298 Thes.
980 4242 1303 4316 Anecdoct.
1339 4246 1480 4316 tom.
1514 4240 1556 4310 Ι,
1589 4239 1702 4316 col.
1737 4240 1855 4309 137,

372 4332 444 4370 ex
474 4314 727 4370 arcliivis
761 4312 1107 4370 monasterii
1137 4312 1680 4384 Cormeriacensis.]

262 4405 330 4458 ln
362 4404 603 4460 nomine
633 4403 870 4459 Domini
904 4402 1002 4457 Dei
1056 4406 1112 4457 et
1141 4400 1461 4457 Salvatoris
1504 4400 1690 4456 nostri
1719 4403 1861 4456 Jesu

186 4488 429 4555 Christi,
464 4491 809 4554 Roreenrcs,
843 4486 1047 4542 divina
1094 4485 1409 4542 ordinante
1458 4483 1855 4558 providentia,

187 4578 565 4634 Francorum
594 4593 717 4633 rex.

266 4667 327 4724 Si
352 4683 662 4723 servorum
688 4667 806 4735 Dei,
823 4682 1152 4737 eorumque
1179 4665 1442 4721 maxime
1463 4664 1588 4737 qui,
1606 4680 1717 4720 sua
1732 4681 1859 4720 om-

187 4756 745 4828 niarelinquentes,
776 4755 1072 4812 Christum
1104 4754 1271 4827 sequi
1295 4759 1859 4820 noscuntur,curam

188 4848 482 4921 gerimus,
510 4851 566 4902 et
592 4845 671 4901 ad
700 4846 914 4901 divinae
940 4845 1218 4918 potentiee
1244 4845 1303 4901 in
1319 4843 1465 4900 locis
1497 4847 1615 4899 Deo
1646 4843 1858 4899 dicatis

188 4937 392 4994 verius
424 4935 807 4992 serviendum
841 4934 1132 4990 auxilium
1162 4934 1544 5006 porrigimus,
1578 4932 1639 4988 id
1681 4933 1858 4988 nobis

189 5024 404 5099 procul
430 5023 618 5080 dubio
675 5023 756 5079 ad
785 5023 1104 5080 mortalem
1133 5023 1315 5079 vitam
1345 5038 1631 5096 prospere
1673 5021 1859 5077 dedu-

191 5115 474 5185 cendam,
506 5119 562 5170 et
588 5113 667 5169 ad
684 5117 971 5169 aeternam
993 5111 1235 5168 feliciter
1265 5112 1678 5183 obtinendam,
1698 5128 1859 5167 com-

188 5203 446 5260 modum
476 5202 791 5275 provenire
822 5202 1203 5257 confidimus.
1264 5200 1484 5255 Idcirco
1530 5206 1741 5255 notum
1788 5199 1861 5254 sit

192 5292 481 5350 omnibus
507 5296 729 5348 sanctae
750 5293 852 5347 Dei
865 5290 1142 5351 Ecclesia:
1166 5288 1464 5354 fidelibus,
1484 5293 1539 5342 et
1557 5289 1858 5363 praecipue

192 5382 374 5439 totius
400 5381 569 5452 regni
614 5380 1002 5453 primoribus,
1032 5378 1177 5451 quia
1208 5377 1353 5432 adiit
1396 5376 1622 5445 regiam
1653 5376 1859 5432 culmi-

190 5472 285 5528 nis
310 5470 499 5527 nostri
524 5469 945 5527 monarchiam
977 5466 1153 5523 Fulcu
1184 5482 1408 5535 comes,
1448 5481 1559 5539 pro
1593 5480 1858 5520 commo-

265 5651 344 5719 (7)
365 5647 918 5707 Antissiodorensis.

1971 1737 2190 1795 Deinde
2237 1743 2664 1808 suggesserunt
2686 1740 2813 1811 jam
2839 1740 3033 1795 dictus
3073 1739 3267 1796 abbas
3301 1742 3358 1794 et
3386 1739 3477 1795 sui
3506 1753 3632 1796 mo-

1969 1828 2146 1885 nachi
2175 1827 2287 1902 ipsi
2321 1828 2558 1885 Fulconi
2585 1834 2852 1886 nostram
2880 1829 3045 1885 adire
3089 1828 3503 1886 excellentiam
3544 1842 3631 1883 re-

1969 1915 2151 1984 giam,
2183 1920 2248 1971 ut
2274 1915 2440 1988 quod
2472 1916 2551 1971 ab
2609 1932 2681 1972 eo
2720 1917 2998 1990 precibus
3045 1915 3384 1985 exigebant,
3436 1915 3563 1989 ipse
3592 1930 3630 1972 a

1966 2009 2171 2061 nostra
2202 2005 2517 2061 serenitate
2549 2004 2920 2075 eﬂlagitaret,
2969 2006 3188 2078 scripto
3219 2008 3276 2060 et
3328 2007 3628 2077 praecepto

1964 2099 2182 2149 nostrae
2210 2094 2574 2152 auctoritatis
2603 2100 2797 2151 ratum
2829 2111 2898 2151 ac
2930 2094 3141 2151 stabile
3168 2094 3229 2150 in
3270 2096 3627 2167 perpetuum

1965 2184 2343 2239 confirmare.
2374 2183 2537 2240 ldein
2568 2199 2708 2240 vero
2740 2184 2915 2240 Fulco
2948 2200 3149 2240 comes
3180 2188 3303 2239 tam
3332 2182 3490 2239 dicto
3519 2180 3627 2237 ab-

1963 2272 2085 2329 bati
2116 2277 2173 2328 et
2201 2274 2323 2329 suQs
2361 2273 2694 2340 monachis,
2747 2278 2949 2345 utpote
3002 2272 3264 2328 maxime
3310 2269 3627 2340 religiosis,

1963 2362 2233 2418 maximo
2262 2361 2571 2418 devinctus
2602 2378 2828 2431 amore,
2856 2378 3047 2436 quam
3072 2360 3273 2434 potius
3302 2375 3413 2434 pro
3442 2373 3629 2415 reme-

1965 2450 2065 2506 dio
2104 2455 2161 2506 et
2192 2450 2381 2507 salute
2410 2450 2627 2507 animae
2667 2466 2790 2505 sua:
2840 2449 3177 2507 istiusmodi
3207 2464 3415 2504 eorum
3444 2445 3629 2521 preci-

1964 2539 2079 2593 bus
2110 2538 2587 2611 obtemperando
2609 2544 2666 2595 et
2686 2538 3056 2596 consulendo
3086 2537 3360 2610 promisit
3387 2552 3449 2594 se
3475 2552 3629 2593 sem-

1966 2642 2073 2699 per
2101 2633 2317 2701 praesto
2346 2643 2474 2683 esse
2504 2632 2561 2683 et
2587 2632 2867 2700 paratum
2896 2627 3041 2683 fore.
3069 2626 3205 2682 Ideo
3232 2625 3378 2681 adiit
3397 2624 3629 2693 magni-

1964 2712 2266 2769 ficentiam
2291 2717 2582 2781 nostram,
2632 2716 2690 2768 et
2716 2712 2846 2768 haec
2883 2727 3020 2785 quae
3062 2711 3354 2768 hactenus
3411 2709 3628 2781 depro-

1966 2803 2209 2870 mimus,
2265 2802 2509 2859 sollicite
2539 2802 2766 2860 studuit
2804 2802 3022 2859 nostris
3054 2801 3329 2858 intimare
3359 2798 3625 2856 auribus.

1965 2897 2081 2949 Nos
2112 2909 2251 2949 vero
2271 2893 2459 2967 ipsius
2493 2893 2763 2950 Fulconis
2796 2892 3191 2963 suggestioni,
3224 2894 3427 2966 utpote
3453 2887 3628 2947 nobis

1966 2982 2321 3053 ﬁdelissimi,
2352 2982 2604 3039 libenter
2629 2989 2685 3039 et
2722 2982 3039 3039 efﬁcaciter
3064 2980 3474 3049 assentientes,
3503 2977 3627 3035 imo

1964 3076 2030 3128 ut
2054 3073 2244 3142 gratia
2272 3090 2306 3128 ιι
2360 3074 2458 3129 Dei
2516 3073 2943 3145 omnipotentis
2994 3071 3362 3147 amplioremt
3404 3084 3621 3127 merea’

1964 3177 2121 3228 mur,
2154 3165 2212 3217 et
2242 3160 2559 3217 stabilitate
2588 3166 2645 3216 et
2672 3177 2821 3234 pace
2866 3160 3097 3216 diutina
3126 3163 3313 3217 nostri
3340 3157 3507 3227 regni
3532 3156 3627 3213 lte-

1967 3257 2181 3322 temur,
2212 3250 2625 3307 interdicimus
2673 3255 2731 3306 et
2766 3249 3159 3322 prohibemus
3183 3264 3288 3323 per
3342 3247 3458 3303 hoc
3488 3244 3627 3301 scri-

1965 3345 2136 3412 ptum
2169 3344 2225 3394 et
2274 3344 2643 3411 praaceptum
2677 3343 2894 3395 nostrae
2946 3335 3312 3394 auctoritatis
3338 3340 3402 3391 ut
3448 3348 3627 3391 nemo

1966 3443 2235 3500 unquam
2267 3428 2358 3495 sit,
2390 3443 2500 3484 nec
2527 3427 2795 3484 militaris
2820 3426 3165 3499 quisquam,
3196 3440 3306 3481 nec
3327 3421 3628 3497 quispiam

1963 3517 2169 3583 homo,
2201 3532 2310 3573 nec
2332 3517 2616 3590 quaelibet
2642 3532 2898 3591 persona
2926 3517 3000 3572 de
3031 3516 3176 3588 ipsis
3221 3513 3461 3571 duobus
3505 3528 3629 3571 cas-

1966 3604 2114 3663 tellis
2145 3604 2680 3678 supranominatis,
2709 3621 2818 3661 nec
2860 3605 2935 3661 de
2962 3602 3191 3663 cunctis
3220 3600 3349 3659 aliis
3374 3598 3628 3659 castellis

1964 3711 2100 3768 quin
2128 3699 2268 3751 sunt
2292 3695 2444 3766 juris
2471 3695 2665 3768 ipsius
2686 3694 2921 3752 comitis
2954 3693 3229 3751 Fulconis
3260 3691 3493 3758 existat,
3524 3689 3630 3765 qui

1965 3778 2155 3834 ullum
2186 3779 2554 3835 contrarium
2608 3796 2810 3849 usum,
2854 3795 3050 3851 neque
3107 3774 3627 3841 consuetudinem,

1966 3883 2161 3939 neque
2190 3867 2559 3937 violentiam,
2576 3884 2686 3923 nec
2713 3868 3094 3923 dominatum
3120 3867 3383 3933 irrogare
3410 3862 3633 3918 audeat

1966 3972 2076 4013 nec
2101 3963 2429 4029 praesumat
2444 3958 2571 4028 jam
2602 3957 2761 4012 dicto
2783 3954 3059 4010 coenobio
3087 3956 3141 4010 S.
3168 3950 3331 4007 Pauli
3352 3947 3628 4022 apostoli,

1967 4061 2077 4101 nec
2108 4044 2240 4101 ullis
2271 4044 2451 4100 rebus
2480 4044 2669 4115 ipsius
2701 4042 2981 4112 coenobii,
3013 4040 3125 4099 nisi
3154 4039 3308 4095 sicut
3355 4034 3632 4108 tempori-

1966 4134 2083 4190 bus
2128 4139 2584 4189 antecessorum
2614 4136 2956 4188 nostrorum
3006 4134 3206 4187 actum
3235 4132 3341 4196 est,
3376 4124 3631 4185 Lotharii

1969 4223 2243 4280 videlicet
2292 4225 2655 4279 Francorum
2700 4222 2878 4291 reg's,
2903 4226 2960 4278 et
2988 4219 3270 4290 genitoris
3294 4218 3484 4277 nostri
3514 4216 3633 4275 Hu-

1968 4313 2140 4383 gonis
2165 4312 2370 4369 itidem
2428 4313 2796 4368 Francorum
2826 4311 3002 4382 regis,
3035 4315 3091 4366 et
3144 4308 3515 4384 temporibus
3556 4307 3630 4364 si-

1967 4402 2213 4476 quidem
2266 4401 2535 4458 Fulconis
2594 4401 2850 4469 comitis,
2899 4406 2956 4458 et
3011 4399 3321 4459 Gausfredi
3370 4397 3627 4468 comitis,

1966 4493 2063 4548 avi
2088 4497 2145 4549 et
2172 4493 2356 4564 patris
2387 4492 2652 4565 saepefati
2692 4491 2965 4548 Fulconis
3008 4490 3260 4547 comitis.
3297 4490 3630 4546 Statuentes

1967 4586 2170 4638 autem
2194 4581 2599 4655 praecipimus,
2618 4582 3119 4652 vehementerque
3146 4574 3626 4641 interminamus,

1966 4676 2023 4726 et
2050 4685 2370 4727 monemus
2402 4687 2476 4728 ne
2532 4671 2688 4727 ullus
2732 4685 3005 4742 unquam
3050 4662 3500 4722 succedentium
3528 4658 3629 4716 ho-
3682 4714 3687 4715 ,

1966 4759 2222 4829 minum,
2302 4760 2717 4833 cujuscunque
2765 4755 3073 4829 potestatis
3127 4752 3223 4810 vel
3269 4746 3626 4807 conditionis

1966 4848 2198 4912 existat,
2223 4848 2326 4921 qui
2348 4848 2461 4905 hoc
2491 4850 2715 4902 nostrae
2736 4843 3100 4901 auctoritatis
3126 4844 3413 4897 statutum
3438 4837 3501 4893 in
3526 4835 3627 4893 ali-

1966 4954 2087 5010 quo
2118 4937 2341 4993 violare
2373 4936 2610 5003 audeat,
2644 4950 2719 4991 ne
2774 4933 3048 5006 impietas
3089 4931 3218 5001 ejus
3268 4944 3338 4985 ac
3364 4924 3627 5010 superba

1969 5009 2288 5087 temeritas,
2336 5034 2547 5092 poenas
2619 5018 2874 5090 ultrices,
2925 5014 3153 5073 Christo
3202 5012 3427 5084 judice,
3479 5009 3623 5068 luat.

1967 5115 2157 5182 Atque
2184 5113 2247 5164 ut
2275 5108 2402 5164 haec
2430 5106 2616 5162 nostri
2660 5106 2861 5162 statuti
2891 5109 2947 5160 et
2976 5101 3253 5175 praecepti
3307 5098 3626 5157 auctoritas

1966 5199 2209 5252 ﬁrmum
2240 5195 2766 5267 inviolabilemque
2824 5192 3090 5249 obtineat
3118 5192 3407 5263 vigorem,
3438 5204 3627 5246 manu

1966 5284 2212 5360 propria
2242 5284 2447 5340 subter
2475 5300 2611 5342 eam
2642 5283 3038 5347 firmavimus,
3084 5286 3142 5338 et
3168 5279 3391 5339 annulo
3421 5284 3625 5336 nostro

1968 5373 2264 5443 assignari
2286 5374 2597 5444 jus~imus.

2038 5462 2289 5535 Signum
2320 5461 2580 5518 Rotberti
2599 5460 3012 5534 gloriosissimi
3041 5461 3216 5532 regis.

2037 5641 2118 5714 (8)
2144 5638 2320 5710 Filius
2348 5637 2587 5696 Roberti
2614 5637 2791 5713 regis.
