3996 6178
466 201 570 253 959

1657 196 1955 254 ROBERTI
1994 193 2197 250 REGIS
2237 191 2687 250 FRANCORUM.
3696 209 3772 287 960.

541 320 837 378 Gotfridus
887 321 1224 375 monachus
1251 319 1500 392 scripsit,
1552 319 1627 376 ad
1654 319 1847 376 vicem
1875 322 2124 375 Franco—
2160 321 2208 374 A
2241 333 2452 388 necne,
2504 317 2814 386 instigatus
2864 317 3083 373 obnixe
3138 334 3173 373 a
3221 319 3515 376 venerabili
3559 324 3663 393 jam
3685 295 3776 381 dict1

467 411 560 466 nis
581 408 914 466 cancellarii
943 427 956 476 ;
990 414 1045 464 et
1075 409 1200 482 ipse
1243 411 1468 465 Franeo
1496 425 1682 465 manu
1710 409 1952 483 propria
1984 407 2126 462 sub-

469 498 719 571 scripsit.

1259 611 1346 664 IX.

462 715 855 786 Privilegium
883 715 1128 770 Roberti
1155 716 1313 785 regis
1335 731 1450 784 pro
1481 715 1838 770 monasterio
1895 713 2129 770 Carme-

1157 820 1412 860 riacensi
1421 846 1433 859 .

1108 911 1299 981 (Anno
1330 910 1512 982 1018.)

791 1017 965 1087 [Dom
1000 1019 1283 1084 MARTENE,
1318 1017 1459 1072 ibid.
1484 1031 1624 1088 pag.
1665 1017 1808 1087 138.]

541 1129 604 1179 In
633 1122 876 1179 nomine
899 1121 1134 1177 Domini
1159 1121 1258 1177 Dei
1308 1126 1365 1178 et
1395 1122 1715 1178 Salvatoris
1761 1121 1955 1177 nostri
1996 1125 2133 1177 Jesu

468 1212 696 1280 Christi,
730 1214 1074 1277 Rornaarus,
1109 1210 1314 1266 divina
1370 1211 1684 1267 ordinante
1733 1211 2130 1284 providentia,

466 1305 826 1357 Francorum
859 1316 981 1354 rex.

539 1391 594 1447 Si
617 1405 927 1445 servorum
973 1388 1096 1459 Dei,
1153 1405 1482 1462 eorumque
1539 1391 1802 1447 maxime
1845 1389 1970 1462 qui,
2022 1405 2134 1445 sua

465 1477 668 1532 omnia
693 1478 1115 1551 relinquentes,
1137 1479 1432 1536 Christum
1461 1482 1630 1552 sequi
1658 1483 2007 1546 noscuntur,
2029 1495 2133 1533 cu-

462 1583 595 1622 ram
625 1568 909 1639 gerimus,
942 1573 997 1623 et
1028 1569 1107 1624 ad
1136 1569 1353 1624 divina-3
1383 1570 1659 1642 potentiae
1718 1569 1776 1624 in
1809 1568 1953 1624 locis
2013 1571 2132 1623 Deo

465 1655 674 1711 dicatis
707 1657 904 1712 verius
965 1658 1345 1713 serviendum
1402 1658 1688 1714 auxilium
1746 1656 2132 1730 porrigimus,

463 1745 527 1801 id
555 1745 729 1801 nobis
755 1746 963 1818 procul
984 1746 1169 1802 dubio
1192 1747 1266 1802 ad
1295 1747 1612 1802 mortalem
1631 1747 1815 1802 vitam
1846 1760 2133 1818 prospere

465 1835 908 1900 deducendam,
943 1839 1000 1890 et
1033 1835 1108 1890 ad
1135 1840 1420 1890 aeternam
1446 1835 1687 1891 feliciter
1717 1835 2130 1904 obtinendam,

466 1923 856 1978 commodum
889 1924 1206 1994 provenire
1233 1925 1614 1980 confidimus.
1669 1924 1890 1979 Idcirco
1919 1928 2133 1979 notum

466 2011 539 2066 sit
603 2011 886 2066 omnibus
952 2016 1175 2067 sanctae
1239 2013 1337 2067 Dei
1386 2012 1656 2068 Ecclesiae
1716 2011 2019 2078 ﬁdelibus,
2077 2019 2135 2067 et

466 2100 772 2172 praecipue
829 2100 1006 2155 totius
1062 2099 1229 2170 regni
1287 2101 1475 2156 nostri
1539 2100 1924 2173 primoribus,
1986 2099 2134 2172 quia

470 2189 617 2246 adiit
645 2189 872 2258 regiam
905 2189 1181 2244 culminis
1241 2191 1424 2245 nostri
1478 2189 1895 2246 monarchiam
1949 2189 2132 2244 Fulco

467 2295 670 2334 comes
700 2294 810 2351 pro
842 2279 1177 2334 commodis
1207 2283 1264 2334 et
1302 2279 1668 2350 profectibus
1698 2284 1902 2334 nostra
1933 2283 2135 2334 aucto-

464 2369 632 2424 ritate
656 2367 1024 2422 stabiliendis
1045 2372 1101 2422 et
1126 2368 1575 2424 roborandis....
1599 2369 1858 2424 cmnobii
1885 2367 2131 2423 nomine

467 2456 806 2525 Cormarici,
839 2456 898 2510 in
955 2457 1183 2512 honore
1245 2456 1344 2512 Dei
1398 2456 1825 2528 omnipotentis
1851 2461 1907 2512 et
1938 2455 2132 2512 sancti

466 2545 627 2601 Pauli
669 2544 922 2618 apostoli
971 2545 1295 2612 constituti,
1338 2562 1374 2601 a
1402 2545 1613 2618 priscis
1670 2550 1726 2600 et
1783 2549 1901 2601 Deo
1951 2545 2130 2601 obse-

464 2633 788 2707 quentibus
817 2633 1068 2690 ﬁdeliter
1093 2635 1440 2702 abbatibus,
1471 2635 1687 2690 scilicet
1720 2634 1909 2690 sancti
1939 2639 1996 2690 et
2021 2651 2128 2706 pe-

466 2722 706 2778 culiaris
729 2722 918 2778 nostri
946 2723 1182 2795 patroni
1215 2722 1531 2779 Martini....
1588 2723 1813 2778 summi
1843 2728 1899 2777 et
1950 2722 2130 2791 digne

466 2813 585 2867 Deo
613 2810 849 2866 colendi
883 2810 1143 2879 theologi
1199 2811 1362 2866 Pauli
1413 2812 1642 2866 honore
1699 2815 2128 2880 constructum,

467 2903 524 2954 et
548 2897 818 2953 maxima
845 2898 1157 2969 copiarum
1188 2903 1244 2953 et
1273 2913 1461 2970 opum
1491 2898 1731 2955 datione
1760 2899 2036 2969 ditatum,
2077 2902 2135 2955 et

466 3001 794 3042 numerosa
821 2986 1048 3041 Christo
1097 2986 1520 3043 famulantium
1552 2988 1993 3044 monachorum
2033 2988 2134 3044 sti-
2163 3024 2204 3080 Ο

465 3074 708 3148 patione
737 3073 1021 3141 locatum,
1045 3080 1104 3130 et
1132 3090 1168 3129 a
1196 3074 1747 3147 praedecessoribus
1775 3076 1994 3132 nostris
2026 3075 2135 3132 bo-

466 3179 559 3218 nee
591 3166 646 3218 et
675 3161 873 3232 dignae
913 3164 1217 3218 memoriae
1247 3164 1600 3235 parentibus
1629 3164 1820 3220 isdem
1847 3164 2134 3237 praefatus

461 3253 630 3308 locus
652 3269 790 3308 cum
822 3253 1007 3323 (ligno
1034 3254 1261 3309 honore
1285 3258 1372 3308 est
1397 3254 1660 3324 habitus,
1695 3260 1753 3310 et
1778 3254 2134 3329 privilegiali

463 3342 862 3415 praeceptione
893 3343 1278 3414 imperialiter
1311 3343 1631 3405 stabilitas,
1657 3360 1875 3416 resque
1907 3344 2133 3400 ibidem

463 3431 732 3502 undique
755 3447 1074 3486 concessas
1121 3431 1236 3485 sub
1269 3431 1642 3486 attestatione
1673 3431 1860 3500 regali
1885 3433 2133 3505 praefato

462 3517 848 3585 monasterio,
900 3535 1040 3572 cum
1089 3518 1253 3573 omni
1300 3518 1726 3574 deliberatione
1775 3521 2132 3578 substituere

463 3606 830 3660 omnimodis
862 3611 1206 3662 sanxerunt.
1261 3609 1377 3674 Ego
1422 3624 1664 3680 quoque
1703 3610 1876 3681 justis
1925 3627 1994 3667 ac
2020 3612 2134 3684 piis

465 3694 724 3749 consiliis
752 3695 847 3766 pie
872 3711 1045 3750 aures
1066 3696 2004 3771 accommodans,salutiferisque
2034 3717 2135 3773 pe-

465 3782 772 3838 titionibus
797 3783 1196 3839 libentissimo
1252 3801 1529 3840 annuens
1561 3785 1786 3849 animo.
1846 3788 2134 3860 praelibati

464 3874 697 3929 comitis
731 3874 934 3945 agnita
960 3875 1061 3947 pia
1109 3879 1166 3930 et
1190 3874 1348 3931 ﬁdeli
1384 3877 1690 3948 petitione,
1726 3895 1992 3935 annuere
2044 3897 2135 3937 sa-

465 3963 602 4031 tegi.
641 3964 802 4018 Idem
832 3979 1097 4036 namque
1123 3964 1290 4020 locus
1321 3965 1380 4020 in
1438 3967 1681 4038 speciali
1709 3983 1920 4037 regum
1947 3969 2136 4026 domi-

463 4058 607 4109 natu
635 4054 972 4125 priscorum
1027 4054 1354 4127 antiquitus
1405 4056 1570 4111 visus
1604 4061 1714 4112 est.
1778 4058 1891 4114 Sed
1934 4059 2134 4131 prohi-

463 4143 640 4197 bente
697 4141 964 4212 plurium
1009 4143 1384 4199 infestatione
1427 4145 1829 4202 nefandorum
1887 4147 2131 4218 civium,

467 4229 592 4302 qui,
626 4246 737 4284 ceu
766 4234 954 4284 ratem
977 4231 1037 4285 in
1067 4231 1420 4301 fluctivagos
1445 4234 1642 4305 pelagi
1670 4235 1998 4300 discursus,
2017 4237 2135 4291 dei-

465 4318 644 4373 ﬁcam
677 4333 917 4388 semper
945 4319 1314 4375 insectantur
1373 4323 1718 4392 Ecelesiam,
1754 4330 1994 4380 coactus
2027 4325 2136 4381 ab-

464 4405 574 4462 bas
597 4407 870 4477 ejusuem
902 4405 1016 4461 loci
1047 4413 1102 4464 et
1130 4410 1410 4465 monachi
1434 4412 1679 4481 aggredi
1709 4413 1937 4482 regiam
1975 4414 2134 4482 cogi-

464 4496 610 4552 tavit
637 4495 1040 4568 serenitatem,
1080 4503 1380 4570 quatenus
1410 4500 1567 4555 illius
1595 4506 1753 4556 tutor
1781 4519 1891 4574 pro
1949 4503 2137 4560 nimia

462 4583 897 4658 inquietudine,
930 4590 987 4640 et
1007 4586 1288 4642 defensor
1327 4603 1436 4660 pro
1485 4588 1963 4646 infestationibus
2024 4592 2136 4647 srbi

465 4673 882 4729 obsistentium
899 4691 968 4730 ex
1003 4676 1343 4746 provisione
1369 4678 1768 4734 restitueretur
1790 4680 2136 4750 regia.Quo-

465 4779 601 4817 rum
630 4767 771 4818 voto
795 4778 1111 4818 assensum
1142 4765 1307 4830 regia
1331 4766 1608 4838 praebens
1634 4769 1942 4838 majestas,
1977 4774 2134 4826 tuto-

466 4867 594 4905 rem
620 4850 799 4915 illius,
834 4867 940 4906 seu
971 4851 1163 4907 advoc
1177 4857 1330 4907 itum
1360 4854 1560 4926 ipsum
1594 4857 1934 4927 Fulconem,
1975 4859 2138 4915 vide-

468 4938 604 4995 licet
627 4955 925 5010 proavum
951 4939 1118 4995 istius
1181 4941 1470 5010 Fulconis,
1502 4944 1606 5017 qui
1637 4945 1751 5000 illis
1804 4946 2051 5002 vicinior
2079 4953 2138 5005 et

467 5029 768 5102 potentior
797 5034 937 5101 post
965 5046 1168 5100 regem
1201 5037 1340 5088 tunc
1372 5035 1655 5107 temporis
1686 5036 2133 5093 videbatur.Po-

469 5119 608 5173 steri
646 5134 890 5190 quoque
943 5119 1100 5175 illius
1159 5121 1442 5196 deinceps
1498 5123 1660 5179 illam
1718 5125 2026 5182 abbatiam
2076 5127 2138 5183 in

473 5223 651 5261 suum
671 5207 952 5275 redegere
984 5209 1382 5267 dominatum.
1450 5215 1666 5269 Verens
1716 5215 1895 5285 igitur
1924 5231 2136 5289 supra-

473 5294 665 5350 dictus
695 5311 897 5350 comes
920 5300 1343 5357 exaltationem
1374 5319 1498 5358 sum
1542 5305 1872 5376 progeniei,
1905 5306 1999 5360 vel
2029 5322 2138 5377 pa-

473 5399 622 5440 vens
652 5401 726 5440 ne
755 5385 901 5442 forte
930 5390 1178 5461 quilibet
1208 5408 1475 5458 suorum,
1508 5410 1611 5448 seu
1667 5394 1816 5466 ipse,
1850 5395 2139 5450 suadente

475 5476 716 5543 Satana,
747 5476 938 5532 victus
969 5480 1357 5554 philargyria,
1410 5499 1541 5538 eam
1573 5483 1633 5539 in
1675 5488 1986 5555 posterum
2037 5488 2142 5539 aut

476 5563 768 5622 distrahat
796 5567 1131 5641 cuicunque
1156 5577 1368 5628 exterae
1401 5589 1697 5644 personae,
1717 5591 1822 5630 seu
1847 5575 1911 5630 in
1952 5573 2142 5646 quoli-

474 5653 585 5711 bet
635 5654 998 5713 beneﬁcium
1055 5660 1293 5718 subdat.
1331 5662 1521 5733 Hujus
1575 5663 1883 5721 commodi
1928 5678 2137 5732 causa,

2237 406 2352 462 loci
2372 407 2598 462 domno
2629 407 2928 463 Richardo
2959 407 3202 477 abbate,
3233 412 3285 463 et
3311 408 3415 464 sibi
3434 411 3669 482 subjectis
3693 431 3777 472 mo-

2237 497 2467 562 nachis,
2499 502 2798 569 quatenus
2821 513 2856 552 a
2873 513 2969 553 me
2985 502 3325 570 exposceret
3342 500 3491 570 quod
3516 502 3780 573 privilegiali

2239 586 2431 642 edicto
2459 587 2574 642 hoc
2601 591 2803 642 vetare
2834 590 2893 642 et
2920 586 3238 659 prohibere
3273 586 3585 655 debeamus,
3609 592 3730 663 quod
3747 599 3782 649 et

2237 675 2512 732 facimus.
2546 676 2899 750 Praecipiens
2927 680 2986 732 et
3009 677 3295 732 mandant
3314 679 3616 734 auctoritate
3637 683 3780 753 regali,

2237 771 2295 822 et
2319 765 2624 822 obtestans
2655 782 2760 838 per
2788 766 3073 822 deiﬁcum
3102 782 3313 822 nomen
3341 771 3540 823 sanctae
3565 774 3612 823 et
3631 769 3781 825 indivi-

2238 855 2374 912 duae
2407 855 2719 921 Trinitatis,
2743 859 2809 911 ut
2832 871 3011 912 nemo
3035 855 3336 912 temerario
3365 873 3502 912 ausu
3540 865 3784 930 prasumat

2239 946 2521 1002 eamdem
2554 945 2862 1002 abbatiam
2892 947 2952 1002 in
2977 946 3376 1002 dominatione
3404 946 3623 1018 alicujus
3644 963 3784 1020 perse

2238 1052 2335 1091 nae
2363 1033 2800 1095 transfundere,
2849 1034 2956 1090 sed
2987 1034 3061 1089 sit
3102 1035 3163 1089 in
3209 1033 3369 1090 salva
3394 1034 3629 1091 custodia
3658 1041 3701 1091 et
3717 1037 3785 1092 de-

2240 1124 2510 1180 fensione
2559 1123 2831 1179 Fulconis
2886 1123 3120 1179 comitis
3173 1127 3229 1179 et
3279 1139 3647 1179 successorum
3683 1127 3782 1196 ejus.

2243 1215 2418 1281 Quod
2448 1214 2497 1268 si
2525 1215 2662 1286 quis
2690 1219 2936 1270 conatus
2967 1213 3140 1270 fuerit
3184 1214 3497 1270 istiusmodi
3525 1231 3631 1271 rem
3663 1221 3786 1272 atten-

2243 1309 2388 1369 tare,
2421 1318 2542 1358 non
2573 1303 2821 1358 omnino
2847 1303 3013 1374 quod
3045 1303 3206 1375 cupit
3255 1302 3512 1368 vindicet,
3540 1307 3588 1359 et
3611 1303 3674 1358 ad
3693 1319 3784 1358 nos-

2241 1394 2403 1446 trum
2430 1395 2698 1446 tutamen
2727 1396 2783 1448 et
2809 1392 3144 1448 dominium
3174 1392 3328 1448 idem
3348 1391 3500 1448 locus
3525 1397 3782 1460 revertatur,

2244 1479 2370 1534 sive
2401 1497 2815 1536 successorum
2841 1486 3201 1548 nostrorum,
3230 1487 3285 1536 et
3312 1481 3566 1554 deinceps
3587 1481 3701 1535 nulli
3718 1481 3783 1536 de

2243 1569 2500 1625 minatui
2531 1570 2832 1637 subsistat,
2863 1570 2975 1625 nisi
3001 1571 3184 1640 regio.
3222 1571 3275 1627 Si
3304 1571 3431 1644 quis
3451 1575 3637 1638 autem,
3676 1571 3782 1642 quod

2243 1673 2368 1712 non
2396 1657 2715 1728 credimus,
2746 1659 2900 1713 hanc
2920 1660 3202 1731 praecepti
3225 1659 3605 1730 ascriptionem
3629 1656 3783 1725 regiam

2244 1746 2524 1820 populari
2565 1747 2850 1803 audacter
2905 1748 3230 1815 conaverit,
3264 1763 3330 1802 ac
3380 1746 3561 1802 timide
3593 1745 3784 1801 deserere

2245 1836 2513 1903 voluerit,
2543 1853 2678 1891 cum
2709 1837 2895 1892 Datan
2927 1841 2983 1892 et
3014 1836 3260 1906 Abiron,
3300 1841 3465 1908 atque
3493 1851 3610 1891 cum
3631 1834 3699 1890 his
3721 1833 3784 1904 qui

2245 1924 2526 1982 dixerunt
2551 1927 2804 1983 Domino
2858 1930 2975 1983 Deo
3005 1947 3017 1983 :
3053 1929 3275 1984 Recede
3301 1943 3335 1983 a
3365 1927 3532 1993 nobis,
3567 1925 3784 1981 scientiam

2246 2016 2478 2070 viarum
2513 2025 2754 2072 tuarum
2786 2019 3063 2072 nolumus
3096 2033 3117 2085 ,·
3147 2023 3204 2073 et
3251 2033 3381 2072 cum
3413 2014 3607 2071 Herode
3646 2029 3787 2085 parvu-

2243 2103 2439 2159 lorum
2469 2111 2766 2173 necatore,
2797 2121 3032 2161 necnon
3058 2122 3196 2161 cum
3229 2109 3444 2162 Nerone
3479 2101 3784 2176 apostolorum

2242 2193 2390 2247 Petri
2421 2198 2476 2248 et
2505 2193 2667 2249 Pauli
2699 2199 2754 2249 et
2779 2194 3106 2250 multorum
3139 2199 3462 2266 martyrum
3497 2187 3783 2250 interfectore,

2243 2297 2350 2336 seu
2381 2297 2519 2337 cum
2550 2282 2866 2338 Aureliano
2888 2283 3247 2355 impiissimo
3269 2282 3476 2348 lictore,
3504 2285 3553 2334 et
3567 2274 3783 2333 cumtuda

2241 2371 2522 2427 traditore
2551 2372 2782 2427 Domini
2811 2373 3149 2445 portionem
3206 2372 3434 2437 habeat,
3462 2375 3512 2426 et
3555 2368 3784 2424 anathema

2239 2466 2575 2530 maranata,
2603 2466 2781 2534 atque
2808 2461 2869 2516 in
2894 2462 3092 2534 pmnis
3127 2459 3502 2517 infernalibus
3530 2453 3786 2529 perpetuali-

2241 2555 2327 2606 ter
2357 2551 2836 2606 concremandus
2867 2551 3101 2606 existat.
3132 2553 3202 2606 Et
3229 2556 3293 2606 ut
3319 2551 3425 2605 hoc
3444 2551 3625 2604 nostrre
3649 2548 3783 2600 aucto-

2240 2639 2427 2694 ritatis
2485 2639 2960 2695 emolumentum
3009 2655 3117 2711 per
3169 2639 3524 2696 succedentia
3576 2646 3784 2690 annorum

2241 2729 2537 2785 curricula
2563 2729 2640 2784 ab
2657 2729 2942 2785 omnibus
2966 2730 3170 2785 verius
3220 2726 3497 2795 credatur,
3522 2732 3568 2782 et
3592 2721 3783 2780 attentius

2241 2818 2606 2887 observetur,
2665 2818 2873 2874 annuli
2924 2818 3116 2874 nostri
3176 2817 3543 2892 impressione
3571 2811 3780 2885 jussimus

2241 2903 2534 2975 insigniri,
2558 2911 2614 2962 et
2640 2923 3112 2976 monogramma
3133 2906 3318 2963 nostri
3341 2902 3574 2962 nominis
3593 2901 3781 2956 decenter

2243 2993 2674 3050 mandavimus
2703 2995 2940 3050 ascribi.

2317 3081 2566 3152 Signum
2592 3082 2853 3139 Rotberti
2873 3082 3293 3154 gloriosissimi
3317 3081 3480 3153 regis.

3051 3172 3114 3225 Χ.

2243 3256 2514 3313 Rotberli
2557 3258 2935 3314 Francorum
2986 3260 3150 3328 regis
3203 3259 3456 3328 diploma
3491 3267 3584 3324 pro
3619 3245 3775 3305 restitu-

2563 3347 2722 3404 tione
2753 3349 3105 3404 monasterii
3131 3345 3552 3403 Latiniacensis.

2870 3436 3064 3506 (Anno
3098 3437 3281 3507 1018.)

2243 3526 2522 3598 [MABILL.,
2550 3527 2636 3582 De
2659 3541 2725 3582 re
2753 3525 3026 3594 diplom,
3057 3525 3162 3581 lib.
3197 3543 3275 3592 vr,
3307 3539 3438 3598 pag.
3469 3525 3574 3585 601,
3599 3512 3774 3571 exchar-

2733 3612 2947 3669 tulario
2982 3612 3411 3683 Latiniacensi.]

2314 3707 2605 3759 Ronanrus
2646 3703 2747 3758 Dei
2807 3703 3127 3760 ordinante
3179 3700 3474 3759 clementia
3519 3698 3771 3752 Francorum

2242 3809 2364 3847 rex.

2317 3880 2372 3936 Si
2393 3879 2566 3950 justis
2594 3880 2859 3935 fidelium
2918 3885 3266 3937 nostrorum
3300 3864 3770 3961 petitionibus

2242 3975 2329 4026 ter
2358 3985 2678 4026 assensum
2706 3969 3167 4043 praebuerimus,
3223 3976 3278 4026 et
3301 3952 3432 4042 quae
3460 3952 3771 4020 rationabiliter

2243 4060 2534 4132 petierint,
2579 4060 2756 4115 bonae
2788 4059 3115 4115 voluntatis
3147 4059 3335 4131 gratia
3365 4058 3477 4112 sine
3495 4047 3771 4141 qlloriSHtFPO

2242 4149 2526 4222 perﬁcere
2589 4149 3046 4217 curaverimus;
3101 4155 3160 4205 et
3215 4151 3322 4205 hos
3375 4143 3525 4202 nobis
3566 4133 3772 4224 ﬁdeliores

2242 4237 2390 4309 ﬁeri,
2423 4243 2480 4294 et
2534 4238 2721 4294 nostri
2770 4238 2938 4308 regni
2982 4243 3207 4295 statum
3264 4237 3374 4294 sub
3397 4234 3562 4290 divina
3581 4216 3773 4311 custodia

2243 4329 2544 4384 credimus
2602 4327 2989 4383 conﬁrmari:
3032 4329 3296 4384 maxime
3343 4332 3513 4383 tamen
3552 4316 3587 4368 si
3613 4311 3666 4409 tle
3701 4305 3767 4409 his

2243 4436 2378 4492 quae
2407 4419 2483 4474 ad
2531 4419 2823 4473 honorem
2875 4422 3096 4473 sanctre
3151 4419 3249 4474 Dei
3279 4413 3511 4473 Ecclesiae
3541 4395 3772 4496 petitu?"

2244 4508 2303 4563 id
2333 4508 2460 4563 ﬁeri
2509 4506 2838 4575 contigerit.
2898 4507 3133 4562 Noverit
3185 4507 3361 4577 igitur
3412 4487 3675 4558 communis
3709 4484 3776 4535 Ec-

2244 4597 2436 4652 clesiae
2488 4601 2666 4668 atque
2714 4600 3056 4652 nostrorum
3089 4595 3377 4652 industria
3411 4585 3642 4674 ﬁdelium,

2245 4687 2502 4742 sentium
2532 4662 2754 4741 scilicet
2809 4690 2988 4758 atque
3037 4685 3389 4746 futurorum,
3435 4673 3570 4751 quod
3602 4662 3777 4740 quidam

2245 4777 2319 4832 de
2351 4775 2535 4832 nostri
2573 4776 2738 4844 regni
2790 4757 3187 4848 principibus,
3246 4773 3470 4830 nomine
3518 4757 3775 4848 Stephanus

2245 4866 2549 4922 nobilitate
2580 4869 2636 4920 et
2691 4866 2957 4938 potentia
3010 4881 3214 4921 comes
3263 4858 3602 4919 clarissimus,
3641 4844 3778 4938 uestiit

2246 4955 2427 5010 etiam
2483 4970 2673 5026 nepos
2737 4953 3204 5022 amantissimus,
3263 4940 3584 5007 celsitudinis
3630 4930 3776 5026 nostra?

2247 5021 2757 5113 magniticentiam
2787 5043 3093 5098 humiliter
3123 5021 3285 5110 adiit,
3317 5045 3369 5094 et
3395 5031 3606 5091 auribus
3633 5021 3776 5113 nostri!

2248 5099 2578 5188 serenitatis
2609 5132 2816 5188 devote
2836 5131 3130 5187 intimavit
3158 5099 3400 5202 qualiter
3425 5099 3776 5206 quamdam}?

2247 5225 2495 5294 batiam,
2523 5223 2695 5294 cujus
2725 5223 3157 5278 monasterium
3183 5221 3243 5276 in
3269 5209 3547 5274 Parisiensi
3580 5195 3776 5294 60191139?

2249 5289 2686 5372 fundatumjin
2717 5312 2848 5367 loco
2880 5311 3061 5366 situm
3088 5309 3337 5365 habetur
3381 5301 3471 5374 qui
3503 5289 3776 5385 Laﬁglllacuj

2247 5399 2481 5468 dicitur,
2536 5418 2671 5473 quae
2743 5400 2885 5456 olim
2939 5399 3153 5473 amplis
3224 5403 3493 5451 terrarum
3551 5365 3779 5473 ερεξίΠς-ῗι

2247 5488 2429 5558 largis
2471 5466 2961 5561 possessionibus
3005 5466 3190 5544 ditata
3241 5479 3526 5541 claruerat,
3554 5466 3636 5525 sed

2247 5549 2728 5652 norum‘postea
2781 5577 3189 5652 persecutione
3238 5571 3511 5628 destructa
3531 5564 3588 5652 ei
3618 5549 3781 5652 Pennis

2251 5641 2540 5723 destitute:
2562 5641 2968 5739 fuerat,.pater
3019 5679 3164 5721 suus
3215 5673 3404 5718 comes
3430 5646 3691 5710 Herbertus
3728 5641 3783 5685 re‘
