3984 6180
221 162 317 216 961

1840 144 2144 208 LOMATA.

3533 163 3640 217 962

223 281 599 347 stauraverit,
633 297 702 336 ac
726 279 850 358 suis
881 279 1159 336 ﬁdelibus
1214 277 1582 334 concambiis
1636 272 1881 334 reduitis
1911 277 1956 329 A
1993 275 2251 333 ﬁliorum
2265 278 2536 348 Hugonis
2551 276 2709 345 regis
2739 281 2796 332 et
2818 279 3566 357 Henrici,Robertiquoque
3585 289 3644 342 et

223 372 482 428 abbatiae
513 369 822 444 propriam
853 373 1069 424 terram
1098 384 1210 440 pro
1237 372 1403 438 parte
1430 365 1696 421 maxima
1726 360 1887 418 resti—

225 461 418 518 tuerit.
448 458 732 515 Praefatus
762 458 940 526 igitur
964 473 1168 512 comes
1201 457 1539 528 Stephanus
1587 451 1890 508 humiliter

223 549 465 624 expetiit
491 554 550 605 ut
579 552 877 621 przecepto
905 551 1122 602 nostrae
1149 545 1516 601 auctoritatis
1571 541 1890 598 conﬁrma-

224 657 428 697 remus
460 643 759 712 quatenus
790 641 1008 692 terram
1041 652 1230 708 quam
1255 641 1424 708 pater
1448 651 1592 689 suus
1620 632 1704 688 ibi
1758 629 1889 686 red-

226 729 378 787 didit
409 729 531 784 sive
552 726 818 793 donavit,
847 726 940 781 vel
965 726 1095 798 ipse
1119 726 1319 781 adhuc
1341 725 1592 780 daturus
1622 727 1732 788 est,
1785 737 1889 776 seu

226 819 327 876 alii
353 817 602 891 quilibet
626 823 636 864 ι
652 814 936 871 ‘hristiani
965 819 1022 870 et
1049 814 1318 869 Ecclesiae
1344 813 1551 868 ﬁdeles
1576 829 1646 867 ex
1699 811 1889 866 dona-

226 909 386 965 tione
419 906 616 962 daturi
648 910 807 972 sunt,
841 906 997 960 hanc
1027 905 1159 977 ipsa
1181 901 1890 959 abbatiafirmitertenere

228 1006 288 1055 et
309 999 368 1054 in
400 1002 758 1071 perpetuum
788 995 1012 1052 valeret
1040 995 1368 1066 possidere.
1404 994 1586 1064 Cujus
1612 991 1891 1064 precibus

226 1088 487 1146 liberiori
515 1087 704 1158 gratia
727 1086 1062 1159 praebentes
1086 1100 1426 1149 assensum,
1477 1081 1725 1138 consilio
1782 1096 1888 1135 no-

229 1183 488 1235 strorum
544 1176 885 1249 principum
917 1175 1226 1246 nostrique
1277 1173 1443 1243 regni
1496 1171 1887 1244 primatuum,

226 1267 396 1341 quod
427 1266 730 1322 humiliter
758 1265 1018 1336 expetiit,
1046 1263 1364 1319 efﬁcaciter
1388 1262 1711 1334 impetrare
1759 1275 1890 1331 pro-

227 1355 463 1412 meruit.
498 1355 620 1410 Hoc
642 1354 822 1425 igitur
849 1358 1069 1409 nostrae
1115 1351 1480 1407 celsitudinis
1528 1351 1889 1422 praeceptum

227 1441 357 1498 ﬁeri
381 1442 692 1513 jussimus,
721 1458 827 1514 per
854 1441 1020 1514 quod
1050 1441 1434 1513 praecipimus
1462 1444 1639 1510 atque
1692 1435 1882 1491 ﬁrma-

219 1547 368 1596 mus
399 1535 463 1585 ut
486 1529 785 1602 quidquid
815 1529 1100 1597 praedicta
1129 1528 1371 1584 abbatia
1401 1527 1480 1583 ad
1516 1541 1780 1600 praesens
1806 1528 1889 1578 te-

229 1637 371 1676 nere
399 1619 688 1689 noscitur,
715 1619 809 1674 vel
838 1619 1134 1691 quidquid
1165 1623 1222 1673 et
1249 1617 1531 1690 deinceps
1579 1613 1889 1688 possiden-
1919 1631 1959 1684 Β

231 1711 381 1766 dum
412 1727 448 1767 a
470 1710 681 1768 Christi
708 1709 988 1765 fidelibus
1018 1709 1312 1764 donatum
1370 1708 1561 1774 fuerit,
1605 1708 1740 1778 jure
1796 1705 1892 1760 ﬁr-

232 1799 509 1855 missimo
540 1803 736 1854 teneat
788 1802 967 1870 atque
1022 1797 1343 1870 possideat.
1404 1800 1474 1852 Ut
1508 1801 1708 1852 autem
1765 1794 1892 1848 haec

233 1893 454 1942 nostrae
478 1885 842 1941 auctoritatis
873 1884 1196 1958 praeceptio
1221 1884 1547 1940 ﬁrmiorem
1570 1883 1631 1952 in
1664 1884 1762 1938 Die
1783 1898 1892 1937 no-

236 1975 401 2031 mine
430 1974 696 2030 obtineat
722 1973 1012 2044 vigorem,
1036 1973 1243 2029 annuli
1275 1973 1459 2028 nostri
1498 1972 1891 2045 impressione

240 2063 445 2120 subter
463 2079 596 2119 eam
615 2062 906 2134 jussimus
934 2061 1196 2132 sigillari.

308 2157 518 2208 Actum
543 2151 790 2208 Senonis
819 2151 1073 2218 civitate,
1107 2166 1268 2205 anno
1324 2150 1644 2206 Dominicae
1695 2154 1892 2205 lncar~

230 2241 492 2296 nationis
518 2239 833 2296 millesimo
864 2239 1338 2295 decimo-octavo
1367 2242 1466 2310 (9),
1499 2244 1788 2311 regnante
1811 2255 1897 2294 se-

227 2327 546 2384 renissimo
572 2345 710 2399 rege
738 2329 992 2384 Roberto
1037 2346 1218 2399 xxxu,
1273 2346 1329 2385 v1
1385 2329 1508 2385 Kal.
1551 2328 1754 2386 Martii.
1812 2327 1892 2383 Si-

229 2433 423 2488 gnum
456 2418 692 2474 Roberti
716 2418 890 2487 regis.
941 2418 1191 2488 Signum
1248 2418 1517 2488 Hugonis
1569 2418 1746 2487 regis.
1808 2417 1894 2474 Si-

228 2523 425 2578 gnum
450 2508 699 2564 Henrici.
759 2508 1009 2578 Signum
1053 2508 1310 2563 Roberti.
1371 2511 1619 2578 Signum
1668 2505 1892 2574 Letrici,

231 2597 696 2670 archiepiscopi,
732 2597 1060 2652 Balduinus
1094 2597 1603 2653 subcancellarius
1636 2597 1761 2652 vice
1791 2601 1895 2651 Ar-

227 2686 450 2759 nulphi
518 2686 957 2759 archiepiscopi
985 2685 1163 2759 primi
1185 2686 1523 2743 cancellarii
1551 2685 1898 2756 recognovit

229 2780 419 2848 atque
446 2775 727 2832 ﬁrmavit.

1027 2869 1112 2923 XI.

1995 367 2236 434 Odonis,
2270 369 2348 424 ad
2368 369 2613 425 tutelam
2637 367 2901 441 praedicti
2922 369 3268 424 monasterii
3286 372 3641 430 Miciacensis

1995 456 2110 512 hoc
2140 463 2357 513 nostra:
2385 460 2562 530 regias
2593 457 2899 529 dignitatis
2932 461 3303 530 praeceptum
3327 460 3640 533 edidimus,

1995 549 2061 601 ut
2099 546 2329 619 absque
2361 548 2480 604 ullo
2501 547 2889 604 incommodo
2915 546 3201 604 fratribus
3257 546 3479 602 ibidem
3530 552 3646 607 Deo

1997 635 2387 692 servientibus
2459 639 2933 695 emolumentum
3009 636 3328 710 proveniat
3373 636 3649 708 salutare,

1996 729 2393 798 nostrumque
2423 729 2587 800 apud
2623 728 2753 784 illos
2800 731 3160 800 perpetuum
3207 730 3479 783 teneatur
3528 743 3654 782 me-

1997 815 2269 871 moriale.
2304 816 2726 872 Praedictorum
2755 816 2932 886 igitur
2959 817 3405 890 privilegiorum
3450 822 3654 873 tenore

1997 904 2395 971 considerato,
2426 905 2504 960 ad
2535 906 2805 962 notitiam
2836 907 3171 963 futurorum
3199 907 3423 981 placuit
3474 906 3652 964 nobis

1995 994 2056 1050 in
2086 995 2201 1050 hoc
2229 995 2602 1066 pragmatico
2624 996 2967 1051 conﬁrmari
3001 1001 3057 1052 et
3086 997 3360 1054 adnotari
3409 1015 3650 1071 posses-

1997 1083 2194 1139 siones
2232 1100 2368 1156 quae
2397 1084 2458 1139 in
2490 1084 2788 1157 praedictis
2819 1090 2874 1140 et
2895 1086 2954 1140 in
2981 1085 3112 1141 aliis
3178 1102 3389 1156 regum
3416 1089 3650 1162 privile-

1998 1171 2108 1242 giis
2137 1173 2618 1242 continebantur,
2677 1190 2832 1246 quas
2890 1174 3337 1246 przesentialiter
3382 1177 3649 1245 ejusdem

1997 1262 2255 1317 caenobii
2281 1262 2490 1318 fratres
2519 1263 2710 1333 gratia
2742 1263 2841 1318 Dei
2866 1279 3070 1318 secure
3114 1268 3169 1318 et
3219 1264 3416 1335 quiete
3461 1267 3650 1336 possi-

1998 1351 2159 1407 dent

2070 1441 2230 1496 Prior
2259 1446 2351 1495 est
2401 1440 2625 1495 fundus
2680 1440 3039 1496 Miciacensis
3088 1457 3226 1496 cum
3277 1441 3650 1513 appendiciis

2000 1530 2141 1599 suis,
2183 1535 2240 1585 et
2259 1530 2477 1585 ﬂuvius
2509 1531 2726 1600 Legiris
2757 1536 2812 1586 et
2843 1530 3094 1599 Ligeriti,
3123 1536 3180 1586 et
3200 1530 3261 1586 in
3284 1530 3512 1586 civitate
3542 1538 3655 1587 Au-

1997 1619 2314 1675 relianensi
2344 1619 2659 1691 possident
2687 1620 2747 1674 in
2771 1620 2950 1675 alodo
2969 1620 3294 1676 claustrum
3325 1621 3523 1677 Sancti
3548 1624 3658 1678 Ma-

1998 1708 2206 1763 ximini
2237 1708 2314 1763 ab
2346 1708 2512 1763 omni
2543 1708 2850 1764 exactione
2880 1709 3135 1764 liberum
3186 1715 3240 1765 et
3280 1708 3657 1766 consuetudi-

1998 1802 2201 1865 ne;et
2220 1797 2536 1870 cappelam
2585 1797 2646 1852 in
2701 1798 2928 1854 honore
2975 1799 3246 1869 ejusdem
3303 1798 3657 1854 confessoris

2002 1892 2321 1954 sacratam,
2381 1891 2440 1942 et
2482 1887 2874 1958 praebendam
2935 1890 3163 1943 Sanctis
3240 1889 3440 1944 Crucis
3522 1904 3656 1960 per-

1997 1975 2299 2049 petualem
2325 1992 2338 2043 ;
2372 1979 2428 2030 et
2456 1975 2517 2030 in
2546 1975 2740 2045 burgo
2764 1976 3025 2031 Dunensi
3050 1975 3356 2032 [urnulam
3383 1992 3575 2031 unum
3594 1975 3657 2030 in

2000 2064 2200 2132 alodo,
2230 2068 2286 2120 et
2310 2064 2481 2133 juxta
2511 2066 2796 2120 Sanctum
2825 2064 3126 2120 Anianum
3154 2065 3464 2121 abbatiam
3508 2068 3656 2122 San-

2001 2154 2075 2210 cti
2105 2153 2337 2211 Maximi
2369 2159 2427 2208 et
2456 2154 2714 2222 burgum
2761 2155 2937 2224 ejus;
2988 2158 3046 2210 et
3095 2155 3157 2209 in
3205 2154 3400 2225 burgo
3460 2155 3659 2210 Sancti

2001 2243 2214 2299 Aniani
2244 2242 2562 2298 dimidium
2612 2242 2916 2298 furnilium
2977 2243 3037 2298 in
3095 2243 3504 2308 manu-ﬁrma,
3554 2243 3661 2315 qui

2004 2333 2197 2389 reddit
2225 2348 2473 2388 censum
2519 2332 2798 2387 denarios
2837 2349 2892 2386 iv
2947 2336 3004 2386 et
3059 2331 3308 2387 obolum
3358 2332 3421 2386 in
3472 2331 3662 2388 missa

2003 2424 2231 2477 Sanctae
2267 2420 2468 2478 Crucis
2485 2419 2708 2475 mensis
2735 2419 2884 2483 Maii,
2917 2425 2975 2474 et
2989 2420 3163 2490 juxta
3219 2425 3493 2477 sanctum
3544 2425 3656 2492 Do;

2003 2511 2320 2566 natianum
2350 2509 2616 2564 alodium
2651 2524 2839 2562 unum
2875 2526 2888 2575 ;
2920 2513 3085 2564 extra
3111 2508 3407 2565 civitatem
3455 2515 3662 2567 contra

2007 2599 2333 2654 claustrum
2365 2597 2562 2653 Sancti
2594 2596 2891 2653 Maximini
2917 2602 3147 2669 partem
3179 2585 3358 2664 alodi,
3381 2615 3514 2670 quae
3531 2615 3662 2670 per-

2007 2690 2151 2745 tinet
2181 2688 2258 2744 ad
2289 2689 2491 2761 ipsum
2531 2686 2879 2756 claustrum,
2914 2691 2969 2742 et
3020 2687 3411 2759 praebendam
3465 2687 3663 2742 Sancti

2008 2777 2244 2833 Aniani.
2281 2777 2593 2832 Possident
2623 2775 2803 2831 etiam
2824 2775 3134 2831 ecclesiam
3167 2775 3364 2832 Sancti
3401 2774 3665 2848 Dionysii

2012 2868 2070 2923 in
2101 2867 2278 2923 alodo
2309 2884 2449 2923 cum
2471 2866 2753 2922 omnibus
2783 2865 2864 2921 ibi
2880 2865 3314 2938 pertinentibus
3341 2865 3508 2922 terris
3539 2865 3664 2921 cul-

230 2956 511 3012 Rotberti
536 2956 1122 3026 regis'privilegium
1158 2971 1269 3025 pro
1323 2956 1669 3012 Miciacensi
1692 2969 1898 3010 mona-
1937 2985 1977 3040 ρ
2010 2955 2080 3011 tis
2103 2960 2159 3011 et
2188 2954 2446 3024 incultis,
2476 2955 2681 3027 pratis,
2712 2954 2978 3028 pascuis,
3009 2953 3216 3023 vineis,
3250 2952 3436 3008 servis
3470 2955 3526 3007 et
3555 2967 3664 3006 an-

975 3045 1176 3100 sterio.

871 3135 1065 3206 (Anno
1093 3133 1270 3205 £022.)

234 3225 522 3296 [MAEILL.,
554 3224 786 3280 Annal.
821 3224 1068 3292 Bened.,
1102 3227 1248 3279 tom.
1294 3226 1380 3292 IV,
1403 3223 1701 3296 Append.,
1760 3239 1899 3296 pag.

621 3316 746 3379 706,
774 3328 846 3368 ex
877 3312 1118 3368 archivo
1149 3312 1528 3384 Miciacensi.]

317 3405 379 3456 ln
401 3401 647 3456 nomine
681 3405 900 3456 sancta:
933 3406 990 3455 et
1017 3400 1276 3456 invidum
1307 3401 1622 3468 Trinitatis,
1651 3403 1903 3456 Romaa-

235 3502 345 3543 τηε
373 3485 473 3541 Dei
503 3485 695 3555 gratia
715 3487 1079 3541 Francorum
1111 3501 1232 3540 rex.
1657 3533 1668 3536 _

314 3578 398 3631 Ex
428 3575 696 3646 injuncto
722 3575 896 3630 nobis
927 3575 1104 3645 regia:
1131 3575 1436 3644 dignitatis
1488 3575 1686 3631 ofﬁcio
1744 3581 1904 3632 tene-

236 3681 380 3720 mur
409 3663 787 3718 monasteriis
834 3663 893 3718 in
943 3679 1129 3733 regno
1181 3669 1388 3719 nostro
1445 3665 1779 3720 constitutis
1833 3681 1904 3720 eo

239 3753 428 3809 modo
459 3753 795 3826 providere,
827 3769 953 3825 quo
977 3753 1252 3808 universa
1280 3769 1416 3824 quae
1443 3754 1520 3808 ab
1551 3754 1681 3809 aliis
1722 3754 1904 3810 libere

236 3843 388 3916 ipsis
410 3842 629 3899 collata
658 3847 817 3912 sunt,
851 3847 908 3897 et
934 3859 1071 3914 quae
1111 3842 1418 3914 possidere
1445 3843 1902 3914 dignoscuntur,

235 3949 317 3990 ne
348 3933 411 3988 in
443 3938 752 4005 posterum
783 3948 963 4004 super
984 3931 1075 3986 his
1104 3931 1345 3987 valeant
1370 3931 1747 4004 aliquatenus
1775 3949 1906 3988 mo-

237 4022 444 4080 lestari
473 4021 792 4078 liberaliter
812 4019 1260 4076 conﬁrmemus.

318 4112 603 4168 Noverint
629 4112 808 4182 igitur
835 4109 1095 4166 universi
1121 4110 1286 4182 quod
1308 4113 1660 4166 constitutus
1677 4111 1737 4165 in
1759 4127 1909 4183 prae-

240 4201 437 4260 sentia
467 4206 672 4258 nostra
700 4199 1057 4256 venerabilis
1088 4199 1398 4256 Odolricus
1455 4200 1797 4272 episcopus,
1852 4205 1909 4256 et

240 4291 520 4349 Albertus
550 4290 742 4346 abbas
771 4289 968 4345 Sancti
1025 4289 1324 4347 Maximini
1373 4289 1734 4346 Miciacensis
1792 4291 1906 4346 loci

242 4399 389 4439 cum
415 4380 785 4454 quibusdam
811 4378 1094 4435 fratribus
1115 4379 1414 4434 humiliter
1434 4380 1730 4452 petierunt
1755 4397 1910 4436 sere—

245 4471 496 4526 nitatem
512 4475 780 4525 nostram
810 4468 1086 4524 innovari
1106 4468 1216 4524 sibi
1242 4469 1552 4542 privilegia
1572 4471 1855 4542 quaedam
1873 4487 1910 4527 a

245 4557 791 4633 praedecessoribus
824 4557 1041 4612 nostris
1065 4557 1330 4627 regibus,
1367 4558 1660 4615 Clodoveo
1692 4559 1911 4616 scilicet

239 4648 442 4722 primo
476 4651 840 4703 Francorum
865 4662 1004 4714 rege
1033 4646 1542 4703 Christianissimo
1601 4654 1656 4702 et
1702 4648 1911 4704 Carolo

243 4741 538 4806 Augusto,
566 4736 731 4806 regia
759 4734 1173 4790 muniﬁcentia
1194 4736 1562 4791 monasterio
1584 4736 1912 4792 Miciacensi

243 4824 499 4888 indulta.
531 4842 792 4897 quorum
823 4823 1093 4880 videlicet
1116 4823 1564 4897 privilegiorum
1578 4826 1768 4895 sigilla
1790 4842 1912 4898 prae

244 4915 438 4971 nimia
477 4918 769 4970 vetustate
828 4914 1003 4970 nobis
1049 4914 1386 4970 videntibus
1437 4915 1619 4972 fracta
1674 4917 1912 4988 penitus

246 5003 488 5059 fuerant
508 5008 564 5059 et
593 5007 972 5075 consumpta.
1009 5005 1276 5068 Quorum
1306 5004 1570 5074 petitioni
1603 5005 1782 5075 digne
1831 5006 1915 5060 fa-

247 5095 476 5160 ventes,
508 5107 620 5163 pro
651 5091 868 5146 animae
898 5090 1088 5146 salute
1115 5091 1394 5162 propriae,
1420 5093 1534 5148 mei
1562 5094 1784 5150 scilicet
1809 5097 1917 5150 Ro-

249 5180 404 5237 berti
427 5180 583 5250 regis
613 5185 670 5236 et
698 5180 900 5236 uxoris
927 5195 1075 5235 meae
1098 5180 1478 5251 Constantiana,
1501 5187 1916 5240 etnostrorum

326 5321 402 5392 (9)
434 5326 641 5394 Annus
669 5321 1026 5377 millesimus
1043 5321 1313 5394 decimus
1336 5325 1603 5394 octavus,
1617 5324 1721 5394 hic
1754 5330 1919 5380 nota-

251 5391 640 5464 tus,primus
667 5397 795 5448 erat
825 5391 1088 5461 Hugonis
1117 5391 1297 5464 regis,
1322 5391 1724 5464 Botbertiﬁlii,
1757 5411 1919 5451 anno

253 5462 563 5535 superiore
580 5464 869 5531 coronati,
889 5469 950 5518 at
976 5462 1248 5535 nondum
1268 5462 1598 5535 tricesimus
1621 5462 1920 5520 secundus

251 5533 448 5608 ipsius
480 5536 712 5608 Boberti
742 5536 920 5608 regis.
961 5537 1125 5589 Forte
1157 5534 1215 5587 id
1236 5533 1615 5589 referendum
1630 5552 1738 5606 pro
1765 5553 1920 5592 novo

253 5605 492 5662 calculo
522 5607 599 5662 ad
632 5622 861 5662 annum
902 5605 1315 5676 insequentem
1368 5610 1520 5670 1019,
1566 5605 1670 5678 qui
1723 5623 1920 5663 annus

2009 3043 2178 3110 cillis,
2202 3048 2258 3099 et
2283 3043 2456 3112 villis,
2488 3043 2549 3098 id
2576 3047 2668 3099 est
2695 3043 2982 3110 Bruerias,
3007 3046 3430 3111 Caventonem,
3488 3040 3666 3096 Albu-

2009 3134 2148 3202 rias,
2182 3132 2488 3188 Asinarias
2511 3137 2567 3187 et
2624 3132 2805 3187 aliam
2856 3135 3211 3203 potestatem
3259 3147 3394 3202 quas
3453 3129 3668 3183 dicitur

2011 3228 2316 3291 Nemesus,
2348 3222 2686 3278 Masnitium
2705 3225 2760 3276 et
2780 3220 3155 3275 Boschellum
3175 3219 3237 3274 in
3251 3217 3665 3283 manu-ﬁrma,

2011 3318 2068 3368 et
2098 3317 2325 3368 curtem
2359 3311 2572 3368 Dreani
2591 3311 2652 3366 in
2685 3309 2864 3366 alodo
2885 3327 3021 3382 quae
3052 3313 3141 3364 est
3168 3308 3229 3363 in
3285 3323 3442 3380 pago
3501 3307 3668 3360 Gast-

2011 3403 2208 3468 nensi,
2240 3402 2376 3457 etin
2404 3417 2562 3473 pago
2588 3398 2995 3456 Aurelianensi
3029 3396 3243 3454 Ulmeri
3274 3395 3479 3450 villam
3531 3409 3671 3449 cum

2011 3491 2294 3547 omnibus
2322 3490 2434 3545 sibi
2463 3489 2916 3563 pertinentibus,
2949 3493 3006 3543 et
3031 3489 3392 3559 potestatem
3433 3483 3670 3539 Andoc-

2011 3582 2236 3654 niputei
2254 3581 2562 3653 (Empuis),
2584 3579 3198 3647 Bitriacum,montem
3227 3575 3672 3646 Guichet,Pyra-

2013 3670 2173 3725 cium
2236 3670 2571 3736 Sarcinum,
2653 3665 3203 3738 Grangioli-villam,
3279 3663 3670 3733 Viviniacum,

2011 3759 2361 3814 Haia-corbi
2388 3763 2444 3813 et
2467 3756 3032 3814 Nocimentum.Has
3045 3758 3369 3828 potestates
3387 3752 3674 3808 Clotarius

2013 3866 2116 3905 rex
2145 3849 2306 3902 ﬁlius
2326 3848 2601 3904 Clodovei
2628 3847 2879 3902 senioris
2898 3844 3183 3916 praedicto
3205 3843 3338 3896 loco
3355 3842 3670 3895 concessit.

2085 3941 2296 3993 Praeter
2352 3939 2482 3992 haec
2543 3941 2745 3991 autem
2799 3932 3112 4004 possident
3159 3927 3454 3999 capellam
3479 3926 3675 3982 Sancti

2015 4026 2320 4082 Maximini
2350 4041 2530 4096 super
2570 4022 2821 4092 Ligerim
2856 4019 3114 4090 positam
3147 4016 3226 4071 ab
3243 4014 3410 4069 omni
3430 4030 3679 4070 consue-

2017 4115 2218 4171 tudine
2250 4118 2307 4168 et
2344 4116 2632 4184 potestate
2663 4105 3137 4164 ministerialium
3162 4108 3508 4160 nostrorum
3534 4102 3678 4160 libe-

2015 4221 2147 4261 ram
2174 4221 2187 4271 ;
2219 4207 2276 4258 et
2305 4201 2523 4256 vallem
2551 4203 2608 4255 et
2632 4197 2971 4254 Cersiacum
3015 4212 3155 4251 cum
3193 4192 3304 4249 sibi
3349 4193 3678 4267 pertinente

2019 4298 2173 4350 terra
2196 4296 2253 4347 et
2277 4290 2510 4358 silva,et
2535 4287 2740 4343 omnia
2769 4303 2905 4360 quas
2923 4284 3001 4340 ad
3019 4283 3298 4340 eamdem
3323 4283 3529 4340 villam
3550 4299 3680 4356 per-

2021 4383 2208 4439 tinent
2230 4385 2286 4436 et
2308 4383 2462 4435 totas
2511 4377 2737 4450 Spedas
2772 4379 2827 4431 et
2853 4374 3296 4438 Montiniacum,
3331 4373 3679 4430 Vacheriam

2017 4487 2260 4545 quoque
2291 4473 2347 4525 et
2382 4472 2572 4523 totum
2605 4465 2916 4522 Ronedum
2947 4466 3076 4536 [al.,
3126 4463 3461 4530 ltollenum]
3530 4460 3682 4514 sicut

2018 4561 2272 4634 partitur
2302 4563 2459 4614 terra
2491 4555 2688 4614 Sancti
2721 4553 3020 4627 Liphardi,
3054 4559 3111 4608 et
3135 4551 3386 4606 Alenam
3425 4551 3482 4601 et
3512 4546 3681 4601 Boni-

2019 4649 2245 4715 villam,
2271 4655 2324 4704 et
2353 4647 2694 4703 casuarium
2727 4661 2917 4699 unum
2947 4643 3005 4696 in
3039 4643 3300 4697 Sumone
3321 4635 3481 4698 villa,
3509 4639 3566 4688 et
3595 4637 3682 4688 to-

2021 4745 2142 4796 tam
2177 4738 2416 4795 Sivestri
2445 4737 2668 4792 villam.
2708 4738 2820 4789 Has
2853 4729 3234 4804 possesiones
3272 4723 3681 4781 Childebertus

2020 4847 2122 4885 rex
2143 4828 2429 4902 praedicto
2453 4827 2588 4880 loco
2630 4821 2896 4878 contulit.
2950 4818 3137 4874 Habet
3183 4816 3362 4870 etiam
3411 4811 3470 4866 in
3521 4826 3682 4902 pago

2023 4898 2369 4977 Carnotensi
2404 4911 2806 4972 Fraxinulum,
2841 4914 2899 4963 et
2931 4904 3368 4965 Saumaricum,
3417 4905 3474 4955 et
3530 4898 3686 4953 Cles-

2022 5025 2152 5064 sam
2183 5006 2386 5061 villam
2418 5019 2556 5057 cum
2579 4999 2862 5055 omnibus
2882 4995 2994 5050 sibi
3015 4989 3472 5066 pertinentibus,
3493 4992 3550 5044 et
3575 4991 3687 5042 ter-

2022 5113 2152 5153 ram
2175 5091 2509 5166 quamdam
2532 5090 2592 5144 in
2622 5087 2757 5142 villa
2789 5102 2923 5157 quae
2945 5082 3161 5138 dicitur
3183 5082 3396 5144 Vonas,
3429 5082 3492 5166 et
3515 5075 3684 5133 Mais-

2025 5187 2179 5239 siam
2194 5165 2266 5237 iet
2285 5178 2690 5236 Lincomisum
2725 5194 2738 5242 ;
2763 5175 2873 5230 has
2888 5169 3297 5244 possessiones
3314 5165 3687 5236 Dagobertus

2026 5339 2164 5379 xxxi
2185 5320 2445 5377 Rotberti
2475 5317 2702 5392 censeri
2728 5319 2981 5389 poterat,
3015 5329 3088 5368 ex
3101 5328 3234 5392 quo
3255 5326 3395 5392 cum
3415 5312 3582 5392 patre
3604 5322 3690 5363 re-

2036 5409 2221 5464 gnare
2238 5383 2761 5465 coepit.Herbertus
2789 5383 3191 5465 comes,cuj{is
3221 5383 3326 5462 hic
3346 5383 3689 5465 mentio,se_-

2028 5459 2230 5540 pultus
2247 5459 2407 5518 est—in
2429 5459 3217 5540 Latiniacensimonasterio,
3235 5459 3689 5540 cujus‘ossa,me

2034 5491 2230 5540 puuus
2247 5491 2329 5518 cal
2348 5491 2407 5518 tu
2431 5491 2815 5539 Lduuuaucuai
2836 5491 3125 5538 ll:lUll(l..DIuGl
3140 5491 3217 5520 ιυ,
3235 5491 3406 5522 υιιδυυ
3424 5491 3564 5506 uua...
3595 5491 3689 5503 ...ιν

2034 5543 2343 5611 praesente,
2376 5551 2448 5589 ex
2468 5539 2666 5611 veter1_
2707 5530 2953 5611 basilica
2979 5544 3070 5611 .in
3120 5541 3339 5611 novam
3375 5491 3691 5611 translata

2037 5592 2175 5664 sunt
2197 5592 2342 5663 cum,
2365 5621 2596 5661 semeso
2617 5604 2746 5674 ejus
2773 5599 3097 5674 epitaphio,
3143 5595 3328 5669 lapidi
3373 5592 3688 5666 insculpto.
