3984 6180
395 176 500 240 963

1586 174 1885 233 ROBER’I‘I
1925 164 2127 230 REGIS
2166 172 2593 234 FRANCORUM
2606 215 2620 232 .
3715 176 3810 235 964

396 321 502 364 rex
527 304 685 363 dicto
710 305 842 360 loco
870 300 1183 358 concessit.
1213 301 1280 357 Et
1316 300 1378 356 in
1421 314 1580 374 pago
1626 298 1886 357 Eunensi
1935 298 2047 355 ha-
2076 300 2135 372 ιΑ
2163 300 2622 369 monachorum,
2646 299 2752 356 ubi
2772 298 2922 356 inter
2959 315 3169 355 eorum
3199 298 3506 373 propriam
3534 298 3750 357 silvam
3768 309 3817 359 et

398 396 543 453 bent
570 393 778 451 cellam
808 390 865 446 in
898 390 1031 447 loco
1056 390 1162 463 qui
1190 388 1409 446 dicitur
1437 388 1864 447 Mons-Letardi
1912 404 2052 445 cum

399 499 556 558 aqua
583 480 841 548 Coneda,
875 478 1258 550 molendinis,
1292 478 1457 548 silva,
1489 478 1697 553 pratis,
1732 480 1899 535 terris
1929 476 2053 533 cul-

398 573 467 629 tis
493 576 549 627 et
575 569 834 641 incultis,
869 568 1133 644 pascuis,
1176 569 1386 637 vineis,
1430 567 1766 642 mancipiis,
1829 568 2050 623 servis:

394 660 551 716 hanc
589 658 803 716 cellam
843 658 1240 715 Theodericus
1270 672 1374 714 rex
1400 674 1473 714 ex
1514 657 1855 713 haereditate
1910 656 2057 728 Lupi

394 748 639 821 pessimi
660 746 831 804 ducis
860 747 1192 805 Miciacensi
1220 745 1354 803 loco
1380 744 1645 803 contulit.
1667 744 2054 803 Combiacum

394 852 639 913 quoque
670 836 982 910 possident
1010 853 1085 892 ex
1112 835 1274 892 dono
1299 834 1582 892 Clodovei
1613 834 1862 890 senioris
1919 849 2057 889 cum

396 924 647 982 ecclesia
666 937 724 983 et
751 925 1032 983 omnibus
1066 924 1179 982 sibi
1211 922 1647 998 pertinentibus
1674 942 1688 992 ;
1716 922 2058 979 Prunedum

397 1020 456 1071 et
497 1014 802 1083 Berellam,
862 1015 1128 1087 Spinam,
1188 1012 1855 1080 Tosoham—rotundam,
1916 1013 2058 1067 Bru-

396 1103 565 1173 lium,
599 1109 656 1162 et
687 1106 939 1161 Boscum
971 1104 1159 1161 sancti
1181 1103 1354 1175 Agili,
1387 1106 1442 1159 et
1489 1104 1720 1160 Brasias
1754 1101 2057 1175 quasdam

393 1192 567 1265 juxta
612 1193 826 1249 silvam
883 1198 1172 1261 nostram,
1224 1209 1360 1266 quae
1417 1191 1635 1248 dicitur
1682 1192 1891 1262 forest,
1955 1190 2057 1246 ubi

396 1286 571 1338 metae
598 1287 739 1338 sunt
763 1282 991 1355 positae.

468 1371 699 1427 Habent
722 1371 967 1444 insuper
995 1387 1068 1426 ex
1093 1370 1256 1426 dono
1286 1370 1520 1443 Pippini
1544 1370 1700 1441 regis
1762 1372 2058 1425 Fontanas

395 1464 453 1516 et
476 1459 780 1518 Malverias
800 1477 937 1534 qua:
966 1464 1105 1516 sunt
1131 1459 1193 1515 in
1216 1458 1394 1517 alodo
1425 1463 1483 1516 et
1532 1459 1593 1515 in
1644 1459 2055 1524 manu-ﬁrma,

395 1552 453 1606 et
476 1553 789 1607 Fauvanas
827 1553 885 1605 et
906 1548 1113 1606 villam
1143 1549 1395 1606 Marcelli
1428 1567 1440 1617 ;
1496 1554 1552 1605 et
1601 1549 1875 1606 Chandre
1922 1563 2062 1603 cum

2164 386 2340 444 silvas
2359 389 2660 447 baronum
2683 395 2740 446 et
2760 389 3015 446 militum
3044 395 3387 447 nostrorum
3417 396 3589 447 metae
3618 394 3813 465 positae

2163 482 2490 549 sunt,omni
2512 485 2779 557 tempore
2806 480 3039 551 glandis
3054 497 3268 553 porcos
3284 481 3576 537 ducentos
3595 482 3813 555 absque

2165 567 2284 624 ullo
2300 570 2618 642 pasnutico
2636 571 2728 627 vel
2745 569 2948 644 aliquo
2965 571 3202 627 servitio
3236 571 3462 627 habere
3494 572 3609 626 sibi
3638 571 3815 629 liceat.

2233 656 2423 713 Habet
2452 664 2740 731 praeterea
2768 658 2929 714 idem
2961 657 3307 715 coenobium
3332 658 3558 714 multas
3588 675 3818 733 posses-

2165 744 2380 813 siones,
2405 762 2578 818 quas,
2603 747 2747 819 quia
2778 746 2839 803 in
2869 746 3193 820 privilegiis
3222 761 3434 818 regum
3483 744 3817 818 praeceden-

2165 832 2333 902 tium,
2358 837 2414 889 et
2443 834 2800 891 authenticis
2830 835 3184 908 pontiﬁcum
3210 834 3574 891 nominatim
3592 850 3819 907 expres-

2165 938 2245 977 sae
2277 923 2676 992 continentur,
2709 922 2769 980 in
2792 924 3070 998 praesenti
3094 924 3467 998 pragmatico
3518 923 3819 978 notuimus

2165 1011 2459 1069 adnotari.
2488 1017 2603 1069 Nos
2629 1030 2791 1081 vero,
2824 1030 2898 1070 ne
2946 1014 3252 1071 inferiores
3310 1012 3634 1069 videamur
3686 1029 3816 1085 prte-

2165 1100 2336 1156 dictis
2365 1101 2627 1172 regibus,
2660 1102 2955 1159 beneﬁcio
2985 1102 3373 1159 concedimus
3400 1100 3678 1175 praedicti
3710 1117 3803 1157 mo

2164 1190 2411 1246 nasterii
2431 1191 2735 1261 fratribus,
2759 1192 2912 1248 duos
2943 1192 3258 1248 farinarios
3317 1190 3635 1247 censuales
3685 1190 3819 1246 infra

2169 1278 2489 1350 Ligeritum
2512 1299 2692 1356 super
2719 1285 3003 1341 Sanetum
3019 1282 3328 1353 Hilarium,
3356 1297 3496 1338 cum
3518 1284 3649 1336 tota
3675 1295 3816 1354 aqua

2166 1368 2267 1424 illa
2298 1385 2485 1445 quam
2506 1371 2670 1427 dedit
2696 1372 2779 1427 eis
2801 1373 2973 1442 Hugo
2999 1371 3190 1441 miles,
3224 1369 3524 1427 solventes
3556 1370 3620 1424 in
3651 1385 3815 1425 censu

2170 1458 2395 1515 solidos
2429 1464 2545 1516 tres
2573 1461 2637 1517 in
2659 1461 2845 1518 missa
2877 1464 3106 1518 Sancta:
3140 1459 3339 1518 Crucis
3378 1458 3612 1515 mensis
3664 1458 3816 1514 Maii:

2170 1551 2227 1602 et
2256 1553 2464 1604 contra
2482 1549 2779 1605 domnum
2802 1553 3116 1607 Martinum
3154 1548 3215 1605 in
3239 1548 3515 1618 Ligerito,
3545 1546 3816 1603 molendi-

396 1639 682 1696 omnibus
705 1638 819 1695 sibi
851 1638 1302 1712 pertinentibus,
1328 1639 1495 1695 terris
1516 1638 1689 1695 cultis
1720 1642 1775 1694 et
1797 1635 2061 1719 incultis,
2101 1658 2141 1714 Β
2171 1651 2285 1691 nos
2308 1636 2462 1693 duos
2493 1655 2566 1694 ex
2584 1638 2828 1712 proprio
2849 1640 2983 1711 jure
3028 1643 3258 1708 nostro,
3310 1653 3449 1693 cum
3514 1652 3680 1709 aqua
3723 1636 3812 1692 sibi

397 1729 583 1785 servis
615 1731 673 1784 et
699 1728 952 1785 ancillis.
2049 1799 2058 1809 ι

467 1819 535 1873 Et
558 1833 631 1873 ex
656 1816 819 1874 dono
848 1816 1132 1872 Ludovici
1156 1815 1534 1889 imperatoris
1559 1821 1615 1874 et
1639 1816 1895 1873 Lotharii
1954 1814 2064 1870 iiiil

396 1906 526 1978 ejus
563 1906 788 1962 habent
807 1904 1244 1962 discursionem
1266 1904 1444 1962 trium
1473 1903 1724 1963 navium
1749 1922 1855 1978 per
1873 1904 2065 1962 diver-

399 2012 467 2053 sa
486 1994 723 2069 imperii
746 1994 1022 2065 ﬂumina,
1073 1994 1290 2051 scilicet
1328 2011 1438 2069 per
1496 1994 1770 2065 Ligerim,
1819 1999 2059 2062 Carum,

399 2088 763 2158 Sequanam,
791 2087 1138 2155 Maternam,
1175 2085 1484 2155 Vigenam,
1517 2086 1771 2153 Sartam,
1822 2084 2060 2141 Medua-

395 2190 561 2242 nam,
592 2174 862 2246 Sidilum,
896 2190 1006 2246 pro
1033 2174 1403 2247 quibuslibet
1425 2173 1779 2230 monasterii
1809 2173 2062 2241 necessi-

397 2265 645 2334 tatibus,
676 2268 744 2321 ut
768 2278 976 2319 secure
1001 2268 1057 2320 et
1083 2263 1267 2320 libere
1293 2263 1378 2319 ire
1409 2269 1465 2319 et
1485 2263 1677 2319 redire
1704 2263 1964 2331 valeant,
2005 2269 2063 2320 et

396 2368 521 2411 non
545 2352 802 2410 reddant
825 2353 1130 2409 teloneum
1172 2353 1269 2409 vel
1320 2352 1506 2409 ullam
1563 2352 2058 2409 consuetudinem

397 2442 669 2515 aliquam
691 2441 1177 2499 redhibitionem.
1242 2445 1308 2499 Et
1366 2457 1442 2498 ne
1491 2441 1772 2516 quislibet
1819 2447 2060 2498 exactor

398 2530 528 2588 ﬁsci
557 2532 632 2588 de
659 2531 841 2611 carris
869 2531 966 2587 vel
995 2532 1236 2589 carretis
1269 2532 1362 2588 vel
1413 2531 1732 2602 sagmariis
1774 2531 1865 2587 vel
1907 2548 2058 2605 quo-

401 2636 639 2697 cunque
667 2621 945 2678 vehiculo
973 2621 1098 2678 sive
1128 2638 1235 2694 per
1262 2625 1484 2679 terram
1517 2621 1636 2677 sive
1682 2637 1790 2695 per
1834 2637 2061 2694 aquam

399 2708 579 2781 facto,
604 2710 693 2767 vel
721 2711 797 2767 de
826 2726 1192 2785 quocunque
1222 2712 1585 2767 commercio
1629 2711 1934 2784 pertinens
1982 2713 2060 2768 ad

397 2800 756 2875 praedictum
775 2798 977 2855 locum
1002 2799 1201 2868 exigat
1228 2799 1323 2856 vel
1345 2800 1601 2873 accipiat
1629 2800 1815 2856 ullam
1863 2800 2059 2856 omni-

400 2906 481 2945 no
504 2885 1024 2952 consuetudinem,
1056 2904 1166 2944 nec
1197 2888 1273 2944 de
1302 2890 1670 2962 quibuslibet
1698 2891 1950 2960 negotiis
1972 2890 2063 2946 vel

400 2977 465 3032 in
491 2975 644 3032 villis
670 2975 766 3031 vel
782 2975 848 3030 in
898 2975 1088 3045 terris,
1150 2975 1271 3032 sive
1302 2976 1361 3032 in
1404 2976 1565 3032 silvis
1619 2982 1724 3033 aut
1770 2977 1831 3033 in
1890 2977 2061 3051 aquis

399 3063 670 3138 praedicti
697 3064 1045 3120 monasterii
1069 3063 1241 3121 factis
1295 3064 1697 3138 undecunque
1743 3065 2061 3137 judiciaria

400 3157 665 3227 potestas
695 3151 923 3224 aliquid
942 3152 1177 3224 exigere
1198 3159 1546 3226 praesumat,
1569 3154 1837 3229 aliquam
1867 3155 2061 3225 legem

399 3241 495 3299 vel
524 3241 1021 3299 consuetudinem
1052 3245 1319 3316 accipere
1340 3244 1434 3300 vel
1464 3246 1718 3317 exigere,
1735 3245 1830 3300 vel
1846 3261 2060 3317 quam-

399 3327 544 3386 libet
571 3329 909 3386 molestiam
937 3330 1175 3386 inferre.
1210 3332 1355 3404 Ipsis
1385 3348 1528 3388 vero
1570 3332 1884 3388 monachis
1924 3348 2062 3387 con-

402 3419 771 3487 suetudines,
812 3436 968 3492 quas
1025 3420 1256 3490 volunt,
1317 3420 1443 3476 sive
1475 3421 1535 3477 in
1594 3422 1763 3478 terris
1819 3421 1943 3476 sive
2000 3420 2062 3475 in

401 3509 575 3582 aquis
605 3507 728 3563 suis
755 3523 979 3581 ponere
999 3508 1190 3578 liceat,
1223 3509 1285 3565 id
1306 3514 1416 3579 est,
1473 3510 1760 3566 telonium
1819 3509 1958 3566 salis
2008 3515 2065 3565 et

403 3596 656 3653 aliarum
676 3613 898 3665 rerum,
930 3613 1066 3671 quae
1097 3599 1394 3654 vehantur
1425 3599 1547 3655 sive
1568 3616 1675 3672 per
1695 3604 1915 3655 terram
1941 3599 2064 3655 sive

401 3703 510 3761 per
539 3704 787 3763 aquam,
811 3694 867 3745 et
888 3692 1132 3746 cwteras
1162 3690 1323 3760 leges
1354 3690 1417 3745 id
1438 3695 1529 3746 est
1555 3690 1933 3762 sanguinem,
1968 3706 2063 3745 ra—

401 3782 599 3853 ptum,
630 3778 1045 3851 homicidium,
1070 3778 1436 3849 incendium,
1470 3784 1527 3836 et
1550 3780 1698 3837 alias
1723 3780 1886 3851 leges
1926 3797 2064 3853 quae

402 3868 596 3925 solent
625 3868 867 3937 exsolvi,
900 3868 963 3925 in
995 3869 1117 3925 suis
1150 3868 1319 3925 terris
1351 3869 1670 3943 accipiant.

471 3956 783 4014 Possident
804 3957 984 4014 etiam
1010 3972 1084 4013 ex
1102 3957 1264 4013 dono
1278 3958 1468 4016 Caroli
1494 3958 1656 4015 Calvi
1689 3958 2062 4016 Gaudiacum

401 4064 542 4106 cum
570 4047 820 4105 ecclesia
847 4052 903 4104 et
930 4047 1213 4104 omnibus
1245 4048 1356 4104 sibi
1386 4048 1842 4122 pertinentibus,
1891 4047 2062 4105 terris

402 4137 575 4192 cultis
608 4142 664 4192 et
687 4136 947 4209 incultis,
969 4137 1233 4210 pascuis,
1259 4138 1440 4194 servis
1457 4142 1514 4194 et
1553 4138 1782 4195 ancillis
1830 4143 1887 4195 et
1934 4137 2063 4211 qui-

400 4224 665 4281 busdam
694 4225 884 4294 villis;
919 4226 1139 4283 scilicet
1166 4231 1421 4285 Montem
1451 4228 1702 4300 Bellerii,
1730 4229 2059 4298 Patiacum,

402 4313 817 4372 Mauselanum
839 4317 896 4369 et
922 4314 1179 4370 boscum
1199 4316 1303 4389 qui
1324 4315 1539 4374 dicitur
1558 4321 1777 4374 Boscus
1802 4318 1979 4389 regis,
2008 4322 2066 4375 et

400 4403 659 4461 boscum
689 4400 949 4471 Gilfredi,
973 4401 1229 4460 boscum
1259 4404 1438 4463 etiam
1468 4407 1665 4464 Sancti
1696 4406 1967 4478 Marcelli,
2008 4411 2065 4464 et

398 4490 633 4549 brasias
662 4490 964 4565 quasdam
989 4492 1142 4548 inter
1170 4499 1436 4551 montem
1456 4495 1673 4551 Belleni
1693 4501 1750 4552 et
1766 4496 1927 4553 viam
1950 4512 2063 4569 pu-

406 4581 647 4648 blicam,
676 4580 781 4638 ubi
801 4586 974 4639 metae
1006 4582 1215 4656 positae
1234 4589 1400 4642 sunt.

476 4674 541 4726 1n
572 4671 880 4728 Secalonia
905 4687 1148 4745 quoque
1199 4673 1381 4730 habet
1411 4678 1635 4730 curtem
1689 4676 2063 4731 Vennensem

402 4775 541 4815 cum
572 4759 825 4816 ecclesia
849 4764 907 4815 et
935 4760 1218 4817 omnibus
1252 4762 1365 4818 sibi
1394 4763 1847 4835 pertinentibus,
1874 4768 1930 4819 et
1955 4767 2066 4821 Ma-

402 4849 633 4905 cherias
661 4853 717 4905 et
744 4851 967 4906 Mesum
989 4855 1045 4906 et
1073 4850 1420 4923 Brulium,et
1446 4852 1814 4908 Cosdrenam
1847 4853 2062 4911 silvam

399 4952 540 4994 cum
568 4937 783 4995 brasiis
813 4937 1253 5011 adjacentibus,
1276 4944 1333 4995 et
1358 4939 1419 4995 in
1454 4940 1721 4997 Litiniaci
1775 4943 2063 5014 parochia

398 5024 750 5083 farinarium
780 5030 1090 5100 petrosum
1113 5045 1126 5097 ;
1152 5027 1266 5083 has
1290 5028 1706 5101 possessiones
1735 5029 1962 5088 habent
1989 5048 2062 5088 ex

399 5113 562 5172 dono
592 5115 853 5173 Lotharii
883 5116 987 5173 ﬁlii
1020 5116 1299 5173 Ludovici
1324 5115 1725 5192 imperatoris.

470 5205 554 5258 Ex
578 5202 741 5260 dono
770 5210 973 5262 autem
995 5204 1317 5264 Clodomiri
1362 5207 1521 5279 regis
1577 5207 1805 5265 habent
1858 5211 2063 5268 Fonta-

399 5290 587 5347 nellas
617 5308 757 5348 cum
785 5296 1069 5353 omnibus
1100 5296 1213 5353 sibi
1240 5297 1695 5370 pertinentibus,
1741 5300 1909 5356 terris
1941 5299 2060 5355 cul-

400 5377 473 5435 tis
500 5383 558 5436 et
584 5378 844 5451 incultis,
876 5384 1142 5455 pascuis,
1175 5385 1340 5451 silva,
1367 5385 1604 5456 brasiis,
1651 5388 1837 5444 servis
1865 5394 1923 5446 et
1952 5404 2060 5445 an-

399 5468 564 5525 cillis.
594 5470 759 5526 Hanc
780 5471 959 5527 etiam
991 5475 1483 5532 communitatem
1512 5477 1739 5533 habent
1767 5493 1839 5534 ex
1897 5477 2059 5533 dono

398 5558 650 5617 Alberici
670 5560 1031 5619 vicecomitis
1051 5563 1513 5640 Aurelianensis,
1539 5572 1603 5624 ut
1624 5584 1733 5641 per
1756 5571 1943 5624 totam
1964 5566 2060 5622 sil-

404 5662 542 5705 vam
564 5666 700 5724 quw
726 5650 964 5723 adjacet
992 5653 1347 5712 Fontanellaa
1378 5656 1736 5728 supradictae
1778 5656 2058 5729 potestati

2172 1725 2525 1799 pertinente,
2554 1728 2639 1783 eis
2666 1729 2728 1783 in
2756 1732 3113 1802 perpetuum
3134 1727 3531 1783 concedimus
3589 1731 3645 1782 et
3697 1742 3812 1781 con-

2170 1812 2506 1873 ﬁrmamus.
2532 1817 2928 1874 Concedimus
2955 1818 3134 1873 etiam
3166 1816 3249 1872 eis
3284 1820 3347 1871 ut
3369 1815 3656 1870 homines
3698 1830 3811 1870 nos-

2173 1905 2275 1960 stri
2290 1904 2458 1961 liberi
2488 1909 2544 1962 et
2570 1906 2854 1980 servi,qui
2882 1905 3212 1962 manserint
3236 1904 3333 1961 vel
3357 1903 3584 1961 domos
3610 1904 3809 1960 habue-

2170 1993 2287 2050 rint
2314 1993 2377 2049 in
2409 1994 2576 2050 terris
2596 2011 2827 2064 eorum,
2856 2010 3067 2051 omnes
3098 1993 3336 2066 penitus
3362 1993 3809 2049 consuetudines

2171 2088 2228 2139 et
2255 2100 2329 2139 ex
2357 2085 2601 2141 nomine
2634 2086 2836 2141 taliam
2866 2085 3390 2158 quemadmodum
3442 2084 3673 2158 proprii
3717 2083 3804 2138 ho-

2170 2172 2362 2228 mines
2394 2188 2604 2229 eorum
2635 2178 2928 2248 perpetuo
2958 2173 3231 2230 reddant.
3262 2175 3329 2229 Et
3357 2172 3516 2228 sicut
3566 2173 3677 2245 piae
3701 2188 3804 2228 me-

2169 2261 2375 2317 moriae
2397 2262 2630 2333 genitor
2659 2268 2861 2319 noster
2879 2265 3047 2333 Hugo
3072 2279 3179 2319 rex
3209 2262 3293 2318 eis
3316 2266 3700 2319 concesserat
3717 2262 3808 2316 sin-

2169 2351 2323 2422 gulis
2351 2350 2753 2407 hebdomadis
2783 2368 2891 2425 per
2916 2368 3100 2409 unam
3129 2352 3288 2407 diem
3305 2354 3363 2407 et
3381 2358 3805 2424 noctem,quam

2168 2440 2481 2511 voluerint,
2508 2440 2841 2498 libertatem
2898 2438 3301 2514 perlustrandi
3353 2444 3553 2496 totam
3606 2456 3795 2513 aquam

2168 2530 2355 2586 nostri
2378 2528 2530 2601 juris
2558 2530 2793 2601 Ligeriti
2820 2529 3006 2600 ﬂuvii,
3028 2528 3299 2603 quolibet
3326 2531 3517 2586 modo
3558 2529 3800 2604 piscatio-

2166 2620 2282 2687 nis,
2317 2618 2403 2676 eis
2436 2618 2496 2675 in
2517 2624 2875 2693 perpetuum
2894 2620 3284 2677 concedimus
3301 2619 3798 2676 etconﬁrmamus.

2169 2712 2235 2765 Et
2261 2708 2407 2783 quia
2434 2708 2855 2765 ministeriales
2885 2709 3072 2765 nostri
3113 2707 3578 2765 Aurelianenses
3619 2714 3672 2765 et
3715 2706 3804 2762 mi-

2165 2799 2316 2867 lites,
2345 2801 2402 2853 et
2434 2798 2758 2854 servientes
2800 2797 3073 2854 Landrici
3120 2796 3322 2852 militis
3378 2796 3800 2868 Balgenciacen-

2168 2889 2266 2955 sis,
2298 2891 2355 2943 et
2376 2887 2626 2959 quidam
2658 2887 2780 2956 alii,
2813 2887 2963 2943 sicut
2987 2887 3065 2943 ad
3090 2892 3328 2943 nostras
3373 2903 3556 2943 aures
3611 2887 3795 2958 saepius

2094 3014 2133 3069 Ο
2165 2976 2453 3047 pervenit,
2506 2981 2695 3033 terras
2741 2977 3010 3050 praedicti
3065 2976 3413 3034 monasterii
3462 2974 3793 3050 quotidianis

2165 3068 2407 3121 vastant
2428 3065 2679 3137 rapinis,
2708 3071 2765 3121 et
2787 3066 3138 3122 hominibus
3164 3066 3282 3122 illic
3312 3064 3791 3122 commorantibus

2166 3154 2386 3210 multas
2414 3155 2667 3226 injurias
2694 3155 2941 3227 faciunt,
3000 3172 3107 3229 per
3166 3157 3281 3212 hoc
3335 3160 3552 3212 nostrae
3606 3152 3789 3223 regalis

2169 3243 2535 3300 auctoritatis
2566 3250 2933 3318 praeceptum
2959 3245 3021 3301 id
3052 3245 3421 3301 omnimodis
3447 3244 3657 3302 amodo
3679 3240 3785 3297 ﬁeri

2170 3333 2581 3405 prohibemus,
2601 3334 2893 3391 Landrico
2920 3335 3102 3392 milite
3122 3334 3619 3405 Balgenciacensi,
3647 3336 3697 3388 et
3733 3330 3788 3385 ﬁ-

2169 3420 2260 3477 liis
2287 3423 2416 3494 ejus
2448 3424 2760 3495 Landrico,
2790 3427 3018 3481 Joanne
3043 3430 3099 3481 et
3126 3428 3348 3482 Herveo
3369 3424 3446 3482 ad
3462 3424 3641 3497 ipsum
3665 3435 3787 3477 con-

2172 3511 2587 3581 sentientibus,
2616 3517 2673 3568 et
2699 3529 2904 3570 coram
2959 3512 3135 3570 nobis
3174 3518 3233 3571 et
3279 3513 3536 3570 ﬁdelibus
3580 3506 3778 3565 nostris

2169 3598 2374 3672 palam
2405 3600 2829 3657 conﬁtentibus
2859 3618 2920 3657 se
2946 3603 3065 3659 huc
3090 3618 3285 3676 usque
3320 3600 3531 3658 nullum
3549 3596 3769 3653 omnino

2166 3688 2265 3759 jus
2296 3693 2398 3745 aut
2423 3689 2608 3746 ullam
2638 3690 3136 3747 consuetudinem
3166 3692 3260 3747 vel
3291 3690 3576 3747 servitium
3597 3687 3653 3742 in
3666 3700 3778 3740 om-

2170 3776 2349 3834 nibus
2377 3779 2545 3835 terris
2575 3782 2771 3837 Sancti
2792 3780 3092 3837 Maximini
3119 3780 3214 3836 vel
3234 3778 3570 3837 hominibus
3587 3777 3655 3834 de
3674 3776 3786 3848 jure

2168 3866 2455 3926 habuisse
2485 3869 2580 3925 vel
2605 3870 2828 3927 habere
2850 3871 3089 3927 debere.
3124 3872 3513 3928 Prohibemus
3539 3869 3715 3939 igitur,
3740 3868 3786 3919 el

2169 3960 2515 4017 auctoritate
2543 3960 2708 4030 regia
2733 3961 3116 4035 praecipimus
3138 3962 3397 4018 districta
3427 3966 3491 4018 ut
3510 3960 3569 4017 in
3589 3956 3788 4017 Miciaoo

2168 4049 2324 4117 villa,
2356 4054 2414 4105 et
2441 4051 2501 4105 in
2528 4055 2820 4124 potestate
2852 4052 3050 4108 Sancti
3081 4052 3365 4126 Dionysii,
3390 4055 3447 4109 et
3484 4050 3548 4107 in
3595 4044 3790 4122 capella

2173 4139 2372 4195 Sancti
2392 4141 2695 4197 Maximini
2726 4146 2889 4198 trans
2922 4142 3195 4213 Ligerim,
3226 4145 3283 4198 et
3307 4141 3370 4197 in
3403 4139 3725 4199 Cambiaco.
3748 4137 3794 4192 et

2168 4226 2231 4283 in
2280 4229 2603 4298 Gaudiaco,
2652 4231 3124 4299 Monte-Bellerii,
3184 4229 3494 4300 Malvariis,
3567 4223 3793 4287 Canarﬁs

2171 4318 2475 4385 Fontanis,
2509 4318 2950 4387 Villa-Marcelli,
2975 4320 3259 4392 Rosariis,
3289 4322 3558 4377 Asneriis
3576 4319 3789 4381 inlleso.

2170 4411 2227 4463 et
2255 4407 2315 4462 in
2338 4408 2625 4464 omnibus
2657 4409 3030 4483 appendiciis
3058 4426 3192 4484 quae
3224 4409 3303 4467 ad
3328 4410 3438 4467 has
3462 4410 3626 4467 villas
3648 4403 3798 4481 perti-

2170 4513 2309 4553 nere
2340 4502 2689 4567 noscuntur,
2722 4504 2779 4555 et
2809 4499 2870 4554 in
2902 4500 3032 4556 aliis
3063 4499 3239 4567 villis,
3272 4499 3367 4556 vel
3397 4501 3589 4569 terris,
3612 4496 3697 4554 vel
3714 4494 3802 4552 ho-

2170 4586 2435 4643 minibus
2465 4604 2697 4658 eorum,
2729 4587 2885 4644 ullus
2911 4588 3159 4645 omnino
3189 4586 3670 4646 ministerialium
3719 4597 3804 4640 no-

2172 4680 2452 4745 strorum,
2476 4693 2670 4750 neque
2702 4694 2925 4749 comes,
2950 4694 3144 4752 neque
3184 4678 3427 4750 missus,
3493 4692 3688 4752 neque
3731 4673 3806 4745 ju-

2171 4765 2306 4833 dex,
2340 4770 2444 4821 aut
2479 4766 2723 4837 villicus,
2784 4772 2889 4823 aut
2937 4768 3217 4841 quislibet
3271 4767 3521 4841 publica
3548 4768 3805 4841 potestate

2169 4855 2475 4928 praeditus,
2508 4854 2690 4912 ullam
2747 4858 2995 4913 omnino
3060 4857 3275 4928 legem,
3309 4857 3405 4913 vel
3455 4852 3808 4914 consuetudi-

2170 4958 2332 5016 nem,
2364 4943 2460 5001 vel
2488 4944 2792 5001 servitium
2823 4944 3069 5019 aliquod
3102 4946 3319 5019 exigat,
3361 4945 3453 5001 vel
3515 4947 3700 5003 ullam
3740 4942 3808 4998 in-

2170 5032 2584 5107 quietudinem
2612 5039 2716 5091 aut
2758 5035 3237 5093 contrarietatem
3294 5034 3590 5110 deinceps
3643 5035 3806 5091 facere

2168 5126 2497 5194 praesumat
2528 5140 2541 5191 ;
2570 5126 2673 5179 aut
2691 5122 3027 5197 quidquam
3046 5122 3416 5193 subtrahere,
3444 5129 3555 5181 aut
3568 5122 3806 5198 aliquam

2168 5208 2613 5268 infestationem
2660 5209 2923 5269 inferre:
2986 5212 3091 5268 sed
3144 5211 3318 5270 liceat
3367 5213 3673 5287 praedictis
3718 5208 3808 5265 ira.

2169 5300 2362 5357 tribus
2392 5307 2757 5359 memoratas
2828 5302 3265 5375 possessiones,
3321 5308 3377 5360 et
3429 5304 3642 5360 omnia
3693 5313 3804 5374 qua!

2167 5405 2380 5459 regum
2401 5391 2498 5447 vel
2553 5392 2896 5464 principum
2954 5408 3058 5448 seu
3117 5392 3375 5448 aliorum
3420 5388 3808 5465 quorumlibet

2166 5479 2435 5535 fidelium
2461 5479 2776 5550 largitione
2801 5481 2863 5537 in
2913 5487 3273 5555 perpetuum
3331 5481 3534 5554 adepti
3594 5478 3804 5541 fuerint,

2169 5569 2283 5626 sub
2340 5575 2545 5627 nostra
2568 5571 2918 5644 plenissima
2971 5571 3238 5640 mitione,
3292 5571 3516 5630 nostris
3577 5575 3638 5628 et
3681 5570 3811 5625 futu-

2167 5657 2247 5715 ris
2308 5662 2426 5715 Deo
2473 5659 2827 5732 disponente
2871 5661 3264 5735 temporibus,
3324 5662 3522 5734 quiete
3563 5665 3623 5715 et
3648 5658 3810 5715 libere
