3984 6180
148 242 251 297 965

1663 220 2078 282 DIPLOIATA.

147 360 472 436 possidere.
504 362 572 416 Ut
598 361 800 415 autem
828 358 958 413 haec
985 358 1195 412 nostra
1225 354 1547 412 auctoritas
1576 350 1795 407 certius
1836 370 1878 423 Α
1918 365 2054 405 sum
2084 353 2140 405 et
2170 350 2321 406 sicut
2344 350 2531 406 nostri
2581 351 2864 424 praecepti
2918 352 3262 408 auctoritate
3315 353 3577 413 ﬁrmavi-

147 451 442 516 credatur,
471 453 528 504 et
555 464 592 503 a
620 446 921 515 fidelibus,
951 448 1069 501 Deo
1100 449 1422 512 annuente,
1478 440 1698 497 nostris
1754 443 1810 495 et

149 540 359 598 futuris
389 536 763 609 temporibus
796 535 1010 595 melius
1037 538 1444 600 conservetur,
1497 530 1674 602 sigilli
1702 545 1809 585 no—

152 630 251 686 stri
275 629 616 684 charactere
648 626 854 681 subter
883 641 1019 681 eam
1039 624 1337 697 jussimus
1362 621 1654 679 roborari.

224 716 472 786 Signum
502 714 766 771 Rotberti
796 713 971 784 regis.
1009 712 1169 784 Sign.
1200 711 1465 783 Hugonis
1510 709 1665 780 regis
1708 707 1811 763 ﬁlii

153 806 432 864 Rotberti.
468 805 628 876 Sign.
662 804 896 861 Henrici
954 803 1060 859 ﬁlii
1112 802 1369 860 Rotberti
1413 802 1588 873 regis.
1646 797 1805 869 Sign.

154 895 413 953 Rotberti
442 894 542 951 ﬁlii
575 894 835 950 Rotberti
865 893 1046 963 regis.

226 984 477 1040 Nomina
506 983 744 1040 testium
777 1002 789 1038 :
827 983 986 1052 Sign.
1020 982 1289 1039 Tetduini
1323 980 1537 1047 clerici,
1581 978 1685 1035 ﬁlii
1718 983 1815 1035 Re-

155 1073 310 1142 gina:
341 1072 631 1140 mulieris,
659 1072 833 1142 cujus
864 1075 993 1128 erat
1018 1070 1400 1127 beneﬁcium.
1450 1070 1611 1139 Sign.
1677 1071 1815 1123 Leu-

152 1162 368 1219 tericus
422 1161 910 1235 archiepiscopus
969 1162 1255 1218 Senonas.
1321 1160 1483 1229 Sign.
1534 1158 1815 1215 Gostinus

154 1250 640 1323 archiepiscopus
672 1250 977 1307 Bituricas.
1010 1251 1171 1320 Sign.
1230 1249 1539 1306 Odolricus
1594 1249 1817 1320 episco~

154 1356 271 1413 pus
298 1338 646 1396 Aurelianis.
692 1338 853 1409 Sign.
908 1338 1201 1393 Guarinus
1250 1337 1569 1410 episcopus
1626 1334 1817 1391 Belva—

157 1443 292 1497 gus.
326 1427 486 1497 Sign.
513 1430 739 1484 Franco
768 1426 1088 1499 episcopus
1118 1426 1390 1482 Parisius.
1427 1426 1587 1494 Sign.
1618 1438 1820 1479 comes

156 1518 254 1573 lvo
283 1517 358 1573 de
388 1517 797 1573 Bello-monte.
834 1516 995 1585 Sign.
1032 1515 1154 1571 Ebo
1197 1515 1387 1571 miles.
1449 1514 1565 1585 Sig.
1619 1512 1821 1570 Guari-

158 1622 272 1662 nus
297 1606 467 1663 miles
488 1606 764 1662 Parisius.
809 1606 971 1675 Sign.
1006 1605 1336 1661 Amalricus
1368 1604 1537 1660 miles
1558 1604 1632 1659 de
1664 1606 1823 1661 Mon-

1918 453 2075 508 mus,
2106 437 2186 493 ita
2215 438 2391 495 etiam
2423 438 2693 507 legaliter
2724 439 2911 495 dandi
2938 440 2999 495 in
3024 444 3332 514 posterum
3358 441 3576 501 haben-

1918 525 2001 582 da
2052 526 2279 600 absque
2327 528 2767 585 declamatione
2818 529 3221 597 decernimus,
3270 532 3329 587 et
3362 532 3578 588 harum

1917 630 2119 671 rerum
2175 618 2633 675 conventionem
2692 618 2902 674 annuli
2957 619 3145 676 nostri
3188 618 3580 692 impressione

1919 719 2250 771 signemus.

1990 796 2203 849 Actum
2266 794 2534 862 Avaloni,
2600 811 2761 852 anno
2809 795 3101 854 incarnati
3175 798 3348 855 Verbi
3422 803 3581 870 1028,

1921 886 2208 952 regnante
2238 883 2493 941 Roberto
2521 901 2741 941 xxxvn.
2776 888 2897 955 Ego
2929 887 3249 944 Baldoinus
3292 887 3583 946 cancella-

1922 971 2045 1028 rius
2075 971 2399 1041 relegendo
2425 973 2772 1047 subscripsi.

2690 1084 2821 1137 XIII.

1926 1185 2194 1242 Rotberti
2237 1186 2394 1257 regis
2446 1192 2813 1268 praeceptum
2845 1201 2979 1311 2pro
3009 1190 3368 1245 monasterio
3405 1190 3587 1247 Belli-

2379 1262 2596 1311 montis
2625 1272 2813 1311 prone
2892 1273 3129 1311 uronos.

2379 1262 2596 1312 montis
2624 1272 2813 1327 prope
2845 1262 3129 1315 Turonos.

2561 1348 2760 1415 (Anno
2794 1347 2972 1419 10-22).

1929 1434 2206 1505 [MARILL.,
2236 1434 2465 1511 Annal.
2496 1436 2744 1511 Beneci._,
2802 1435 3396 1511 to_m.__lV,_.A.ppend.
3446 1452 3588 1511 pag.

2311 1450 2465 1490 mai.
2496 1450 2744 1500 13611861.,
2802 1450 2946 1490 tom.
2978 1450 3063 1499 iV,
3122 1450 3167 1491 A

2311 1508 2436 1572 708,
2469 1522 2542 1561 ex
2574 1506 2818 1561 archivo
2852 1508 2908 1562 S.
2941 1450 3213 1579 Πανείοἰῖ

2004 1615 2064 1666 In
2093 1612 2337 1667 nomine
2367 1615 2588 1667 sancire
2620 1616 2677 1667 et
2713 1612 3039 1668 individuus
3086 1611 3400 1688 Trinitatis,
3455 1617 3596 1672 Rer-

160 1695 408 1753 te-forte.
469 1699 592 1766 Ego
650 1695 979 1752 Balduinus
1025 1694 1417 1751 cancellarius
1456 1692 1823 1767 perlegendo
1863 1715 1902 1767 3
1930 1716 2137 1757 namus
2168 1701 2268 1756 Dei
2293 1700 2706 1757 misericordia
2732 1716 2852 1757 rex.

163 1785 512 1859 subscripsi.

229 1878 444 1932 Actum
475 1872 808 1930 Aurelianis
858 1872 1118 1947 publice,
1178 1888 1338 1928 anno
1396 1872 1822 1928 lncarnatioms

162 1963 399 2020 Domini
431 1962 748 2019 millesimo
779 1962 1059 2019 vicesimo
1090 1961 1375 2031 secundo,
1395 1960 1563 2031 regni
1584 1960 1824 2016 Rotber-

165 2053 206 2109 ti
233 2052 391 2123 regis
419 2068 601 2119 xxvii,
632 2056 691 2107 et
716 2051 1037 2107 indictione
1070 2067 1129 2119 v,
1190 2050 1435 2122 quando
1487 2050 1822 2121 Stephanus

165 2141 589 2198 haeresiarchea
617 2146 672 2196 et
703 2140 1024 2212 complices
1066 2140 1196 2210 ejus
1243 2139 1512 2195 damnati
1571 2142 1712 2193 sunt
1766 2142 1825 2193 et

162 2230 281 2285 arsi
310 2236 450 2285 sunt
476 2229 803 2286 Aurelianis
834 2231 965 2301 [al.,
997 2228 1246 2303 quando
1272 2228 1532 2285 hmretici
1552 2228 1823 2284 damnati

160 2324 302 2375 sunt
326 2319 700 2391 Aurelianis].

944 2412 1055 2465 XII.

163 2498 403 2555 Roberti
425 2499 582 2568 regis
604 2498 994 2568 privilegium
1016 2513 1133 2567 pro
1163 2498 1413 2555 ecclesia
1451 2497 1515 2552 S.
1547 2498 1822 2565 Martini,

232 2594 468 2659 petente
492 2590 558 2645 S.
593 2589 935 2655 Guillelmo,
968 2588 1181 2645 abbate
1223 2588 1286 2645 S.
1316 2588 1580 2658 Benigni
1621 2589 1824 2643 Divic-

239 2679 457 2735 nensis.
1526 2705 1534 2711 ε

793 2769 987 2833 (Anno
1017 2766 1194 2837 1023).

239 2855 517 2928 [MuILL.,
549 2856 702 2912 Acta
731 2855 841 2912 SS.
874 2856 1122 2926 Bened.,
1156 2870 1289 2910 saec.
1324 2857 1411 2924 Vl,
1434 2869 1575 2927 pag.
1607 2857 1753 2927 467].

241 2949 304 3001 In
332 2945 578 3001 nomine
605 2948 824 3001 sanctae
862 2947 921 2999 et
960 2943 1282 2999 individuus
1330 2944 1642 3001 Trinitatis.
1706 2946 1829 3015 Ego

173 3038 465 3091 Rossarus
495 3035 687 3105 gratia
718 3033 817 3089 Dei
847 3037 1211 3090 Francorum
1240 3049 1362 3090 rex.

2001 1789 2059 1844 Si
2114 1790 2499 1862 petitionibus
2553 1806 2868 1846 servorum
2924 1791 3024 1846 Dei
3069 1806 3179 1863 pro
3226 1791 3598 1865 quibuslibet

1930 1873 2340 1931 ecclesiasticis
2369 1875 2819 1931 necessitatibus
2849 1889 3025 1931 aures
3076 1880 3311 1932 nostras
3350 1874 3596 1950 pulsan-

1930 1963 2076 2018 tium
2134 1962 2385 2019 libenter
2439 1962 2817 2027 assentimur,
2889 1968 2946 2019 et
2998 1962 3075 2019 ad
3118 1962 3335 2020 divinae
3373 1964 3596 2021 militiai

1929 2051 2155 2107 cultum
2185 2052 2247 2107 in
2272 2052 2418 2107 locis
2452 2052 2706 2108 Domino
2732 2051 2943 2107 dicatis
2985 2051 3226 2108 uberius
3253 2052 3597 2111 famulanti-

1928 2140 2045 2197 bus
2074 2141 2365 2197 auxilium
2405 2142 2789 2213 porrigimus,
2838 2141 2896 2196 id
2948 2141 3124 2197 nobis
3152 2140 3367 2215 procul
3410 2140 3597 2200 dubio

1929 2235 1986 2285 et
2014 2230 2093 2285 ad
2116 2230 2439 2286 instantem
2476 2230 2663 2286 vitam
2690 2231 3095 2302 temporaliter
3116 2230 3596 2302 transigendam,

1928 2324 1988 2375 et
2038 2319 2119 2375 ad
2171 2319 2435 2375 futuram
2488 2318 2731 2375 feliciter
2777 2319 3174 2376 obtinendam
3213 2318 3598 2392 profuturum

1931 2407 2315 2464 conﬁdimus.
2354 2412 2568 2464 Notum
2599 2408 2780 2479 igitur
2833 2407 2957 2463 fore
3016 2408 3266 2465 omnino
3321 2408 3600 2483 cupimus

1932 2498 2162 2554 cunctis
2219 2497 2430 2554 Christi
2501 2498 2840 2570 nostrisque
2896 2495 3174 2554 ﬁdelibus
3208 2541 3223 2569 ,
3307 2499 3601 2572 praesenti-

1931 2587 2047 2643 bus
2110 2585 2328 2642 scilicet
2375 2590 2554 2659 atque
2607 2586 2840 2653 futuris.
2898 2585 3190 2661 quoniam
3246 2585 3392 2643 adiit
3448 2603 3603 2643 sere-

1934 2676 2179 2733 nitatem
2209 2675 2397 2731 nostri
2427 2674 2705 2732 culminis
2734 2676 3027 2750 Sulpicius
3076 2675 3494 2732 subdiaconus
3547 2680 3605 2732 et

1935 2766 2287 2824 archiclavis
2335 2765 2496 2823 Beati
2553 2765 2802 2833 Martini,
2861 2765 3164 2823 humiliter
3214 2764 3513 2836 ﬂagitans,
3547 2768 3606 2822 et

1934 2855 2264 2927 ﬂagitando
2287 2870 2528 2912 summa
2552 2870 2729 2929 prece
2755 2855 3114 2929 deposcens,
3166 2860 3231 2912 ut
3255 2854 3603 2913 auctoritate

1937 2951 2152 3002 nostrae
2172 2946 2588 3019 praeceptionis
2612 2946 2969 3018 juberemus
2986 2949 3356 3020 prmeeptum
3375 2945 3503 3002 ﬁeri
3529 2944 3605 3002 de

1869 3069 1910 3124 ο
1938 3036 2029 3091 his
2047 3035 2206 3090 unde
2218 3036 2346 3105 jam
2358 3041 2729 3124 praeceptum
2747 3036 2931 3092 altera
2946 3036 3074 3091 vice
3087 3035 3214 3092 fieri
3223 3036 3605 3107 jusseramus

242 3124 476 3180 Noverit
501 3124 774 3180 omnium
796 3128 1016 3179 sanctis
1038 3124 1246 3179 matris
1268 3124 1540 3179 Ecclesiae
1561 3123 1829 3179 ﬁdelium
1892 3123 1895 3124 ⁷
1938 3140 2044 3197 per
2068 3123 2549 3196 deprecationem
2576 3123 2748 3178 bonae
2771 3124 3075 3179 memoriae
3102 3124 3311 3180 Hervei
3339 3124 3525 3179 levitas
3550 3127 3610 3180 et

168 3213 485 3283 industria,
516 3217 582 3269 ut
604 3227 872 3286 praesens
901 3211 1008 3267 sed
1036 3212 1218 3268 etiam
1248 3212 1466 3277 futura,
1500 3212 1667 3284 quod
1705 3211 1834 3284 qui-

168 3294 315 3360 dam
344 3306 547 3359 noster
570 3317 793 3370 comes,
826 3301 1175 3357 Guillelmus
1202 3301 1465 3367 nomine,
1495 3306 1712 3357 nostra:
1749 3318 1836 3357 se-

170 3392 439 3449 renitatis
469 3391 683 3448 adierit
709 3391 1113 3464 praesentiam,
1144 3406 1368 3462 rogans
1397 3395 1454 3447 et
1482 3390 1702 3447 obnixe
1732 3406 1836 3464 po-

175 3480 410 3538 stulans
434 3484 501 3537 ut
523 3479 859 3554 quamdam
887 3480 1199 3537 ecclesiam
1248 3480 1310 3537 in
1361 3481 1589 3537 honore
1648 3479 1833 3536 sancti

174 3568 405 3627 Martini
427 3574 751 3637 sacratam,
781 3569 843 3625 in
873 3568 1168 3625 suburbio
1198 3569 1500 3625 Belnensis
1551 3568 1730 3625 castri
1763 3567 1837 3624 si-

176 3664 325 3729 tam,
350 3659 494 3716 olim
524 3659 833 3715 abbatiam
874 3658 979 3714 sed
995 3659 1124 3731 jam
1155 3660 1404 3715 omnino
1450 3659 1836 3726 destructam,

176 3765 370 3822 quam
397 3749 576 3806 etiam
600 3750 735 3821 jure
792 3749 979 3805 nostri
1020 3748 1293 3805 beneﬁcii
1349 3749 1718 3822 possidebat,
1777 3765 1840 3805 se

176 3836 331 3894 mihi
380 3837 582 3895 liceret
632 3838 895 3908 credere,
953 3854 1025 3895 eo
1064 3838 1476 3894 conventionis
1529 3842 1729 3894 tenore
1776 3842 1845 3894 ut

177 3928 463 3987 eamdem
492 3928 812 3986 ecclesiam
840 3929 1082 3986 cuidam
1116 3928 1564 3999 congregationi
1610 3929 1672 3984 in
1709 3928 1844 3985 loco

191 4016 550 4074 Fructuariee
575 4017 749 4088 juxta
771 4016 950 4090 Alpes
1000 4019 1119 4073 Deo
1169 4016 1519 4088 regulariter
1570 4015 1846 4073 servienti

179 4106 513 4181 quominus
564 4107 938 4163 traderemus
992 4107 1413 4180 perpetualiter
1476 4105 1841 4163 habendam.

186 4197 373 4268 Cujus
402 4196 743 4254 rationabili
772 4201 830 4254 et
858 4199 1088 4253 devotae
1117 4196 1387 4271 petitioni
1415 4196 1669 4253 libenter
1711 4211 1849 4253 con—

185 4286 555 4343 descendere
608 4287 791 4357 volui,
850 4287 1140 4360 quoniam
1184 4286 1380 4342 eidem
1420 4286 1695 4343 coenobio
1719 4287 1850 4358 jam

186 4376 425 4449 pridem
452 4374 790 4450 quamdam
815 4377 1123 4433 abbatiam
1151 4379 1378 4434 Sanctae
1408 4376 1598 4433 Maria
1654 4375 1714 4432 in
1758 4391 1853 4431 su-

186 4464 412 4522 burbio
440 4465 819 4523 Cabilonensi
851 4466 1044 4531 sitam,
1079 4481 1216 4521 cum
1266 4464 1527 4521 Ecclesia
1582 4464 1853 4520 Busciaui

190 4558 255 4612 et
282 4553 527 4611 alodum
558 4555 882 4613 Cassiniaci
913 4571 1052 4611 cum
1080 4554 1329 4611 ecclesia
1376 4553 1651 4625 ejusdem
1704 4553 1855 4609 villae

189 4660 304 4719 per
330 4646 611 4718 praecepti
639 4646 980 4702 ﬁrmitatem
1006 4661 1444 4701 concesseram.
1477 4645 1619 4710 Quae
1650 4643 1857 4700 omnia

190 4733 337 4790 dedi
368 4735 651 4790 instinctu
679 4739 737 4791 et
764 4734 1045 4808 petitione
1075 4734 1303 4790 domini
1336 4733 1627 4789 Guillelmi
1674 4733 1857 4790 abba—

192 4825 298 4894 tis,
327 4824 602 4895 ejusdem
634 4824 748 4880 loci
777 4824 1243 4882 Fructuariensis
1282 4824 1479 4879 devoti
1503 4823 1857 4887 fundatoris,

190 4914 631 4972 interveniente
659 4918 717 4970 et
741 4914 1149 4971 subscribente
1179 4914 1453 4971 Gosfrido
1485 4912 1863 4971 Cabilonensi

190 5004 493 5078 episcopo
533 5019 673 5059 cum
703 5004 945 5078 reliquis
991 5004 1288 5078 episcopis
1338 5004 1442 5077 qui
1472 5002 1867 5060 interfuerunt

191 5092 456 5151 concilio
516 5107 711 5167 nuper
766 5093 958 5151 Ariaci
1008 5092 1233 5149 habito.
1326 5097 1636 5150 Innotesco
1686 5094 1865 5165 igitur

190 5181 434 5239 cunctis
481 5181 833 5254 praedictam
890 5181 1235 5238 Belnensem
1292 5181 1605 5237 ecclesiam
1638 5181 1868 5237 Guillel-

190 5286 378 5328 mum
408 5270 687 5327 comitem
718 5270 863 5327 mihi
912 5270 1243 5326 reddidisse
1292 5274 1348 5326 et
1394 5285 1491 5325 me
1547 5286 1682 5326 eam
1736 5273 1868 5326 Fru-

192 5359 529 5417 ctuariensi
558 5360 834 5416 coenobio
858 5359 1098 5416 dedisse
1122 5377 1133 5423 ;
1167 5373 1310 5428 erga
1340 5374 1522 5429 quem
1547 5358 1749 5413 locum
1778 5363 1868 5415 ta-

192 5450 340 5506 liter
366 5453 585 5505 nostrre
615 5449 1044 5505 benevolentiae
1070 5447 1443 5503 inculcamus
1473 5446 1773 5513 aﬂ'ectum,
1808 5453 1872 5503 ut

192 5536 562 5609 quicunque
618 5537 677 5593 in
715 5538 883 5595 omni
932 5541 1147 5593 nostrae
1207 5535 1632 5592 dominationis
1688 5550 1874 5603 regno

192 5642 320 5702 pro
350 5626 764 5700 redemptione
792 5631 1175 5702 peccatorum
1202 5642 1450 5682 suorum
1480 5624 1704 5698 aliquid
1721 5623 1869 5680 inibi

196 5715 488 5776 contem
511 5717 784 5788 voluerit,
798 5722 1014 5777 nostra
1041 5714 1406 5774 auctoritatis
1424 5714 1646 5773 habeat
1673 5728 1876 5772 assen.

1939 3212 2290 3269 archiclavis
2303 3213 2460 3268 Beati
2476 3212 2702 3268 Martini
2718 3210 3175 3285 praedecessoris
3186 3212 3459 3283 ejusdem
3469 3208 3611 3267 ﬁde-
3685 3222 3697 3232 '

1939 3302 2011 3358 lis
2032 3302 2216 3357 nostri
2247 3301 2589 3376 Sulpicii,de
2608 3301 2858 3357 ecclesia
2914 3301 3188 3357 videlicet
3204 3304 3395 3358 Beata;
3415 3299 3610 3358 Marias

1943 3390 2329 3457 Bellimontis,
2362 3390 2423 3446 in
2453 3406 2578 3464 qua
2606 3389 2881 3460 regulam
2930 3389 3479 3447 sanctimonialium
3518 3404 3613 3445 su-

1943 3480 2249 3555 pradictus
2305 3484 2546 3536 sanctus
2599 3477 2690 3535 vir
2746 3483 3004 3536 Herveus
3072 3478 3426 3552 construxit,
3486 3494 3611 3535 non

1941 3571 2119 3643 longe
2149 3571 2263 3627 sita
2291 3587 2327 3626 a
2355 3575 2548 3627 castro
2578 3570 2764 3644 patris
2788 3570 2978 3627 nostri
3007 3569 3254 3638 Martini,
3302 3586 3443 3627 cum
3488 3584 3614 3626 om-

1944 3660 2123 3717 nibus
2154 3660 2337 3716 rebus
2368 3659 2443 3715 ad
2475 3674 2612 3715 eam
2641 3658 3097 3732 pertinentibus,
3154 3658 3346 3715 vineis
3393 3657 3616 3715 scilicet

1945 3755 2004 3807 et
2030 3750 2249 3822 pratis;
2304 3753 2482 3821 atque
2531 3748 2608 3804 de
2664 3748 2934 3820 quodam
2990 3747 3216 3804 vivario
3269 3747 3616 3804 Malamorta

1947 3842 2318 3910 nuncupato,
2369 3827 2608 3893 necnon
2666 3840 2723 3891 et
2778 3835 2853 3890 de
2897 3833 3213 3907 quodlibet
3240 3831 3614 3905 arpennibus

1948 3928 2284 3993 vinearum,
2317 3940 2453 3998 quae
2482 3924 2738 3980 diversis
2768 3923 2831 3978 in
2860 3921 3006 3977 locis
3031 3936 3221 3993 prope
3254 3917 3617 3975 suburbium

1950 4015 2158 4088 oppidi
2187 4014 2415 4087 praefati
2442 4009 2804 4069 confessoris
2835 4006 3045 4066 Christi
3068 4007 3316 4075 Martini,
3368 4007 3493 4063 sita:
3533 4006 3621 4063 in-

1952 4109 2040 4161 ter
2071 4102 2288 4173 Ligeris
2317 4100 2586 4157 videlicet
2615 4099 2865 4170 Carique
2920 4095 3182 4164 alveum,
3235 4095 3351 4154 hoc
3405 4097 3493 4153 est
3544 4094 3620 4154 de

1953 4192 2141 4249 vineis
2165 4207 2239 4248 ex
2261 4191 2540 4246 thesauro
2568 4202 2775 4261 arpen.
2825 4190 3106 4261 quatuor,
3163 4200 3287 4242 non
3332 4185 3511 4259 longe
3541 4187 3621 4245 ab
3716 4212 3723 4217 -

1954 4280 2182 4355 oppido
2212 4279 2371 4336 beati
2401 4277 2627 4337 Martini
2655 4292 2728 4333 ex
2758 4280 2925 4349 parte
2968 4276 3096 4333 Cari
3139 4275 3408 4333 ﬂuminis
3443 4295 3456 4345 ;
3514 4279 3624 4333 ter-

1955 4370 2262 4426 minantur
2288 4368 2364 4424 de
2394 4366 2634 4423 duabus
2662 4365 2937 4439 partibus
2964 4365 3155 4439 ipsius
3176 4364 3484 4440 potestatis
3509 4382 3522 4433 ;
3546 4365 3622 4420 de

1959 4458 2127 4515 tertia
2155 4461 2322 4531 parte
2355 4460 2522 4513 terra:
2545 4454 2743 4513 Sancti
2781 4454 3030 4511 Andreae
3061 4472 3074 4524 ;
3130 4453 3204 4510 de
3258 4458 3475 4527 quarta
3526 4451 3625 4506 via

1959 4547 2206 4621 publica
2235 4562 2247 4602 :
2281 4545 2533 4601 reddent
2562 4559 2810 4601 censum
2842 4543 2920 4599 ad
2951 4542 3202 4599 missam
3258 4538 3455 4596 Sancti
3485 4540 3627 4595 Mar-

1961 4637 2067 4693 tini
2090 4634 2409 4693 hiemalem
2439 4632 2647 4690 denar.
2680 4630 3001 4689 sexdecim.
3040 4634 3203 4695 Item,
3231 4627 3306 4683 de
3331 4624 3521 4682 vineis
3552 4641 3626 4681 ex

1962 4727 2244 4781 thesauro
2268 4738 2474 4798 arpen.
2508 4727 2769 4796 quatuor
2799 4720 2860 4775 in
2892 4717 3181 4775 suburbio
3208 4714 3431 4772 castelli
3467 4713 3627 4769 Beati

1965 4816 2192 4872 Martini
2216 4832 2289 4871 ex
2320 4818 2485 4888 parte
2517 4812 2803 4881 meridiei,
2832 4809 2937 4865 ubi
2971 4808 3121 4863 ultra
3147 4809 3354 4863 Beram
3386 4802 3623 4859 dicitur.

1966 4905 2380 4962 Terminantur
2417 4904 2492 4958 de
2523 4917 2646 4958 una
2674 4904 2842 4973 parte
2872 4903 3027 4955 terra
3086 4894 3282 4953 Sancti
3338 4892 3625 4963 Venantii,

1968 4996 2043 5052 de
2072 4995 2314 5051 duabus
2345 4997 2500 5048 terra
2529 4987 3134 5052 communi‘fratrum,
3185 4983 3259 5039 de
3288 4987 3503 5057 quarta
3530 4982 3631 5040 via

1967 5085 2230 5160 publica.
2265 5081 2533 5138 Reddent
2560 5094 2812 5135 censum
2843 5075 2919 5133 ad
2948 5072 3198 5131 missam
3244 5071 3442 5130 Sancti
3488 5074 3633 5130 Mar-

1970 5174 2076 5232 tini
2105 5170 2425 5228 hiemalem
2454 5168 2591 5224 den.
2626 5165 2948 5223 sexdecim.
2978 5164 3142 5231 Item,
3193 5161 3268 5219 de
3319 5160 3509 5219 vineis
3560 5178 3635 5219 ex

1973 5265 2257 5319 thesauro
2287 5272 2536 5331 arpenn.
2566 5274 2583 5310 ι
2608 5256 2669 5312 in
2700 5254 2991 5311 suburbio
3022 5250 3247 5309 castelli
3294 5251 3453 5309 Beati
3491 5254 3632 5311 Mar-

1974 5352 2081 5409 tini
2105 5366 2179 5406 ex
2207 5354 2375 5421 parte
2405 5346 2764 5413 occidentis;
2820 5343 3213 5400 terminantur
3263 5341 3338 5398 de
3396 5338 3635 5398 duabus

1980 5440 2248 5517 partibus
2279 5443 2432 5494 terra
2463 5437 2648 5510 ipsius
2674 5434 3001 5509 potestatis,
3020 5432 3092 5489 de
3125 5433 3295 5489 tertia
3322 5437 3475 5487 terra
3496 5431 3636 5485 San-

1980 5534 2056 5590 cti
2082 5529 2329 5589 Joannis
2357 5534 2413 5585 et
2443 5526 2641 5586 Sancti
2666 5526 2847 5593 Pauli,
2875 5525 2949 5581 de
2972 5528 3188 5599 quarta
3230 5522 3329 5578 via
3372 5518 3633 5595 publica.

1983 5622 2253 5679 Reddent
2280 5633 2531 5675 censum
2560 5615 2638 5674 ad
2664 5614 2916 5672 missam
2945 5612 3140 5671 Sancti
3169 5610 3397 5671 Martini
3416 5608 3640 5675 hiema-

1986 5712 2107 5770 lem
2135 5711 2273 5769 den.
2301 5712 2577 5784 quatuor.
2606 5710 2771 5775 Item,
2793 5704 2869 5762 de
2905 5703 3094 5761 vineis
3126 5716 3201 5760 ax
3247 5701 3526 5761 thesauro
3550 5712 3641 5757 ar-
