3984 6180
393 203 498 261 96⁸7

1368 199 1664 254 ROBERTI
1703 195 1906 252 REGIS
1943 153 2368 250 FRANCORUM
2406 193 2828 251 DIPLOMATA.

3726 200 3841 254 968

396 342 535 400 pen.
569 342 586 378 ι
616 325 674 379 in
703 319 992 376 suburbio
1023 320 1244 376 castelli
1287 322 1441 377 Beati
1473 321 1698 378 Martini
1753 337 1824 376 ex
1884 323 2050 391 parte
2090 327 2134 376 A
2166 317 2490 386 mavimus,
2541 323 2598 375 et
2653 317 2859 374 annuli
2915 318 3102 374 nostri
3165 318 3562 393 impressione
3624 321 3845 392 signa-

397 412 716 473 occidentis
744 430 757 478 ;
785 411 1175 466 terminantur
1204 412 1277 466 de
1310 429 1430 468 una
1456 417 1624 483 parte
1665 411 1757 465 via
1786 409 2048 481 publica,

395 505 469 561 de
498 502 736 558 duabus
763 505 916 556 terra
945 500 1133 574 ipsius
1162 502 1489 574 potestatis,
1538 502 1611 556 de
1659 505 1874 573 quarta
1902 504 2054 554 terra

396 591 594 651 Sancti
623 589 811 646 Pauli.
841 589 1108 645 Reddent
1137 605 1386 645 censum
1437 590 1516 646 ad
1563 590 1813 645 missam
1858 586 2055 644 Sancti

393 680 620 739 Martini
649 679 970 735 hiemalem
1009 679 1146 734 den.
1180 684 1459 751 quatuor.
1522 684 1685 748 Item,
1744 679 1817 734 de
1869 676 2054 733 vineis

393 788 468 828 ex
496 771 776 826 thesauro
807 785 1012 840 arpen.
1073 785 1132 823 ut
1184 768 1242 824 in
1298 769 1587 825 suburbio
1635 768 1857 825 castelli
1893 766 2056 822 Beati

400 859 630 924 Martini
683 858 760 914 ad
821 858 1150 914 Curaecium
1198 859 1509 927 maceriae;
1543 860 1938 914 terminantur
1979 856 2054 912 de

395 948 633 1005 duabus
659 948 929 1020 partibus
956 948 1060 1002 viis
1092 948 1371 1020 publicis,
1399 949 1472 1004 de
1512 948 1754 1021 reliquis
1780 946 2052 1020 partibus

396 1043 551 1094 terra
579 1041 806 1094 Sanctae
835 1037 1056 1104 Crucis,
1093 1042 1147 1092 et
1167 1043 1338 1110 prato
1372 1038 1566 1094 Sancti
1594 1035 1891 1093 Venantii:
1921 1034 2054 1091 red-

397 1127 539 1184 dent
567 1142 815 1182 censum
859 1126 936 1180 ad
968 1125 1215 1182 missam
1275 1127 1472 1183 Sancti
1519 1127 1746 1183 Martini
1786 1143 1857 1182 ex
1887 1129 2054 1198 parte

395 1214 739 1284 occidentis,
772 1214 1166 1270 terminantur
1194 1215 1269 1270 de
1302 1231 1422 1271 una
1452 1220 1618 1288 parte
1658 1221 1811 1271 terra
1859 1213 2053 1270 sancti

395 1304 619 1361 Martini
647 1304 722 1359 de
749 1304 1032 1374 Portaria,
1073 1304 1147 1360 de
1177 1304 1362 1361 altera
1409 1305 1484 1360 de
1527 1305 1659 1378 ipsa
1709 1304 1972 1360 Portaria
2002 1304 2060 1358 et

394 1397 549 1450 terra
575 1392 772 1450 Sancti
807 1392 1066 1465 Sulpicii,
1101 1394 1174 1449 de
1213 1399 1427 1467 quarta
1457 1394 1551 1449 via
1596 1394 1839 1467 publica
1874 1411 1886 1448 :
1921 1393 2055 1449 red-

394 1482 537 1538 dent
568 1498 816 1538 censum
848 1483 926 1538 ad
955 1482 1207 1539 missam
1241 1484 1437 1540 Sancti
1481 1483 1706 1541 Martini
1737 1482 2056 1538 hiemalem

393 1571 532 1627 den.
565 1575 699 1627 tres.
731 1571 894 1638 Item,
942 1571 1017 1626 de
1067 1572 1253 1627 vineis
1303 1588 1376 1628 ex
1403 1575 1688 1629 thesauro
1719 1571 2058 1645 quartarios

2163 423 2384 462 VlmUS.

2233 497 2567 553 Rotbertus.
2599 501 2721 568 Ego
2749 497 3070 554 Balduinus
3115 498 3505 556 cancellarius
3533 499 3761 571 relegi,
3791 507 3849 556 et

2163 585 2511 660 subscripsi.

2933 678 3064 732 XIV.

2161 764 2404 822 Robertz'
2429 767 2585 835 regis
2615 771 2671 821 et
2701 765 3066 822 Constantia?
3107 767 3331 836 reginae
3381 767 3604 823 charta
3634 768 3721 825 de
3745 769 3848 824 do.

2233 857 2477 912 natione
2501 855 2719 924 praedii
2739 870 2929 924 prope
2969 857 3345 924 Vermeriam,
3369 858 3542 926 facta
3573 859 3848 915 abbati:

2237 944 2711 1013 Compendiensi.

2791 1033 2989 1103 (Anno
3024 1035 3202 1106 1029).

2165 1120 2984 1192 [MAatLL.,Annal.Bened.,
3045 1129 3192 1179 tom.
3250 1125 3332 1190 ιν,
3393 1137 3535 1195 pag.
3572 1126 3712 1186 602,
3775 1137 3848 1176 ex

2787 1211 3210 1284 autographo].

2242 1301 2300 1353 In
2328 1297 2572 1354 nomine
2602 1304 2825 1354 sanctae
2857 1305 2913 1355 et
2937 1299 3283 1366 individua,
3306 1300 3624 1369 Trinitatis,
3651 1300 3842 1354 Patris

2166 1391 2222 1442 et
2278 1386 2417 1451 Filii,
2474 1393 2530 1443 et
2583 1386 2830 1460 Spiritus
2885 1388 3094 1453 sancti,
3143 1404 3255 1458 ego
3285 1391 3615 1443 Roraearus
3647 1389 3844 1457 gratia

2167 1475 2264 1531 Dei
2298 1478 2658 1532 Francorum
2684 1493 2807 1544 rex,
2841 1480 2899 1532 et
2925 1479 3273 1532 Coasrmru
3325 1476 3530 1532 divino
3563 1481 3725 1532 nutu
3756 1492 3841 1531 re-

2167 1580 2328 1635 gina.

397 1665 510 1716 tres
559 1660 620 1715 in
678 1659 968 1716 suburbio
1019 1660 1239 1716 castelli
1291 1662 1452 1717 Beati
1491 1662 1738 1732 Martini,
1789 1679 1861 1718 ex
1890 1666 2057 1735 parte
2101 1683 2138 1735 Β
2237 1653 2295 1708 Si
2322 1652 2598 1726 primitivi
2630 1653 2856 1708 fructus
2893 1653 3215 1720 charitatis,
3261 1669 3415 1726 quos
3447 1658 3710 1709 exornat
3737 1653 3839 1708 de-

395 1748 656 1818 orientis,
689 1749 1080 1804 terminantur
1110 1750 1184 1805 de
1215 1767 1338 1805 una
1368 1752 1578 1818 fronte,
1603 1751 1698 1806 via
1729 1768 1863 1824 quae
1893 1750 2057 1806 ducit

395 1836 457 1892 in
485 1836 718 1906 urbem,
747 1840 804 1891 et
833 1853 904 1891 ex
927 1853 1048 1891 uno
1073 1837 1253 1893 latere
1278 1839 1368 1893 via
1400 1840 1572 1910 cujus
1597 1843 1779 1911 caput
1817 1843 2054 1910 portam

397 1924 592 1981 Sancti
620 1924 837 1980 Juliani
871 1925 1122 1995 attingit,
1156 1926 1229 1981 de
1261 1926 1445 1983 altero
1469 1927 1650 1983 latere
1676 1933 1829 1984 terra
1861 1926 2058 1983 Sancti

397 2014 587 2084 Pauli,
646 2014 720 2068 de
775 2013 960 2069 altera
1015 2019 1214 2070 autem
1268 2015 1459 2072 fronte
1509 2017 1685 2072 alodo
1730 2015 2054 2072 Ademari:

395 2102 648 2159 reddent
678 2119 927 2158 censum
954 2102 1033 2158 ad
1061 2104 1310 2160 missam
1346 2105 1545 2162 Sancti
1574 2105 1797 2162 Martini
1828 2105 2057 2160 hiema-

396 2191 517 2248 lem
545 2191 682 2248 den.
718 2196 966 2264 septem.
998 2195 1076 2247 De
1115 2192 1300 2249 vineis
1344 2211 1588 2266 quoque
1641 2194 1714 2249 de
1772 2193 2055 2260 Portaria,

399 2297 522 2336 non
550 2280 727 2350 longe
758 2298 793 2336 a
823 2280 1066 2336 castello
1103 2282 1258 2338 Beati
1306 2283 1531 2340 Martini
1578 2300 1650 2338 ex
1688 2287 1855 2355 parte
1884 2282 2058 2338 meri-

400 2370 517 2424 diei
545 2386 751 2442 arpen.
783 2376 1062 2443 quatuor,
1095 2373 1490 2428 terminantur
1514 2389 1586 2429 ex
1615 2371 1854 2428 duabus
1883 2371 2062 2444 parti-

399 2457 515 2512 bus
545 2461 697 2513 terra
727 2458 917 2530 ipsius
949 2460 1276 2531 potestatis,
1334 2461 1408 2515 de
1459 2461 1625 2517 tertia
1678 2465 1833 2516 terra
1862 2460 2059 2516 Sancti

403 2546 689 2615 Venantii,
721 2546 794 2600 de
822 2554 1040 2619 quarta
1069 2549 1266 2605 Sancti
1298 2549 1558 2622 Dionysii
1591 2568 1602 2617 ;
1644 2551 1897 2606 reddent
1919 2565 2058 2604 cen-

402 2652 539 2690 sum
598 2635 675 2692 ad
729 2635 979 2692 missam
1039 2639 1235 2694 Sancti
1295 2639 1519 2695 Martini
1568 2639 1888 2695 hiemalem
1918 2639 2055 2694 den.

402 2725 724 2781 sexdecim.
758 2725 921 2790 Item,
954 2726 1028 2780 de
1058 2726 1242 2781 vineis
1271 2727 1345 2781 de
1391 2728 1652 2784 Portaria
1703 2745 1909 2801 arpen.
1970 2727 2058 2784 di-

400 2815 655 2871 midium
685 2813 748 2868 in
775 2813 1068 2868 suburbio
1100 2815 1324 2870 castelli
1355 2817 1511 2872 Beati
1541 2818 1786 2888 Martini,
1819 2835 1890 2874 ex
1920 2834 2058 2891 par—

400 2908 456 2958 te
506 2901 870 2969 occidentis;
928 2902 1322 2958 terminantur
1372 2905 1447 2960 de
1499 2921 1622 2961 una
1661 2906 1850 2962 fronte
1906 2913 2061 2962 terra

405 2990 633 3086 Sanctae
663 2988 875 3086 Mariae,
906 3005 976 3044 ex
1005 3005 1128 3045 uno
1155 2990 1336 3086 latere
1374 2996 1530 3048 terra
1581 2995 1809 3051 Sanctae
1865 2998 2058 3052 Mone-
2095 3033 2134 3086 ρ

402 3075 645 3146 gundis,
674 3093 747 3133 ex
779 3077 963 3133 altero
988 3095 1129 3134 vero
1157 3078 1337 3136 latere
1364 3085 1419 3137 et
1447 3098 1520 3137 ex
1548 3083 1740 3155 capite
1789 3084 1892 3140 viis
1945 3101 2057 3157 pu-

399 3165 570 3221 blicis
595 3184 608 3233 ;
638 3165 889 3222 reddent
915 3183 1162 3223 censum
1193 3169 1270 3224 ad
1319 3171 1569 3227 missam
1605 3173 1801 3228 Sancti
1833 3173 2060 3230 Martini

398 3255 718 3310 hiemalem
749 3255 888 3312 den.
939 3257 1113 3314 duos.
1170 3261 1247 3314 De
1285 3259 1357 3315 iis
1387 3261 1632 3334 quidem
1663 3262 1945 3318 omnibus
1976 3263 2059 3318 vi-

398 3344 546 3410 neis,
579 3360 733 3416 quas
761 3345 857 3400 hic
887 3362 1023 3401 cum
1056 3347 1177 3402 suis
1217 3345 1733 3407 terminationibus
1759 3352 2058 3408 recensui-

399 3449 556 3496 mus,
582 3432 709 3502 jam
735 3431 1198 3490 ﬁrmaveramus
1223 3437 1536 3509 quoddam
1564 3440 1872 3513 scriptum,
1893 3441 2059 3514 quod

399 3522 561 3576 idem
590 3521 872 3577 dominus
904 3522 1197 3595 Sulpicius
1225 3525 1299 3580 de
1329 3526 1478 3598 ipsis
1504 3527 1632 3583 ﬁeri
1655 3530 1938 3599 jusserat,
1962 3548 2057 3586 as-

401 3625 579 3664 sensu
627 3610 857 3679 Rogerii
895 3610 1107 3666 decani
1150 3615 1208 3667 et
1261 3618 1612 3671 caeterorum
1651 3617 1922 3673 fratrum.
1957 3622 2060 3674 De-

398 3701 677 3771 precatur
724 3715 968 3770 quoque
999 3716 1156 3772 saepe
1187 3701 1379 3756 dictus
1423 3703 1615 3760 ﬁdelis
1642 3711 1844 3762 noster
1867 3707 2057 3764 domi-

399 3803 513 3843 nus
575 3786 868 3860 Sulpicius
931 3788 1302 3856 archiclavis,
1355 3791 1492 3848 huic
1541 3800 1840 3868 praecepto
1879 3796 2059 3852 inseri

398 3875 712 3950 quoddam
741 3877 925 3933 altare
955 3877 1016 3932 in
1046 3877 1274 3935 honore
1307 3887 1526 3938 sanctie
1555 3884 1747 3939 crucis
1777 3889 1832 3940 et
1870 3886 2059 3942 sancti

397 3967 546 4021 Petri
575 3967 634 4022 in
671 3966 872 4022 medio
903 3966 1165 4023 ecclesiae
1191 3968 1525 4027 beatissimi
1583 3973 1807 4030 Martini
1855 3975 2053 4044 situm,

400 4053 506 4109 ubi
531 4059 748 4110 sanctae
778 4056 1083 4112 memoriae
1109 4057 1393 4114 dominus
1422 4061 1684 4118 Herveus
1705 4064 2057 4121 archiclavis

399 4142 727 4198 tumulatus
755 4145 1090 4216 requiescit,
1122 4148 1288 4219 quod
1313 4154 1369 4204 et
1387 4150 1517 4221 jam
1542 4152 1669 4223 ipse
1694 4169 1818 4209 non
1844 4132 2056 4211 imme-

399 4245 533 4284 mor
573 4247 696 4285 suae
746 4232 986 4303 animae,
1045 4233 1239 4290 eidem
1291 4236 1447 4305 loco,
1500 4241 1730 4296 Sanctae
1787 4243 2059 4300 videlicet

399 4317 592 4374 Mariae
619 4318 957 4375 Belimontis
983 4339 995 4388 ;
1022 4321 1084 4376 in
1111 4329 1468 4396 perpetuum
1499 4331 1791 4388 concessit
1826 4333 2056 4390 haben-

398 4406 565 4462 dum.
593 4411 689 4463 Est
719 4407 878 4462 enim
903 4408 978 4464 de
1010 4411 1292 4468 thesauro
1318 4415 1474 4471 Beati
1503 4417 1760 4483 Martini,
1791 4437 1863 4477 ea
1900 4422 2059 4478 vide-

395 4496 530 4553 licet
557 4497 687 4567 lege
713 4513 903 4570 eoque
937 4504 1136 4556 tenore
1190 4507 1254 4558 ut
1296 4506 1780 4564 sanctimoniales
1803 4511 2054 4568 Domino

399 4587 746 4658 servientes,
777 4589 999 4644 amodo
1031 4606 1270 4663 semper
1300 4593 1362 4648 in
1391 4600 1704 4666 posterum
1733 4616 1958 4674 cappas
2001 4606 2058 4658 et

397 4681 610 4732 caetera
639 4682 995 4733 ornamenta
1026 4680 1182 4734 Beati
1207 4681 1454 4754 Martini,
1507 4691 1686 4757 prout
1733 4689 2053 4759 potuerint,

397 4764 629 4838 absque
660 4765 848 4837 pretio
875 4767 1205 4824 restituant.
1242 4771 1424 4836 Cuius
1450 4789 1561 4829 nos
1587 4776 1931 4847 petitionem
1963 4796 2055 4836 sa-

397 4852 469 4908 tis
499 4852 914 4910 rationabilem
941 4855 1406 4927 considerantes,
1462 4862 1614 4917 votis
1647 4864 1776 4934 ejus
1803 4864 2055 4923 libenter

396 4958 710 4999 assensum
731 4943 1042 5013 dedimus;
1076 4951 1284 5002 et-tam
1305 4947 1380 5004 de
1405 4949 1537 5022 ipso
1564 4951 1734 5009 altari
1763 4970 1947 5026 quam
1979 4957 2054 5013 de

395 5047 578 5103 supra
629 5033 860 5106 scriptis
913 5035 1198 5090 omnibus
1256 5037 1456 5111 rebus,
1514 5041 1629 5096 hoc
1684 5050 2052 5122 praeceptum

394 5118 521 5175 ﬁeri
541 5120 853 5190 jussimus.
903 5123 959 5180 Si
989 5123 1125 5196 quis
1157 5130 1356 5182 autem
1387 5128 1568 5199 hujus
1596 5118 1816 5188 nostrae
1847 5140 2050 5192 aucto-

393 5206 579 5262 ritatis
637 5214 1005 5282 praeceptum
1060 5212 1278 5270 violare
1344 5221 1843 5291 praesumpserit,
1929 5241 2052 5282 non

395 5294 592 5350 solum
656 5296 718 5352 in
771 5297 1069 5356 offensam
1114 5318 1176 5358 se
1231 5304 1439 5361 Christi
1502 5311 1558 5362 et
1630 5315 1899 5368 nostram
1973 5315 2054 5370 la—

393 5399 594 5456 psum,
649 5401 859 5440 verum
912 5388 1090 5445 etiam
1147 5391 1535 5450 denariorum
1583 5397 1912 5457 solidorum
1957 5419 2052 5458 ex-

393 5473 542 5529 cocti
602 5474 732 5530 auri
790 5491 851 5530 se
931 5479 1163 5536 noverit
1245 5498 1427 5554 pozna
1509 5486 1907 5545 multandum.
1985 5495 2053 5549 Ut

395 5567 593 5619 autem
647 5565 776 5620 haec
821 5572 1026 5623 nostra
1083 5573 1404 5629 auctoritas
1465 5575 1863 5633 inviolabilem
1901 5578 2051 5634 obti-

393 5655 531 5708 neat
580 5654 857 5713 eﬂ‘ectum
883 5698 900 5728 ,
959 5672 1148 5716 manu
1208 5677 1343 5720 eam
1392 5668 1598 5722 nostra
1652 5666 1896 5740 propria
1947 5668 2042 5724 ﬁr-

2167 1746 2306 1797 vota
2336 1741 2601 1810 erogatio
2629 1740 2926 1811 religiosae
2954 1741 3345 1812 liberalitatis,
3378 1742 3458 1798 ad
3486 1741 3604 1797 hoc
3631 1741 3837 1798 efﬁca-

2168 1847 2265 1886 ces
2295 1835 2433 1886 sunt
2461 1835 2518 1886 et
2546 1830 2747 1886 idonei
2778 1835 2843 1886 ut
2866 1830 3358 1888 valeantﬁrmare
3384 1836 3611 1888 statum
3635 1833 3837 1902 cujus-

2168 1937 2407 1994 cunque
2438 1920 2703 1987 honoris,
2733 1937 2803 1977 ac
2833 1921 3050 1976 deinde
3089 1927 3516 1994 repraesentare
3575 1921 3835 1994 plenitu-

2167 2011 2370 2067 dinem
2400 2011 2610 2066 futurae
2635 2011 3152 2078 remunerationis,
3182 2011 3491 2068 verissime
3540 2011 3722 2068 decet
3749 2029 3835 2067 re-

2168 2099 2328 2170 giam
2359 2099 2712 2170 dignitatem
2733 2099 2846 2155 illis
2878 2100 3209 2156 redividare
3240 2106 3297 2156 et
3336 2101 3566 2157 affatim
3611 2102 3834 2157 exube-

2166 2205 2317 2252 rare,
2352 2205 2458 2261 per
2485 2205 2638 2262 quos
2671 2205 2794 2244 suae
2817 2188 3122 2259 dignitatis
3152 2190 3614 2262 amplitudinem
3641 2190 3838 2246 valeat

2169 2278 2556 2334 sublimando
2583 2278 2826 2349 erigere,
2852 2283 2908 2334 et
2936 2277 3220 2349 erigendo
3251 2279 3608 2348 sublimare;
3649 2284 3709 2336 et
3738 2280 3833 2335 de-

2168 2383 2339 2422 mum
2359 2365 2512 2422 felici
2543 2382 2905 2423 commercio
2944 2372 3001 2423 et
3027 2367 3488 2441 incomparabili
3533 2375 3836 2442 exspectet

2169 2459 2410 2525 aeterna,
2443 2459 2500 2510 et
2529 2461 2688 2512 certa
2745 2472 2848 2528 spe
2907 2455 3211 2528 possideat
3265 2462 3633 2530 exspectata.
3666 2458 3835 2524 Quod

2167 2543 2531 2600 liberalitatis
2559 2559 2750 2614 genus
2779 2549 2920 2600 tunc
2941 2561 3016 2600 ex
3040 2550 3205 2618 parte
3234 2561 3341 2618 pro
3369 2546 3577 2603 debito
3599 2563 3830 2603 exerce-

2170 2650 2325 2697 mus,
2352 2633 2397 2688 si
2429 2633 2574 2689 locis
2600 2639 2947 2690 sanctorum
2991 2639 3049 2690 et
3087 2635 3660 2705 congregationibus
3693 2637 3833 2693 ﬁde-

2169 2723 2317 2779 lium
2346 2722 2697 2796 temporalia
2735 2723 2897 2780 bona
2930 2723 3196 2780 conferre
3249 2741 3373 2780 non
3426 2725 3833 2798 denegamus,

2169 2817 2235 2868 ut
2263 2818 2428 2868 tanto
2457 2812 2700 2868 liberius
2730 2813 2987 2869 cultores
3039 2813 3382 2870 Christiana:
3433 2815 3744 2886 religionis
3782 2823 3834 2872 et

2169 2901 2549 2958 ecclesiastici
2593 2901 2819 2958 ordinis
2869 2901 3086 2958 divinis
3139 2902 3465 2960 inserviant
3510 2906 3832 2978 mandatis,

2169 2997 2397 3066 quanto
2428 2991 2687 3063 amplius
2716 2991 2933 3048 fuerint
2961 2992 3039 3048 ab
3066 2991 3232 3048 omni
3256 2995 3633 3051 necessitatis
3659 2995 3836 3069 impe

2167 3077 2434 3135 dimento
2488 3079 2768 3135 absoluti.
2835 3084 3170 3138 lnnotescat
3247 3098 3391 3152 ergo
3470 3085 3832 3140 universitati

2172 3173 2392 3224 sancta:
2424 3169 2631 3224 matris
2663 3169 2933 3226 Ecclesia
2954 3171 3246 3242 ﬁdelium,
3296 3177 3419 3228 tam
3445 3175 3826 3246 praesentium

2166 3274 2354 3330 quam
2398 3258 2577 3314 etiam
2632 3258 2993 3328 fut-trorum,
3046 3276 3142 3316 me
3192 3266 3250 3317 et
3276 3263 3606 3334 conjugem
3633 3279 3827 3319 meam

2168 3347 2595 3414 Constantiam,
2620 3347 2892 3418 jucunda
2922 3350 3374 3406 conversatione
3421 3351 3571 3406 mihi
3621 3352 3822 3408 admo-

2167 3433 2315 3490 dum
2345 3435 2643 3508 dilectam,
2677 3441 2734 3492 et
2760 3436 2822 3492 in
2847 3437 3362 3496 administratione
3388 3456 3584 3494 rerum
3637 3440 3717 3494 ad
3760 3456 3822 3494 se

2166 3524 2588 3595 pertinentium
2620 3525 2760 3581 satis
2803 3525 3004 3582 utilem
3048 3533 3106 3583 et
3149 3533 3454 3592 strenuam,
3510 3527 3812 3598 praedium

2167 3617 2385 3668 nostra:
2414 3613 2598 3683 regali
2630 3614 2759 3669 sedi
2786 3615 3100 3671 Vermeriae
3140 3616 3490 3685 contiguum,
3536 3613 3705 3686 quod
3731 3613 3806 3669 de

2166 3717 2314 3756 auro
2344 3717 2416 3756 ex
2436 3702 2623 3774 patris
2654 3703 2745 3758 sui
2775 3704 2937 3760 dono
2963 3710 3270 3778 asportata
3294 3704 3569 3778 praedicta
3595 3705 3818 3775 conjux

2165 3807 2303 3848 mea
2330 3797 2573 3860 emerat,
2609 3796 2837 3850 Sanctae
2867 3795 3058 3851 Mariae
3107 3794 3598 3870 Compendiensis
3643 3794 3820 3851 eccle-

2169 3881 2292 3951 siae,
2351 3883 2524 3952 cujus
2582 3883 2810 3939 cultum
2865 3884 3246 3955 singulariter
3301 3891 3518 3958 praeter
3585 3891 3821 3941 caeteros

2166 3976 2511 4026 sanctorum
2542 3972 3032 4045 amplectebatur,
3087 3979 3145 4030 et
3188 3976 3409 4031 sanctis
3463 3974 3824 4046 martyribus

2167 4059 2436 4116 Cornelio
2466 4065 2523 4115 et
2551 4061 2850 4134 Cypriano
2901 4062 2963 4118 in
3012 4063 3226 4120 eadem
3269 4063 3522 4120 ecclesia
3566 4064 3828 4136 requies-

2166 4148 2437 4204 centibus
2457 4150 2758 4206 humiliter
2782 4152 3022 4208 dedisse
3061 4157 3118 4208 et
3146 4153 3360 4209 devote
3384 4153 3519 4224 jure
3552 4153 3827 4226 praetorio

2166 4243 2222 4293 et
2272 4237 2492 4293 forensi
2539 4239 2849 4296 tradidisse
2903 4257 3014 4314 pro
3068 4246 3276 4298 nostra
3319 4241 3732 4298 incolumitate
3776 4246 3835 4297 et

2168 4327 2357 4383 salute
2387 4329 2728 4385 animarum
2753 4335 3115 4402 nostrarum,
3149 4336 3206 4387 et
3253 4331 3356 4386 ﬁlii
3405 4332 3590 4388 nostri
3625 4332 3836 4401 Hugo—

2163 4417 2256 4472 nis
2286 4461 2300 4487 ,
2373 4418 2502 4488 jam
2576 4420 2743 4489 regni
2817 4419 2965 4476 solio
2999 4463 3011 4487 ,
3090 4425 3419 4494 antequam
3495 4420 3838 4490 decederet,

2165 4505 2469 4562 sublimati
2521 4511 2595 4572 et,
2653 4508 2806 4580 proh
2867 4509 3082 4565 dolor!
3135 4510 3353 4566 nostris
3412 4510 3630 4566 diebus
3687 4511 3838 4567 inibi

2167 4594 2401 4667 sepulti.
2432 4598 2512 4652 Ea
2538 4601 2740 4652 autem
2781 4613 2916 4670 quae
2961 4599 3286 4671 respiciunt
3337 4598 3417 4654 ad
3471 4599 3842 4672 praedictum

2165 4684 2459 4757 praedium
2512 4690 2650 4743 sunt
2704 4688 2833 4743 hzec
2875 4705 2888 4743 :
2933 4690 3072 4744 Dute
3130 4688 3398 4745 ecclesiae
3473 4705 3617 4744 cum
3680 4706 3840 4763 qua-

2167 4779 2298 4830 tuor
2348 4775 2732 4845 molendinis,
2780 4777 3221 4850 quinquaginta
3273 4784 3390 4834 tres
3428 4778 3840 4846 habitatores,

2161 4864 2426 4937 hospites
2456 4881 2594 4920 cum
2624 4866 3028 4938 quadraginta
3051 4873 3312 4940 quatuor
3327 4867 3611 4941 arpennis
3625 4869 3842 4926 vinea-

2162 4970 2318 5025 rum,
2351 4959 2410 5010 et
2437 4971 2576 5010 cum
2604 4955 3006 5028 quadraginta
3025 4963 3082 5013 et
3105 4958 3356 5014 dimidio
3382 4957 3676 5032 arpennis
3704 4977 3846 5033 pra-

2164 5048 2380 5100 torum.
2449 5045 2713 5119 Denique
2764 5046 2916 5102 inter
2970 5047 3236 5120 hospites
3296 5052 3355 5104 et
3424 5053 3675 5104 caeteras
3760 5050 3842 5106 le-

2162 5132 2400 5203 gitimas
2452 5135 2789 5190 exactiones
2845 5135 3142 5208 persolvet
3217 5152 3586 5210 unoquoque
3670 5153 3843 5195 anno

2162 5223 2275 5278 sub
2331 5223 2573 5280 nomine
2629 5241 2846 5281 census
2901 5225 3055 5282 duas
3093 5225 3275 5283 libras
3304 5226 3732 5296 denariorum,
3789 5233 3846 5285 et

2162 5315 2295 5368 octo
2350 5313 2592 5370 solidos.
2649 5315 3025 5371 lnculcamus
3077 5315 3276 5372 adhuc
3331 5317 3730 5374 numerando
3773 5333 3847 5374 ea

2161 5418 2294 5474 quae
2351 5419 2488 5458 cum
2541 5401 2764 5474 praedio
2820 5403 3204 5471 contulimus,
3238 5419 3424 5460 unam
3478 5403 3714 5460 scilicet
3748 5405 3848 5460 sil-

2159 5506 2299 5546 vam
2331 5507 2468 5563 quae
2498 5497 2585 5547 est
2611 5507 2792 5563 supra
2823 5492 3136 5548 ecclesiam
3165 5493 3363 5549 Sancti
3380 5493 3667 5549 Germani
3700 5495 3842 5560 sita,

2160 5588 2217 5638 et
2263 5583 2510 5639 alteram
2564 5583 2643 5639 ad
2699 5583 3362 5654 Altum-Montieellum;
3421 5585 3645 5641 deinde
3701 5592 3844 5643 tan-

2160 5675 2290 5727 tum
2322 5675 2488 5730 terrae
2532 5672 2777 5732 culturae
2805 5673 2883 5731 ad
2914 5672 3183 5734 alodium
3221 5673 3590 5748 pertinentis,
3621 5691 3840 5748 quan-
