  <div class='ocr_page' id='page_1' title='image "/cluster/home/n/w/nwhite01/storage/ocr_20150623/141/hvd.32044054760012/489.png"; bbox 0 0 3996 6178; ppageno 0'>
   <div class='ocr_carea' id='block_1_1' title="bbox 526 133 626 188">
    <p class='ocr_par' dir='ltr' id='par_1_1' title="bbox 526 133 626 188">
     <span class='ocr_line' id='line_1_1' title="bbox 526 133 626 188; baseline -0.04 1"><span class='ocrx_word' id='word_1_1' title='bbox 526 133 626 188; x_wconf 81' lang='lat'>971</span> 
     </span>
    </p>
   </div>
   <div class='ocr_carea' id='block_1_2' title="bbox 1600 123 3801 198">
    <p class='ocr_par' dir='ltr' id='par_1_2' title="bbox 1600 123 3801 198">
     <span class='ocr_line' id='line_1_2' title="bbox 1600 123 3801 198; baseline -0.001 -15"><span class='ocrx_word' id='word_1_2' title='bbox 1600 125 2020 183; x_wconf 79' lang='lat' dir='ltr'>MEGINFREDI</span> <span class='ocrx_word' id='word_1_3' title='bbox 2061 123 2506 181; x_wconf 72' lang='lat' dir='ltr'>MAGDEBUBG.</span> <span class='ocrx_word' id='word_1_4' title='bbox 2547 126 2866 181; x_wconf 78' lang='lat' dir='ltr'>MAGISTRI</span> <span class='ocrx_word' id='word_1_5' title='bbox 3728 147 3801 198; x_wconf 65' lang='grc' dir='ltr'>θη</span> 
     </span>
    </p>
   </div>
   <div class='ocr_carea' id='block_1_3' title="bbox 521 246 3808 324">
    <p class='ocr_par' dir='ltr' id='par_1_3' title="bbox 521 246 3808 324">
     <span class='ocr_line' id='line_1_3' title="bbox 521 246 3808 324; baseline 0 -13"><span class='ocrx_word' id='word_1_6' title='bbox 521 258 936 312; x_wconf 82' lang='lat' dir='ltr'>verumtamen</span> <span class='ocrx_word' id='word_1_7' title='bbox 967 252 1148 308; x_wconf 84' lang='lat' dir='ltr'><strong>rebus</strong></span> <span class='ocrx_word' id='word_1_8' title='bbox 1191 250 1537 308; x_wconf 81' lang='lat' dir='ltr'>monasterii</span> <span class='ocrx_word' id='word_1_9' title='bbox 1566 250 1944 324; x_wconf 67' lang='lat' dir='ltr'>praepositus,</span> <span class='ocrx_word' id='word_1_10' title='bbox 2002 248 2178 322; x_wconf 93' lang='lat' dir='ltr'>quid-</span> <span class='ocrx_word' id='word_1_11' title='bbox 2219 251 2264 302; x_wconf 81' lang='grc' dir='ltr'>Α</span> <span class='ocrx_word' id='word_1_12' title='bbox 2293 246 2421 318; x_wconf 49' lang='lat' dir='ltr'>lus,</span> <span class='ocrx_word' id='word_1_13' title='bbox 2448 247 2588 303; x_wconf 85' lang='lat' dir='ltr'>Vide</span> <span class='ocrx_word' id='word_1_14' title='bbox 2615 248 2780 318; x_wconf 81' lang='lat' dir='ltr'>infra</span> <span class='ocrx_word' id='word_1_15' title='bbox 2810 250 2870 304; x_wconf 84' lang='lat' dir='ltr'>in</span> <span class='ocrx_word' id='word_1_16' title='bbox 2893 254 3156 306; x_wconf 66' lang='lat' dir='ltr'>Amorne</span> <span class='ocrx_word' id='word_1_17' title='bbox 3189 252 3271 307; x_wconf 84' lang='lat' dir='ltr'>De</span> <span class='ocrx_word' id='word_1_18' title='bbox 3289 253 3566 310; x_wconf 68' lang='lat' dir='ltr'>miraculis</span> <span class='ocrx_word' id='word_1_19' title='bbox 3589 259 3808 318; x_wconf 67' lang='lat' dir='ltr'>$.3me.</span> 
     </span>
    </p>
   </div>
   <div class='ocr_carea' id='block_1_4' title="bbox 521 338 2174 418">
    <p class='ocr_par' dir='ltr' id='par_1_4' title="bbox 521 338 2174 418">
     <span class='ocr_line' id='line_1_4' title="bbox 521 338 2174 418; baseline -0.004 -18"><span class='ocrx_word' id='word_1_20' title='bbox 521 344 668 418; x_wconf 91' lang='lat' dir='ltr'>quid</span> <span class='ocrx_word' id='word_1_21' title='bbox 694 342 887 399; x_wconf 87' lang='lat' dir='ltr'>ﬁdelis</span> <span class='ocrx_word' id='word_1_22' title='bbox 915 341 1165 398; x_wconf 92' lang='lat' dir='ltr'>domino</span> <span class='ocrx_word' id='word_1_23' title='bbox 1192 356 1423 409; x_wconf 84' lang='lat' dir='ltr'>servus,</span> <span class='ocrx_word' id='word_1_24' title='bbox 1455 358 1561 397; x_wconf 89' lang='lat' dir='ltr'>seu</span> <span class='ocrx_word' id='word_1_25' title='bbox 1590 338 1878 410; x_wconf 87' lang='lat' dir='ltr'>magistro</span> <span class='ocrx_word' id='word_1_26' title='bbox 1908 339 2174 412; x_wconf 89' lang='lat' dir='ltr'>discipu-</span> 
     </span>
    </p>
   </div>
   <div class='ocr_carea' id='block_1_5' title="bbox 2288 337 2645 392">
    <p class='ocr_par' dir='ltr' id='par_1_5' title="bbox 2288 337 2645 392">
     <span class='ocr_line' id='line_1_5' title="bbox 2288 337 2645 392; baseline -0.003 0"><span class='ocrx_word' id='word_1_27' title='bbox 2288 338 2507 392; x_wconf 84' lang='lat' dir='ltr'>rammi</span> <span class='ocrx_word' id='word_1_28' title='bbox 2533 337 2645 392; x_wconf 85' lang='lat' dir='ltr'>init</span> 
     </span>
    </p>
   </div>
   <div class='ocr_carea' id='block_1_6' title="bbox 885 545 3519 796">
    <p class='ocr_par' dir='ltr' id='par_1_6' title="bbox 885 545 3519 796">
     <span class='ocr_line' id='line_1_6' title="bbox 885 545 3519 796; baseline -0 -5"><span class='ocrx_word' id='word_1_29' title='bbox 885 655 1299 793; x_wconf 72' lang='lat' dir='ltr'><strong>INGIPI‘I‘</strong></span> <span class='ocrx_word' id='word_1_30' title='bbox 1358 653 1902 796; x_wconf 78' lang='lat' dir='ltr'>EPISTOLA</span> <span class='ocrx_word' id='word_1_31' title='bbox 1977 653 2112 788; x_wconf 67' lang='grc' dir='ltr'>ΕΤ</span> <span class='ocrx_word' id='word_1_32' title='bbox 2201 653 2760 790; x_wconf 73' lang='lat' dir='ltr'>PROLOGUS</span> <span class='ocrx_word' id='word_1_33' title='bbox 2861 578 3519 790; x_wconf 78' lang='lat' dir='ltr'>MEGINFREDI</span> 
     </span>
    </p>
   </div>
   <div class='ocr_carea' id='block_1_7' title="bbox 1431 881 3043 942">
    <p class='ocr_par' dir='ltr' id='par_1_7' title="bbox 1431 881 3043 942">
     <span class='ocr_line' id='line_1_7' title="bbox 1431 881 3043 942; baseline -0.002 -2"><span class='ocrx_word' id='word_1_34' title='bbox 1431 884 2126 942; x_wconf 76' lang='lat' dir='ltr'>PARTHENOPOLITANI</span> <span class='ocrx_word' id='word_1_35' title='bbox 2169 883 2495 939; x_wconf 82' lang='lat' dir='ltr'><strong>MAGISTRI</strong></span> <span class='ocrx_word' id='word_1_36' title='bbox 2537 883 2624 937; x_wconf 82' lang='lat' dir='ltr'><strong>ET</strong></span> <span class='ocrx_word' id='word_1_37' title='bbox 2660 881 3043 938; x_wconf 58' lang='lat' dir='ltr'>PREPOSITI</span> 
     </span>
    </p>
   </div>
   <div class='ocr_carea' id='block_1_8' title="bbox 1701 1025 2724 1262">
    <p class='ocr_par' dir='ltr' id='par_1_8' title="bbox 1701 1025 2724 1262">
     <span class='ocr_line' id='line_1_8' title="bbox 1701 1025 2724 1262; baseline -0.003 0"><span class='ocrx_word' id='word_1_38' title='bbox 1701 1025 2724 1262; x_wconf 79' lang='lat' dir='ltr'><strong>ARN</strong></span> 
     </span>
    </p>
   </div>
   <div class='ocr_carea' id='block_1_9' title="bbox 910 1327 3512 1391">
    <p class='ocr_par' dir='ltr' id='par_1_9' title="bbox 910 1327 3512 1391">
     <span class='ocr_line' id='line_1_9' title="bbox 910 1327 3512 1391; baseline -0.002 -5"><span class='ocrx_word' id='word_1_39' title='bbox 910 1332 965 1386; x_wconf 91' lang='lat' dir='ltr'>S.</span> <span class='ocrx_word' id='word_1_40' title='bbox 1010 1331 1420 1387; x_wconf 79' lang='lat' dir='ltr'>EMMERAMMI</span> <span class='ocrx_word' id='word_1_41' title='bbox 1461 1330 1852 1385; x_wconf 78' lang='lat' dir='ltr'>MONACHUM</span> <span class='ocrx_word' id='word_1_42' title='bbox 1895 1331 2181 1385; x_wconf 82' lang='lat' dir='ltr'>EUMDEM</span> <span class='ocrx_word' id='word_1_43' title='bbox 2222 1330 2306 1383; x_wconf 88' lang='lat' dir='ltr'>ET</span> <span class='ocrx_word' id='word_1_44' title='bbox 2344 1327 2796 1383; x_wconf 59' lang='lat' dir='ltr'>PRx-EPOSITUM</span> <span class='ocrx_word' id='word_1_45' title='bbox 2837 1327 3072 1391; x_wconf 85' lang='lat' dir='ltr'>ATQUE</span> <span class='ocrx_word' id='word_1_46' title='bbox 3113 1327 3512 1382; x_wconf 70' lang='lat' dir='ltr'>MAGISTRUM.</span> 
     </span>
    </p>
   </div>
   <div class='ocr_carea' id='block_1_10' title="bbox 2004 1460 2428 1476">
    <p class='ocr_par' dir='ltr' id='par_1_10' title="bbox 2004 1460 2428 1476">
     <span class='ocr_line' id='line_1_10' title="bbox 2004 1460 2428 1476; baseline -0.005 -2"><span class='ocrx_word' id='word_1_47' title='bbox 2004 1460 2428 1476; x_wconf 51' lang='lat' dir='ltr'>ﬂ</span> 
     </span>
    </p>
   </div>
   <div class='ocr_carea' id='block_1_11' title="bbox 1211 1548 3239 1622">
    <p class='ocr_par' dir='ltr' id='par_1_11' title="bbox 1211 1548 3239 1622">
     <span class='ocr_line' id='line_1_11' title="bbox 1211 1548 3239 1622; baseline -0 -18"><span class='ocrx_word' id='word_1_48' title='bbox 1211 1551 1574 1608; x_wconf 62' lang='lat' dir='ltr'>(tharissimo</span> <span class='ocrx_word' id='word_1_49' title='bbox 1615 1567 1727 1607; x_wconf 91' lang='lat' dir='ltr'>suo</span> <span class='ocrx_word' id='word_1_50' title='bbox 1757 1556 1821 1605; x_wconf 84' lang='lat' dir='ltr'>A.</span> <span class='ocrx_word' id='word_1_51' title='bbox 1849 1555 1916 1607; x_wconf 86' lang='grc' dir='ltr'><strong>Μ.</strong></span> <span class='ocrx_word' id='word_1_52' title='bbox 1952 1551 2240 1622; x_wconf 87' lang='lat' dir='ltr'>[Arnoldo</span> <span class='ocrx_word' id='word_1_53' title='bbox 2274 1549 2584 1620; x_wconf 88' lang='lat' dir='ltr'>magistro]</span> <span class='ocrx_word' id='word_1_54' title='bbox 2618 1548 2868 1606; x_wconf 80' lang='lat' dir='ltr'>salutem</span> <span class='ocrx_word' id='word_1_55' title='bbox 2900 1549 2961 1604; x_wconf 93' lang='lat' dir='ltr'>in</span> <span class='ocrx_word' id='word_1_56' title='bbox 2993 1549 3239 1606; x_wconf 86' lang='lat' dir='ltr'>Christo.</span> 
     </span>
    </p>
   </div>
   <div class='ocr_carea' id='block_1_12' title="bbox 587 1725 3804 1800">
    <p class='ocr_par' dir='ltr' id='par_1_12' title="bbox 587 1725 3804 1800">
     <span class='ocr_line' id='line_1_12' title="bbox 587 1725 3804 1800; baseline -0.001 -16"><span class='ocrx_word' id='word_1_57' title='bbox 587 1732 938 1785; x_wconf 89' lang='lat' dir='ltr'>Sanctorum</span> <span class='ocrx_word' id='word_1_58' title='bbox 960 1728 1142 1793; x_wconf 89' lang='lat' dir='ltr'>dicta,</span> <span class='ocrx_word' id='word_1_59' title='bbox 1163 1743 1300 1800; x_wconf 69' lang='lat' dir='ltr'>quae</span> <span class='ocrx_word' id='word_1_60' title='bbox 1316 1727 1590 1783; x_wconf 85' lang='lat' dir='ltr'>videntur</span> <span class='ocrx_word' id='word_1_61' title='bbox 1609 1727 1920 1800; x_wconf 86' lang='lat' dir='ltr'>simplicia,</span> <span class='ocrx_word' id='word_1_62' title='bbox 1939 1727 2173 1784; x_wconf 86' lang='lat' dir='ltr'>vivitico</span> <span class='ocrx_word' id='word_1_63' title='bbox 2216 1731 2253 1784; x_wconf 85' lang='grc' dir='ltr'>Β</span> <span class='ocrx_word' id='word_1_64' title='bbox 2286 1733 2386 1784; x_wconf 91' lang='lat' dir='ltr'>tua</span> <span class='ocrx_word' id='word_1_65' title='bbox 2409 1727 2649 1800; x_wconf 91' lang='lat' dir='ltr'>pondus</span> <span class='ocrx_word' id='word_1_66' title='bbox 2675 1725 2983 1800; x_wconf 88' lang='lat' dir='ltr'>imposuit,</span> <span class='ocrx_word' id='word_1_67' title='bbox 3010 1726 3177 1798; x_wconf 91' lang='lat' dir='ltr'>quod</span> <span class='ocrx_word' id='word_1_68' title='bbox 3207 1725 3360 1781; x_wconf 83' lang='lat' dir='ltr'>beati</span> <span class='ocrx_word' id='word_1_69' title='bbox 3389 1725 3631 1797; x_wconf 78' lang='lat' dir='ltr'>martyris</span> <span class='ocrx_word' id='word_1_70' title='bbox 3651 1731 3694 1780; x_wconf 90' lang='lat' dir='ltr'>et</span> <span class='ocrx_word' id='word_1_71' title='bbox 3715 1742 3804 1797; x_wconf 88' lang='lat' dir='ltr'>pon-</span> 
     </span>
    </p>
   </div>
   <div class='ocr_carea' id='block_1_13' title="bbox 516 1815 2169 1890">
    <p class='ocr_par' dir='ltr' id='par_1_13' title="bbox 516 1815 2169 1890">
     <span class='ocr_line' id='line_1_13' title="bbox 516 1815 2169 1890; baseline -0.001 -16"><span class='ocrx_word' id='word_1_72' title='bbox 516 1818 770 1874; x_wconf 82' lang='lat' dir='ltr'>fecunda</span> <span class='ocrx_word' id='word_1_73' title='bbox 801 1817 1031 1890; x_wconf 88' lang='lat' dir='ltr'>spiritu,</span> <span class='ocrx_word' id='word_1_74' title='bbox 1056 1815 1321 1888; x_wconf 91' lang='lat' dir='ltr'>pondere</span> <span class='ocrx_word' id='word_1_75' title='bbox 1343 1815 1606 1871; x_wconf 79' lang='lat' dir='ltr'>veritatis</span> <span class='ocrx_word' id='word_1_76' title='bbox 1635 1815 1932 1884; x_wconf 87' lang='lat' dir='ltr'>religiosa,</span> <span class='ocrx_word' id='word_1_77' title='bbox 1955 1833 2078 1872; x_wconf 92' lang='lat' dir='ltr'>non</span> <span class='ocrx_word' id='word_1_78' title='bbox 2105 1817 2169 1872; x_wconf 90' lang='lat' dir='ltr'>il-</span> 
     </span>
    </p>
   </div>
   <div class='ocr_carea' id='block_1_14' title="bbox 511 1905 2170 1980">
    <p class='ocr_par' dir='ltr' id='par_1_14' title="bbox 511 1905 2170 1980">
     <span class='ocr_line' id='line_1_14' title="bbox 511 1905 2170 1980; baseline -0.001 -17"><span class='ocrx_word' id='word_1_79' title='bbox 511 1907 620 1963; x_wconf 92' lang='lat' dir='ltr'>lice</span> <span class='ocrx_word' id='word_1_80' title='bbox 706 1905 1155 1978; x_wconf 84' lang='lat' dir='ltr'>compositionis</span> <span class='ocrx_word' id='word_1_81' title='bbox 1215 1909 1354 1962; x_wconf 88' lang='lat' dir='ltr'>sunt</span> <span class='ocrx_word' id='word_1_82' title='bbox 1431 1909 1566 1962; x_wconf 82' lang='lat' dir='ltr'>astu</span> <span class='ocrx_word' id='word_1_83' title='bbox 1629 1920 1948 1980; x_wconf 86' lang='lat' dir='ltr'>pomposa.</span> <span class='ocrx_word' id='word_1_84' title='bbox 2026 1909 2170 1972; x_wconf 77' lang='lat' dir='ltr'>Quae</span> 
     </span>
    </p>
   </div>
   <div class='ocr_carea' id='block_1_15' title="bbox 511 1993 2166 2068">
    <p class='ocr_par' dir='ltr' id='par_1_15' title="bbox 511 1993 2166 2068">
     <span class='ocr_line' id='line_1_15' title="bbox 511 1993 2166 2068; baseline -0.001 -17"><span class='ocrx_word' id='word_1_85' title='bbox 511 1995 760 2068; x_wconf 89' lang='lat' dir='ltr'>quando</span> <span class='ocrx_word' id='word_1_86' title='bbox 816 1993 1407 2052; x_wconf 79' lang='lat' dir='ltr'>incommutabilium</span> <span class='ocrx_word' id='word_1_87' title='bbox 1462 1998 1604 2049; x_wconf 86' lang='lat' dir='ltr'>sunt</span> <span class='ocrx_word' id='word_1_88' title='bbox 1660 1994 1834 2064; x_wconf 85' lang='lat' dir='ltr'>signa</span> <span class='ocrx_word' id='word_1_89' title='bbox 1859 1995 2166 2064; x_wconf 86' lang='lat' dir='ltr'>virtutum,</span> 
     </span>
    </p>
   </div>
   <div class='ocr_carea' id='block_1_16' title="bbox 510 2083 2172 2157">
    <p class='ocr_par' dir='ltr' id='par_1_16' title="bbox 510 2083 2172 2157">
     <span class='ocr_line' id='line_1_16' title="bbox 510 2083 2172 2157; baseline -0.001 -17"><span class='ocrx_word' id='word_1_90' title='bbox 510 2099 706 2157; x_wconf 92' lang='lat' dir='ltr'>neque</span> <span class='ocrx_word' id='word_1_91' title='bbox 783 2083 952 2139; x_wconf 84' lang='lat' dir='ltr'>favor</span> <span class='ocrx_word' id='word_1_92' title='bbox 1017 2083 1101 2139; x_wconf 92' lang='lat' dir='ltr'>eis</span> <span class='ocrx_word' id='word_1_93' title='bbox 1156 2083 1340 2140; x_wconf 90' lang='lat' dir='ltr'>nutrit</span> <span class='ocrx_word' id='word_1_94' title='bbox 1405 2083 1705 2148; x_wconf 88' lang='lat' dir='ltr'>meritum,</span> <span class='ocrx_word' id='word_1_95' title='bbox 1766 2099 1962 2156; x_wconf 91' lang='lat' dir='ltr'>neque</span> <span class='ocrx_word' id='word_1_96' title='bbox 2027 2083 2172 2139; x_wconf 91' lang='lat' dir='ltr'>indi-</span> 
     </span>
    </p>
   </div>
   <div class='ocr_carea' id='block_1_17' title="bbox 511 2171 2168 2245">
    <p class='ocr_par' dir='ltr' id='par_1_17' title="bbox 511 2171 2168 2245">
     <span class='ocr_line' id='line_1_17' title="bbox 511 2171 2168 2245; baseline -0.001 -16"><span class='ocrx_word' id='word_1_97' title='bbox 511 2173 714 2245; x_wconf 87' lang='lat' dir='ltr'>gnatio</span> <span class='ocrx_word' id='word_1_98' title='bbox 770 2173 1194 2228; x_wconf 87' lang='lat' dir='ltr'>detrimentum</span> <span class='ocrx_word' id='word_1_99' title='bbox 1229 2191 1242 2239; x_wconf 91' lang='lat'><strong>;</strong></span> <span class='ocrx_word' id='word_1_100' title='bbox 1284 2171 1505 2244; x_wconf 87' lang='lat' dir='ltr'>quibus</span> <span class='ocrx_word' id='word_1_101' title='bbox 1549 2172 1709 2228; x_wconf 87' lang='lat' dir='ltr'>velut</span> <span class='ocrx_word' id='word_1_102' title='bbox 1749 2189 1821 2227; x_wconf 81' lang='lat' dir='ltr'>ex</span> <span class='ocrx_word' id='word_1_103' title='bbox 1858 2173 2168 2228; x_wconf 85' lang='lat' dir='ltr'>sanctitate</span> 
     </span>
    </p>
   </div>
   <div class='ocr_carea' id='block_1_18' title="bbox 508 2262 2168 2332">
    <p class='ocr_par' dir='ltr' id='par_1_18' title="bbox 508 2262 2168 2332">
     <span class='ocr_line' id='line_1_18' title="bbox 508 2262 2168 2332; baseline 0 -14"><span class='ocrx_word' id='word_1_104' title='bbox 508 2262 982 2332; x_wconf 77' lang='lat' dir='ltr'>ﬂuxitdignitas,</span> <span class='ocrx_word' id='word_1_105' title='bbox 1014 2263 1094 2318; x_wconf 90' lang='lat' dir='ltr'>ita</span> <span class='ocrx_word' id='word_1_106' title='bbox 1118 2278 1191 2318; x_wconf 87' lang='lat' dir='ltr'>ex</span> <span class='ocrx_word' id='word_1_107' title='bbox 1217 2278 1417 2316; x_wconf 91' lang='lat' dir='ltr'>rerum</span> <span class='ocrx_word' id='word_1_108' title='bbox 1468 2262 1776 2317; x_wconf 79' lang='lat' dir='ltr'>existentia</span> <span class='ocrx_word' id='word_1_109' title='bbox 1815 2263 1972 2318; x_wconf 83' lang='lat' dir='ltr'>venit</span> <span class='ocrx_word' id='word_1_110' title='bbox 2025 2263 2168 2318; x_wconf 90' lang='lat' dir='ltr'>inte-</span> 
     </span>
    </p>
   </div>
   <div class='ocr_carea' id='block_1_19' title="bbox 510 2350 2169 2426">
    <p class='ocr_par' dir='ltr' id='par_1_19' title="bbox 510 2350 2169 2426">
     <span class='ocr_line' id='line_1_19' title="bbox 510 2350 2169 2426; baseline -0.001 -18"><span class='ocrx_word' id='word_1_111' title='bbox 510 2353 718 2424; x_wconf 86' lang='lat' dir='ltr'>gritas,</span> <span class='ocrx_word' id='word_1_112' title='bbox 747 2368 1010 2424; x_wconf 83' lang='lat' dir='ltr'>quorum</span> <span class='ocrx_word' id='word_1_113' title='bbox 1067 2351 1217 2410; x_wconf 88' lang='lat' dir='ltr'>sicut</span> <span class='ocrx_word' id='word_1_114' title='bbox 1272 2351 1626 2426; x_wconf 89' lang='lat' dir='ltr'>compositio</span> <span class='ocrx_word' id='word_1_115' title='bbox 1684 2350 2024 2422; x_wconf 88' lang='lat' dir='ltr'>spil‘itualis,</span> <span class='ocrx_word' id='word_1_116' title='bbox 2086 2351 2169 2407; x_wconf 90' lang='lat' dir='ltr'>sic</span> 
     </span>
    </p>
   </div>
   <div class='ocr_carea' id='block_1_20' title="bbox 509 2439 2168 2516">
    <p class='ocr_par' dir='ltr' id='par_1_20' title="bbox 509 2439 2168 2516">
     <span class='ocr_line' id='line_1_20' title="bbox 509 2439 2168 2516; baseline -0.002 -18"><span class='ocrx_word' id='word_1_117' title='bbox 509 2442 775 2516; x_wconf 84' lang='lat' dir='ltr'>potentia</span> <span class='ocrx_word' id='word_1_118' title='bbox 825 2440 1145 2508; x_wconf 77' lang='lat' dir='ltr'>mirabilis,</span> <span class='ocrx_word' id='word_1_119' title='bbox 1189 2439 1339 2498; x_wconf 89' lang='lat' dir='ltr'>dum</span> <span class='ocrx_word' id='word_1_120' title='bbox 1397 2456 1504 2512; x_wconf 89' lang='lat' dir='ltr'>per</span> <span class='ocrx_word' id='word_1_121' title='bbox 1556 2439 1772 2498; x_wconf 88' lang='lat' dir='ltr'>eadem</span> <span class='ocrx_word' id='word_1_122' title='bbox 1852 2439 2168 2496; x_wconf 88' lang='lat' dir='ltr'>locutionis</span> 
     </span>
    </p>
   </div>
   <div class='ocr_carea' id='block_1_21' title="bbox 507 2528 2168 2600">
    <p class='ocr_par' dir='ltr' id='par_1_21' title="bbox 507 2528 2168 2600">
     <span class='ocr_line' id='line_1_21' title="bbox 507 2528 2168 2600; baseline -0.001 -14"><span class='ocrx_word' id='word_1_123' title='bbox 507 2530 787 2588; x_wconf 76' lang='lat' dir='ltr'>membra</span> <span class='ocrx_word' id='word_1_124' title='bbox 808 2534 866 2586; x_wconf 88' lang='lat' dir='ltr'>et</span> <span class='ocrx_word' id='word_1_125' title='bbox 894 2529 976 2586; x_wconf 87' lang='lat' dir='ltr'>ad</span> <span class='ocrx_word' id='word_1_126' title='bbox 1021 2530 1358 2599; x_wconf 82' lang='lat' dir='ltr'>genituram</span> <span class='ocrx_word' id='word_1_127' title='bbox 1400 2528 1684 2599; x_wconf 72' lang='lat' dir='ltr'>imaginis</span> <span class='ocrx_word' id='word_1_128' title='bbox 1727 2529 1826 2584; x_wconf 88' lang='lat' dir='ltr'>Dei</span> <span class='ocrx_word' id='word_1_129' title='bbox 1873 2530 2168 2600; x_wconf 77' lang='lat' dir='ltr'>gremium</span> 
     </span>
    </p>
   </div>
   <div class='ocr_carea' id='block_1_22' title="bbox 506 2618 2167 2692">
    <p class='ocr_par' dir='ltr' id='par_1_22' title="bbox 506 2618 2167 2692">
     <span class='ocr_line' id='line_1_22' title="bbox 506 2618 2167 2692; baseline -0.001 -16"><span class='ocrx_word' id='word_1_130' title='bbox 506 2620 647 2676; x_wconf 86' lang='lat' dir='ltr'>ﬁdei</span> <span class='ocrx_word' id='word_1_131' title='bbox 671 2619 932 2690; x_wconf 87' lang='lat' dir='ltr'>maritat,</span> <span class='ocrx_word' id='word_1_132' title='bbox 963 2623 1023 2680; x_wconf 83' lang='lat' dir='ltr'>et</span> <span class='ocrx_word' id='word_1_133' title='bbox 1069 2635 1176 2692; x_wconf 93' lang='lat' dir='ltr'>per</span> <span class='ocrx_word' id='word_1_134' title='bbox 1224 2619 1361 2674; x_wconf 86' lang='lat' dir='ltr'>ﬁdei</span> <span class='ocrx_word' id='word_1_135' title='bbox 1418 2618 1617 2674; x_wconf 90' lang='lat' dir='ltr'>sinum</span> <span class='ocrx_word' id='word_1_136' title='bbox 1679 2618 1940 2674; x_wconf 88' lang='lat' dir='ltr'>indurat.</span> <span class='ocrx_word' id='word_1_137' title='bbox 2003 2619 2167 2674; x_wconf 88' lang='lat' dir='ltr'>Unde</span> 
     </span>
    </p>
   </div>
   <div class='ocr_carea' id='block_1_23' title="bbox 507 2707 2169 2782">
    <p class='ocr_par' dir='ltr' id='par_1_23' title="bbox 507 2707 2169 2782">
     <span class='ocr_line' id='line_1_23' title="bbox 507 2707 2169 2782; baseline -0.002 -16"><span class='ocrx_word' id='word_1_138' title='bbox 507 2709 800 2781; x_wconf 84' lang='lat' dir='ltr'>conjicere</span> <span class='ocrx_word' id='word_1_139' title='bbox 852 2725 1128 2782; x_wconf 85' lang='lat' dir='ltr'>possum,</span> <span class='ocrx_word' id='word_1_140' title='bbox 1189 2708 1388 2775; x_wconf 75' lang='lat' dir='ltr'>trater,</span> <span class='ocrx_word' id='word_1_141' title='bbox 1443 2724 1633 2780; x_wconf 89' lang='lat' dir='ltr'>quam</span> <span class='ocrx_word' id='word_1_142' title='bbox 1683 2723 1823 2763; x_wconf 92' lang='lat' dir='ltr'>vera</span> <span class='ocrx_word' id='word_1_143' title='bbox 1879 2707 2169 2764; x_wconf 81' lang='lat' dir='ltr'>debeatur</span> 
     </span>
    </p>
   </div>
   <div class='ocr_carea' id='block_1_24' title="bbox 508 2796 2164 2872">
    <p class='ocr_par' dir='ltr' id='par_1_24' title="bbox 508 2796 2164 2872">
     <span class='ocr_line' id='line_1_24' title="bbox 508 2796 2164 2872; baseline -0.001 -16"><span class='ocrx_word' id='word_1_144' title='bbox 508 2799 809 2860; x_wconf 82' lang='lat' dir='ltr'>sanctitati</span> <span class='ocrx_word' id='word_1_145' title='bbox 831 2798 1060 2868; x_wconf 79' lang='lat' dir='ltr'>religio,</span> <span class='ocrx_word' id='word_1_146' title='bbox 1090 2814 1278 2872; x_wconf 81' lang='lat' dir='ltr'>quam</span> <span class='ocrx_word' id='word_1_147' title='bbox 1305 2802 1514 2854; x_wconf 91' lang='lat' dir='ltr'>sancta</span> <span class='ocrx_word' id='word_1_148' title='bbox 1561 2796 1792 2854; x_wconf 88' lang='lat' dir='ltr'>veritati</span> <span class='ocrx_word' id='word_1_149' title='bbox 1817 2797 2116 2854; x_wconf 82' lang='lat' dir='ltr'>confessio</span> <span class='ocrx_word' id='word_1_150' title='bbox 2152 2817 2164 2864; x_wconf 87' lang='lat'>;</span> 
     </span>
    </p>
   </div>
   <div class='ocr_carea' id='block_1_25' title="bbox 507 2886 2168 2959">
    <p class='ocr_par' dir='ltr' id='par_1_25' title="bbox 507 2886 2168 2959">
     <span class='ocr_line' id='line_1_25' title="bbox 507 2886 2168 2959; baseline -0.001 -15"><span class='ocrx_word' id='word_1_151' title='bbox 507 2903 584 2943; x_wconf 78' lang='lat' dir='ltr'>ne</span> <span class='ocrx_word' id='word_1_152' title='bbox 607 2887 817 2944; x_wconf 82' lang='lat' dir='ltr'>videar</span> <span class='ocrx_word' id='word_1_153' title='bbox 865 2887 960 2942; x_wconf 83' lang='lat' dir='ltr'>vel</span> <span class='ocrx_word' id='word_1_154' title='bbox 989 2886 1052 2942; x_wconf 88' lang='lat' dir='ltr'>in</span> <span class='ocrx_word' id='word_1_155' title='bbox 1077 2886 1352 2958; x_wconf 75' lang='lat' dir='ltr'>spiritum</span> <span class='ocrx_word' id='word_1_156' title='bbox 1417 2901 1547 2941; x_wconf 90' lang='lat' dir='ltr'>esse</span> <span class='ocrx_word' id='word_1_157' title='bbox 1593 2890 2022 2959; x_wconf 66' lang='lat' dir='ltr'>prwsumptor,</span> <span class='ocrx_word' id='word_1_158' title='bbox 2076 2886 2168 2942; x_wconf 87' lang='lat' dir='ltr'>vel</span> 
     </span>
    </p>
   </div>
   <div class='ocr_carea' id='block_1_26' title="bbox 506 2973 2175 3052">
    <p class='ocr_par' dir='ltr' id='par_1_26' title="bbox 506 2973 2175 3052">
     <span class='ocr_line' id='line_1_26' title="bbox 506 2973 2175 3052; baseline 0 -21"><span class='ocrx_word' id='word_1_159' title='bbox 506 2975 568 3031; x_wconf 90' lang='lat' dir='ltr'>in</span> <span class='ocrx_word' id='word_1_160' title='bbox 603 2975 1042 3050; x_wconf 81' lang='lat' dir='ltr'>simplicitatem</span> <span class='ocrx_word' id='word_1_161' title='bbox 1072 2975 1382 3048; x_wconf 82' lang='lat' dir='ltr'>impostor.</span> <span class='ocrx_word' id='word_1_162' title='bbox 1420 2974 1534 3031; x_wconf 90' lang='lat' dir='ltr'>Sed</span> <span class='ocrx_word' id='word_1_163' title='bbox 1563 2973 1709 3052; x_wconf 64' lang='lat' dir='ltr'>qin‘a</span> <span class='ocrx_word' id='word_1_164' title='bbox 1754 2974 1900 3030; x_wconf 87' lang='lat' dir='ltr'>mihi</span> <span class='ocrx_word' id='word_1_165' title='bbox 1931 2974 2175 3032; x_wconf 84' lang='lat' dir='ltr'>dilectio</span> 
     </span>
    </p>
   </div>
   <div class='ocr_carea' id='block_1_27' title="bbox 2281 1815 3803 1877">
    <p class='ocr_par' dir='ltr' id='par_1_27' title="bbox 2281 1815 3803 1877">
     <span class='ocr_line' id='line_1_27' title="bbox 2281 1815 3803 1877; baseline -0.005 -3"><span class='ocrx_word' id='word_1_166' title='bbox 2281 1818 2451 1874; x_wconf 81' lang='lat' dir='ltr'>titicis</span> <span class='ocrx_word' id='word_1_167' title='bbox 2480 1817 2904 1873; x_wconf 88' lang='lat' dir='ltr'>Emmerammi</span> <span class='ocrx_word' id='word_1_168' title='bbox 2966 1815 3264 1872; x_wconf 89' lang='lat' dir='ltr'>desiderio</span> <span class='ocrx_word' id='word_1_169' title='bbox 3314 1815 3543 1871; x_wconf 88' lang='lat' dir='ltr'>libenter</span> <span class='ocrx_word' id='word_1_170' title='bbox 3590 1815 3803 1877; x_wconf 74' lang='lat' dir='ltr'>subivi,el</span> 
     </span>
    </p>
   </div>
   <div class='ocr_carea' id='block_1_28' title="bbox 2279 1904 3801 1980">
    <p class='ocr_par' dir='ltr' id='par_1_28' title="bbox 2279 1904 3801 1980">
     <span class='ocr_line' id='line_1_28' title="bbox 2279 1904 3801 1980; baseline -0.005 -16"><span class='ocrx_word' id='word_1_171' title='bbox 2279 1907 2357 1964; x_wconf 85' lang='lat' dir='ltr'>ab</span> <span class='ocrx_word' id='word_1_172' title='bbox 2415 1907 2605 1980; x_wconf 88' lang='lat' dir='ltr'>ipsius</span> <span class='ocrx_word' id='word_1_173' title='bbox 2657 1906 2970 1963; x_wconf 75' lang='lat' dir='ltr'>sanctitate</span> <span class='ocrx_word' id='word_1_174' title='bbox 3015 1910 3074 1963; x_wconf 85' lang='lat' dir='ltr'>et</span> <span class='ocrx_word' id='word_1_175' title='bbox 3116 1904 3430 1962; x_wconf 82' lang='lat' dir='ltr'>sanctitatis</span> <span class='ocrx_word' id='word_1_176' title='bbox 3476 1905 3587 1975; x_wconf 87' lang='lat' dir='ltr'>ejus</span> <span class='ocrx_word' id='word_1_177' title='bbox 3612 1905 3801 1976; x_wconf 66' lang='lat' dir='ltr'>scripturi.</span> 
     </span>
    </p>
   </div>
   <div class='ocr_carea' id='block_1_29' title="bbox 2279 1994 3802 2070">
    <p class='ocr_par' dir='ltr' id='par_1_29' title="bbox 2279 1994 3802 2070">
     <span class='ocr_line' id='line_1_29' title="bbox 2279 1994 3802 2070; baseline -0.004 -18"><span class='ocrx_word' id='word_1_178' title='bbox 2279 1997 2519 2052; x_wconf 88' lang='lat' dir='ltr'>veniam</span> <span class='ocrx_word' id='word_1_179' title='bbox 2575 2013 2820 2070; x_wconf 60' lang='lat' dir='ltr'>quaero;</span> <span class='ocrx_word' id='word_1_180' title='bbox 2874 2001 3180 2069; x_wconf 83' lang='lat' dir='ltr'>quatenus</span> <span class='ocrx_word' id='word_1_181' title='bbox 3235 1994 3384 2050; x_wconf 90' lang='lat' dir='ltr'>illius</span> <span class='ocrx_word' id='word_1_182' title='bbox 3438 2010 3522 2050; x_wconf 89' lang='lat' dir='ltr'>me</span> <span class='ocrx_word' id='word_1_183' title='bbox 3575 1995 3802 2048; x_wconf 82' lang='lat' dir='ltr'>reverentia</span> 
     </span>
    </p>
   </div>
   <div class='ocr_carea' id='block_1_30' title="bbox 2278 2084 3798 2158">
    <p class='ocr_par' dir='ltr' id='par_1_30' title="bbox 2278 2084 3798 2158">
     <span class='ocr_line' id='line_1_30' title="bbox 2278 2084 3798 2158; baseline -0.006 -16"><span class='ocrx_word' id='word_1_184' title='bbox 2278 2087 2586 2153; x_wconf 90' lang='lat' dir='ltr'>cultorem,</span> <span class='ocrx_word' id='word_1_185' title='bbox 2647 2087 2817 2141; x_wconf 90' lang='lat' dir='ltr'>istius</span> <span class='ocrx_word' id='word_1_186' title='bbox 2869 2086 3164 2158; x_wconf 88' lang='lat' dir='ltr'>sapientia</span> <span class='ocrx_word' id='word_1_187' title='bbox 3227 2085 3488 2155; x_wconf 81' lang='lat' dir='ltr'>dignetur</span> <span class='ocrx_word' id='word_1_188' title='bbox 3530 2084 3798 2139; x_wconf 83' lang='lat' dir='ltr'>imitatorem.</span> 
     </span>
    </p>
   </div>
   <div class='ocr_carea' id='block_1_31' title="bbox 2279 2170 3802 2248">
    <p class='ocr_par' dir='ltr' id='par_1_31' title="bbox 2279 2170 3802 2248">
     <span class='ocr_line' id='line_1_31' title="bbox 2279 2170 3802 2248; baseline -0.003 -20"><span class='ocrx_word' id='word_1_189' title='bbox 2279 2176 2570 2248; x_wconf 84' lang='lat' dir='ltr'>Equidem</span> <span class='ocrx_word' id='word_1_190' title='bbox 2602 2175 2649 2230; x_wconf 88' lang='lat' dir='ltr'>si</span> <span class='ocrx_word' id='word_1_191' title='bbox 2679 2179 3028 2230; x_wconf 88' lang='lat' dir='ltr'>sanctorum</span> <span class='ocrx_word' id='word_1_192' title='bbox 3056 2180 3224 2244; x_wconf 84' lang='lat' dir='ltr'>gesta</span> <span class='ocrx_word' id='word_1_193' title='bbox 3268 2189 3383 2229; x_wconf 91' lang='lat' dir='ltr'>non</span> <span class='ocrx_word' id='word_1_194' title='bbox 3425 2188 3694 2245; x_wconf 89' lang='lat' dir='ltr'>possumus</span> <span class='ocrx_word' id='word_1_195' title='bbox 3729 2170 3802 2224; x_wconf 82' lang='lat' dir='ltr'>imi-</span> 
     </span>
    </p>
   </div>
   <div class='ocr_carea' id='block_1_32' title="bbox 2279 2258 3799 2334">
    <p class='ocr_par' dir='ltr' id='par_1_32' title="bbox 2279 2258 3799 2334">
     <span class='ocr_line' id='line_1_32' title="bbox 2279 2258 3799 2334; baseline -0.006 -14"><span class='ocrx_word' id='word_1_196' title='bbox 2279 2265 2409 2334; x_wconf 87' lang='lat' dir='ltr'>tari,</span> <span class='ocrx_word' id='word_1_197' title='bbox 2443 2265 2641 2320; x_wconf 88' lang='lat' dir='ltr'>licebit</span> <span class='ocrx_word' id='word_1_198' title='bbox 2666 2264 2874 2320; x_wconf 86' lang='lat' dir='ltr'>saltem</span> <span class='ocrx_word' id='word_1_199' title='bbox 2915 2263 3211 2333; x_wconf 88' lang='lat' dir='ltr'>meditari,</span> <span class='ocrx_word' id='word_1_200' title='bbox 3245 2263 3432 2318; x_wconf 88' lang='lat' dir='ltr'>licebit</span> <span class='ocrx_word' id='word_1_201' title='bbox 3473 2262 3656 2330; x_wconf 88' lang='lat' dir='ltr'>mirari,</span> <span class='ocrx_word' id='word_1_202' title='bbox 3699 2258 3799 2330; x_wconf 86' lang='lat' dir='ltr'>quod</span> 
     </span>
    </p>
   </div>
   <div class='ocr_carea' id='block_1_33' title="bbox 2278 2349 3800 2426">
    <p class='ocr_par' dir='ltr' id='par_1_33' title="bbox 2278 2349 3800 2426">
     <span class='ocr_line' id='line_1_33' title="bbox 2278 2349 3800 2426; baseline -0.006 -17"><span class='ocrx_word' id='word_1_203' title='bbox 2278 2354 2581 2424; x_wconf 88' lang='lat' dir='ltr'>volumus,</span> <span class='ocrx_word' id='word_1_204' title='bbox 2615 2359 2678 2408; x_wconf 87' lang='lat' dir='ltr'>ut</span> <span class='ocrx_word' id='word_1_205' title='bbox 2705 2353 3076 2426; x_wconf 86' lang='lat' dir='ltr'>quandoque</span> <span class='ocrx_word' id='word_1_206' title='bbox 3102 2353 3274 2408; x_wconf 89' lang='lat' dir='ltr'>liceat</span> <span class='ocrx_word' id='word_1_207' title='bbox 3319 2351 3474 2420; x_wconf 85' lang='lat' dir='ltr'>velle,</span> <span class='ocrx_word' id='word_1_208' title='bbox 3523 2349 3658 2422; x_wconf 89' lang='lat' dir='ltr'>quod</span> <span class='ocrx_word' id='word_1_209' title='bbox 3697 2349 3800 2403; x_wconf 84' lang='lat' dir='ltr'>mira-</span> 
     </span>
    </p>
   </div>
   <div class='ocr_carea' id='block_1_34' title="bbox 2276 2435 3799 2514">
    <p class='ocr_par' dir='ltr' id='par_1_34' title="bbox 2276 2435 3799 2514">
     <span class='ocr_line' id='line_1_34' title="bbox 2276 2435 3799 2514; baseline -0.007 -16"><span class='ocrx_word' id='word_1_210' title='bbox 2276 2459 2441 2498; x_wconf 88' lang='lat' dir='ltr'>mur.</span> <span class='ocrx_word' id='word_1_211' title='bbox 2475 2446 2602 2499; x_wconf 81' lang='lat' dir='ltr'>Non</span> <span class='ocrx_word' id='word_1_212' title='bbox 2629 2441 2787 2498; x_wconf 86' lang='lat' dir='ltr'>enim</span> <span class='ocrx_word' id='word_1_213' title='bbox 2815 2446 2903 2498; x_wconf 88' lang='lat' dir='ltr'>est</span> <span class='ocrx_word' id='word_1_214' title='bbox 2961 2440 3406 2514; x_wconf 86' lang='lat' dir='ltr'>circumscripta</span> <span class='ocrx_word' id='word_1_215' title='bbox 3451 2439 3622 2495; x_wconf 87' lang='lat' dir='ltr'>divina</span> <span class='ocrx_word' id='word_1_216' title='bbox 3656 2435 3799 2491; x_wconf 78' lang='lat' dir='ltr'>miseri-</span> 
     </span>
    </p>
   </div>
   <div class='ocr_carea' id='block_1_35' title="bbox 2278 2524 3796 2604">
    <p class='ocr_par' dir='ltr' id='par_1_35' title="bbox 2278 2524 3796 2604">
     <span class='ocr_line' id='line_1_35' title="bbox 2278 2524 3796 2604; baseline -0.007 -16"><span class='ocrx_word' id='word_1_217' title='bbox 2278 2532 2512 2600; x_wconf 80' lang='lat' dir='ltr'>cordia,</span> <span class='ocrx_word' id='word_1_218' title='bbox 2530 2548 2664 2604; x_wconf 71' lang='lat' dir='ltr'>quin</span> <span class='ocrx_word' id='word_1_219' title='bbox 2710 2532 2884 2601; x_wconf 86' lang='lat' dir='ltr'>juvat</span> <span class='ocrx_word' id='word_1_220' title='bbox 2940 2531 3118 2587; x_wconf 81' lang='lat' dir='ltr'>etiam</span> <span class='ocrx_word' id='word_1_221' title='bbox 3173 2530 3276 2586; x_wconf 86' lang='lat' dir='ltr'>ubi</span> <span class='ocrx_word' id='word_1_222' title='bbox 3322 2528 3475 2585; x_wconf 89' lang='lat' dir='ltr'>nulla</span> <span class='ocrx_word' id='word_1_223' title='bbox 3499 2531 3614 2582; x_wconf 89' lang='lat' dir='ltr'>sunt</span> <span class='ocrx_word' id='word_1_224' title='bbox 3648 2524 3796 2581; x_wconf 71' lang='lat' dir='ltr'>merita</span> 
     </span>
    </p>
   </div>
   <div class='ocr_carea' id='block_1_36' title="bbox 2276 2618 3796 2692">
    <p class='ocr_par' dir='ltr' id='par_1_36' title="bbox 2276 2618 3796 2692">
     <span class='ocr_line' id='line_1_36' title="bbox 2276 2618 3796 2692; baseline -0.005 -17"><span class='ocrx_word' id='word_1_225' title='bbox 2276 2621 2528 2676; x_wconf 87' lang='lat' dir='ltr'>Proinde</span> <span class='ocrx_word' id='word_1_226' title='bbox 2557 2620 2760 2692; x_wconf 87' lang='lat' dir='ltr'>ﬂagito</span> <span class='ocrx_word' id='word_1_227' title='bbox 2787 2625 3091 2692; x_wconf 86' lang='lat' dir='ltr'>quatenus</span> <span class='ocrx_word' id='word_1_228' title='bbox 3120 2618 3369 2676; x_wconf 81' lang='lat' dir='ltr'>orationi</span> <span class='ocrx_word' id='word_1_229' title='bbox 3400 2632 3528 2672; x_wconf 66' lang='lat' dir='ltr'>mea</span> <span class='ocrx_word' id='word_1_230' title='bbox 3566 2627 3796 2670; x_wconf 60' lang='lat' dir='ltr'>suetum:</span> 
     </span>
    </p>
   </div>
   <div class='ocr_carea' id='block_1_37' title="bbox 2275 2705 3796 2784">
    <p class='ocr_par' dir='ltr' id='par_1_37' title="bbox 2275 2705 3796 2784">
     <span class='ocr_line' id='line_1_37' title="bbox 2275 2705 3796 2784; baseline -0.009 -20"><span class='ocrx_word' id='word_1_231' title='bbox 2275 2725 2351 2767; x_wconf 91' lang='lat' dir='ltr'>ne</span> <span class='ocrx_word' id='word_1_232' title='bbox 2380 2711 2471 2766; x_wconf 90' lang='lat' dir='ltr'>vel</span> <span class='ocrx_word' id='word_1_233' title='bbox 2500 2710 2786 2784; x_wconf 82' lang='lat' dir='ltr'>professio</span> <span class='ocrx_word' id='word_1_234' title='bbox 2818 2725 2957 2766; x_wconf 89' lang='lat' dir='ltr'>mea</span> <span class='ocrx_word' id='word_1_235' title='bbox 2985 2709 3290 2765; x_wconf 81' lang='lat' dir='ltr'>debilitata</span> <span class='ocrx_word' id='word_1_236' title='bbox 3319 2705 3639 2772; x_wconf 85' lang='lat' dir='ltr'>succumbat,</span> <span class='ocrx_word' id='word_1_237' title='bbox 3676 2707 3717 2757; x_wconf 85' lang='lat' dir='ltr'>et</span> <span class='ocrx_word' id='word_1_238' title='bbox 3736 2716 3796 2770; x_wconf 81' lang='lat' dir='ltr'>per</span> 
     </span>
    </p>
   </div>
   <div class='ocr_carea' id='block_1_38' title="bbox 2276 2791 3796 2871">
    <p class='ocr_par' dir='ltr' id='par_1_38' title="bbox 2276 2791 3796 2871">
     <span class='ocr_line' id='line_1_38' title="bbox 2276 2791 3796 2871; baseline -0.01 -17"><span class='ocrx_word' id='word_1_239' title='bbox 2276 2799 2658 2856; x_wconf 90' lang='lat' dir='ltr'>occasionem</span> <span class='ocrx_word' id='word_1_240' title='bbox 2687 2799 3020 2871; x_wconf 69' lang='lat' dir='ltr'>imperitiae,</span> <span class='ocrx_word' id='word_1_241' title='bbox 3042 2799 3145 2870; x_wconf 90' lang='lat' dir='ltr'>pia</span> <span class='ocrx_word' id='word_1_242' title='bbox 3171 2797 3434 2854; x_wconf 81' lang='lat' dir='ltr'>voluntas</span> <span class='ocrx_word' id='word_1_243' title='bbox 3457 2793 3650 2850; x_wconf 77' lang='lat' dir='ltr'>invidiae</span> <span class='ocrx_word' id='word_1_244' title='bbox 3665 2791 3796 2844; x_wconf 75' lang='lat' dir='ltr'>dentes</span> 
     </span>
    </p>
   </div>
   <div class='ocr_carea' id='block_1_39' title="bbox 2274 2879 3795 2957">
    <p class='ocr_par' dir='ltr' id='par_1_39' title="bbox 2274 2879 3795 2957">
     <span class='ocr_line' id='line_1_39' title="bbox 2274 2879 3795 2957; baseline -0.005 -14"><span class='ocrx_word' id='word_1_245' title='bbox 2274 2887 2530 2957; x_wconf 87' lang='lat' dir='ltr'>imbuat,</span> <span class='ocrx_word' id='word_1_246' title='bbox 2561 2888 2726 2943; x_wconf 88' lang='lat' dir='ltr'>unde</span> <span class='ocrx_word' id='word_1_247' title='bbox 2751 2892 2809 2944; x_wconf 92' lang='lat' dir='ltr'>et</span> <span class='ocrx_word' id='word_1_248' title='bbox 2839 2892 3037 2944; x_wconf 86' lang='lat' dir='ltr'>tecum</span> <span class='ocrx_word' id='word_1_249' title='bbox 3062 2887 3248 2943; x_wconf 73' lang='lat' dir='ltr'>latere</span> <span class='ocrx_word' id='word_1_250' title='bbox 3273 2884 3558 2950; x_wconf 83' lang='lat' dir='ltr'>desiderat,</span> <span class='ocrx_word' id='word_1_251' title='bbox 3585 2896 3642 2938; x_wconf 83' lang='lat' dir='ltr'>ne</span> <span class='ocrx_word' id='word_1_252' title='bbox 3673 2879 3714 2934; x_wconf 87' lang='lat' dir='ltr'>in</span> <span class='ocrx_word' id='word_1_253' title='bbox 3735 2892 3795 2947; x_wconf 85' lang='lat' dir='ltr'>pu-</span> 
     </span>
    </p>
   </div>
   <div class='ocr_carea' id='block_1_40' title="bbox 2274 2976 2794 3034">
    <p class='ocr_par' dir='ltr' id='par_1_40' title="bbox 2274 2976 2794 3034">
     <span class='ocr_line' id='line_1_40' title="bbox 2274 2976 2794 3034; baseline -0.002 -2"><span class='ocrx_word' id='word_1_254' title='bbox 2274 2976 2433 3033; x_wconf 80' lang='lat' dir='ltr'>blico</span> <span class='ocrx_word' id='word_1_255' title='bbox 2463 2977 2794 3034; x_wconf 73' lang='lat' dir='ltr'>erubescat.</span> 
     </span>
    </p>
   </div>
   <div class='ocr_carea' id='block_1_41' title="bbox 1957 3082 2538 3154">
    <p class='ocr_par' dir='ltr' id='par_1_41' title="bbox 1957 3082 2538 3154">
     <span class='ocr_line' id='line_1_41' title="bbox 1957 3082 2538 3154; baseline 0.003 -16"><span class='ocrx_word' id='word_1_256' title='bbox 1957 3082 2232 3153; x_wconf 69' lang='lat' dir='ltr'>Explicit</span> <span class='ocrx_word' id='word_1_257' title='bbox 2262 3085 2538 3154; x_wconf 81' lang='lat' dir='ltr'>epistola.</span> 
     </span>
    </p>
   </div>
   <div class='ocr_carea' id='block_1_42' title="bbox 518 3217 3785 3252">
    <p class='ocr_par' dir='ltr' id='par_1_42' title="bbox 518 3217 3785 3252">
     <span class='ocr_line' id='line_1_42' title="bbox 518 3217 3785 3252; baseline -0.002 -13"><span class='ocrx_word' id='word_1_258' title='bbox 518 3217 3785 3252; x_wconf 72' lang='lat'>__________________________________._._—</span> 
     </span>
    </p>
   </div>
   <div class='ocr_carea' id='block_1_43' title="bbox 1515 3323 2940 3449">
    <p class='ocr_par' dir='ltr' id='par_1_43' title="bbox 1515 3323 2940 3449">
     <span class='ocr_line' id='line_1_43' title="bbox 1515 3323 2940 3449; baseline 0.002 -6"><span class='ocrx_word' id='word_1_259' title='bbox 1515 3323 2070 3445; x_wconf 80' lang='lat' dir='ltr'><strong>INCIPIT</strong></span> <span class='ocrx_word' id='word_1_260' title='bbox 2138 3323 2940 3449; x_wconf 73' lang='lat' dir='ltr'>PROLOGUS.</span> 
     </span>
    </p>
   </div>
   <div class='ocr_carea' id='block_1_44' title="bbox 576 3522 3786 3610">
    <p class='ocr_par' dir='ltr' id='par_1_44' title="bbox 576 3522 3786 3610">
     <span class='ocr_line' id='line_1_44' title="bbox 576 3522 3786 3610; baseline -0.005 -12"><span class='ocrx_word' id='word_1_261' title='bbox 576 3539 836 3598; x_wconf 70' lang='lat' dir='ltr'>Militiam</span> <span class='ocrx_word' id='word_1_262' title='bbox 891 3538 1100 3596; x_wconf 76' lang='lat' dir='ltr'>Christi</span> <span class='ocrx_word' id='word_1_263' title='bbox 1150 3537 1287 3593; x_wconf 89' lang='lat' dir='ltr'>licet</span> <span class='ocrx_word' id='word_1_264' title='bbox 1339 3538 1544 3594; x_wconf 82' lang='lat' dir='ltr'>varius</span> <span class='ocrx_word' id='word_1_265' title='bbox 1597 3537 1910 3610; x_wconf 62' lang='lat' dir='ltr'>pugnandi</span> <span class='ocrx_word' id='word_1_266' title='bbox 1941 3537 2163 3593; x_wconf 85' lang='lat' dir='ltr'>modus</span> <span class='ocrx_word' id='word_1_267' title='bbox 2202 3545 2242 3598; x_wconf 83' lang='lat' dir='ltr'>C</span> <span class='ocrx_word' id='word_1_268' title='bbox 2271 3544 2330 3595; x_wconf 83' lang='lat' dir='ltr'>et</span> <span class='ocrx_word' id='word_1_269' title='bbox 2376 3555 2594 3596; x_wconf 79' lang='lat' dir='ltr'>amarae</span> <span class='ocrx_word' id='word_1_270' title='bbox 2651 3539 2836 3604; x_wconf 83' lang='lat' dir='ltr'>necis,</span> <span class='ocrx_word' id='word_1_271' title='bbox 2879 3540 2957 3595; x_wconf 89' lang='lat' dir='ltr'>ad</span> <span class='ocrx_word' id='word_1_272' title='bbox 3010 3539 3298 3596; x_wconf 72' lang='lat' dir='ltr'>thronum</span> <span class='ocrx_word' id='word_1_273' title='bbox 3343 3542 3548 3594; x_wconf 69' lang='lat' dir='ltr'>internae</span> <span class='ocrx_word' id='word_1_274' title='bbox 3593 3522 3786 3585; x_wconf 59' lang='grc' dir='ltr'>εἰπεὼῶ</span> 
     </span>
    </p>
   </div>
   <div class='ocr_carea' id='block_1_45' title="bbox 504 3625 2172 3700">
    <p class='ocr_par' dir='ltr' id='par_1_45' title="bbox 504 3625 2172 3700">
     <span class='ocr_line' id='line_1_45' title="bbox 504 3625 2172 3700; baseline -0.004 -12"><span class='ocrx_word' id='word_1_275' title='bbox 504 3632 796 3695; x_wconf 79' lang='lat' dir='ltr'>exerceat,</span> <span class='ocrx_word' id='word_1_276' title='bbox 825 3626 1062 3688; x_wconf 80' lang='lat' dir='ltr'>diversa</span> <span class='ocrx_word' id='word_1_277' title='bbox 1089 3625 1504 3700; x_wconf 84' lang='lat' dir='ltr'>triumphandi</span> <span class='ocrx_word' id='word_1_278' title='bbox 1533 3625 1722 3696; x_wconf 88' lang='lat' dir='ltr'>gloria</span> <span class='ocrx_word' id='word_1_279' title='bbox 1748 3630 2015 3698; x_wconf 90' lang='lat' dir='ltr'>coronet,</span> <span class='ocrx_word' id='word_1_280' title='bbox 2061 3642 2172 3700; x_wconf 87' lang='lat' dir='ltr'>par</span> 
     </span>
    </p>
   </div>
   <div class='ocr_carea' id='block_1_46' title="bbox 505 3714 2172 3789">
    <p class='ocr_par' dir='ltr' id='par_1_46' title="bbox 505 3714 2172 3789">
     <span class='ocr_line' id='line_1_46' title="bbox 505 3714 2172 3789; baseline -0.001 -15"><span class='ocrx_word' id='word_1_281' title='bbox 505 3721 595 3774; x_wconf 91' lang='lat' dir='ltr'>est</span> <span class='ocrx_word' id='word_1_282' title='bbox 619 3721 822 3775; x_wconf 89' lang='lat' dir='ltr'>tamen</span> <span class='ocrx_word' id='word_1_283' title='bbox 847 3715 1183 3789; x_wconf 91' lang='lat' dir='ltr'>disciplina,</span> <span class='ocrx_word' id='word_1_284' title='bbox 1217 3714 1424 3770; x_wconf 89' lang='lat' dir='ltr'>similis</span> <span class='ocrx_word' id='word_1_285' title='bbox 1471 3716 1744 3786; x_wconf 81' lang='lat' dir='ltr'>affectus,</span> <span class='ocrx_word' id='word_1_286' title='bbox 1804 3715 2018 3771; x_wconf 91' lang='lat' dir='ltr'>eadem</span> <span class='ocrx_word' id='word_1_287' title='bbox 2061 3715 2172 3772; x_wconf 88' lang='lat' dir='ltr'>for-</span> 
     </span>
    </p>
   </div>
   <div class='ocr_carea' id='block_1_47' title="bbox 502 3805 2176 3880">
    <p class='ocr_par' dir='ltr' id='par_1_47' title="bbox 502 3805 2176 3880">
     <span class='ocr_line' id='line_1_47' title="bbox 502 3805 2176 3880; baseline -0.002 -16"><span class='ocrx_word' id='word_1_288' title='bbox 502 3823 654 3876; x_wconf 84' lang='lat' dir='ltr'>ma;</span> <span class='ocrx_word' id='word_1_289' title='bbox 709 3805 1028 3880; x_wconf 79' lang='lat' dir='ltr'>quomodo.</span> <span class='ocrx_word' id='word_1_290' title='bbox 1069 3805 1167 3862; x_wconf 81' lang='lat' dir='ltr'>sui</span> <span class='ocrx_word' id='word_1_291' title='bbox 1217 3805 1376 3875; x_wconf 81' lang='lat' dir='ltr'>regis</span> <span class='ocrx_word' id='word_1_292' title='bbox 1430 3805 1708 3877; x_wconf 83' lang='lat' dir='ltr'>impressi</span> <span class='ocrx_word' id='word_1_293' title='bbox 1757 3805 2058 3878; x_wconf 85' lang='lat' dir='ltr'>patientiae</span> <span class='ocrx_word' id='word_1_294' title='bbox 2101 3806 2176 3861; x_wconf 88' lang='lat' dir='ltr'>si-</span> 
     </span>
    </p>
   </div>
   <div class='ocr_carea' id='block_1_48' title="bbox 503 3894 2172 3972">
    <p class='ocr_par' dir='ltr' id='par_1_48' title="bbox 503 3894 2172 3972">
     <span class='ocr_line' id='line_1_48' title="bbox 503 3894 2172 3972; baseline -0.003 -17"><span class='ocrx_word' id='word_1_295' title='bbox 503 3896 664 3972; x_wconf 80' lang='lat' dir='ltr'>gillo,</span> <span class='ocrx_word' id='word_1_296' title='bbox 693 3896 773 3954; x_wconf 90' lang='lat' dir='ltr'>ad</span> <span class='ocrx_word' id='word_1_297' title='bbox 801 3895 1000 3972; x_wconf 77' lang='lat' dir='ltr'>ipsum</span> <span class='ocrx_word' id='word_1_298' title='bbox 1026 3895 1373 3972; x_wconf 85' lang='lat' dir='ltr'>inrequietis</span> <span class='ocrx_word' id='word_1_299' title='bbox 1393 3894 1746 3951; x_wconf 76' lang='lat' dir='ltr'>anhelantes</span> <span class='ocrx_word' id='word_1_300' title='bbox 1771 3895 1988 3950; x_wconf 85' lang='lat' dir='ltr'>animis</span> <span class='ocrx_word' id='word_1_301' title='bbox 2011 3895 2172 3950; x_wconf 81' lang='lat' dir='ltr'>simi-</span> 
     </span>
    </p>
   </div>
   <div class='ocr_carea' id='block_1_49' title="bbox 501 3983 2166 4058">
    <p class='ocr_par' dir='ltr' id='par_1_49' title="bbox 501 3983 2166 4058">
     <span class='ocr_line' id='line_1_49' title="bbox 501 3983 2166 4058; baseline -0.002 -15"><span class='ocrx_word' id='word_1_302' title='bbox 501 3987 821 4046; x_wconf 88' lang='lat' dir='ltr'>litudinem</span> <span class='ocrx_word' id='word_1_303' title='bbox 848 4001 1042 4054; x_wconf 84' lang='lat' dir='ltr'>suam,</span> <span class='ocrx_word' id='word_1_304' title='bbox 1071 3983 1152 4044; x_wconf 81' lang='lat' dir='ltr'>ad</span> <span class='ocrx_word' id='word_1_305' title='bbox 1181 4001 1368 4041; x_wconf 87' lang='lat' dir='ltr'>unam</span> <span class='ocrx_word' id='word_1_306' title='bbox 1397 3985 1608 4040; x_wconf 81' lang='lat' dir='ltr'>faciem</span> <span class='ocrx_word' id='word_1_307' title='bbox 1667 3985 1876 4058; x_wconf 72' lang='lat' dir='ltr'>primm</span> <span class='ocrx_word' id='word_1_308' title='bbox 1931 3984 2166 4057; x_wconf 84' lang='lat' dir='ltr'>pietatis</span> 
     </span>
    </p>
   </div>
   <div class='ocr_carea' id='block_1_50' title="bbox 502 4063 2167 4148">
    <p class='ocr_par' dir='ltr' id='par_1_50' title="bbox 502 4063 2167 4148">
     <span class='ocr_line' id='line_1_50' title="bbox 502 4063 2167 4148; baseline -0.002 -15"><span class='ocrx_word' id='word_1_309' title='bbox 502 4078 863 4135; x_wconf 88' lang='lat' dir='ltr'>instaurant.</span> <span class='ocrx_word' id='word_1_310' title='bbox 902 4075 1066 4132; x_wconf 92' lang='lat' dir='ltr'>Unde</span> <span class='ocrx_word' id='word_1_311' title='bbox 1098 4063 1454 4148; x_wconf 70' lang='lat' dir='ltr'>patriarchae</span> <span class='ocrx_word' id='word_1_312' title='bbox 1486 4080 1541 4130; x_wconf 92' lang='lat' dir='ltr'>et</span> <span class='ocrx_word' id='word_1_313' title='bbox 1586 4075 1894 4148; x_wconf 68' lang='lat' dir='ltr'>prophetae</span> <span class='ocrx_word' id='word_1_314' title='bbox 1946 4073 2167 4130; x_wconf 88' lang='lat' dir='ltr'>latores</span> 
     </span>
    </p>
   </div>
   <div class='ocr_carea' id='block_1_51' title="bbox 503 4163 2175 4237">
    <p class='ocr_par' dir='ltr' id='par_1_51' title="bbox 503 4163 2175 4237">
     <span class='ocr_line' id='line_1_51' title="bbox 503 4163 2175 4237; baseline -0.001 -16"><span class='ocrx_word' id='word_1_315' title='bbox 503 4167 729 4237; x_wconf 89' lang='lat' dir='ltr'>legum,</span> <span class='ocrx_word' id='word_1_316' title='bbox 751 4166 1001 4221; x_wconf 88' lang='lat' dir='ltr'>victores</span> <span class='ocrx_word' id='word_1_317' title='bbox 1019 4181 1250 4235; x_wconf 91' lang='lat' dir='ltr'>regum,</span> <span class='ocrx_word' id='word_1_318' title='bbox 1286 4163 1609 4221; x_wconf 89' lang='lat' dir='ltr'>Ecclesiam</span> <span class='ocrx_word' id='word_1_319' title='bbox 1643 4164 1788 4221; x_wconf 88' lang='lat' dir='ltr'>Novi</span> <span class='ocrx_word' id='word_1_320' title='bbox 1813 4165 2175 4221; x_wconf 66' lang='lat' dir='ltr'>Testamenti‘</span> 
     </span>
    </p>
   </div>
   <div class='ocr_carea' id='block_1_52' title="bbox 503 4254 2165 4328">
    <p class='ocr_par' dir='ltr' id='par_1_52' title="bbox 503 4254 2165 4328">
     <span class='ocr_line' id='line_1_52' title="bbox 503 4254 2165 4328; baseline -0.001 -17"><span class='ocrx_word' id='word_1_321' title='bbox 503 4271 611 4328; x_wconf 92' lang='lat' dir='ltr'>per</span> <span class='ocrx_word' id='word_1_322' title='bbox 634 4255 1027 4311; x_wconf 91' lang='lat' dir='ltr'>mediatorem</span> <span class='ocrx_word' id='word_1_323' title='bbox 1051 4257 1257 4311; x_wconf 83' lang='lat' dir='ltr'>Jesum</span> <span class='ocrx_word' id='word_1_324' title='bbox 1287 4255 1604 4322; x_wconf 89' lang='lat' dir='ltr'>Christum,</span> <span class='ocrx_word' id='word_1_325' title='bbox 1640 4254 1700 4312; x_wconf 88' lang='lat' dir='ltr'>in</span> <span class='ocrx_word' id='word_1_326' title='bbox 1725 4271 1920 4314; x_wconf 85' lang='lat' dir='ltr'>unum</span> <span class='ocrx_word' id='word_1_327' title='bbox 1944 4270 2165 4327; x_wconf 91' lang='lat' dir='ltr'>corpus</span> 
     </span>
    </p>
   </div>
   <div class='ocr_carea' id='block_1_53' title="bbox 503 4343 2167 4417">
    <p class='ocr_par' dir='ltr' id='par_1_53' title="bbox 503 4343 2167 4417">
     <span class='ocr_line' id='line_1_53' title="bbox 503 4343 2167 4417; baseline 0 -16"><span class='ocrx_word' id='word_1_328' title='bbox 503 4345 915 4402; x_wconf 90' lang='lat' dir='ltr'>aduniendam</span> <span class='ocrx_word' id='word_1_329' title='bbox 949 4343 1382 4412; x_wconf 91' lang='lat' dir='ltr'>benedicendo,</span> <span class='ocrx_word' id='word_1_330' title='bbox 1443 4344 1554 4417; x_wconf 81' lang='lat' dir='ltr'>piae</span> <span class='ocrx_word' id='word_1_331' title='bbox 1606 4343 1800 4417; x_wconf 60' lang='lat' dir='ltr'>prolis</span> <span class='ocrx_word' id='word_1_332' title='bbox 1841 4345 2167 4402; x_wconf 69' lang='lat' dir='ltr'>successio-</span> 
     </span>
    </p>
   </div>
   <div class='ocr_carea' id='block_1_54' title="bbox 506 4432 2167 4510">
    <p class='ocr_par' dir='ltr' id='par_1_54' title="bbox 506 4432 2167 4510">
     <span class='ocr_line' id='line_1_54' title="bbox 506 4432 2167 4510; baseline -0.001 -20"><span class='ocrx_word' id='word_1_333' title='bbox 506 4450 647 4491; x_wconf 93' lang='lat' dir='ltr'>nem</span> <span class='ocrx_word' id='word_1_334' title='bbox 677 4432 867 4490; x_wconf 91' lang='lat' dir='ltr'>sancti</span> <span class='ocrx_word' id='word_1_335' title='bbox 895 4432 1144 4506; x_wconf 88' lang='lat' dir='ltr'>Spiritus</span> <span class='ocrx_word' id='word_1_336' title='bbox 1170 4432 1415 4490; x_wconf 92' lang='lat' dir='ltr'>oraculo</span> <span class='ocrx_word' id='word_1_337' title='bbox 1465 4439 1520 4490; x_wconf 91' lang='lat' dir='ltr'>et</span> <span class='ocrx_word' id='word_1_338' title='bbox 1565 4451 1721 4490; x_wconf 74' lang='lat' dir='ltr'>verae</span> <span class='ocrx_word' id='word_1_339' title='bbox 1780 4434 2167 4510; x_wconf 86' lang='lat' dir='ltr'>professionis</span> 
     </span>
    </p>
   </div>
   <div class='ocr_carea' id='block_1_55' title="bbox 503 4521 2166 4597">
    <p class='ocr_par' dir='ltr' id='par_1_55' title="bbox 503 4521 2166 4597">
     <span class='ocr_line' id='line_1_55' title="bbox 503 4521 2166 4597; baseline -0.001 -15"><span class='ocrx_word' id='word_1_340' title='bbox 503 4541 734 4597; x_wconf 88' lang='lat' dir='ltr'>organo</span> <span class='ocrx_word' id='word_1_341' title='bbox 764 4523 838 4580; x_wconf 92' lang='lat' dir='ltr'>de</span> <span class='ocrx_word' id='word_1_342' title='bbox 867 4521 1045 4593; x_wconf 88' lang='lat' dir='ltr'>longe</span> <span class='ocrx_word' id='word_1_343' title='bbox 1076 4522 1358 4592; x_wconf 89' lang='lat' dir='ltr'>salutant,</span> <span class='ocrx_word' id='word_1_344' title='bbox 1392 4525 1456 4580; x_wconf 79' lang='lat' dir='ltr'>ut</span> <span class='ocrx_word' id='word_1_345' title='bbox 1481 4524 1662 4582; x_wconf 83' lang='lat' dir='ltr'>variis</span> <span class='ocrx_word' id='word_1_346' title='bbox 1692 4528 1802 4580; x_wconf 81' lang='lat' dir='ltr'>aut</span> <span class='ocrx_word' id='word_1_347' title='bbox 1843 4523 2166 4580; x_wconf 80' lang='lat' dir='ltr'>verborum</span> 
     </span>
    </p>
   </div>
   <div class='ocr_carea' id='block_1_56' title="bbox 501 4613 2163 4688">
    <p class='ocr_par' dir='ltr' id='par_1_56' title="bbox 501 4613 2163 4688">
     <span class='ocr_line' id='line_1_56' title="bbox 501 4613 2163 4688; baseline -0.003 -15"><span class='ocrx_word' id='word_1_348' title='bbox 501 4621 604 4673; x_wconf 90' lang='lat' dir='ltr'>aut</span> <span class='ocrx_word' id='word_1_349' title='bbox 657 4630 858 4671; x_wconf 91' lang='lat' dir='ltr'>rerum</span> <span class='ocrx_word' id='word_1_350' title='bbox 899 4613 1144 4670; x_wconf 88' lang='lat' dir='ltr'>ostentis</span> <span class='ocrx_word' id='word_1_351' title='bbox 1192 4613 1554 4687; x_wconf 85' lang='lat' dir='ltr'>exprimant,</span> <span class='ocrx_word' id='word_1_352' title='bbox 1587 4630 1741 4688; x_wconf 91' lang='lat' dir='ltr'>quos</span> <span class='ocrx_word' id='word_1_353' title='bbox 1793 4613 1905 4668; x_wconf 90' lang='lat' dir='ltr'>sibi</span> <span class='ocrx_word' id='word_1_354' title='bbox 1961 4613 2163 4668; x_wconf 91' lang='lat' dir='ltr'>videli-</span> 
     </span>
    </p>
   </div>
   <div class='ocr_carea' id='block_1_57' title="bbox 501 4703 2164 4776">
    <p class='ocr_par' dir='ltr' id='par_1_57' title="bbox 501 4703 2164 4776">
     <span class='ocr_line' id='line_1_57' title="bbox 501 4703 2164 4776; baseline -0.002 -13"><span class='ocrx_word' id='word_1_355' title='bbox 501 4711 591 4763; x_wconf 90' lang='lat' dir='ltr'>cet</span> <span class='ocrx_word' id='word_1_356' title='bbox 659 4704 930 4761; x_wconf 88' lang='lat' dir='ltr'>moribus</span> <span class='ocrx_word' id='word_1_357' title='bbox 982 4703 1310 4760; x_wconf 91' lang='lat' dir='ltr'>concordes</span> <span class='ocrx_word' id='word_1_358' title='bbox 1391 4703 1620 4760; x_wconf 86' lang='lat' dir='ltr'>futuros</span> <span class='ocrx_word' id='word_1_359' title='bbox 1671 4719 1800 4759; x_wconf 91' lang='lat' dir='ltr'>esse</span> <span class='ocrx_word' id='word_1_360' title='bbox 1877 4703 2164 4776; x_wconf 69' lang='lat' dir='ltr'>praevide-</span> 
     </span>
    </p>
   </div>
   <div class='ocr_carea' id='block_1_58' title="bbox 499 4795 2162 4865">
    <p class='ocr_par' dir='ltr' id='par_1_58' title="bbox 499 4795 2162 4865">
     <span class='ocr_line' id='line_1_58' title="bbox 499 4795 2162 4865; baseline -0.002 -14"><span class='ocrx_word' id='word_1_361' title='bbox 499 4799 652 4861; x_wconf 88' lang='lat' dir='ltr'>rant,</span> <span class='ocrx_word' id='word_1_362' title='bbox 687 4795 841 4850; x_wconf 92' lang='lat' dir='ltr'>Inter</span> <span class='ocrx_word' id='word_1_363' title='bbox 868 4809 1024 4865; x_wconf 91' lang='lat' dir='ltr'>quos</span> <span class='ocrx_word' id='word_1_364' title='bbox 1054 4798 1111 4849; x_wconf 88' lang='lat' dir='ltr'>et</span> <span class='ocrx_word' id='word_1_365' title='bbox 1156 4797 1395 4849; x_wconf 91' lang='lat' dir='ltr'>sanctos</span> <span class='ocrx_word' id='word_1_366' title='bbox 1453 4797 1750 4865; x_wconf 85' lang='lat' dir='ltr'>martyres</span> <span class='ocrx_word' id='word_1_367' title='bbox 1804 4807 1912 4864; x_wconf 93' lang='lat' dir='ltr'>per</span> <span class='ocrx_word' id='word_1_368' title='bbox 1959 4808 2162 4848; x_wconf 87' lang='lat' dir='ltr'>exem-</span> 
     </span>
    </p>
   </div>
   <div class='ocr_carea' id='block_1_59' title="bbox 2279 3610 3786 3700">
    <p class='ocr_par' dir='ltr' id='par_1_59' title="bbox 2279 3610 3786 3700">
     <span class='ocr_line' id='line_1_59' title="bbox 2279 3610 3786 3700; baseline -0.008 -18"><span class='ocrx_word' id='word_1_369' title='bbox 2279 3625 2632 3684; x_wconf 85' lang='lat' dir='ltr'>familiarius</span> <span class='ocrx_word' id='word_1_370' title='bbox 2664 3625 2969 3700; x_wconf 83' lang='lat' dir='ltr'>aspirant;</span> <span class='ocrx_word' id='word_1_371' title='bbox 3021 3641 3174 3682; x_wconf 75' lang='lat' dir='ltr'>nam</span> <span class='ocrx_word' id='word_1_372' title='bbox 3218 3626 3368 3682; x_wconf 78' lang='lat' dir='ltr'>inter</span> <span class='ocrx_word' id='word_1_373' title='bbox 3411 3619 3654 3680; x_wconf 73' lang='lat' dir='ltr'>cruciatus</span> <span class='ocrx_word' id='word_1_374' title='bbox 3673 3610 3786 3667; x_wconf 66' lang='lat' dir='ltr'>libet!</span> 
     </span>
    </p>
   </div>
   <div class='ocr_carea' id='block_1_60' title="bbox 2279 3710 3784 3791">
    <p class='ocr_par' dir='ltr' id='par_1_60' title="bbox 2279 3710 3784 3791">
     <span class='ocr_line' id='line_1_60' title="bbox 2279 3710 3784 3791; baseline -0.005 -21"><span class='ocrx_word' id='word_1_375' title='bbox 2279 3717 2406 3789; x_wconf 89' lang='lat' dir='ltr'>spei</span> <span class='ocrx_word' id='word_1_376' title='bbox 2435 3716 2885 3790; x_wconf 88' lang='lat' dir='ltr'>contemplatio,</span> <span class='ocrx_word' id='word_1_377' title='bbox 2916 3733 3025 3791; x_wconf 91' lang='lat' dir='ltr'>pro</span> <span class='ocrx_word' id='word_1_378' title='bbox 3055 3715 3284 3774; x_wconf 80' lang='lat' dir='ltr'>difficili</span> <span class='ocrx_word' id='word_1_379' title='bbox 3309 3710 3602 3771; x_wconf 86' lang='lat' dir='ltr'>conditione</span> <span class='ocrx_word' id='word_1_380' title='bbox 3636 3712 3784 3777; x_wconf 52' lang='lat' dir='ltr'>pm?</span> 
     </span>
    </p>
   </div>
   <div class='ocr_carea' id='block_1_61' title="bbox 2281 3793 3779 3878">
    <p class='ocr_par' dir='ltr' id='par_1_61' title="bbox 2281 3793 3779 3878">
     <span class='ocr_line' id='line_1_61' title="bbox 2281 3793 3779 3878; baseline -0.006 -16"><span class='ocrx_word' id='word_1_381' title='bbox 2281 3807 2360 3864; x_wconf 83' lang='lat' dir='ltr'>sit</span> <span class='ocrx_word' id='word_1_382' title='bbox 2379 3808 2461 3863; x_wconf 84' lang='lat' dir='ltr'>ad</span> <span class='ocrx_word' id='word_1_383' title='bbox 2483 3807 2860 3864; x_wconf 82' lang='lat' dir='ltr'>altitudinem</span> <span class='ocrx_word' id='word_1_384' title='bbox 2885 3806 3112 3878; x_wconf 72' lang='lat' dir='ltr'>gloriae.</span> <span class='ocrx_word' id='word_1_385' title='bbox 3149 3809 3336 3873; x_wconf 80' lang='lat' dir='ltr'>Quare</span> <span class='ocrx_word' id='word_1_386' title='bbox 3357 3804 3403 3863; x_wconf 87' lang='lat' dir='ltr'>si</span> <span class='ocrx_word' id='word_1_387' title='bbox 3427 3801 3494 3860; x_wconf 83' lang='lat' dir='ltr'>ab</span> <span class='ocrx_word' id='word_1_388' title='bbox 3519 3797 3610 3856; x_wconf 84' lang='lat' dir='ltr'>illis</span> <span class='ocrx_word' id='word_1_389' title='bbox 3640 3793 3779 3849; x_wconf 65' lang='lat' dir='ltr'>tantum</span> 
     </span>
    </p>
   </div>
   <div class='ocr_carea' id='block_1_62' title="bbox 2277 3879 3779 3954">
    <p class='ocr_par' dir='ltr' id='par_1_62' title="bbox 2277 3879 3779 3954">
     <span class='ocr_line' id='line_1_62' title="bbox 2277 3879 3779 3954; baseline -0.011 -2"><span class='ocrx_word' id='word_1_390' title='bbox 2277 3897 2676 3953; x_wconf 87' lang='lat' dir='ltr'>venerationis</span> <span class='ocrx_word' id='word_1_391' title='bbox 2701 3897 3048 3954; x_wconf 73' lang='lat' dir='ltr'>habuerunt</span> <span class='ocrx_word' id='word_1_392' title='bbox 3091 3914 3232 3954; x_wconf 78' lang='lat' dir='ltr'>cum</span> <span class='ocrx_word' id='word_1_393' title='bbox 3282 3895 3466 3953; x_wconf 81' lang='lat' dir='ltr'>adhuc</span> <span class='ocrx_word' id='word_1_394' title='bbox 3510 3901 3610 3944; x_wconf 91' lang='lat' dir='ltr'>non</span> <span class='ocrx_word' id='word_1_395' title='bbox 3649 3879 3779 3936; x_wconf 59' lang='lat' dir='ltr'>essent</span> 
     </span>
    </p>
   </div>
   <div class='ocr_carea' id='block_1_63' title="bbox 2277 3975 3783 4060">
    <p class='ocr_par' dir='ltr' id='par_1_63' title="bbox 2277 3975 3783 4060">
     <span class='ocr_line' id='line_1_63' title="bbox 2277 3975 3783 4060; baseline -0.017 -16"><span class='ocrx_word' id='word_1_396' title='bbox 2277 3986 2425 4060; x_wconf 90' lang='lat' dir='ltr'>quid</span> <span class='ocrx_word' id='word_1_397' title='bbox 2456 4004 2492 4043; x_wconf 93' lang='lat' dir='ltr'>a</span> <span class='ocrx_word' id='word_1_398' title='bbox 2517 3987 2690 4042; x_wconf 90' lang='lat' dir='ltr'>nobis</span> <span class='ocrx_word' id='word_1_399' title='bbox 2738 3985 3000 4042; x_wconf 83' lang='lat' dir='ltr'>habituri</span> <span class='ocrx_word' id='word_1_400' title='bbox 3049 3992 3214 4058; x_wconf 76' lang='lat' dir='ltr'>sunt,</span> <span class='ocrx_word' id='word_1_401' title='bbox 3245 3985 3345 4060; x_wconf 86' lang='lat' dir='ltr'>qui</span> <span class='ocrx_word' id='word_1_402' title='bbox 3381 3975 3616 4038; x_wconf 63' lang='lat' dir='ltr'>dominis</span> <span class='ocrx_word' id='word_1_403' title='bbox 3655 3976 3783 4024; x_wconf 74' lang='lat' dir='ltr'>eorum</span> 
     </span>
    </p>
   </div>
   <div class='ocr_carea' id='block_1_64' title="bbox 2277 4062 3782 4149">
    <p class='ocr_par' dir='ltr' id='par_1_64' title="bbox 2277 4062 3782 4149">
     <span class='ocr_line' id='line_1_64' title="bbox 2277 4062 3782 4149; baseline -0.015 -18"><span class='ocrx_word' id='word_1_404' title='bbox 2277 4080 2333 4132; x_wconf 91' lang='lat' dir='ltr'>et</span> <span class='ocrx_word' id='word_1_405' title='bbox 2354 4075 2643 4148; x_wconf 82' lang='lat' dir='ltr'>exemplis</span> <span class='ocrx_word' id='word_1_406' title='bbox 2669 4075 2916 4132; x_wconf 87' lang='lat' dir='ltr'>instituti</span> <span class='ocrx_word' id='word_1_407' title='bbox 2948 4077 3216 4148; x_wconf 88' lang='lat' dir='ltr'>quotidie</span> <span class='ocrx_word' id='word_1_408' title='bbox 3251 4067 3551 4149; x_wconf 84' lang='lat' dir='ltr'>patrociniis</span> <span class='ocrx_word' id='word_1_409' title='bbox 3589 4062 3782 4118; x_wconf 79' lang='lat' dir='ltr'>fovemur-</span> 
     </span>
    </p>
   </div>
   <div class='ocr_carea' id='block_1_65' title="bbox 2278 4153 3785 4240">
    <p class='ocr_par' dir='ltr' id='par_1_65' title="bbox 2278 4153 3785 4240">
     <span class='ocr_line' id='line_1_65' title="bbox 2278 4153 3785 4240; baseline -0.011 -20"><span class='ocrx_word' id='word_1_410' title='bbox 2278 4168 2360 4221; x_wconf 84' lang='lat' dir='ltr'>Ex</span> <span class='ocrx_word' id='word_1_411' title='bbox 2390 4167 2612 4240; x_wconf 90' lang='lat' dir='ltr'>quibus</span> <span class='ocrx_word' id='word_1_412' title='bbox 2635 4165 2847 4221; x_wconf 90' lang='lat' dir='ltr'>beatus</span> <span class='ocrx_word' id='word_1_413' title='bbox 2867 4165 3135 4239; x_wconf 81' lang='lat' dir='ltr'>pontifex</span> <span class='ocrx_word' id='word_1_414' title='bbox 3159 4169 3598 4222; x_wconf 82' lang='lat' dir='ltr'>Emmerammus,</span> <span class='ocrx_word' id='word_1_415' title='bbox 3621 4153 3785 4204; x_wconf 58' lang='lat' dir='ltr'>alnum</span> 
     </span>
    </p>
   </div>
   <div class='ocr_carea' id='block_1_66' title="bbox 2275 4241 3784 4329">
    <p class='ocr_par' dir='ltr' id='par_1_66' title="bbox 2275 4241 3784 4329">
     <span class='ocr_line' id='line_1_66' title="bbox 2275 4241 3784 4329; baseline 0.004 -17"><span class='ocrx_word' id='word_1_416' title='bbox 2275 4257 2340 4312; x_wconf 90' lang='lat' dir='ltr'>in</span> <span class='ocrx_word' id='word_1_417' title='bbox 2371 4256 2589 4312; x_wconf 79' lang='lat' dir='ltr'>saeculo</span> <span class='ocrx_word' id='word_1_418' title='bbox 2619 4255 2847 4312; x_wconf 85' lang='lat' dir='ltr'>famam</span> <span class='ocrx_word' id='word_1_419' title='bbox 2909 4255 3242 4329; x_wconf 89' lang='lat' dir='ltr'>dereliquit,</span> <span class='ocrx_word' id='word_1_420' title='bbox 3298 4252 3394 4326; x_wconf 77' lang='lat' dir='ltr'>qui</span> <span class='ocrx_word' id='word_1_421' title='bbox 3441 4262 3529 4322; x_wconf 75' lang='lat' dir='ltr'>pro</span> <span class='ocrx_word' id='word_1_422' title='bbox 3570 4241 3784 4329; x_wconf 41' lang='grc' dir='ltr'>ίῗδίΐθδῗο</span> 
     </span>
    </p>
   </div>
   <div class='ocr_carea' id='block_1_67' title="bbox 2274 4325 3782 4418">
    <p class='ocr_par' dir='ltr' id='par_1_67' title="bbox 2274 4325 3782 4418">
     <span class='ocr_line' id='line_1_67' title="bbox 2274 4325 3782 4418; baseline -0.017 -16"><span class='ocrx_word' id='word_1_423' title='bbox 2274 4345 2605 4418; x_wconf 86' lang='lat' dir='ltr'>pretiosum</span> <span class='ocrx_word' id='word_1_424' title='bbox 2657 4344 3017 4414; x_wconf 76' lang='lat' dir='ltr'>sanguinem</span> <span class='ocrx_word' id='word_1_425' title='bbox 3080 4325 3249 4400; x_wconf 81' lang='lat' dir='ltr'>fudit.</span> <span class='ocrx_word' id='word_1_426' title='bbox 3304 4325 3364 4397; x_wconf 69' lang='lat' dir='ltr'>Et</span> <span class='ocrx_word' id='word_1_427' title='bbox 3420 4343 3469 4394; x_wconf 87' lang='lat' dir='ltr'>ut</span> <span class='ocrx_word' id='word_1_428' title='bbox 3509 4325 3665 4418; x_wconf 71' lang='lat' dir='ltr'>duplex</span> <span class='ocrx_word' id='word_1_429' title='bbox 3696 4326 3782 4418; x_wconf 53' lang='grc' dir='ltr'>ριξ·</span> 
     </span>
    </p>
   </div>
   <div class='ocr_carea' id='block_1_68' title="bbox 2275 4415 3787 4505">
    <p class='ocr_par' dir='ltr' id='par_1_68' title="bbox 2275 4415 3787 4505">
     <span class='ocr_line' id='line_1_68' title="bbox 2275 4415 3787 4505; baseline -0.001 -15"><span class='ocrx_word' id='word_1_430' title='bbox 2275 4415 2409 4491; x_wconf 74' lang='lat' dir='ltr'>tatis</span> <span class='ocrx_word' id='word_1_431' title='bbox 2466 4435 2642 4490; x_wconf 72' lang='lat' dir='ltr'>foret,</span> <span class='ocrx_word' id='word_1_432' title='bbox 2670 4434 3013 4505; x_wconf 90' lang='lat' dir='ltr'>auctoritas,</span> <span class='ocrx_word' id='word_1_433' title='bbox 3073 4433 3297 4489; x_wconf 90' lang='lat' dir='ltr'>crimen</span> <span class='ocrx_word' id='word_1_434' title='bbox 3339 4430 3555 4487; x_wconf 83' lang='lat' dir='ltr'>alienum</span> <span class='ocrx_word' id='word_1_435' title='bbox 3585 4415 3787 4505; x_wconf 61' lang='grc' dir='ltr'>ίιωοίξθίὶξ</span> 
     </span>
    </p>
   </div>
   <div class='ocr_carea' id='block_1_69' title="bbox 2274 4497 3788 4598">
    <p class='ocr_par' dir='ltr' id='par_1_69' title="bbox 2274 4497 3788 4598">
     <span class='ocr_line' id='line_1_69' title="bbox 2274 4497 3788 4598; baseline -0.002 -18"><span class='ocrx_word' id='word_1_436' title='bbox 2274 4523 2369 4580; x_wconf 77' lang='lat' dir='ltr'>tite</span> <span class='ocrx_word' id='word_1_437' title='bbox 2415 4539 2537 4581; x_wconf 76' lang='lat' dir='ltr'>suae</span> <span class='ocrx_word' id='word_1_438' title='bbox 2599 4522 2910 4595; x_wconf 78' lang='lat' dir='ltr'>imposuit,</span> <span class='ocrx_word' id='word_1_439' title='bbox 2961 4497 3262 4598; x_wconf 67' lang='lat' dir='ltr'>quatenus</span> <span class='ocrx_word' id='word_1_440' title='bbox 3335 4532 3458 4575; x_wconf 92' lang='lat' dir='ltr'>eum</span> <span class='ocrx_word' id='word_1_441' title='bbox 3515 4497 3788 4598; x_wconf 45' lang='grc' dir='ltr'>Πδθΐδξθίξ</span> 
     </span>
    </p>
   </div>
   <div class='ocr_carea' id='block_1_70' title="bbox 2272 4584 3786 4684">
    <p class='ocr_par' dir='ltr' id='par_1_70' title="bbox 2272 4584 3786 4684">
     <span class='ocr_line' id='line_1_70' title="bbox 2272 4584 3786 4684; baseline -0.008 -17"><span class='ocrx_word' id='word_1_442' title='bbox 2272 4616 2463 4668; x_wconf 84' lang='lat' dir='ltr'>morte</span> <span class='ocrx_word' id='word_1_443' title='bbox 2523 4611 2813 4684; x_wconf 89' lang='lat' dir='ltr'>corporis,</span> <span class='ocrx_word' id='word_1_444' title='bbox 2874 4584 3058 4683; x_wconf 57' lang='lat' dir='ltr'>que-m</span> <span class='ocrx_word' id='word_1_445' title='bbox 3113 4615 3288 4666; x_wconf 90' lang='lat' dir='ltr'>antea</span> <span class='ocrx_word' id='word_1_446' title='bbox 3337 4597 3600 4662; x_wconf 84' lang='lat' dir='ltr'>sustulerat</span> <span class='ocrx_word' id='word_1_447' title='bbox 3629 4584 3786 4684; x_wconf 33' lang='lat' dir='ltr'>abl&quot;:</span> 
     </span>
    </p>
   </div>
   <div class='ocr_carea' id='block_1_71' title="bbox 2272 4681 3786 4771">
    <p class='ocr_par' dir='ltr' id='par_1_71' title="bbox 2272 4681 3786 4771">
     <span class='ocr_line' id='line_1_71' title="bbox 2272 4681 3786 4771; baseline -0.013 -14"><span class='ocrx_word' id='word_1_448' title='bbox 2272 4701 2446 4758; x_wconf 88' lang='lat' dir='ltr'>teritu</span> <span class='ocrx_word' id='word_1_449' title='bbox 2503 4681 2742 4758; x_wconf 75' lang='lat' dir='ltr'>mentis.</span> <span class='ocrx_word' id='word_1_450' title='bbox 2829 4681 2915 4755; x_wconf 74' lang='lat' dir='ltr'>De</span> <span class='ocrx_word' id='word_1_451' title='bbox 2979 4700 3153 4771; x_wconf 87' lang='lat' dir='ltr'>cujus</span> <span class='ocrx_word' id='word_1_452' title='bbox 3227 4694 3491 4761; x_wconf 83' lang='lat' dir='ltr'>moribus,</span> <span class='ocrx_word' id='word_1_453' title='bbox 3547 4681 3786 4771; x_wconf 36' lang='lat' dir='ltr'>certamini:</span> 
     </span>
    </p>
   </div>
   <div class='ocr_carea' id='block_1_72' title="bbox 2273 4759 3786 4864">
    <p class='ocr_par' dir='ltr' id='par_1_72' title="bbox 2273 4759 3786 4864">
     <span class='ocr_line' id='line_1_72' title="bbox 2273 4759 3786 4864; baseline -0.001 -17"><span class='ocrx_word' id='word_1_454' title='bbox 2273 4791 2576 4864; x_wconf 89' lang='lat' dir='ltr'>triumpho</span> <span class='ocrx_word' id='word_1_455' title='bbox 2631 4795 2688 4846; x_wconf 92' lang='lat' dir='ltr'>et</span> <span class='ocrx_word' id='word_1_456' title='bbox 2739 4791 2985 4854; x_wconf 78' lang='lat' dir='ltr'>meritis.</span> <span class='ocrx_word' id='word_1_457' title='bbox 3051 4759 3220 4863; x_wconf 74' lang='lat' dir='ltr'>quod</span> <span class='ocrx_word' id='word_1_458' title='bbox 3275 4759 3483 4856; x_wconf 61' lang='lat' dir='ltr'>scriptis</span> <span class='ocrx_word' id='word_1_459' title='bbox 3551 4777 3595 4829; x_wconf 65' lang='grc' dir='ltr'>εἴ</span> <span class='ocrx_word' id='word_1_460' title='bbox 3643 4759 3786 4864; x_wconf 49' lang='lat'>&quot;3°82&quot;</span> 
     </span>
    </p>
   </div>
   <div class='ocr_carea' id='block_1_73' title="bbox 497 4844 3786 4962">
    <p class='ocr_par' dir='ltr' id='par_1_73' title="bbox 497 4844 3786 4962">
     <span class='ocr_line' id='line_1_73' title="bbox 497 4844 3786 4962; baseline -0.008 -22"><span class='ocrx_word' id='word_1_461' title='bbox 497 4844 669 4958; x_wconf 78' lang='lat' dir='ltr'>plum</span> <span class='ocrx_word' id='word_1_462' title='bbox 726 4844 1178 4956; x_wconf 51' lang='lat' dir='ltr'>prmtEritorum,</span> <span class='ocrx_word' id='word_1_463' title='bbox 1209 4881 1394 4954; x_wconf 92' lang='lat' dir='ltr'>aliqui</span> <span class='ocrx_word' id='word_1_464' title='bbox 1424 4880 1508 4938; x_wconf 86' lang='lat' dir='ltr'>ita</span> <span class='ocrx_word' id='word_1_465' title='bbox 1535 4844 1901 4948; x_wconf 43' lang='lat' dir='ltr'>describulnt,</span> <span class='ocrx_word' id='word_1_466' title='bbox 1945 4885 2011 4937; x_wconf 91' lang='lat' dir='ltr'>ut</span> <span class='ocrx_word' id='word_1_467' title='bbox 2039 4844 2162 4940; x_wconf 68' lang='lat' dir='ltr'>sole</span> <span class='ocrx_word' id='word_1_468' title='bbox 2202 4905 2246 4962; x_wconf 76' lang='grc' dir='ltr'>ο</span> <span class='ocrx_word' id='word_1_469' title='bbox 2599 4844 2799 4936; x_wconf 57' lang='lat' dir='ltr'>nobis</span> <span class='ocrx_word' id='word_1_470' title='bbox 2829 4844 3022 4953; x_wconf 72' lang='lat' dir='ltr'>potuit</span> <span class='ocrx_word' id='word_1_471' title='bbox 3051 4844 3368 4952; x_wconf 55' lang='lat' dir='ltr'>pervenire,</span> <span class='ocrx_word' id='word_1_472' title='bbox 3386 4844 3570 4928; x_wconf 72' lang='lat' dir='ltr'>Iuturis</span> <span class='ocrx_word' id='word_1_473' title='bbox 3600 4844 3786 4921; x_wconf 41' lang='lat' dir='ltr'>tempori</span> 
     </span>
    </p>
   </div>
   <div class='ocr_carea' id='block_1_74' title="bbox 504 4969 2826 5046">
    <p class='ocr_par' dir='ltr' id='par_1_74' title="bbox 504 4969 2826 5046">
     <span class='ocr_line' id='line_1_74' title="bbox 504 4969 2826 5046; baseline -0.003 -16"><span class='ocrx_word' id='word_1_474' title='bbox 504 4975 702 5031; x_wconf 90' lang='lat' dir='ltr'>luceat</span> <span class='ocrx_word' id='word_1_475' title='bbox 730 4971 1125 5046; x_wconf 90' lang='lat' dir='ltr'>splendidius,</span> <span class='ocrx_word' id='word_1_476' title='bbox 1173 4971 1340 5044; x_wconf 91' lang='lat' dir='ltr'>quod</span> <span class='ocrx_word' id='word_1_477' title='bbox 1369 4971 1432 5026; x_wconf 91' lang='lat' dir='ltr'>in</span> <span class='ocrx_word' id='word_1_478' title='bbox 1471 4971 1754 5028; x_wconf 90' lang='lat' dir='ltr'>omnibus</span> <span class='ocrx_word' id='word_1_479' title='bbox 1786 4987 1943 5026; x_wconf 90' lang='lat' dir='ltr'>unus</span> <span class='ocrx_word' id='word_1_480' title='bbox 1998 4970 2176 5028; x_wconf 89' lang='lat' dir='ltr'>fuerit</span> <span class='ocrx_word' id='word_1_481' title='bbox 2281 4971 2397 5026; x_wconf 86' lang='lat' dir='ltr'>bus</span> <span class='ocrx_word' id='word_1_482' title='bbox 2419 4969 2826 5043; x_wconf 90' lang='lat' dir='ltr'>providemus.</span> 
     </span>
    </p>
   </div>
   <div class='ocr_carea' id='block_1_75' title="bbox 504 5059 2172 5137">
    <p class='ocr_par' dir='ltr' id='par_1_75' title="bbox 504 5059 2172 5137">
     <span class='ocr_line' id='line_1_75' title="bbox 504 5059 2172 5137; baseline -0.002 -17"><span class='ocrx_word' id='word_1_483' title='bbox 504 5063 769 5137; x_wconf 88' lang='lat' dir='ltr'>spiritus.</span> <span class='ocrx_word' id='word_1_484' title='bbox 798 5063 879 5122; x_wconf 84' lang='lat' dir='ltr'>Hi.</span> <span class='ocrx_word' id='word_1_485' title='bbox 910 5077 1063 5132; x_wconf 85' lang='lat' dir='ltr'>ergo.</span> <span class='ocrx_word' id='word_1_486' title='bbox 1081 5076 1190 5136; x_wconf 89' lang='lat' dir='ltr'>per</span> <span class='ocrx_word' id='word_1_487' title='bbox 1218 5063 1632 5136; x_wconf 86' lang='lat' dir='ltr'>contemptum</span> <span class='ocrx_word' id='word_1_488' title='bbox 1674 5059 1913 5131; x_wconf 88' lang='lat' dir='ltr'>cognati</span> <span class='ocrx_word' id='word_1_489' title='bbox 1944 5059 2172 5116; x_wconf 90' lang='lat' dir='ltr'>doloris</span> 
     </span>
    </p>
   </div>
   <div class='ocr_carea' id='block_1_76' title="bbox 1916 5167 2523 5240">
    <p class='ocr_par' dir='ltr' id='par_1_76' title="bbox 1916 5167 2523 5240">
     <span class='ocr_line' id='line_1_76' title="bbox 1916 5167 2523 5240; baseline -0.002 -14"><span class='ocrx_word' id='word_1_490' title='bbox 1916 5167 2188 5238; x_wconf 60' lang='lat' dir='ltr'>Explicit</span> <span class='ocrx_word' id='word_1_491' title='bbox 2211 5169 2523 5240; x_wconf 76' lang='lat' dir='ltr'>protegas...</span> 
     </span>
    </p>
   </div>
   <div class='ocr_carea' id='block_1_77' title="bbox 1728 5314 2704 5386">
    <p class='ocr_par' dir='ltr' id='par_1_77' title="bbox 1728 5314 2704 5386">
     <span class='ocr_line' id='line_1_77' title="bbox 1728 5314 2704 5386; baseline -0.004 -1"><span class='ocrx_word' id='word_1_492' title='bbox 1728 5315 2182 5385; x_wconf 78' lang='lat' dir='ltr'><strong>INCIPIUNT</strong></span> <span class='ocrx_word' id='word_1_493' title='bbox 2235 5314 2704 5386; x_wconf 85' lang='lat' dir='ltr'>CAPITULA.</span> 
     </span>
    </p>
   </div>
   <div class='ocr_carea' id='block_1_78' title="bbox 565 5443 2151 5514">
    <p class='ocr_par' dir='ltr' id='par_1_78' title="bbox 565 5443 2151 5514">
     <span class='ocr_line' id='line_1_78' title="bbox 565 5443 2151 5514; baseline -0.006 -8"><span class='ocrx_word' id='word_1_494' title='bbox 565 5451 699 5507; x_wconf 77' lang='lat' dir='ltr'>CAP.</span> <span class='ocrx_word' id='word_1_495' title='bbox 742 5447 783 5503; x_wconf 64' lang='grc' dir='ltr'>ι.</span> <span class='ocrx_word' id='word_1_496' title='bbox 827 5445 1124 5514; x_wconf 78' lang='lat' dir='ltr'>Quomodo</span> <span class='ocrx_word' id='word_1_497' title='bbox 1181 5444 1386 5500; x_wconf 82' lang='lat' dir='ltr'>beatus</span> <span class='ocrx_word' id='word_1_498' title='bbox 1453 5443 1930 5500; x_wconf 78' lang='lat' dir='ltr'>Emme-rammus</span> <span class='ocrx_word' id='word_1_499' title='bbox 1983 5445 2151 5513; x_wconf 79' lang='lat' dir='ltr'>apud</span> 
     </span>
    </p>
   </div>
   <div class='ocr_carea' id='block_1_79' title="bbox 491 5516 2152 5587">
    <p class='ocr_par' dir='ltr' id='par_1_79' title="bbox 491 5516 2152 5587">
     <span class='ocr_line' id='line_1_79' title="bbox 491 5516 2152 5587; baseline -0.005 -9"><span class='ocrx_word' id='word_1_500' title='bbox 491 5521 832 5579; x_wconf 83' lang='lat' dir='ltr'>Pictavium</span> <span class='ocrx_word' id='word_1_501' title='bbox 855 5517 1146 5587; x_wconf 73' lang='lat' dir='ltr'>nutritur,</span> <span class='ocrx_word' id='word_1_502' title='bbox 1180 5531 1249 5573; x_wconf 87' lang='lat' dir='ltr'>ac</span> <span class='ocrx_word' id='word_1_503' title='bbox 1279 5516 1491 5572; x_wconf 80' lang='lat' dir='ltr'>litteris</span> <span class='ocrx_word' id='word_1_504' title='bbox 1521 5517 1820 5587; x_wconf 77' lang='lat' dir='ltr'>eruditur,</span> <span class='ocrx_word' id='word_1_505' title='bbox 1838 5521 1890 5571; x_wconf 89' lang='lat' dir='ltr'>et</span> <span class='ocrx_word' id='word_1_506' title='bbox 1916 5517 2152 5572; x_wconf 82' lang='lat' dir='ltr'>univer-</span> 
     </span>
    </p>
   </div>
   <div class='ocr_carea' id='block_1_80' title="bbox 491 5586 1237 5663">
    <p class='ocr_par' dir='ltr' id='par_1_80' title="bbox 491 5586 1237 5663">
     <span class='ocr_line' id='line_1_80' title="bbox 491 5586 1237 5663; baseline -0.008 -15"><span class='ocrx_word' id='word_1_507' title='bbox 491 5595 570 5648; x_wconf 74' lang='lat' dir='ltr'>sis</span> <span class='ocrx_word' id='word_1_508' title='bbox 599 5596 799 5663; x_wconf 80' lang='lat' dir='ltr'>factus</span> <span class='ocrx_word' id='word_1_509' title='bbox 831 5594 913 5646; x_wconf 88' lang='lat' dir='ltr'>est</span> <span class='ocrx_word' id='word_1_510' title='bbox 943 5586 1237 5647; x_wconf 80' lang='lat' dir='ltr'>amabilis.</span> 
     </span>
    </p>
   </div>
   <div class='ocr_carea' id='block_1_81' title="bbox 2331 5414 3782 5510">
    <p class='ocr_par' dir='ltr' id='par_1_81' title="bbox 2331 5414 3782 5510">
     <span class='ocr_line' id='line_1_81' title="bbox 2331 5414 3782 5510; baseline 0.004 -11"><span class='ocrx_word' id='word_1_511' title='bbox 2331 5446 2466 5500; x_wconf 77' lang='lat' dir='ltr'>CAP.</span> <span class='ocrx_word' id='word_1_512' title='bbox 2511 5443 2579 5498; x_wconf 87' lang='lat' dir='ltr'>ll.</span> <span class='ocrx_word' id='word_1_513' title='bbox 2612 5441 2780 5510; x_wconf 82' lang='lat' dir='ltr'>Quod</span> <span class='ocrx_word' id='word_1_514' title='bbox 2805 5447 2942 5510; x_wconf 78' lang='lat' dir='ltr'>post</span> <span class='ocrx_word' id='word_1_515' title='bbox 2960 5437 3230 5510; x_wconf 65' lang='lat' dir='ltr'>pueritia</span> <span class='ocrx_word' id='word_1_516' title='bbox 3253 5431 3522 5510; x_wconf 56' lang='grc' dir='ltr'>[τονθεηῗί.</span> <span class='ocrx_word' id='word_1_517' title='bbox 3540 5414 3782 5510; x_wconf 41' lang='grc' dir='ltr'>δέξιξῆξῇ</span> 
     </span>
    </p>
   </div>
   <div class='ocr_carea' id='block_1_82' title="bbox 2263 5481 3768 5584">
    <p class='ocr_par' dir='ltr' id='par_1_82' title="bbox 2263 5481 3768 5584">
     <span class='ocr_line' id='line_1_82' title="bbox 2332 5481 3709 5510; baseline -0.031 -8"><span class='ocrx_word' id='word_1_518' title='bbox 2332 5481 2466 5500; x_wconf 67' lang='lat' dir='ltr'>unr-</span> <span class='ocrx_word' id='word_1_519' title='bbox 2613 5481 2778 5510; x_wconf 49' lang='grc' dir='ltr'>γαπ,</span> <span class='ocrx_word' id='word_1_520' title='bbox 2805 5481 2938 5510; x_wconf 57' lang='grc' dir='ltr'>νυν,</span> <span class='ocrx_word' id='word_1_521' title='bbox 2960 5481 3094 5510; x_wconf 51' lang='grc' dir='ltr'>μη,</span> <span class='ocrx_word' id='word_1_522' title='bbox 3117 5481 3226 5492; x_wconf 55' lang='grc' dir='ltr'>,η-</span> <span class='ocrx_word' id='word_1_523' title='bbox 3253 5481 3342 5503; x_wconf 60' lang='lat'>,__</span> <span class='ocrx_word' id='word_1_524' title='bbox 3366 5481 3474 5509; x_wconf 17' lang='grc' dir='ltr'>η’(</span> <span class='ocrx_word' id='word_1_525' title='bbox 3701 5481 3709 5488; x_wconf 25' lang='grc'><strong>⁷</strong></span> 
     </span>
     <span class='ocr_line' id='line_1_83' title="bbox 2263 5481 3768 5584; baseline -0.023 -14"><span class='ocrx_word' id='word_1_526' title='bbox 2263 5516 2358 5570; x_wconf 67' lang='lat' dir='ltr'>tia?</span> <span class='ocrx_word' id='word_1_527' title='bbox 2381 5517 2560 5572; x_wconf 83' lang='lat' dir='ltr'>bonos</span> <span class='ocrx_word' id='word_1_528' title='bbox 2586 5515 2814 5580; x_wconf 79' lang='lat' dir='ltr'>odores,</span> <span class='ocrx_word' id='word_1_529' title='bbox 2842 5528 2956 5584; x_wconf 81' lang='lat' dir='ltr'>pro</span> <span class='ocrx_word' id='word_1_530' title='bbox 2987 5523 3212 5567; x_wconf 82' lang='lat' dir='ltr'>morum</span> <span class='ocrx_word' id='word_1_531' title='bbox 3239 5500 3552 5561; x_wconf 76' lang='lat' dir='ltr'>maturitate</span> <span class='ocrx_word' id='word_1_532' title='bbox 3585 5481 3768 5544; x_wconf 77' lang='lat' dir='ltr'>subth</span> 
     </span>
    </p>
   </div>
   <div class='ocr_carea' id='block_1_83' title="bbox 2262 5584 3108 5657">
    <p class='ocr_par' dir='ltr' id='par_1_83' title="bbox 2262 5584 3108 5657">
     <span class='ocr_line' id='line_1_84' title="bbox 2262 5584 3108 5657; baseline -0.006 -16"><span class='ocrx_word' id='word_1_533' title='bbox 2262 5593 2368 5642; x_wconf 79' lang='lat' dir='ltr'>tur</span> <span class='ocrx_word' id='word_1_534' title='bbox 2394 5588 2776 5657; x_wconf 67' lang='lat' dir='ltr'>epist-oratur</span> <span class='ocrx_word' id='word_1_535' title='bbox 2799 5584 3108 5656; x_wconf 76' lang='lat' dir='ltr'>dignitate.</span> 
     </span>
    </p>
   </div>
  </div>
