3984 6180
178 160 305 215 973

1535 159 1705 215 VITA
1746 161 1803 213 Β.
1848 157 2281 213 ΜΕΒΑΜΜῘ.

3511 172 3615 225 974-

260 282 396 337 CAP.
440 285 527 337 III.
550 283 870 360 Qualiter
900 286 1272 360 semetipsum
1302 286 1601 360 palaestro
1659 284 1843 360 virtu-
1882 288 1926 339 A
2027 284 2161 337 CAP.
2194 286 2253 338 Χ.
2283 281 2454 360 Quod
2476 287 2707 360 praesul
2735 287 2931 360 almus
2956 286 3215 343 celebrat
3260 288 3527 360 hymnos,
3561 299 3617 349 et

186 354 582 410 tumezercuit
612 361 665 411 et
692 355 943 410 subditis
961 362 1016 411 et
1037 358 1265 417 caeteris
1290 357 1507 413 harum
1538 357 1852 424 exemplar

185 426 641 482 demonstravit.
834 469 843 483 .

262 500 395 553 CAP.
417 498 501 551 IV.
534 497 684 564 Quia
708 514 825 551 non
856 503 1168 553 contentus
1198 514 1346 554 cura
1367 500 1562 554 ovium
1587 498 1849 554 commis-

186 583 393 624 sarum
420 569 575 623 alias
606 568 783 623 ducit
813 570 873 623 in
904 570 1056 624 ovile
1084 571 1474 637 Dominicum,
1519 577 1574 625 et
1603 572 1852 639 insuper

182 655 301 710 pro
331 641 575 695 nomine
600 639 828 694 Christi
850 640 1210 696 desideravit
1228 642 1632 711 peregrinari.

264 713 399 767 CAP.
432 713 492 765 V.
529 712 696 777 Quod
712 717 849 780 post
865 712 1119 768 nobilem
1142 714 1338 768 animi
1361 714 1847 781 disceptationem

188 783 336 839 exul
364 782 601 839 veniens
629 783 691 837 in
714 784 1068 852 Bajoariam
1099 784 1349 839 intravit
1402 785 1845 853 Radasponam.

265 856 397 909 CAP.
430 855 513 908 Vl.
549 854 715 921 Quod
745 871 779 909 α
788 856 1067 923 principe
1087 857 1465 910 Pannoniam
1510 856 1754 924 petendi
1786 857 1853 909 li-

190 926 447 980 centiam
478 926 827 993 postulavit,
864 931 919 981 et
952 926 1107 981 hanc
1137 942 1256 980 non
1287 928 1556 983 obtinens
1607 928 1851 996 disposi-

190 998 345 1051 tioni
368 997 587 1051 divina
618 999 881 1051 animum
914 999 1243 1065 supposuit.

267 1070 399 1123 CAP.
434 1068 543 1123 VII.
580 1069 852 1135 Qualiter
880 1070 1163 1123 Noricam
1195 1069 1393 1124 adhuc
1436 1071 1495 1124 in
1524 1069 1642 1136 ﬁde
1689 1071 1852 1123 novi-

190 1140 342 1193 tium
365 1140 625 1194 excoluit
652 1146 706 1194 et
725 1144 861 1209 post
882 1142 1169 1195 triennem
1200 1141 1261 1194 in
1290 1157 1357 1195 ea
1406 1142 1689 1208 laborem,
1744 1144 1849 1195 lto-

189 1226 351 1265 mam
376 1211 463 1265 ire
489 1212 797 1279 disposuit.

268 1284 398 1337 CAP.
432 1284 567 1335 VIII.
603 1282 772 1348 Quod
806 1282 1125 1336 Dominicte
1186 1282 1521 1337 dilectionis
1578 1283 1849 1351 eremplo

190 1353 517 1407 alteritatis
547 1369 733 1408 onera
762 1355 1037 1421 suscepit,
1066 1359 1120 1407 et
1136 1369 1249 1421 per
1275 1354 1567 1422 Spiritum
1594 1355 1849 1422 prophe-

193 1426 293 1479 tiae
348 1426 755 1480 ecclesiasticis
814 1431 1069 1479 ventura
1119 1426 1435 1493 prtedixit,
1486 1427 1684 1495 sicque
1738 1426 1851 1479 iter

192 1509 367 1549 suum
400 1498 643 1551 Romam
677 1497 920 1551 direxit.

269 1570 402 1621 CAP.
430 1570 511 1622 IX.
549 1568 718 1634 Quod
743 1567 910 1622 ducis
934 1567 1063 1634 ﬁlia
1091 1572 1173 1622 est
1225 1569 1461 1623 sceleris
1510 1567 1847 1636 publicata,

194 1643 253 1692 et
281 1640 423 1709 quia
455 1638 805 1693 Lambertus
828 1639 1023 1694 virum
1053 1640 1161 1694 Dei
1190 1644 1277 1693 est
1315 1644 1679 1708 persecutus,
1735 1653 1849 1706 pro

194 1709 598 1765 inobedientia
624 1711 914 1765 multatus
937 1715 1021 1765 est
1054 1711 1232 1779 gravi
1249 1712 1562 1767 sententia.

1959 368 2226 409 sermone
2254 356 2561 425 confortat
2593 359 2939 427 discipulos.

2034 428 2168 480 CAP.
2200 428 2283 481 XI.
2312 428 2481 493 Quod
2501 434 2761 486 trannus
2781 436 3055 486 sanctum
3095 430 3208 485 Dei
3258 435 3616 493 mordaciter

1960 496 2280 620 ergipiens,
2310 500 2567 555 tradidit
2596 503 2718 557 suis
2735 501 3138 571 puniendum,
3170 506 3225 557 et
3246 503 3319 560 de
3345 506 3496 577 fuga
3527 523 3616 564 co-

1960 583 2039 621 mz
2073 584 2189 622 um.

2034 640 2180 714 CAP:
2198 642 2307 695 XII.
2344 642 2513 708 Quod
2542 645 2636 699 vir
2663 645 2774 701 Dei
2800 644 3177 701 membratim
3208 651 3402 701 sectus
3430 652 3534 714 est,
3562 656 3618 704 et

1960 710 2119 779 quod
2140 711 2314 786 duoe
2337 715 2718 783 carniﬁcibus
2740 731 2852 785 per
2904 718 3201 786 paenitens
3248 732 3354 772 cor
3397 710 3621 775 saluati

1960 788 2121 857 sunt,
2150 788 2201 837 et
2228 784 2454 857 illi/alis
2478 784 2808 857 presbyter.

2034 855 2165 930 (ὶυξ.
2201 852 2331 909 ΧΙΙΙ.
2361 857 2448 911 De
2467 852 2758 930 iiziraculo
2780 861 2843 914 in
2864 859 3138 914 membris
3161 860 3281 915 viri
3297 861 3409 915 Dei
3426 862 3614 930 facto,

1962 929 2015 978 et
2043 925 2207 1001 exitu
2223 933 2445 981 sancta?
2466 929 2633 1001 illius
2654 945 2886 995 αηυηεε,
2917 937 2971 986 et
2996 930 3155 1001 quod
3172 932 3340 1000 apud
3356 925 3615 989 Aschein

1959 997 2235 1072 sepultus
2257 1003 2361 1072 est,
2390 1004 2442 1072 et
2473 999 2545 1072 de
2569 1006 2791 1056 natura
2817 1002 2974 1057 orbis
3003 997 3255 1058 mutata.

2033 1070 2165 1147 Car.
2199 1070 2309 1147 XIV
2367 1070 2534 1147 Quod
2552 1087 2662 1147 per
2691 1074 3077 1147 revelationes
3106 1075 3318 1129 ordine
3361 1074 3613 1143 miriﬁco

1960 1138 2041 1192 ad
2072 1138 2561 1213 Hiatoscopolim,
2592 1142 2654 1196 id
2682 1150 2765 1197 est
2794 1144 3203 1213 Ratisbonam,
3232 1150 3313 1200 est
3358 1138 3616 1202 transla-

1963 1214 2078 1286 tus,
2122 1210 2690 1286 ibique__honoriﬁce
2730 1219 2813 1270 est
2863 1216 3162 1281 humatus,
3189 1210 3268 1271 'et
3317 1218 3458 1286 quia
3484 1232 3615 1285 pax

1961 1280 2075 1336 tet/2
2086 1282 2198 1335 eris
2220 1280 2242 1335 ’2
2262 1282 2423 1336 ediit.

2036 1356 2166 1407 Cm.
2194 1353 2632 1428 XV._Quomorlo
2665 1356 2729 1411 hi
2758 1361 2874 1411 tres
2900 1356 3261 1412 interierunt
3285 1359 3615 1428 carniﬁces,

1961 1428 2246 1500 eteorum
2278 1425 2580 1500 dominum
2614 1429 2812 1500 qualis
2861 1442 3044 1496 ptena
3093 1429 3332 1497 ceperit,
3365 1443 3466 1484 seu
3497 1425 3617 1500 qua

1961 1496 2199 1567 miseria
2226 1498 2544 1563 posteritas
2567 1500 2696 1565 ejus
2727 1499 2946 1567 affecta
2973 1501 3073 1554 sit.

2032 1566 2164 1618 CAP.
2189 1568 2319 1620 XVI.
2352 1568 2439 1623 De
2476 1566 2787 1625 miraculis
2815 1572 3081 1626 locorum
3104 1571 3378 1627 sectionis
3426 1577 3481 1628 et
3526 1586 3619 1627 vo-

1964 1637 2231 1691 (rationis.

1482 2053 1893 2141 INCIPIT
2000 2053 2333 2141 LIBER

627 2308 780 2408 DE
860 2308 1135 2409 VITA
1220 2309 1363 2409 ET
1443 2307 2169 2411 VIRTUTIBUS
2245 2310 2349 2411 B.
2430 2307 3199 2413 EMMERAMMI

761 2686 984 2740 CAPUT
1021 2684 1304 2740 PRIMUM.

274 2776 702 2831 Emmerammi
720 2776 947 2844 patria.
978 2806 1046 2814 —
1078 2778 1177 2829 Est
1204 2775 1264 2829 in
1321 2774 1652 2846 Aquitaniae
1684 2777 1862 2847 parti-

203 2865 320 2921 bus
346 2864 492 2920 urbs
534 2864 797 2919 virorum
844 2863 1161 2919 illustrium
1219 2863 1399 2919 titulis
1454 2864 1859 2935 celeberrima,

200 2954 448 3009 nomine
480 2952 838 3021 Pictavis,in
888 2968 1011 3024 qua
1068 2954 1130 3007 B.
1190 2955 1670 3008 Emmerammus
1730 2953 1863 3008 sinu

203 3042 674 3100 Christianorum
698 3046 1018 3113 parentum
1040 3046 1127 3096 est
1158 3041 1435 3107 nutritus,
1455 3046 1511 3097 et
1532 3041 1609 3097 ad
1636 3042 1866 3098 discen-

202 3131 315 3187 das
347 3147 532 3187 sacrae
573 3130 956 3185 institutionis
1007 3129 1228 3185 litteras
1288 3130 1506 3185 scholis
1563 3130 1861 3186 traditus:

202 3221 311 3277 ubi
337 3236 525 3293 quam
557 3219 765 3275 docilis
799 3219 987 3287 fuerit,
1035 3220 1174 3274 ﬁnis
1226 3219 1581 3292 disciplina,
1636 3220 1865 3275 virtutis

205 3310 370 3367 socia
389 3309 651 3380 dignitas
676 3308 952 3365 ostendit.
988 3312 1135 3363 Nam
1161 3308 1221 3364 in
1276 3310 1411 3382 ipsa
1469 3309 1863 3381 simplicitate,

205 3401 293 3457 sic
312 3399 559 3475 puerilis
587 3399 822 3455 collatio
848 3405 1110 3454 mentem
1143 3400 1219 3455 ad
1251 3400 1369 3455 alta
1425 3400 1864 3471 Scripturarum

207 3489 546 3562 suspendit,
572 3493 639 3544 ut
662 3494 1013 3544 cunctorum
1044 3489 1376 3557 aestimatio,
1411 3488 1557 3561 quid
1599 3494 1752 3545 esset
1783 3489 1869 3544 fu-

205 3585 398 3649 turus,
432 3578 796 3651 prmsagiret,
830 3584 1181 3634 cunctorum
1214 3579 1367 3635 oculi
1398 3584 1691 3646 notarent,
1735 3595 1869 3634 om~

206 3668 378 3723 nium
408 3667 658 3724 affectus
685 3668 972 3737 diligeret.
1006 3668 1108 3723 Hic
1139 3673 1341 3724 tamen
1368 3669 1605 3725 oblatus
1632 3686 1701 3723 ex
1759 3685 1867 3741 pa-

208 3758 344 3825 tria,
377 3757 542 3813 favor
568 3757 652 3813 sic
679 3757 756 3814 ab
789 3773 861 3813 eo
890 3757 1214 3829 prudenter
1240 3758 1548 3830 accipitur,
1580 3764 1637 3815 et
1664 3774 1870 3831 accep-

207 3851 306 3902 tus
328 3851 603 3917 augetur,
636 3851 697 3903 ut
726 3862 836 3902 nec
880 3846 1189 3902 humilitas
1242 3846 1538 3903 minueret
1592 3846 1866 3919 gloriam,

206 3951 319 3993 nec
351 3936 613 4007 gravitas
643 3936 924 3992 excitaret
952 3936 1261 3993 invidiam.

829 4028 1053 4082 CAPUT
1092 4029 1156 4081 ll.

280 4116 385 4172 Fit
405 4115 733 4185 episcopus.
766 4146 836 4155 —
869 4114 1159 4171 Successit
1184 4114 1363 4185 igitur
1386 4113 1447 4170 in
1480 4118 1602 4170 tam
1651 4113 1876 4187 perspi-

211 4205 340 4261 caci
369 4221 559 4278 puero
586 4204 724 4260 felix
749 4204 1172 4275 adolescentia,
1192 4204 1631 4260 etincrementa
1652 4209 1877 4277 tempo—

210 4311 347 4350 rum
401 4294 617 4350 ﬂorent
671 4294 1039 4350 incremento
1084 4294 1417 4361 virtutum;
1491 4298 1547 4349 et
1592 4294 1877 4367 praevenit

209 4385 414 4440 virum
435 4383 749 4441 maturitas
777 4400 1039 4451 morum,
1066 4400 1213 4440 nam
1263 4383 1628 4439 collectanea
1673 4383 1879 4440 teneri-

216 4472 442 4529 tudinis
473 4474 605 4545 ejus
632 4473 953 4547 prudentia
982 4473 1151 4530 facile
1183 4473 1477 4529 suadebat
1496 4473 1726 4544 juveni,
1780 4489 1876 4529 ra-

218 4562 396 4619 tionis
421 4563 709 4636 pondere,
756 4563 1165 4620 transitorium
1210 4578 1390 4619 omne
1439 4579 1625 4635 quam
1674 4562 1881 4619 fuisset

212 4653 369 4709 leve.
406 4654 571 4711 Unde
602 4653 825 4709 factum
856 4658 943 4709 est
970 4658 1034 4708 ut
1062 4670 1171 4710 nec
1198 4654 1275 4709 ad
1335 4669 1505 4726 spem
1556 4658 1613 4709 et
1657 4653 1879 4723 gaudia

212 4743 431 4799 mundi
460 4742 771 4799 inclinaret
823 4743 1088 4811 oculum,
1140 4742 1439 4799 tristitiam
1493 4758 1736 4816 quoque
1786 4742 1881 4799 vel

213 4837 447 4889 metum
474 4832 697 4887 nullius
728 4832 973 4888 haberet
1001 4833 1190 4905 pensi.
1223 4834 1414 4895 Quare
1442 4832 1549 4888 fuit
1572 4836 1628 4888 et
1655 4832 1714 4887 in
1757 4848 1882 4888 cor—

212 4921 479 4977 rectione
503 4920 837 4977 amicorum
854 4920 1005 4976 liber
1033 4924 1291 4988 animus,
1318 4921 1509 4977 dulcis
1526 4921 1877 4988 exhortatio,

216 5012 534 5068 moderata
561 5010 799 5067 locutio.
832 5013 981 5066 Tum
1033 5015 1319 5083 praeterea
1376 5012 1633 5083 pretium
1682 5010 1879 5067 cordis

217 5101 611 5157 commendat
646 5100 1030 5174 pulchritudo
1060 5100 1351 5173 corporis,
1409 5106 1465 5157 et
1522 5102 1884 5158 suavissima

217 5190 387 5247 dona
416 5189 709 5263 sapientia
731 5189 986 5263 praebuit
1044 5204 1114 5244 ex
1164 5188 1583 5245 honestissimo
1636 5189 1879 5246 ferculo.

220 5278 327 5333 His
399 5279 767 5337 ornamentis
819 5277 1200 5350 conspicuus,
1280 5292 1387 5348 per
1454 5277 1883 5334 ecclesiasticos

220 5367 451 5438 gradus
482 5369 813 5426 ascendens
843 5368 932 5422 vir
956 5366 1074 5433 Dei,
1106 5369 1247 5438 post
1266 5364 1645 5422 dilectionem
1665 5366 1881 5422 meruit

218 5458 641 5525 reverentiam,
670 5458 863 5513 donec
889 5456 1245 5527 disponente
1278 5454 1553 5519 Domino,
1602 5454 1883 5510 confessu

221 5552 602 5618 cunctorum,
636 5563 878 5603 morum
899 5549 1098 5601 custos
1124 5548 1181 5599 et
1208 5544 1552 5616 exemplum
1602 5542 1735 5598 vita
1790 5558 1886 5598 or-

134 5672 145 5681 α
223 5633 473 5693 dinatur
500 5652 838 5709 episcopus.

2613 2686 2839 2743 CAPUT
2894 2688 2983 2742 Πῐ.

2043 2775 2195 2844 Ejus
2226 2776 2493 2831 virtutes.
2527 2807 2596 2816 —
2622 2776 2921 2849 Disposita
2952 2791 3095 2833 vero
3125 2776 3186 2832 in
3239 2774 3482 2833 sublimi
3535 2775 3628 2833 Iu-

1974 2879 2171 2931 cerna,
2204 2863 2425 2936 quibus
2450 2865 2633 2921 radiis
2659 2865 2958 2935 effulserit,
2992 2881 3115 2939 qua
3169 2866 3487 2923 serenitate
3528 2880 3632 2939 pa-

1975 2953 2147 3008 triam
2178 2952 2579 3024 illustraverit,
2642 2956 2808 3010 omni
2854 2955 3109 3011 orationi
3152 2955 3471 3012 materiam
3521 2953 3631 3012 da-

1973 3042 2078 3097 bit.
2115 3041 2296 3111 Igittu
2321 3047 2376 3097 et
2403 3043 2538 3115 quis
2568 3059 2710 3113 erga
2740 3061 2801 3099 se
2826 3045 3047 3117 ipsum,
3080 3045 3298 3102 deinde
3323 3045 3521 3119 qualis
3553 3045 3633 3102 ad

1977 3130 2269 3201 subditos,
2298 3136 2354 3186 et
2383 3132 2459 3187 ad
2482 3137 2725 3188 caeteros
2752 3133 2926 3189 fuerit
2945 3133 3399 3207 proloquamur.
3435 3134 3631 3206 Dupli-

1977 3236 2108 3275 cem
2138 3220 2473 3276 custodiam
2502 3222 2757 3293 corpori,
2782 3221 3086 3296 duplicem
3112 3223 3297 3278 menti
3318 3222 3635 3295 disposuit.

1978 3313 2127 3365 Nam
2180 3326 2253 3366 ne
2310 3310 2405 3366 lex
2457 3312 2724 3384 corporis
2754 3316 3065 3367 enervaret
3092 3310 3287 3383 legem
3312 3310 3554 3384 mentis,
3584 3314 3643 3368 et

1976 3398 2155 3471 plena
2183 3398 2464 3472 voluptas
2491 3400 2829 3456 exhauriret
2855 3400 3188 3457 ubertatem
3237 3400 3456 3471 cordis,
3503 3413 3643 3456 con-

1976 3488 2144 3544 tinuo
2170 3489 2541 3560 jejumorum
2569 3494 2625 3545 et
2655 3489 2995 3561 vigiliarum
3042 3490 3369 3564 praesulatu
3426 3490 3639 3564 praevi-

1977 3577 2079 3632 dit.
2112 3581 2289 3634 Porro
2316 3578 2585 3635 lectionis
2616 3584 2672 3636 et
2698 3580 2983 3637 orationis
3031 3580 3258 3637 vicaria
3312 3580 3639 3637 successio-

1979 3683 2074 3737 ne,
2102 3672 2158 3723 et
2187 3668 2545 3740 expatiantis
2576 3668 2760 3725 animi
2789 3670 3097 3727 discursus
3128 3669 3404 3743 inhibuit,
3429 3674 3486 3728 et
3505 3686 3643 3742 sug-

1980 3756 2260 3825 gestionis
2294 3758 2563 3814 adversae
2594 3759 2867 3815 militiam
2898 3759 3146 3815 exclusit
3172 3779 3184 3827 ;
3213 3764 3269 3814 et
3288 3759 3441 3815 inter
3456 3773 3640 3830 agen-

1979 3845 2127 3899 dum
2156 3845 2325 3917 quid,
2355 3847 2660 3914 solemnis,
2687 3848 2740 3901 ei
2768 3863 3008 3918 semper
3031 3847 3108 3901 ad
3153 3850 3474 3918 utrumque
3532 3846 3643 3901 fuit

1980 3950 2134 4007 opus
2164 3933 2517 4005 psalmodiee
2548 3935 2765 3990 dilecta
2793 3934 3063 3989 materia.
3116 3935 3269 3990 Sane
3323 3931 3643 4002 singularis

1980 4038 2319 4096 pauperum
2351 4025 2688 4089 thesaurus,
2717 4021 3085 4094 pupillorum
3115 4024 3304 4093 pater,
3348 4019 3641 4079 refocilla-

1980 4113 2060 4167 tio
2093 4127 2326 4178 senum,
2355 4112 2679 4167 viduarum
2709 4111 2943 4181 unicus,
2977 4110 3433 4182 desperatorum
3483 4126 3639 4184 spes,

1980 4202 2281 4258 medicina
2360 4200 2793 4271 languentium,
2854 4201 3212 4257 miserorum
3269 4200 3640 4272 confugium,

1983 4292 2065 4347 sic
2096 4290 2429 4363 hospitalis,
2464 4295 2527 4345 ut
2555 4305 2751 4362 neque
2780 4305 3032 4346 manum
3064 4306 3100 4346 a
3125 4306 3375 4348 munere
3422 4291 3643 4348 domus

1982 4382 2273 4437 exhausta
2299 4380 2643 4451 retraheret,
2675 4395 2871 4453 neque
2896 4379 3231 4453 frequentia
3256 4380 3514 4438 frontem
3541 4396 3643 4437 ru-

1984 4474 2148 4541 garet
2174 4488 2187 4536 ;
2211 4469 2359 4525 dum
2388 4468 2766 4525 venientibus
2788 4473 2843 4526 et
2866 4469 3084 4525 animas
3114 4470 3358 4526 delicias
3388 4468 3640 4536 affatim,

1984 4564 2041 4615 et
2070 4563 2297 4615 natura;
2327 4559 2529 4616 debita
2556 4560 2867 4632 praeberet.
2906 4558 2999 4615 Ad
3021 4558 3304 4616 excubias
3334 4554 3645 4612 commissi

1985 4648 2180 4719 gregis
2247 4649 2514 4721 pervigili
2574 4648 2967 4705 sollicitudine
3022 4648 3353 4720 porrectus,
3413 4643 3644 4699 aditum

1984 4744 2141 4796 tetrae
2170 4741 2511 4813 rapacitatis
2560 4740 2642 4795 ita
2690 4736 3093 4811 pastoralibus
3144 4734 3325 4792 armis
3384 4731 3643 4800 obsedit,

1985 4834 2050 4885 ut
2077 4846 2185 4902 per
2236 4830 2400 4886 vicos
2458 4828 2846 4899 singulasque
2905 4826 3120 4881 domos
3171 4822 3441 4878 ﬁdelium
3474 4821 3643 4877 caele-

1986 4920 2088 4975 stis
2119 4919 2427 4974 discursus
2458 4916 2667 4973 sideris
2698 4915 2975 4971 tenebras
3000 4912 3407 4969 reverberaret
3448 4914 3505 4966 et
3553 4926 3644 4966 er-

1986 5007 2157 5063 roris.

2643 5091 2872 5147 CAPUT
2909 5090 2996 5144 IV.

2062 5182 2364 5239 Convertit
2393 5181 2473 5237 ad
2498 5180 2675 5248 ﬁdem
2697 5180 3013 5249 plurimos.
3063 5176 3270 5233 Nullus
3308 5181 3435 5234 erat
3479 5176 3647 5234 locus

1991 5276 2115 5327 tam
2135 5269 2285 5337 vilis,
2314 5268 2479 5325 nulla
2499 5284 2759 5342 persona
2783 5273 2903 5324 tam
2923 5266 3187 5341 humilis,
3220 5284 3342 5341 quo
3364 5283 3505 5324 eum
3523 5281 3648 5324 non

1992 5358 2316 5416 declinaret
2332 5358 2493 5414 salus
2510 5358 2873 5428 animarum,
2893 5356 3079 5413 redim
3088 5361 3284 5415 cutem
3315 5362 3554 5430 tempus
3572 5371 3649 5412 ne

1994 5449 2073 5506 ad
2094 5449 2375 5505 horreum
2408 5447 2637 5503 domini
2666 5463 2894 5502 vacuus
2914 5445 3149 5503 rediret.
3213 5445 3519 5504 Sufﬁceret
3533 5444 3650 5500 hoc

1992 5538 2360 5613 quibusdam
2392 5552 2515 5593 non
2544 5536 2861 5603 immerito,
2893 5535 2945 5591 si
2972 5535 3489 5608 circumscriptum
3537 5533 3651 5591 sibi

1994 5628 2316 5685 terminum
2347 5626 2580 5684 cultura
2611 5625 2963 5683 sacerdotali
2998 5629 3122 5682 tam
3157 5624 3469 5694 diligenter
3519 5640 3649 5681 am-
