3984 6180
423 172 529 225 975

1483 161 1693 216 MEGIN
1703 161 1908 216 FREDI
1946 159 2395 217 MAGDEBURG.
2439 114 2783 215 MAGISTRl.
3743 160 3822 212 9‘76

421 293 592 363 biret,
621 307 829 348 verum
861 288 940 344 illi
984 291 1151 344 tanta
1173 284 1454 341 sedulitas
1487 284 1806 341 Dominica:
1862 284 2077 341 messis
2119 291 2165 339 Α
2196 282 2545 339 conterritus
2611 286 2788 349 meta,
2838 280 3095 337 devenit.
3159 278 3268 336 Ubi
3329 294 3470 334 cum
3538 276 3829 335 defluenti:

424 381 652 447 inarsit,
683 385 746 434 ut
774 378 1119 448 adjacentes
1150 375 1454 431 Gallorum
1516 374 1890 447 aliarumque
1944 390 2082 445 gen-

425 472 568 525 tium
613 465 952 539 provincias
1012 464 1091 519 ad
1142 463 1303 519 littus
1356 462 1562 518 solidae
1610 462 2083 519 conversationis

423 560 604 613 hamo
636 554 781 609 Petri
812 555 1150 609 attraheret.
1201 555 1575 625 Quapropter
1626 548 2087 623 frequentabant

422 645 625 700 sedem
656 644 785 714 ejus
814 643 1107 713 religiosae
1138 641 1317 697 simul
1345 646 1402 697 et
1430 640 1833 696 indifferentes
1885 654 2089 712 perso-

419 750 511 788 nae
535 732 894 806 complures,
929 749 1083 804 quas
1113 730 1266 787 odor
1297 734 1639 786 aromatum
1670 730 1799 800 ejus
1828 744 1865 784 a
1891 743 2086 783 remo-

422 822 672 877 tioribus
692 822 839 877 locis
862 820 1131 889 adduxit,
1147 819 1369 893 quibus
1390 818 1584 874 ﬁdelis
1603 818 1987 890 dispensator
2008 815 2087 872 ad

421 927 771 966 mensuram
805 910 1098 982 cujusque
1128 908 1470 981 depositum
1531 923 1709 962 suum
1762 906 2087 979 prudenter

422 1000 740 1067 distribuit,
802 1004 867 1055 ut
922 1015 1044 1055 non
1099 998 1303 1054 minus
1344 997 1420 1053 de
1479 996 1581 1052 illo
1638 1012 1827 1069 quam
1856 995 1931 1051 de
1957 994 2088 1050 aliis

423 1090 767 1163 apostolicis
798 1089 939 1145 viris
977 1089 1094 1144 dici
1116 1091 1321 1161 posset
1345 1087 1492 1142 illud
1524 1085 1743 1159 psalmi
1776 1103 1788 1140 :
1819 1108 1847 1134 ‹‹
1881 1084 2089 1140 Illuxe-

421 1184 561 1235 runt
591 1178 1033 1235 coruscationes
1062 1182 1179 1233 tuae
1201 1176 1333 1232 orbi
1350 1180 1516 1231 terrae
1552 1176 1745 1246 (1)εαί.
1800 1179 2021 1241 Lxxw).
2058 1195 2085 1221 »

424 1271 569 1323 Nam
596 1268 861 1323 candens
883 1267 1106 1323 amoris
1127 1266 1264 1335 igne
1282 1265 1522 1338 superni
1544 1264 1695 1319 dum
1717 1265 1777 1319 in
1798 1262 2085 1331 colligen-

422 1355 514 1411 dis
545 1355 865 1411 animabus
898 1354 1146 1423 singulis
1180 1352 1541 1426 paucitatcm
1571 1351 1798 1407 fructus
1820 1351 1898 1407 ad
1923 1365 2090 1421 mag-

422 1445 754 1500 nitudinem
798 1444 1121 1499 voluntatis
1171 1442 1501 1498 excrevisse
1551 1457 1670 1496 non
1722 1445 2005 1507 cerneret,
2033 1444 2089 1495 et

421 1534 755 1603 indignatio
784 1550 986 1588 secum
1018 1531 1349 1605 reputantis
1367 1531 1562 1586 studio
1580 1546 1691 1586 suo
1719 1529 1940 1584 nullius
1962 1546 2087 1583 mo-

2195 372 2367 429 Histri
2395 372 2659 428 ﬂuminis
2688 371 3010 444 imperium
3040 373 3401 443 sequeretur.
3456 367 3830 427 Ratisbonam

2192 463 2264 534 (2)
2298 462 2544 517 accessit
2576 461 2787 517 urbem
2817 476 2953 533 quae
2985 459 3129 516 olim
3160 458 3336 514 totius
3388 457 3758 527 Germania,
3790 466 3830 515 et

2191 551 2435 607 nomine
2455 555 2510 607 et
2534 550 2825 621 dignitate
2855 548 3217 622 principum,
3245 552 3301 603 et
3328 547 3538 603 adhuc
3586 546 3828 617 ejusdem

2192 641 2381 712 gentis
2432 639 2778 712 metropolis
2855 638 3116 710 antiquae
3164 637 3463 711 prosapiae
3523 640 3732 709 caput,
3758 636 3834 690 ad-

2191 736 2366 786 ventu
2399 728 2723 785 beatissimi
2782 727 3107 783 sacerdotis
3153 725 3574 781 ornatioribus
3611 724 3833 780 illustra-

2191 818 2481 874 vitfastus
2506 822 2562 873 et
2608 817 2872 887 insignia
2918 815 3253 871 victoriosaz
3308 813 3507 885 gentis
3556 813 3834 885 triumpho

2192 912 2502 980 concepta,
2547 923 2707 963 novo
2731 905 2899 979 pacis
2921 904 3223 977 prteconio
3252 904 3313 959 in
3334 902 3563 959 melius
3589 918 3834 957 commu-

2193 1001 2333 1063 tata,
2364 994 2503 1051 ﬁdei
2530 995 2734 1069 spoliis
2756 999 2814 1050 et
2835 999 3054 1051 ornatu
3079 997 3299 1049 sanctae
3354 991 3677 1063 religionis
3731 1007 3833 1046 am-

2194 1085 2419 1158 pliavit.

2880 1174 3068 1231 APUT
3108 1177 3194 1229 Vl.

2834 1178 3068 1233 CAPUT
3108 1178 3194 1229 Vl.

2262 1268 2641 1325 Pannoniam
2661 1267 3085 1335 petit—Fines
3126 1266 3285 1320 inter
3337 1264 3581 1333 Ungros
3608 1267 3664 1318 et
3684 1262 3833 1331 Bajo-

2192 1360 2311 1413 rios
2342 1358 2577 1413 deserti.
2609 1389 2680 1397 —
2730 1355 2919 1426 Hujus
2971 1353 3384 1410 monarchiam
3428 1351 3683 1407 Theodo
3735 1350 3828 1405 dux

2191 1448 2535 1522 provinciae,
2569 1446 2673 1519 qui
2694 1451 2835 1502 tunc
2858 1444 3139 1518 possedit,
3161 1446 3475 1515 comperto
3494 1441 3691 1496 sancti
3709 1456 3827 1513 pon-

2192 1537 2363 1593 tiﬁcis
2390 1536 2654 1606 introitu,
2682 1534 3071 1607 adhibitoque
3102 1536 3452 1605 conspectu,
3519 1533 3673 1585 inter
3719 1529 3821 1589 alia.

421 1622 607 1678 menti
639 1622 892 1678 donaret
919 1623 1195 1694 pretium,
1229 1621 1381 1676 inter
1410 1619 1722 1689 angustias
1744 1618 2083 1691 disceptan-
2115 1639 2154 1691 Β
2193 1644 2327 1700 (μιξὲ
2360 1626 2434 1682 sit
2487 1642 2671 1681 causa
2696 1623 2901 1690 exsilii,
2934 1626 3316 1695 percontatus
3331 1626 3439 1677 est.
3471 1619 3589 1686 Qui
3620 1619 3821 1674 nomine

423 1712 493 1766 tis
520 1710 897 1767 conscientiae
929 1710 1225 1783 perlatum
1256 1714 1346 1764 est
1376 1709 1453 1764 ad
1481 1725 1642 1778 eum,
1661 1709 1907 1775 Avares,
1930 1724 2085 1779 quos

422 1801 549 1857 aliis
580 1800 935 1855 nominibus
970 1803 1170 1855 Hunos
1186 1803 1242 1854 et
1270 1801 1497 1868 Ungros
1518 1797 1919 1870 appellamus,
1941 1799 2085 1851 Pan-

419 1890 616 1946 noniae
667 1889 929 1945 incolatu
961 1887 1311 1944 idololatriae
1343 1887 1618 1959 squalere
1647 1890 1908 1953 veterno,
1942 1890 1999 1941 ct
2022 1885 2085 1941 in

420 1980 549 2036 luce
582 1980 906 2035 multarum
936 1978 995 2033 id
1026 1978 1298 2033 locorum
1347 1977 1635 2046 gentium,
1677 1975 1837 2031 hanc
1886 1974 2082 2030 solam

417 2070 678 2127 veritatis
707 2069 866 2124 diem
898 2084 1015 2123 non
1049 2068 1292 2123 habere.
1321 2067 1421 2122 His
1462 2067 1679 2123 auditis
1712 2070 1874 2121 tanto
1922 2081 2083 2121 com-

420 2174 635 2231 passus
667 2157 1010 2213 animarum
1042 2154 1385 2227 dispendio,
1418 2154 1833 2224 aigritudinem
1887 2152 2084 2208 cordis

421 2264 525 2320 spe
547 2245 969 2319 recuperandae
998 2245 1188 2314 gentis
1209 2243 1510 2298 interdum
1532 2242 1756 2312 lenivit,
1777 2241 2079 2297 interdum

420 2336 800 2392 difﬁcultates
828 2335 1128 2404 itinerum,
1186 2333 1485 2405 peregrini
1533 2348 1731 2388 mores
1786 2331 2081 2397 locorum,

424 2426 671 2481 affectus
730 2440 960 2489 eorum,
1010 2439 1164 2496 quos
1210 2421 1521 2477 relicturus
1570 2426 1714 2489 erat,
1771 2424 2084 2493 respectus

418 2512 777 2567 inﬁrmitatis
806 2512 1108 2583 humanae,
1141 2511 1359 2585 pedem
1408 2510 1850 2583 aliquantulum
1896 2515 2081 2565 retra-

418 2602 570 2657 hunt
613 2600 691 2656 ab
738 2600 1007 2672 inceptis.
1054 2603 1232 2655 Porro
1260 2599 1605 2655 facultatem
1626 2599 1895 2655 oblatam
1944 2598 2077 2667 sibi,

419 2707 553 2747 cum
579 2690 639 2746 in
664 2689 972 2745 sarrienda
1017 2689 1281 2761 decepta
1323 2688 1662 2758 gentilitatis
1709 2688 1897 2743 humo
1942 2687 2081 2743 ﬁdei

419 2779 655 2836 sarculo
676 2782 939 2834 uteretur
952 2777 1225 2849 impigre,
1242 2792 1351 2832 nec
1370 2792 1544 2848 posse
1567 2792 1675 2831 nec
1693 2781 1965 2850 oportere
1982 2792 2081 2832 ne-

420 2868 562 2939 gligi
584 2867 833 2939 putavit,
853 2866 1103 2937 quando
1124 2870 1181 2920 et
1196 2866 1322 2937 ipse
1344 2866 1456 2920 hoc
1478 2872 1637 2936 saepe
1660 2866 1970 2937 optaverit,
2018 2870 2083 2921 ut

416 2972 528 3027 pro
549 2970 753 3010 amore
771 2953 1153 3009 fraternitatis
1175 2957 1232 3008 et
1252 2953 1371 3019 Dei,
1404 2954 1738 3025 periculum
1761 2954 2002 3010 subiret.

1089 3044 1315 3099 CAPUT
1354 3045 1414 3099 V.

486 3133 843 3202 Bajoariam
871 3131 1262 3202 petit.—Vicit
1290 3148 1431 3202 ergo
1462 3132 1521 3186 in
1554 3132 1781 3205 optimo
1812 3132 2076 3202 ingenio,

416 3226 472 3278 et
500 3221 693 3278 ardua
720 3221 837 3288 via,
867 3227 924 3277 et
953 3221 1148 3295 potior
1169 3236 1384 3277 causa:
1411 3238 1553 3277 nam
1600 3222 1923 3277 constituto
1966 3237 2077 3294 pro

415 3328 476 3367 se
503 3311 859 3368 examinatze
882 3327 1154 3384 personae
1185 3310 1333 3382 viro,
1365 3311 1491 3384 ipse
1524 3310 1600 3366 ad
1648 3327 1811 3366 nova
1862 3310 2077 3382 tyroci-

413 3400 513 3456 nia
546 3405 823 3456 strenuus
841 3400 1012 3454 miles
1025 3398 1390 3468 succingitur
1420 3418 1431 3465 ;
1467 3403 1522 3452 et
1543 3399 1730 3454 ascito
1751 3399 1901 3453 inter
1927 3398 2078 3453 alios

413 3489 781 3545 necessitatis
801 3505 923 3543 suae
951 3488 1217 3551 comites,
1280 3487 1426 3559 quia
1484 3487 1753 3555 linguam
1802 3487 2076 3542 Teutoni-

412 3593 548 3631 cam
568 3592 691 3631 non
720 3580 988 3645 noverat,
1023 3575 1204 3630 Vitale
1253 3574 1523 3646 quodam
1590 3576 1942 3647 presbytero
1992 3577 2076 3630 in-

415 3670 687 3737 terprete,
721 3664 978 3736 perrexit
1008 3682 1019 3730 ;
1048 3664 1109 3718 in
1141 3663 1419 3719 barbarie
1449 3663 1851 3735 disciplinam,
1879 3664 1941 3718 in
1981 3681 2078 3720 ex-

412 3753 544 3809 silio
576 3753 857 3826 patriam,
888 3752 1040 3807 inter
1059 3752 1357 3808 immanes
1416 3752 1836 3821 cognationem
1894 3752 2078 3810 factu-

409 3858 530 3898 rus.
569 3843 709 3907 Quae
740 3840 945 3896 omnia
975 3840 1109 3895 licet
1135 3840 1302 3913 prius
1333 3840 1485 3896 bene
1538 3840 1806 3906 tenuerit,
1862 3841 2075 3898 melius

412 3936 613 3988 tamen
645 3929 960 4002 dereliquit
991 3948 1004 3995 ;
1038 3935 1093 3985 et
1123 3946 1259 4002 quae
1309 3930 1435 3986 sine
1488 3930 1753 4003 appetitu
1806 3931 2075 4001 jucunde

407 4021 671 4087 licerent,
698 4019 977 4077 abdicata
1003 4019 1372 4090 jocunditate
1399 4036 1537 4075 cum
1563 4019 1819 4087 licentia,
1845 4037 1919 4076 ne
1969 4021 2075 4077 ubi

409 4126 609 4164 rerum
646 4125 908 4181 praesens
928 4107 1236 4164 aﬁluentia
1257 4109 1603 4164 thesaurum
1634 4108 1824 4165 beatae
1880 4127 2074 4165 remu-

407 4198 731 4251 nerationis
764 4197 1075 4266 obteraret,
1110 4214 1406 4270 pauperes
1437 4198 1675 4253 divitias
1707 4198 1874 4253 dives
1917 4216 2068 4271 pau-

408 4300 516 4357 per
546 4285 839 4356 exposuit.
878 4286 1016 4339 lnde
1048 4287 1230 4354 viam,
1258 4302 1333 4341 ne
1362 4302 1486 4359 quo
1535 4287 1898 4359 pigresceret
1950 4287 2070 4342 otio

408 4372 772 4445 inrequietus
788 4372 1069 4443 agricola,
1100 4374 1425 4444 praesumit,
1444 4380 1501 4431 et
1523 4375 1793 4439 Galliam,
1812 4393 1934 4448 qua
1949 4381 2069 4431 ten-

408 4464 591 4519 debat
640 4462 766 4527 iter,
828 4466 885 4517 et
934 4461 1131 4517 Rheni
1172 4462 1437 4518 fluminis
1494 4465 1795 4535 contigua,
1850 4466 2069 4538 plantis

407 4553 574 4609 verbi
630 4552 730 4608 Dei
785 4551 1093 4607 silvescere
1147 4558 1203 4607 et
1258 4553 1557 4609 insitivani
1614 4555 1754 4610 novi
1810 4556 2071 4611 hominis

409 4657 738 4711 gemmam,
772 4640 1124 4713 proloplasti
1154 4658 1185 4696 e
1218 4647 1454 4699 mortuo
1486 4645 1699 4716 stipite,
1732 4644 2073 4700 frondesce-

408 4746 469 4784 re
500 4728 625 4800 ipse
651 4729 898 4801 quidem
922 4730 1146 4787 studuit
1183 4750 1195 4799 ;
1242 4731 1346 4787 sed
1405 4732 1755 4790 incrementi
1797 4734 2071 4790 datorem

410 4818 709 4877 Christum
740 4820 937 4892 operis
958 4837 1197 4877 summa
1215 4823 1635 4896 comprobavit
1658 4843 1670 4879 :
1696 4824 1920 4897 quippe
1943 4824 2067 4896 qui,

407 4910 509 4967 ubi
543 4910 642 4966 Dei
674 4910 918 4967 scientia
942 4910 1165 4967 meritis
1195 4913 1462 4979 accessit,
1495 4914 1768 4970 sobolem
1826 4929 2068 4984 regene-

405 5000 651 5056 rationis
685 5000 885 5056 edidit.
923 5004 1040 5057 Hoc
1070 5001 1249 5071 igitur
1273 5002 1456 5058 modo
1490 5003 1682 5059 ﬁdelis
1730 5003 1789 5058 in
1850 5004 2064 5075 Bajoa-

406 5091 523 5146 rios
579 5090 750 5159 ﬁnes,
803 5091 904 5164 qui
953 5092 1265 5148 meridiem
1324 5108 1554 5163 versus,
1616 5093 1865 5165 Alpibus
1912 5111 1924 5160 ;
1988 5094 2065 5149 ad

405 5179 693 5235 orientem
727 5181 937 5251 Ungris
971 5200 983 5248 ;
1014 5181 1093 5237 ad
1125 5182 1472 5253 aquilonem
1501 5198 1644 5239 vero
1678 5183 1932 5240 Hircano
1962 5200 2065 5239 ne-

404 5269 557 5324 mori
611 5268 862 5325 limitem
923 5271 1253 5327 Germaniae
1311 5271 1696 5343 protendunt,
1772 5286 1897 5329 non
1952 5273 2069 5329 hac

475 5406 556 5478 (2)
604 5404 835 5485 ljlaac_in
861 5422 974 5485 ms.
1010 5407 1127 5485 alia
1155 5408 1346 5466 littera
1375 5410 1436 5465 in
1466 5410 1743 5485 margine
1767 5411 2067 5485 adscripta

404 5477 642 5534 fuerant
674 5494 686 5532 :
717 5477 862 5533 Haec
890 5484 972 5533 est
999 5480 1208 5536 civitas
1256 5496 1435 5539 auam
1484 5477 1627 5538 olim
1694 5477 1986 5539 Teutones
2026 5499 2063 5538 a

408 5549 706 5633 germano
734 5549 1228 5633 sipeﬁermanjco
1258 5549 2058 5633 Germanis/ieinzrocabant.

404 5618 605 5688 Hujus
627 5621 982 5678 vocabulum
1007 5623 1306 5681 modernis
1328 5624 1689 5696 temporibus
1721 5626 1932 5696 lingua
1960 5640 2063 5680 no-

2192 1723 2249 1773 et
2278 1715 2521 1771 natione
2550 1713 2838 1787 exposita,
2869 1712 3195 1768 incolatum
3224 1710 3408 1767 nativi
3440 1709 3671 1766 liminis
3721 1724 3819 1781 pro-

2192 1810 2396 1877 pterea
2424 1802 2756 1857 deseruisse
2782 1817 2843 1856 se
2891 1799 3212 1872 perhibuit,
3262 1802 3326 1853 ut
3376 1796 3705 1853 Pannonia:
3743 1808 3819 1865 po

2191 1894 2388 1967 pulos,
2428 1891 2529 1965 qui
2590 1889 2790 1961 gentili
2846 1889 3070 1946 feritate
3124 1887 3322 1943 adhuc
3404 1886 3814 1949 effremuerant,

2192 1979 2485 2036 conditori
2541 1977 2769 2035 Christo
2819 1975 3246 2045 reconciliaret,
3308 1978 3366 2031 et
3427 1974 3498 2029 in
3560 1974 3673 2029 hoc
3709 1987 3814 2043 pro

2192 2070 2390 2144 posito
2448 2084 2618 2123 suam
2669 2067 3016 2137 conjurasse
3073 2064 3449 2128 sententiam,
3516 2066 3581 2118 ut
3607 2059 3811 2117 autvoti

2193 2172 2442 2230 compos
2490 2155 2929 2228 professionem
2988 2153 3119 2208 vitae
3170 2168 3309 2207 cum
3338 2150 3653 2206 fructuosa
3697 2162 3811 2221 pace

2191 2244 2407 2313 ﬁniret,
2432 2248 2535 2299 aut
2568 2242 2786 2297 devoto
2830 2240 3175 2304 certamine,
3206 2238 3575 2308 sanguinem
3626 2240 3808 2307 martyr

2190 2334 2541 2389 effunderet.
2604 2332 2695 2386 Ad
2746 2332 2873 2386 haec
2917 2330 3121 2385 divino
3177 2328 3425 2385 consilio
3490 2329 3805 2400 praeventus,

2189 2425 2489 2494 duxintit,
2522 2439 2584 2478 se
2618 2427 2740 2477 tam
2785 2421 2886 2493 pio
2944 2419 3140 2475 studio
3200 2418 3346 2475 nihil
3374 2433 3699 2491 opponere,
3743 2413 3806 2469 ni-

2189 2514 2273 2570 hil
2322 2518 2497 2570 tantae
2550 2510 2749 2566 virtuti
2773 2510 3041 2565 resistere
3074 2508 3224 2575 ;nisi
3253 2507 3420 2581 quod
3468 2502 3803 2563 commeandi

2190 2603 2535 2660 facultatem
2612 2599 3059 2673 impossibilitas
3129 2598 3409 2671 quaedam
3497 2597 3801 2659 Obstrueret,

2189 2697 2433 2767 propter
2470 2689 2837 2746 discordiam
2904 2687 3142 2755 scilicet,
3188 2692 3244 2743 et
3285 2686 3538 2756 longam
3586 2686 3721 2741 inter
3756 2697 3801 2736 se

2190 2788 2248 2839 et
2317 2785 2536 2836 Avares
2619 2778 2916 2834 bellorum
2996 2775 3488 2841 controversiam,
3570 2775 3703 2829 ﬁnes
3755 2772 3798 2826 in

2186 2877 2438 2944 utroque
2463 2869 2646 2925 limite
2676 2868 2963 2934 desertos,
2995 2867 3077 2921 ita
3120 2870 3186 2921 ut
3237 2866 3394 2921 circa
3443 2865 3673 2920 Anesim
3711 2862 3797 2917 ﬂu-

2186 2961 2352 3015 vium
2382 2957 2563 3014 urbes
2593 2961 2649 3011 et
2668 2956 2799 3011 loca
2829 2955 2972 3010 olim
3004 2953 3354 3022 cultissima,
3405 2953 3581 3008 tantis
3619 2949 3796 3007 bestia-

2131 3028 2149 3047 λ
2186 3065 2321 3105 rum
2366 3045 2841 3103 immanitatibus
2862 3045 3193 3114 horrerent,
3225 3059 3299 3098 ne
3340 3042 3630 3098 viantibus
3672 3039 3793 3095 ullus

2188 3135 2534 3194 transeundi
2564 3134 2760 3191 aditus
2789 3137 3016 3206 pateret
3044 3150 3057 3188 :
3115 3147 3357 3188 monere
3414 3138 3605 3188 autem
3626 3129 3791 3203 potius

2186 3232 2241 3283 et
2267 3225 2623 3299 supplicare,
2656 3227 2955 3296 quatenus
2991 3222 3155 3294 apud
3208 3237 3268 3276 se
3295 3238 3552 3294 suosque
3572 3222 3626 3273 Β.
3656 3222 3789 3274 Pater

2185 3316 2407 3372 morari
2437 3314 2802 3383 dignaretur,
2825 3328 2981 3384 quos
3012 3316 3133 3367 tam
3191 3311 3369 3367 rudes
3414 3316 3469 3367 et
3523 3306 3785 3381 imperfec-

2188 3411 2277 3461 tos
2309 3405 2369 3459 in
2398 3404 2516 3459 ﬁde
2548 3400 2831 3475 praeteriri
2857 3401 2949 3456 fas
2995 3416 3119 3456 non
3147 3404 3339 3455 esset:
3389 3400 3623 3455 maxime
3666 3411 3780 3451 cum

2185 3495 2276 3550 isti
2308 3493 2711 3549 necessarium
2739 3494 3034 3563 optarent,
3066 3496 3124 3545 et
3151 3489 3230 3545 illi
3262 3490 3403 3544 forte
3421 3486 3572 3561 quasi
3595 3500 3773 3556 super-

2185 3584 2374 3638 ﬂuum
2437 3585 2802 3636 recusarent.
2872 3578 3208 3634 Provideret
3272 3583 3450 3634 autem
3508 3590 3572 3630 ne
3610 3571 3763 3627 indis-

2184 3676 2343 3728 creta
2368 3671 2560 3744 pietas
2591 3669 2909 3743 praemium
2940 3668 3253 3738 amitteret,
3285 3668 3329 3723 si
3352 3667 3559 3721 otierret
3596 3660 3765 3717 invitis

2186 3761 2451 3829 taedium,
2534 3760 2636 3834 qui
2709 3758 3051 3813 volentibus
3107 3764 3341 3830 poterat
3393 3757 3580 3813 aﬁ'erre
3602 3749 3775 3826 praesi-

2182 3851 2393 3906 dium:
2452 3865 2603 3905 neve
2661 3848 2744 3903 sic
2792 3847 3062 3916 diligeret
3114 3847 3353 3920 impios,
3404 3850 3467 3901 ut
3512 3842 3780 3915 negligeret

2182 3940 2333 4014 pios.
2360 3938 2457 3994 Vir
2513 3942 2713 3994 autem
2748 3936 2868 4006 Dei,
2896 3936 2955 3991 in
2992 3952 3099 3991 sua
3131 3935 3422 3991 sententia
3448 3934 3610 4000 ﬁxus,
3649 3926 3782 3986 nullo

2182 4033 2334 4085 nutu
2402 4026 2688 4083 declinari
2758 4025 2969 4097 potuit,
3036 4031 3100 4081 ut
3170 4024 3331 4080 aliud
3406 4024 3585 4091 vellet,
3636 4032 3782 4092 quam

2182 4118 2348 4192 quod
2400 4119 2707 4189 cmperat;
2766 4114 2883 4169 nisi
2937 4114 3085 4169 forte
3135 4114 3390 4169 caelestis
3416 4113 3785 4169 obviaretcen—

2183 4225 2335 4264 sume
2382 4204 2793 4262 contradictio.
2829 4204 3058 4269 Quibus
3092 4203 3349 4276 acceptis
3375 4204 3547 4258 ducis
3571 4198 3783 4275 pruden-

2184 4284 2265 4352 tia
2314 4293 2643 4368 populique
2673 4292 3003 4364 frequentia
3029 4309 3167 4347 cum
3214 4292 3646 4348 exhortationes
3687 4287 3786 4356 ejus

2183 4384 2511 4441 adientium
2542 4380 2844 4437 mentibus
2891 4385 2949 4436 et
2998 4380 3293 4452 pabulum
3330 4379 3603 4436 sufﬁcere
3624 4371 3785 4433 docili-

2183 4478 2317 4540 tate,
2351 4475 2407 4527 et
2435 4469 2750 4526 dulcedine
2772 4468 3136 4524 desiderium
3188 4470 3623 4542 conspicerent,
3670 4461 3790 4519 salu-

2181 4569 2300 4619 tem
2357 4578 2554 4623 suam,
2608 4576 2793 4633 quam
2852 4558 3285 4631 supplicatione
3342 4575 3465 4613 non
3545 4556 3788 4632 poterant,

2179 4652 2468 4708 violenter
2489 4649 2890 4714 obtinuerant,
2919 4652 2976 4703 et
3006 4664 3079 4702 ex
3109 4646 3306 4702 verbis
3339 4646 3675 4713 Salvatoris,
3696 4641 3791 4696 vim

2178 4759 2433 4816 passum
2482 4744 2569 4795 est
2621 4754 2876 4809 regnum
2933 4737 3213 4794 caelorum
3273 4737 3511 4808 (Matth.
3560 4738 3652 4807 x1).
3677 4736 3789 4790 Nam

2179 4829 2522 4903 egrediendi
2552 4826 2948 4901 provinciam,
2980 4843 3053 4882 ne
3070 4826 3250 4883 beato
3276 4826 3403 4882 viro
3433 4825 3663 4883 occasio
3687 4835 3791 4895 pro—

2178 4921 2423 4985 veniret,
2479 4917 2874 4985 obstiterant;
2922 4920 2978 4971 et
3026 4914 3180 4971 bene
3227 4914 3543 4988 prtevaluit
3568 4916 3792 4971 humana

2178 5008 2595 5083 praesumptio,
2651 5023 2775 5079 quo
2820 5021 2895 5061 ex
2951 5005 3110 5060 fonte
3155 5005 3286 5076 ejus
3334 5003 3541 5060 salutis
3571 4995 3791 5059 ascendit

2178 5096 2460 5153 conditio.
2510 5100 2581 5151 At
2633 5099 2801 5151 Pater
2844 5098 3104 5159 sanctus,
3138 5108 3323 5166 quem
3351 5090 3635 5165 prohibiti
3659 5083 3788 5144 callis

2176 5181 2394 5254 injuria
2456 5180 2852 5247 conturbavit,
2917 5178 3215 5234 aestimare
3281 5178 3478 5249 coepit,
3539 5173 3788 5250 quidnam

2175 5272 2303 5328 haec
2323 5271 2503 5343 justaa
2534 5269 2823 5328 voluntati
2852 5266 3175 5324 difﬁcultas
3203 5266 3383 5324 obvia
3431 5262 3787 5339 portenderet.

3574 5405 3669 5458 ita:
3700 5395 3789 5450 R0-

2174 5416 2303 5466 stra
2333 5410 2741 5481 Reganisbure
2765 5408 3106 5489 teutonisat,
3139 5421 3320 5476 quam
3348 5405 3669 5529 antiz'zlfita:
3700 5405 3787 5479 ξω·

2174 5496 2376 5529 mana-
2408 5487 2477 5529 ut
2512 5481 2754 5529 anillam
2804 5481 3042 5529 serimus
3100 5483 3419 5529 testantur.
3551 5475 3787 5529 burmam

2174 5496 2377 5551 mana,
2408 5487 2477 5537 ut
2512 5481 2754 5552 quidam
2804 5480 3042 5548 scriptis
3100 5483 3419 5547 testantur,

2175 5553 2487 5610 vocabant.
