3984 6180
207 242 311 295 977

1552 242 1716 296 VlTA
1755 242 1812 295 Β.
1856 240 2293 301 EMMERAMMI.

3530 257 3634 308 978

205 362 469 420 maxime
503 378 643 418 cum
672 377 708 419 δ.
732 362 868 418 sinu
895 364 1154 420 veritatis
1186 365 1443 422 strenuis
1470 365 1623 422 votis
1659 364 1863 437 placa-
1896 366 1943 417 A
1972 365 2057 421 ire
2081 369 2537 439 permitteretur,
2566 369 2821 427 ccelestis
2862 370 3013 427 aulae
3038 371 3380 443 janitorem,
3410 380 3474 431 ut
3502 376 3632 449 pul-

201 451 341 508 bilis
361 451 801 525 promitteretur
825 451 1087 522 effectus,
1106 470 1289 527 quem
1314 454 1444 527 ipse
1470 470 1714 528 quoque
1741 469 1866 508 non

202 541 445 598 inﬁrma
496 541 614 596 ﬁde
654 547 1135 615 prosequeretur.
1168 544 1305 600 Haec
1348 545 1674 614 agitantem
1706 542 1868 598 subit

203 630 552 703 exemplum
596 630 1028 703 apostolorum,
1061 649 1218 706 quos
1258 637 1361 690 aut
1403 632 1730 706 responsis,
1764 635 1868 688 aut

203 719 654 777 difﬁcultatibus
676 737 937 793 superna
961 722 1295 780 moderatio
1321 740 1481 779 nunc
1502 727 1559 780 et
1583 723 1661 779 ad
1686 738 1866 795 quas-

201 810 350 865 dam
394 813 599 879 gentes
628 809 804 879 misit,
836 826 998 866 nunc
1046 828 1082 868 a
1119 812 1487 885 quibusdam
1537 810 1862 885 prohibuit.

202 898 545 955 Gratulatus
594 915 757 971 ergo,
805 917 1078 973 supernae
1124 902 1505 974 dispositioni
1551 901 1868 975 supposuit

202 988 499 1058 animum,
528 993 584 1044 et
613 989 802 1059 gentis
848 990 1045 1046 studio
1094 992 1351 1063 praebuit
1392 1007 1779 1060 consensum,
1811 995 1867 1047 et

200 1076 269 1132 in
295 1075 465 1132 altari
507 1076 857 1134 obedientiae
888 1081 1004 1135 Deo
1035 1080 1351 1135 consilium
1392 1079 1600 1136 salutis
1630 1080 1865 1136 oblatu-

201 1183 328 1233 rus,
360 1170 569 1222 mutua
598 1183 659 1222 se
689 1168 973 1225 charitate
1003 1169 1231 1242 populo
1262 1169 1549 1238 devinxit,
1573 1171 1743 1241 cujus
1769 1168 1869 1224 de-

200 1255 431 1311 votioni
468 1256 812 1313 conﬂictum
859 1258 1172 1315 ministerii
1221 1259 1312 1315 sui
1341 1260 1520 1317 etiam
1548 1258 1679 1315 vitae
1708 1258 1865 1332 peri-

202 1344 342 1401 culo
371 1344 664 1402 difﬁnivit.

846 1481 1079 1537 CAPUT
1118 1482 1227 1537 VlI.

278 1588 522 1644 Romam
554 1590 685 1645 vult
716 1589 819 1645 ire.
848 1621 917 1629 —
965 1592 1144 1646 Erant
1169 1594 1370 1647 autem
1401 1595 1747 1647 memoratae
1791 1590 1867 1647 ci-

202 1676 403 1733 vitatis
446 1682 504 1733 et
541 1678 749 1752 patriae
801 1679 979 1735 totius
1027 1680 1242 1736 accolae
1286 1679 1592 1737 afﬂuentia
1618 1681 1865 1754 quidem

204 1766 533 1823 mundana;
564 1767 854 1824 felicitatis
878 1767 1151 1832 illustres,
1182 1770 1288 1825 sed
1319 1769 1550 1825 noviter
1575 1770 1652 1825 ad
1681 1770 1865 1826 ﬁdem

205 1855 472 1922 adducti,
504 1856 732 1912 delusaa
759 1859 1069 1913 vetustatis
1122 1859 1360 1915 frutices
1402 1860 1676 1915 nondum
1705 1859 1864 1915 radi-

206 1944 359 2000 citus
391 1945 818 2018 exstirpabant,
837 1950 894 2002 et
918 1948 1412 2003 consuetudinem
1444 1949 1724 2004 tenaciter
1744 1949 1865 2005 ha:-

204 2037 438 2089 rentem
483 2033 822 2104 ignorantia
874 2036 1037 2091 fovit.
1090 2035 1181 2091 Ad
1240 2037 1407 2109 quod
1463 2053 1617 2110 opus
1660 2038 1867 2094 omnia

203 2120 567 2179 ferramenta
595 2124 945 2180 Christianae
997 2124 1298 2195 religionis
1345 2126 1630 2182 robustus
1674 2127 1865 2183 cultor

201 2210 590 2281 succingitur,
622 2217 679 2268 et
705 2213 916 2268 excisis
945 2214 1255 2270 inutilibus
1280 2215 1621 2288 paganismi
1654 2234 1863 2273 surcu-

194 2296 308 2366 lis,
363 2299 607 2370 erigitur
660 2307 1105 2358 sacramentum
1152 2303 1313 2371 ﬁdei,
1364 2305 1529 2376 quod
1584 2306 1864 2363 universo

188 2388 437 2459 justitiae
465 2388 611 2445 ﬂore
639 2390 923 2462 distinxit,
955 2397 1012 2449 et
1052 2396 1342 2466 quoniam
1388 2411 1677 2466 magnam
1708 2396 1865 2452 circa

193 2477 631 2550 perﬁciendam
663 2483 782 2535 Deo
825 2481 1066 2554 plebem
1106 2481 1406 2539 solertiam
1456 2483 1685 2552 habuit,
1716 2484 1864 2540 luci-

192 2568 456 2624 dissimo
510 2570 981 2626 conversationis
1027 2572 1304 2644 exemplo
1340 2572 1599 2629 formam
1627 2573 1866 2630 vivendi

193 2657 478 2730 praebuit,
518 2661 575 2713 et
626 2658 987 2715 suavissimo
1036 2660 1325 2732 loquendi
1368 2661 1554 2717 modo
1606 2662 1861 2719 edocuit.

194 2746 371 2803 Unde
398 2762 524 2803 non
546 2746 880 2804 sufficiebat
900 2754 1025 2805 tam
1046 2749 1277 2806 ardenti
1296 2750 1561 2823 lampadi
1585 2768 1864 2809 normam

190 2835 645 2909 praedicationis
676 2838 1074 2893 communiter
1099 2838 1397 2908 exhibere,
1420 2840 1567 2912 quin
1592 2841 1864 2897 omnium

192 2940 404 2980 mores
427 2925 676 2992 notavit,
709 2926 981 2981 omnium
1014 2926 1255 2997 ingenia
1281 2928 1582 2986 discussit.
1622 2931 1863 3003 Deposi-

192 3020 264 3069 ta
308 3029 433 3070 non
481 3014 848 3084 auctoritate,
880 3015 987 3071 sed
1035 3016 1349 3085 rigiditate,
1392 3018 1471 3073 ad
1517 3019 1861 3075 intrandam

192 3104 499 3176 cujusque
528 3103 742 3176 privati
764 3103 1017 3161 domum
1039 3107 1429 3163 reverentiam
1460 3109 1863 3182 episcopalem

192 3193 561 3249 humiliavit.
616 3197 678 3249 In
722 3195 1002 3263 Ecclesia,
1034 3213 1170 3269 quae
1215 3198 1562 3255 communia
1604 3198 1861 3266 fuerunt,

195 3282 521 3350 ordinavit,
555 3283 719 3356 apud
751 3284 1018 3354 singulos
1048 3285 1123 3340 de
1162 3286 1416 3358 propriis
1464 3287 1743 3343 admissis
1775 3287 1863 3342 di-

197 3371 514 3445 sceptavit,
542 3376 599 3427 et
631 3388 991 3443 cognoscere
1035 3391 1199 3443 suos,
1231 3379 1287 3430 et
1324 3392 1360 3431 a
1409 3376 1533 3431 suis
1563 3376 1862 3447 cognosci,

200 3461 360 3516 sicut
409 3466 616 3534 pastor
664 3464 865 3519 bonus
904 3464 1133 3534 maluit,
1174 3481 1248 3520 ne
1294 3465 1662 3521 taciturnitas
1713 3465 1866 3521 vitiis

198 3550 569 3623 permitteret
619 3569 960 3624 assensum,
1001 3558 1347 3627 perurgeret
1391 3554 1713 3610 interitum.
1754 3554 1864 3610 lta-

200 3655 324 3711 que
347 3654 529 3696 nemo
560 3642 933 3698 subditotum
960 3643 1088 3713 ejus
1110 3648 1255 3713 erat,
1277 3643 1380 3715 qui
1407 3642 1501 3699 vel
1531 3644 1604 3699 de
1635 3645 1865 3701 actibus

201 3727 303 3782 vel
335 3744 371 3783 a
399 3729 591 3785 verbis
621 3730 910 3801 magistri,
943 3731 1164 3787 lineam
1196 3733 1562 3788 rectitudinis
1601 3750 1722 3789 non
1755 3740 1867 3790 tra-

203 3815 393 3873 heret.
412 3818 662 3875 Proinde
688 3819 935 3875 celebris
965 3819 1045 3875 illi
1076 3819 1183 3874 fuit
1213 3821 1509 3876 contentio
1535 3822 1868 3878 sobrietatis

202 3922 346 3961 cum
379 3906 599 3974 sobrio,
635 3909 1071 3965 extenuationis
1110 3925 1249 3964 cum
1292 3909 1522 3977 humili,
1554 3910 1869 3967 liberalita-

200 3996 278 4051 tis
308 4012 449 4052 cum
479 3998 780 4054 omnibus.
808 4001 1023 4054 Verum
1053 3998 1113 4053 in
1144 4003 1529 4054 contumaces
1564 4001 1871 4069 magnani-

202 4103 309 4142 mo
332 4092 554 4144 conatu
578 4089 830 4145 surrexit
859 4092 916 4144 et
946 4088 1354 4162 superciliosae
1384 4090 1732 4162 procacitati
1763 4091 1872 4145 vir-

204 4192 350 4247 gam
399 4178 768 4235 auctoritatis
813 4179 1084 4250 intendit,
1117 4196 1286 4253 spem
1316 4179 1470 4235 votis
1500 4195 1868 4253 prOponens,

202 4271 271 4323 ut
298 4267 361 4322 in
391 4268 505 4324 hac
535 4284 676 4325 area
724 4269 1065 4326 certaminis
1102 4285 1209 4342 per
1251 4268 1557 4325 diversum
1587 4285 1866 4340 agonem,

1975 455 2266 514 sationem
2297 459 2425 530 [al.,
2459 458 2985 533 supplicationem]
3026 477 3201 518 suam
3225 462 3635 522 intromitteret

1976 545 2441 618 supplicaturus.

2605 631 2829 685 CAPUT
2866 632 3002 686 VIII.

2044 714 2196 784 Ejus
2231 716 2662 784 praedictiones.
2694 749 2763 758 ——
2804 717 2926 775 Sub
2954 717 3117 774 idem
3158 723 3395 792 tempus
3431 720 3636 777 invida

1972 819 2113 877 pars
2161 820 2445 876 supremo
2483 821 2811 875 congressu
2852 812 3017 864 tanto
3065 807 3458 881 periculosius
3498 826 3637 867 con-

1974 890 2227 962 ﬂictura,
2256 897 2485 965 quanto
2516 893 2832 961 gloriosius
2870 901 2995 953 erat
3022 896 3337 961 vincenda,
3374 897 3635 954 subdola

1974 980 2289 1036 occasione
2318 985 2516 1050 nacta,
2548 981 2661 1037 tale
2693 983 3005 1054 pugnandi
3031 1000 3219 1055 genus
3248 983 3495 1054 invenit,
3528 984 3635 1040 ubi

1974 1073 2079 1124 aut
2099 1068 2329 1125 viscera
2355 1069 2656 1125 charitatis
2685 1071 3076 1140 occludenda,
3109 1077 3213 1128 aut
3255 1073 3506 1129 infamia
3535 1090 3631 1130 sa-

1974 1157 2057 1213 cri
2087 1158 2334 1228 ordinis,
2367 1159 2429 1214 in
2484 1159 2755 1215 Ecclesiae
2801 1161 3177 1232 scandalum,
3218 1161 3367 1218 foret
3406 1164 3630 1236 displo-

1974 1247 2193 1303 denda.
2228 1251 2376 1304 Nam
2431 1264 2615 1320 supra
2665 1249 2983 1305 memorati
3024 1250 3308 1322 principis
3353 1250 3496 1321 ﬁlia,
3528 1267 3632 1307 no-

1972 1335 2135 1391 mine
2166 1339 2293 1407 Uta,
2325 1353 2359 1392 a
2391 1336 2711 1407 cujusdam
2735 1337 2955 1408 judicis
2984 1336 3107 1393 ﬁlio
3141 1338 3442 1407 Sigibaldo
3474 1354 3636 1394 com-

1972 1440 2200 1497 pressa,
2234 1429 2532 1481 consuetae
2585 1426 2969 1498 turpitudinis
3015 1426 3318 1482 maculam
3348 1430 3517 1483 utero
3544 1426 3636 1482 in-

1974 1520 2374 1585 gravescente,
2408 1514 2808 1583 detegendam
2838 1531 2961 1571 non
3001 1515 3198 1571 solum
3229 1515 3637 1586 generositatis

1973 1603 2221 1670 damno,
2241 1620 2449 1659 verum
2479 1605 2661 1660 etiam
2692 1621 2975 1661 mcnsura
2996 1607 3204 1661 mortis
3236 1605 3634 1677 ponderabat.

1907 1720 1944 1772 B
1976 1693 2127 1758 Quid
2160 1694 2466 1749 facerent?
2498 1694 2663 1766 quod
2694 1694 3014 1750 consilium
3043 1696 3367 1767 caperent?
3399 1698 3636 1767 tempus

1974 1780 2229 1851 urgebat
2276 1787 2539 1854 partum,
2590 1786 2646 1837 et
2691 1782 2868 1855 culpa
2913 1782 3261 1839 minabatur
3312 1783 3636 1840 interitum.

1977 1872 2335 1943 Supererant
2367 1871 2493 1927 sola
2540 1871 2602 1926 in
2649 1871 2811 1927 beati
2858 1872 3288 1927 Emmerammi
3317 1876 3374 1927 et
3421 1872 3637 1944 pietate

1972 1959 2215 2027 ﬁducia,
2249 1965 2304 2016 et
2356 1960 2416 2016 in
2468 1960 2777 2016 sanctitate
2825 1960 3094 2016 consilia.
3133 1962 3255 2016 Huc
3298 1960 3637 2033 desperatio

1973 2048 2198 2121 pallida
2224 2048 2611 2121 provolvitur,
2628 2049 2811 2120 pedes
2842 2048 3175 2104 osculando
3196 2048 3634 2119 demulcentur,

1975 2136 2199 2192 crimen
2229 2136 2567 2210 exponitur,
2600 2137 2775 2192 venia
2801 2141 3065 2207 rogatur.
3107 2139 3411 2192 Postremo
3449 2135 3525 2191 de
3556 2135 3639 2191 vi-

1975 2228 2046 2280 tae
2100 2225 2365 2281 remedio
2418 2225 2520 2297 pia
2572 2224 2897 2297 paternitas
2940 2224 3294 2293 consulitur,
3347 2228 3637 2295 tantoque

1975 2313 2192 2370 exstitit
2233 2313 2672 2386 querelantium
2726 2312 2943 2368 modus
2992 2312 3265 2382 ﬂebilior,
3298 2315 3524 2383 quanto
3563 2311 3638 2365 de

1977 2401 2259 2458 admissis
2288 2417 2607 2473 paenarum
2634 2399 2838 2473 opinio
2864 2398 3232 2472 praesentior.
3260 2402 3483 2454 Horum
3502 2397 3642 2454 bea-

1975 2497 2069 2548 tus
2119 2494 2287 2557 Pater
2342 2490 2602 2563 acceptis
2654 2488 2973 2559 gemitibus
3028 2489 3293 2561 compati
3338 2488 3518 2561 coepit
3553 2487 3641 2543 in-

1974 2580 2175 2648 terius,
2233 2584 2289 2634 et
2340 2579 2475 2634 licet
2528 2577 2848 2650 parturiret
2897 2576 3172 2649 spiritum
3228 2575 3472 2643 doloris,
3525 2576 3638 2631 ob-

1976 2669 2235 2724 ﬁrmavit
2300 2673 2501 2723 tamen
2566 2666 2794 2723 delictis
2856 2666 3071 2721 faciem
3131 2664 3478 2735 arguentis;
3535 2664 3637 2719 lae-

1976 2775 2112 2814 sum
2180 2757 2406 2830 quippe
2474 2757 2751 2826 ingenuae
2813 2754 3281 2827 regenerationis
3342 2751 3639 2826 pudorem

1975 2848 2235 2904 referens
2293 2846 2486 2917 magis
2533 2846 3011 2903 erubescendum
3060 2849 3117 2900 et
3163 2848 3450 2900 aeternam
3495 2841 3641 2914 justi

1969 2936 2189 3009 judicis
2219 2935 2804 2992 animadversionem
2835 2932 3245 2990 vehementius
3294 2948 3425 2988 esse
3462 2930 3644 3005 perti-

1978 3026 2382 3092 mescendam,
2417 3026 2679 3081 maxime
2709 3042 2845 3080 cum
2877 3025 3058 3096 hujus
3099 3023 3381 3097 temporis
3414 3020 3639 3095 suppli-

1978 3115 2069 3171 cia
2098 3115 2249 3170 sicut
2279 3114 2627 3185 quantitate,
2662 3113 2744 3168 sic
2792 3113 2973 3168 etiam
3017 3112 3096 3167 ab
3134 3111 3370 3169 aeternis
3401 3110 3639 3165 diversa

1977 3209 2133 3272 sunt,
2165 3203 2467 3276 qualitate.
2502 3201 2775 3272 Proinde,
2811 3201 2964 3257 sicut
3005 3217 3137 3256 mos
3168 3205 3273 3267 est,
3307 3197 3636 3271 paenitenti-

1974 3294 2090 3349 bus
2129 3292 2290 3348 viam
2319 3290 2815 3347 reconciliationis
2846 3289 3122 3356 ostendit,
3156 3289 3283 3361 ipse
3331 3286 3451 3342 alto
3497 3285 3638 3341 dile-

1976 3382 2185 3438 ctionis
2214 3381 2463 3437 consilio
2494 3379 2799 3437 alteritatis
2828 3394 3013 3435 onera
3041 3381 3448 3450 suscepturus,
3470 3389 3640 3429 man-

1974 3471 2140 3527 davit
2168 3469 2469 3534 secretius,
2489 3473 2549 3525 ut
2581 3468 2886 3525 maculam
2918 3469 3075 3523 hanc
3093 3466 3156 3522 in
3181 3482 3243 3522 se
3264 3463 3636 3530 tranferrent,

1974 3577 2097 3635 quo
2128 3560 2358 3616 facilius
2386 3559 2646 3615 furorem
2674 3558 2845 3615 ducis
2870 3557 3223 3624 evaderent;
3248 3570 3431 3628 quem
3457 3568 3638 3609 nove-

1974 3656 2064 3707 rat
2092 3648 2544 3721 inexorabilem,
2577 3665 2716 3704 cum
2747 3646 3080 3718 ignominia
3110 3644 3443 3701 cumularet
3466 3642 3636 3698 dolo-

1974 3757 2120 3797 rem.
2168 3739 2281 3797 Sed
2309 3754 2385 3794 ne
2434 3737 2636 3811 pietati
2666 3736 3044 3810 providentia
3081 3735 3330 3801 deesset,
3363 3738 3420 3789 et
3460 3732 3636 3787 inno-

1976 3831 2170 3887 centia
2201 3834 2367 3885 muta
2418 3829 2604 3884 ﬁdem
2641 3833 2698 3884 et
2740 3827 3086 3898 exemplum
3136 3824 3326 3894 culpae
3365 3822 3635 3889 donaret,

1978 3921 2025 3975 si
2057 3918 2249 3975 alieno
2299 3917 2531 3973 crimini
2574 3920 2843 3971 sternens
2874 3915 3179 3977 humeros,
3210 3910 3272 3965 in
3310 3907 3638 3964 offendicu-

1976 4009 2105 4064 lum
2154 4007 2246 4062 sui
2293 4007 2505 4072 sileret,
2539 4003 2864 4060 testiﬁcata:
2893 3999 3151 4057 veritatis
3190 4003 3248 4053 et
3283 4012 3435 4051 verae
3487 3994 3640 4050 resti-

1982 4096 2259 4154 mationis
2305 4095 2504 4150 virum
2534 4090 2921 4146 Wolﬂaicum
2960 4087 3290 4162 quemdam
3329 4084 3638 4158 presbyte-

1978 4203 2115 4244 rum
2144 4182 2496 4240 familiarius
2526 4178 2796 4247 adscivit,
2826 4179 2922 4234 cui
2952 4180 3247 4234 secretum
3274 4191 3473 4241 suum,
3495 4190 3641 4247 qua-

1979 4280 2153 4332 tenus
2177 4272 2378 4328 divina
2402 4268 2763 4325 revelatione
2794 4268 3063 4333 noverat,
3087 4264 3316 4321 cautius
3341 4263 3635 4336 exposuit.

202 4356 577 4430 quandoque
622 4358 959 4431 perveniret
988 4358 1067 4414 ad
1096 4358 1386 4431 palmam.
1420 4358 1519 4413 His
1564 4364 1622 4415 et
1649 4360 1868 4415 horum
1899 4426 1934 4431 _
1982 4368 2132 4421 Nam
2169 4360 2319 4417 dixit
2364 4357 2681 4415 articulum
2720 4356 2853 4412 vitae
2892 4353 3201 4427 praesentis
3242 4358 3488 4427 propter
3535 4352 3640 4408 cri-

208 4426 506 4502 similibns
560 4426 667 4521 pe-r
741 4447 1060 4504 triennium
1115 4448 1267 4505 ﬁnes
1325 4448 1613 4519 Bajoariae
1670 4449 1867 4521 perlu-
1899 4426 1944 4480 D
1983 4469 2124 4509 men
2174 4450 2438 4508 alienum
2468 4447 2701 4503 diverso
2750 4461 2811 4501 se
2842 4444 3111 4501 cruciatu
3149 4458 3552 4515 egressurum,
3585 4444 3642 4495 et

212 4538 426 4605 strans,
486 4536 566 4592 ad
616 4537 861 4593 laudem
914 4537 1166 4593 caelestis
1218 4538 1424 4611 patriae
1480 4554 1603 4595 non
1667 4538 1872 4595 ultima

206 4641 353 4699 pars
405 4642 783 4698 accessurus,
832 4644 941 4701 per
999 4628 1292 4699 spiritum,
1338 4629 1441 4701 qui
1489 4628 1752 4701 loquitur
1793 4628 1873 4684 ad

205 4732 316 4772 cor
362 4716 751 4784 Hierusalem,
810 4717 890 4772 ad
945 4717 1108 4773 littus
1175 4723 1405 4773 aeternae
1460 4718 1674 4791 quietis
1731 4722 1876 4774 tem-

206 4821 362 4879 pora
416 4822 527 4862 sua
578 4807 707 4877 jam
778 4807 909 4877 jam
971 4806 1255 4863 declinari
1311 4809 1638 4880 praesensit,
1698 4812 1755 4863 et
1808 4811 1874 4863 ut

200 4893 396 4966 judici
426 4894 691 4967 pulsanti
720 4895 1054 4968 expeditius
1079 4896 1354 4968 aperiret,
1385 4896 1654 4968 pervigili
1683 4900 1874 4952 custo-

208 4983 315 5039 dia
339 4984 694 5040 insidiosum
727 4989 961 5059 tempus
993 4985 1400 5059 exspectabat,
1422 5002 1496 5042 ne
1527 5003 1761 5044 moram
1791 4986 1874 5042 fa-

209 5072 403 5129 ciente
452 5089 700 5146 sponso,
733 5074 1019 5145 fragilitas
1061 5074 1429 5131 obdormiret
1476 5075 1765 5133 humana.
1811 5079 1877 5132 Et

207 5162 359 5236 quia
422 5168 672 5220 noverat
736 5163 1079 5233 fatigatione
1137 5166 1405 5235 corporis
1473 5166 1875 5222 excitatiorem

210 5252 488 5309 animum
519 5252 707 5321 reddi,
732 5257 789 5310 et
811 5254 875 5309 in
901 5251 1154 5323 negotiis
1176 5252 1441 5308 honestae
1467 5254 1877 5311 sollicitudinis

211 5341 418 5399 minus
474 5342 763 5416 obrepere
823 5358 1108 5399 somnum
1164 5341 1509 5415 pigredinis,
1557 5348 1683 5398 tum
1732 5360 1879 5416 prae-

208 5437 379 5489 terea
441 5437 742 5505 quatenus
808 5432 870 5488 in
935 5432 1033 5489 via
1098 5430 1275 5487 bonae
1341 5431 1681 5488 intentionis
1738 5449 1877 5488 eum

212 5522 382 5578 fraus
404 5522 647 5579 inimica
674 5523 960 5579 calcaneo
991 5525 1323 5577 calceatum
1345 5525 1402 5576 et
1426 5525 1670 5576 cautum
1695 5521 1879 5577 offen-

212 5611 402 5681 deret,
433 5611 736 5669 licentiam
766 5630 801 5669 a
828 5611 980 5668 duce
1007 5612 1228 5685 pariter
1257 5616 1313 5667 et
1336 5609 1565 5683 populo
1581 5609 1877 5682 quaesivit,

210 5706 517 5775 quatenus
532 5705 786 5762 Romam
806 5702 885 5759 ad
903 5702 1217 5759 beatorum
1235 5700 1444 5759 limina
1465 5699 1875 5777 apostolorum

1979 4557 2193 4615 pinnas
2223 4554 2333 4612 pro
2361 4534 2630 4609 quadam
2652 4534 2792 4591 ﬁcta
2824 4533 3002 4606 culpa
3030 4548 3093 4587 se
3118 4531 3413 4586 laturum:
3446 4531 3643 4615 rogat-

1980 4612 2099 4703 que
2124 4633 2188 4684 ut
2216 4631 2353 4701 post
2382 4624 2615 4682 obitum
2654 4640 2833 4680 suum
2872 4621 3100 4678 cunctis
3138 4615 3407 4703 Ecclesia:
3446 4612 3641 4703 gradi-

1979 4700 2095 4775 bus
2123 4700 2452 4786 denuntiet,
2477 4730 2551 4770 ne
2582 4713 2717 4785 quis
2746 4710 2931 4766 ﬁdem
2961 4708 3143 4778 hujus
3171 4702 3434 4760 infamiae
3463 4700 3538 4755 de
3568 4715 3639 4755 eo

1982 4806 2303 4864 contendat
2330 4804 2574 4868 habere,
2606 4806 2662 4856 et
2688 4799 3026 4855 imitaturus
3052 4791 3396 4863 exemplum
3424 4786 3641 4860 impin-

1983 4903 2085 4967 gat
2129 4893 2581 4957 oﬂ‘endiculum,
2629 4906 2690 4945 se
2743 4891 2945 4945 autem
3001 4884 3141 4940 vivo
3198 4878 3483 4967 omnibus
3526 4878 3642 4933 hoc

1982 4966 2111 5043 esse
2140 4986 2399 5043 celatum
2431 4978 2773 5053 persuadet.
2817 4974 2991 5042 Quod
3018 4972 3113 5028 ille
3142 4970 3303 5025 idem
3331 4966 3643 5040 presbyter

1983 5078 2063 5134 ita
2106 5081 2169 5131 ut
2192 5075 2472 5145 jusserat,
2506 5065 2914 5125 testimonium
2952 5058 3295 5118 innocentia
3324 5058 3455 5128 ejus
3486 5060 3543 5112 et
3571 5055 3641 5111 ﬁ-

1984 5165 2190 5221 deliter
2233 5160 2434 5225 tacuit,
2468 5158 2616 5213 dum
2653 5152 2895 5219 debuit;
2946 5155 3002 5206 et
3040 5152 3241 5221 aperte
3271 5145 3639 5220 praedicavit,

1984 5268 2124 5310 cum
2154 5248 2370 5306 decuit.
2399 5250 2535 5303 Post
2557 5245 2687 5301 haec
2714 5246 2830 5299 Deo
2860 5239 3106 5309 dignus,
3138 5240 3383 5309 accepta
3406 5233 3645 5290 licentia

1984 5336 2271 5413 principis
2300 5341 2357 5391 et
2406 5332 2616 5408 populi
2657 5334 2930 5404 optatam
2978 5326 3227 5400 arripuit
3272 5325 3457 5392 viam,
3488 5327 3546 5379 et
3580 5325 3647 5378 ut

1985 5444 2096 5502 par
2124 5425 2252 5497 fuit,
2283 5440 2421 5480 cum
2445 5423 2607 5495 justo
2637 5419 2953 5477 deducitur
2981 5416 3216 5474 affectu.
3245 5418 3395 5471 Nam
3420 5429 3493 5468 ex
3515 5414 3646 5502 tota

1987 5500 2137 5576 urbe
2176 5515 2487 5587 utriusque
2531 5528 2709 5568 sexus
2754 5510 2946 5566 effusa
2998 5504 3318 5563 multitudo
3365 5500 3647 5575 precibus

1986 5605 2438 5681 lachrymisque
2467 5600 2849 5676 prosequitur
2874 5602 3137 5665 euntem,
3170 5598 3226 5651 et
3253 5594 3313 5649 in
3363 5590 3647 5681 omnibus

1995 5678 2343 5762 mensuram
2364 5692 2587 5752 doloris
2606 5688 2890 5767 expendit
2910 5686 3169 5763 pretium
3184 5686 3441 5758 acceptae
3463 5678 3651 5738 chari-
