3984 6180
380 227 484 280 979

1438 214 1865 274 MEGINFREDI
1904 212 2349 271 MAGDEBUBG.
2392 218 2752 274 MAGISTRL

3714 221 3795 275 980

378 347 533 414 tatis,
565 360 704 401 cum
750 341 969 415 pariter
1022 343 1078 395 et
1123 340 1373 397 minoris
1422 341 1671 399 fortunae
1710 337 2033 415 pOpulares
2071 338 2116 391 Α
2147 345 2453 396 momento
2479 342 2963 413 pertransit.esse
2990 342 3258 409 brevem,
3284 346 3341 397 et
3366 357 3658 414 poenam,
3688 358 3801 414 quae

379 442 483 499 aut
510 431 856 492 amovenda:
888 430 1260 504 paternitatis
1302 431 1532 489 damno
1564 432 1903 501 gemebant,
1937 430 2039 481 aut

379 542 489 599 pro
518 522 710 578 reditu
740 519 792 574 ei
819 524 956 575 vota
988 518 1397 590 geminabant,
1431 525 1488 575 et
1516 521 1595 576 ab
1622 536 1743 577 uno
1773 516 2035 577 dilectio-

376 614 469 669 nis
500 613 660 667 fonte
707 609 1159 681 lachrymarum
1190 609 1414 683 duplex
1455 609 1711 666 inundat
1741 607 2035 676 materies,

376 701 747 772 mixtamque
778 698 900 757 vim
928 698 1208 770 luctibus,
1239 703 1295 754 et
1320 698 1395 755 de
1432 698 1626 756 reditu
1663 698 1849 769 dupia
1877 712 2037 768 spes,

376 794 434 849 et
469 788 545 845 de
575 787 867 847 abscessu
898 786 1127 844 tristitia
1173 802 1439 859 praesens
1486 786 1883 845 administrat.
1922 786 2040 840 Hos

258 940 275 950 ,
378 878 495 948 ille,
531 877 681 935 sicut
707 879 957 932 noverat
993 875 1128 949 pius
1159 880 1383 948 pastor,
1415 875 1619 948 amplo
1650 876 2038 931 commenda-

378 967 555 1027 tionis
580 966 794 1023 ordine
824 964 1142 1034 demulcet,
1170 968 1227 1021 et
1254 964 1523 1023 salutatis
1554 965 1855 1034 omnibus,
1884 966 2038 1020 viam

378 1055 727 1126 ingreditur.

1036 1143 1264 1201 CAPUT
1301 1146 1387 1201 1X.

451 1253 633 1308 Ducis
661 1252 792 1320 ﬁlia
822 1256 1121 1320 stuprata.
1146 1282 1214 1290 —
1242 1252 1370 1316 Quo
1396 1251 1633 1320 longius
1659 1251 2037 1323 procedente,

382 1356 565 1414 supra
590 1340 733 1396 dicti
754 1340 926 1396 ducis
956 1339 1078 1395 ﬁlia
1103 1340 1407 1396 commissi
1448 1341 1683 1396 sceleris
1716 1341 2039 1413 publicata,

381 1436 439 1488 et
481 1434 617 1487 ante
647 1430 831 1503 patris
862 1430 1125 1486 tribunal
1159 1429 1497 1495 constituta,
1530 1430 1605 1485 de
1650 1434 1888 1485 auctore
1919 1432 2043 1483 tam

382 1520 665 1577 solemnis
689 1520 921 1592 injuriae
946 1518 1313 1575 convenitur.
1345 1522 1613 1591 Cumque
1637 1519 1760 1585 diu,
1788 1518 2045 1575 femineo

381 1614 566 1677 metu,
602 1608 842 1682 spiritus
881 1608 1313 1682 obtupesceret,
1355 1611 1412 1663 et
1456 1608 1786 1663 alternante
1834 1608 2045 1663 timore

382 1699 603 1773 pariter
628 1702 686 1753 et
714 1714 921 1754 amore
958 1698 1164 1770 lingua
1215 1698 1483 1763 hmreret,
1519 1696 1898 1765 arguentium
1936 1697 2045 1751 im-
2076 1693 2115 1745 Β

382 1791 524 1861 petu
573 1790 856 1854 coartata,
902 1785 961 1841 in
1017 1784 1350 1841 innocentis
1404 1785 1669 1857 episcopi
1721 1800 2044 1857 personam

2146 427 2329 484 vitam
2363 447 2688 502 perennem
2715 431 2902 497 affert,
2936 448 3063 486 esse
3093 430 3307 486 levem.
3338 430 3689 487 Discrimen
3719 438 3804 491 est.

2148 516 2359 591 inquit,
2388 537 2661 593 parvum,
2693 522 2900 576 mortis
2926 522 3107 591 hujus
3137 520 3307 587 hora,
3330 538 3529 594 quam
3559 520 3740 577 bonae
3758 522 3808 576 ii-

2146 606 2241 661 dei
2288 614 2495 681 pectus
2527 610 2675 666 dum
2706 610 2997 683 patienter
3034 610 3251 683 excipit
3279 611 3644 666 aeternitatis
3674 610 3809 666 desi-

2148 697 2311 751 derio
2344 699 2609 755 transilit.
2648 700 2809 755 Unde
2855 699 3181 754 videndum
3217 704 3305 755 est
3354 715 3428 755 ne
3484 714 3612 754 nos
3652 699 3810 755 timor

2151 788 2479 855 strangulet
2507 793 2832 861 antequam
2860 789 3087 844 timoris
3113 805 3297 846 causa
3324 788 3667 845 conveniat
3691 807 3703 854 ;
3733 791 3811 844 cui

2150 874 2197 929 si
2240 893 2457 931 manus
2498 878 2740 948 dantur,
2771 877 3163 951 periculosius
3211 879 3398 950 punit,
3431 895 3641 950 quam
3688 877 3813 934 inte-

2148 970 2431 1038 remptor.
2458 967 2556 1023 llic
2589 968 2805 1024 etenim
2833 984 2905 1023 ex
2928 968 3179 1024 adversa
3208 968 3412 1025 militia
3446 969 3706 1024 tetricus
3730 984 3814 1039 pa-

2148 1054 2285 1109 riter
2315 1060 2370 1110 et
2402 1058 2786 1129 turpissimus
2811 1058 3193 1130 proﬂigator;
3241 1074 3423 1130 quem
3448 1058 3556 1113 ille
3586 1058 3812 1131 ceperit,

2148 1149 2326 1201 antea
2367 1146 2619 1203 moritur
2648 1163 2835 1219 quam
2888 1147 3194 1220 puniatur.
3237 1148 3502 1216 Moritur,
3550 1148 3808 1220 inquam,

2150 1250 2272 1289 non
2328 1234 2523 1293 solum
2578 1237 2841 1308 turpiter,
2901 1252 3115 1292 verum
3170 1236 3507 1306 infeliciter,
3570 1237 3720 1309 quia
3765 1247 3813 1296 et

2151 1329 2363 1396 sponte
2395 1325 2571 1381 simul
2603 1331 2659 1381 et
2684 1327 2809 1381 sine
2844 1343 2949 1399 spe
2981 1327 3218 1383 tollitur.
3249 1327 3359 1393 Qui
3387 1326 3561 1385 enim
3592 1328 3809 1384 diversa

2151 1415 2273 1486 pati
2304 1431 2413 1487 pro
2438 1416 2665 1488 justitia
2691 1416 2905 1485 difidit,
2940 1421 2994 1471 et
3025 1417 3150 1471 sine
3180 1416 3297 1472 ﬁde
3326 1417 3595 1473 moritur
3621 1422 3678 1472 et
3706 1418 3808 1472 sine

2153 1502 2271 1557 ﬁne
2302 1504 2564 1576 punitur.

2810 1586 3036 1641 CAPUT
3072 1586 3157 1639 Xl.

2226 1674 2365 1727 Παλ*
2379 1673 2623 1741 juvenis
2646 1673 2831 1740 plecti
2850 1674 3044 1741 jubet.
3073 1704 3141 1712 —
3183 1672 3317 1728 Haec
3349 1689 3420 1729 eo
3457 1689 3802 1746 prosequen-

2158 1766 2208 1816 te
2240 1760 2511 1815 funestus
2542 1760 2753 1832 irrupit
2776 1761 3038 1831 juvenis,
3073 1765 3129 1816 et
3158 1765 3223 1816 ut
3252 1760 3310 1816 in
3340 1777 3412 1816 ea
3446 1762 3644 1817 domo
3680 1761 3802 1834 lapis

384 1850 645 1933 dedecus
695 1850 876 1930 suum
928 1874 1200 1945 conjecit.
1235 1876 1364 1940 Quo
1412 1850 1584 1947 pater
1610 1850 1849 1943 audito,
1883 1879 2045 1930 tanto
2149 1850 2355 1947 130w“:
2390 1866 2570 1947 super
2616 1866 2758 1947 sum
2810 1850 3030 1905 meum
3085 1850 3319 1947 inclinis
3357 1856 3572 1947 ,εἰδεῖμεν
3613 1851 3801 1947 δάάξκί

386 1963 809 2020 vehementiori
858 1962 1268 2031 indignatione
1297 1962 1673 2032 ﬂammescit,
1705 1968 1935 2034 quanto
1968 1962 2047 2018 al-

384 2052 546 2110 tioris
590 2052 898 2121 dignitatis
944 2052 1100 2107 fastu
1148 2051 1468 2119 intumuit;
1514 2056 1880 2123 acceptoque
1919 2068 2047 2107 mu-

386 2158 564 2198 crone
611 2142 686 2198 ad
727 2140 1198 2211 extinguendam
1243 2142 1553 2214 propriam
1595 2141 1865 2196 sobolem
1908 2142 2043 2211 ruit,

382 2231 811 2305 perﬁceretque
868 2229 1121 2299 facinus,
1178 2229 1291 2285 nisi
1359 2245 1577 2285 manus
1640 2230 2046 2285 assistentium

382 2319 649 2393 puellam
678 2318 1013 2375 imminenti
1043 2318 1306 2391 periculo
1336 2317 1711 2374 subduceret.
1741 2318 2046 2390 Prosequi-

384 2412 481 2465 tur
522 2412 723 2464 autem
768 2412 1001 2464 tantum
1054 2406 1349 2464 sententia
1397 2407 1658 2463 furorem
1690 2423 1869 2474 salva,
1904 2424 2049 2463 nam

388 2497 830 2554 exhasredatam
859 2498 920 2553 in
950 2497 1226 2553 Ausonias
1264 2496 1599 2569 longinqua
1648 2496 1889 2565 relegat,
1922 2513 2051 2569 per-

385 2592 569 2661 petuo
607 2586 979 2660 puniendam
1006 2586 1201 2657 exilio,
1234 2601 1422 2659 quam
1461 2602 1776 2657 nunquam
1804 2586 2049 2642 misera-

384 2678 467 2735 tio
488 2681 738 2750 paterna
757 2676 1087 2733 revocavit:
1115 2676 1259 2749 quia
1284 2674 1732 2731 inconsolabilis
1754 2679 1841 2729 est
1855 2672 2046 2740 dolor,

387 2784 569 2842 quem
600 2767 754 2824 altus
774 2766 1102 2822 nutriverat
1129 2765 1345 2838 pudor.
1363 2764 1508 2819 Huic
1525 2764 1751 2833 judicio
1776 2766 2051 2835 Lamper-

388 2863 483 2915 tus
511 2856 725 2931 puellas
756 2870 1081 2925 germanus
1107 2854 1389 2923 interfuit,
1422 2870 1607 2926 quem
1646 2854 1910 2923 grandis,
1942 2870 2050 2925 pro

389 2946 739 3002 confusione
770 2944 1010 3014 sororis,
1033 2943 1254 2999 invasit
1284 2943 1542 3010 tristitia;
1575 2947 1631 2998 et
1655 2943 1822 3016 quod
1845 2945 2052 3014 juven-

387 3034 498 3091 tuti
526 3033 817 3091 familiare
845 3037 956 3103 est,
979 3048 1088 3106 pro
1118 3032 1271 3089 falsa
1299 3032 1419 3088 iide
1448 3033 1601 3105 cepit
1631 3049 1771 3089 eum
1802 3038 2050 3089 temera-
2084 3049 2123 3103 ί)

387 3124 514 3181 rius
542 3123 725 3192 furor,
752 3139 895 3180 nam
925 3122 1112 3179 mixto
1141 3122 1347 3179 dolore
1378 3128 1702 3196 postquam
1732 3123 2052 3178 bestialiter

394 3211 711 3281 effremuit,
742 3212 895 3268 iram
945 3211 1104 3268 subit
1154 3211 1437 3282 amentia,
1476 3211 1737 3283 ﬂetuque
1781 3212 2054 3283 deposito

391 3301 620 3377 prosilit
647 3301 727 3359 ad
746 3301 1091 3362 vindictam.
1121 3304 1371 3374 Sumpto
1396 3301 1597 3373 itaque
1623 3302 1908 3358 comitatu
1930 3316 2055 3357 non

392 3408 610 3465 pauco,
642 3394 925 3464 properat
953 3389 1150 3446 virum
1179 3389 1279 3445 Dei
1309 3390 1611 3462 persequi.

1062 3525 1286 3581 CAPUT
1323 3526 1382 3579 Χ.

466 3627 736 3696 Hymnos
767 3630 932 3685 canit
962 3629 1455 3684 Emmerammus.
1488 3658 1555 3667 -—
1583 3630 1809 3681 Interea
1836 3630 2055 3682 sanctas

396 3715 703 3779 memoriae
728 3719 896 3773 Pater
920 3716 1098 3772 trium
1127 3716 1361 3773 dierum
1393 3731 1635 3771 cursum
1666 3714 1968 3788 explicuit,
2003 3720 2058 3771 et

396 3804 459 3869 in
509 3804 710 3867 vicum
760 3805 1092 3883 quemdam
1153 3804 1568 3879 Helphandorf
1614 3809 2054 3877 nuncupatum,

397 3894 502 3958 ubi
526 3894 661 3952 fons
691 3894 1023 3968 perspicuis
1052 3894 1341 3953 manabat
1371 3894 1565 3968 aquis,
1586 3910 1893 3949 morarum
1924 3912 2059 3950 cau-

396 4001 496 4049 sas
524 3985 767 4047 innectit
794 3986 992 4054 sociis,
1025 3985 1264 4043 inventa
1295 3984 1540 4054 gerendi
1569 3983 1863 4057 quidlibet
1892 4002 2061 4040 occa-

397 4075 584 4135 sione.
617 4079 777 4137 Mens
808 4076 968 4133 enim
998 4075 1203 4132 divino
1253 4090 1458 4132 amore
1497 4074 1765 4141 lustrata,
1799 4074 1901 4130 ubi
1933 4092 2059 4130 cer-

400 4163 640 4226 taminis
671 4180 960 4238 campum
1010 4165 1250 4237 invenit,
1283 4165 1344 4221 in
1390 4164 1718 4221 adventum
1754 4164 2056 4237 temporis,

400 4267 571 4313 arma
614 4252 755 4310 ﬁdei
784 4257 841 4309 et
869 4253 1240 4323 constantiae,
1273 4253 1400 4326 spei
1430 4257 1486 4309 et
1534 4253 1819 4309 orationis
1854 4270 2057 4327 opera,

401 4339 774 4409 subornavit,
828 4342 912 4403 ita
957 4346 1023 4398 ut
1085 4346 1293 4414 stupor
1356 4342 1682 4415 discipulos
1732 4343 2059 4415 invaderet,

399 4433 636 4489 tantum
677 4430 846 4503 quod
896 4430 1243 4504 pontiﬁcem
1296 4436 1588 4500 gravaret.
1659 4431 1841 4501 Igitur
1894 4431 2060 4487 circi-

402 4523 487 4581 ter
539 4521 756 4583 horam
820 4520 938 4583 diei
990 4519 1223 4576 tertiam
1279 4520 1617 4576 celebrante
1665 4520 1766 4577 illo
1821 4521 2062 4577 canoni-

400 4624 503 4672 eos
532 4609 818 4682 hymnos,
848 4613 906 4674 et
934 4608 1206 4667 debitum
1246 4608 1514 4667 oﬂicium
1563 4609 1677 4664 sub
1717 4614 2063 4665 sanctarum

402 4698 740 4761 tastimonio
790 4699 1181 4773 reliquiarum
1228 4698 1513 4767 solvente,
1563 4698 1804 4768 juvenis
1850 4699 2062 4771 praefa-

402 4794 496 4849 tus
548 4790 979 4863 superveniens
1025 4787 1420 4861 praecipitium
1474 4788 1670 4844 cordis
1708 4803 1932 4844 vesano
1984 4794 2069 4843 tu-

399 4879 596 4939 multu
623 4878 979 4948 designavit,
1011 4894 1154 4935 nam
1193 4876 1593 4941 multitudinis
1634 4892 1805 4933 arma
1836 4876 2067 4949 collisa,

400 4968 711 5031 minaciter
770 4968 1013 5042 inquirit
1079 4984 1303 5025 nomen
1366 4966 1687 5039 pontiﬁcis,
1761 4965 2068 5023 comitatui

400 5059 532 5129 ejus
594 5074 889 5129 magnum
944 5074 1230 5131 pavorem
1288 5056 1559 5117 incussit.
1629 5056 1791 5111 Unde
1857 5056 2070 5113 festina

400 5148 814 5221 trepidatione,
871 5149 1025 5211 sicut
1074 5147 1161 5219 ﬁt,
1202 5146 1281 5204 ad
1332 5146 1551 5203 ostium
1605 5145 1824 5201 domus
1866 5162 2069 5201 occur-

397 5243 616 5305 rentes,
646 5242 972 5311 postquam
1020 5236 1298 5295 habitum
1328 5235 1546 5300 furoris
1594 5238 1653 5291 et
1690 5234 1927 5291 turbam
1967 5251 2066 5311 co:

394 5310 759 5396 gnoverunt,
810 5325 979 5387 illum
1033 5326 1162 5383 haec
1220 5326 1463 5389 inimica
1519 5324 1825 5381 intendere
1876 5310 2069 5380 timidi

396 5415 907 5489 pronuntiabant.
930 5418 1201 5481 Quorum
1224 5416 1318 5472 ille
1346 5415 1556 5488 pavori
1584 5431 1656 5471 ex
1687 5430 1908 5471 arcano
1936 5414 2069 5471 soli-

392 5506 492 5564 dae
525 5506 651 5580 spei
685 5504 881 5565 retulit
909 5522 1067 5575 orsa,
1098 5507 1328 5577 dicens,
1362 5505 1685 5562 adventum
1711 5520 1918 5559 eorum
1941 5519 2064 5559 non

400 5595 611 5652 afferre
638 5596 750 5652 sibi
770 5595 1043 5653 timorem
1070 5612 1174 5666 per
1194 5613 1377 5668 quem
1394 5601 1451 5653 et
1480 5594 1750 5651 molestia
1767 5597 1988 5667 pereat,
2009 5598 2066 5649 et

401 5685 625 5758 gaudia
649 5687 776 5749 sine
800 5685 922 5747 ﬁne
953 5686 1312 5747 succedant:
1340 5685 1612 5743 dolorem
1641 5682 1927 5758 corporis,
1952 5683 2060 5755 qui

2157 1938 2267 1994 sibi
2316 1940 2559 1994 beatum
2614 1942 3129 1997 Emmerammum
3174 1938 3558 1997 turbulenter
3599 1941 3801 2013 procla-

2156 2032 2298 2084 mat.
2335 2031 2463 2093 Quo
2510 2028 2773 2084 adducto
2806 2028 3156 2084 ardentibus
3202 2033 3258 2085 et
3294 2028 3495 2085 oculis
3524 2035 3585 2085 et
3614 2030 3799 2086 animis

2157 2122 2473 2189 exceptum
2519 2116 2881 2172 mordaciter
2924 2117 3177 2174 irridens
3217 2133 3516 2185 generum
3546 2119 3793 2192 appellat

2158 2207 2329 2273 Quod
2361 2208 2459 2263 Dei
2510 2209 2790 2264 sacerdos
2834 2210 3000 2279 justa
3040 2208 3427 2265 detestatione
3464 2227 3613 2266 cum
3646 2210 3791 2265 deae.

2158 2301 2343 2367 garet,
2375 2297 2470 2353 ille
2526 2297 2930 2370 prosequitur,
2982 2298 3070 2355 ira
3116 2300 3572 2356 contumaciam
3621 2301 3793 2373 dispu-

2158 2392 2360 2443 mante
2407 2392 2464 2443 et
2514 2388 2699 2458 ignita
2743 2388 3043 2458 iaculatur
3080 2388 3426 2461 opprobria,
3459 2391 3793 2462 tandemque

2159 2475 2388 2532 intulit:
2447 2476 2755 2534 «Ruinam
2798 2482 3016 2533 nostras
3059 2477 3280 2533 domus
3326 2479 3698 2545 sustulimus,
3720 2494 3793 2533 ca-

2159 2566 2487 2622 lamitatem
2542 2571 2811 2624 nostram
2862 2566 3268 2638 proveximus,
3308 2568 3655 2624 incendium
3697 2568 3793 2635 glo-

2158 2650 2259 2706 riae
2314 2654 2527 2705 nostrae
2577 2651 2637 2706 in
2696 2651 2830 2707 sinu
2884 2651 3161 2709 fovimus.
3210 2652 3425 2724 thuid
3483 2669 3624 2721 ergo
3668 2652 3789 2725 patri

2158 2739 2366 2809 filiam,
2399 2740 2545 2795 mihi
2574 2756 2839 2798 sororem
2885 2757 3082 2799 meam
3133 2741 3421 2799 foedasti?
3470 2743 3643 2799 Plena
3685 2741 3788 2797 libi-

2160 2829 2373 2885 dinum
2427 2834 2665 2887 tuarum
2712 2829 2881 2897 virga
2938 2830 3121 2900 regia,
3172 2830 3436 2888 dedecus
3488 2832 3705 2901 generis
3743 2836 3787 2885 et

2162 2918 2456 2973 damnum
2511 2918 2759 2990 pudoris
2790 2918 3081 2989 exposuit.
3131 2919 3301 2975 Risus
3346 2920 3627 2987 hostium,
3663 2936 3785 2975 mae-

2160 3022 2258 3061 ror
2314 3005 2521 3079 patris,
2586 3005 2781 3061 luctus
2844 3006 3058 3072 fratris,
3116 3007 3337 3078 pignus
3402 3008 3597 3065 nobile
3646 3008 3783 3063 dam-

2162 3099 2337 3150 natur
2380 3098 2445 3150 ut
2495 3099 2775 3149 scortum.
2823 3096 3072 3151 Hoccine
3112 3100 3200 3152 est
3247 3097 3595 3170 episcopum
3636 3096 3784 3152 esse?

2164 3184 2415 3239 Hoccine
2436 3188 2522 3238 est
2549 3184 2811 3239 amicum
2844 3201 2970 3238 esse
2992 3185 3019 3238 ‘I
3046 3187 3163 3241 Hoc
3193 3190 3282 3241 est
3313 3186 3691 3245 testimonium
3709 3199 3779 3239 re-

2163 3272 2399 3341 ligionis
2419 3274 2445 3327 ?
2478 3273 2597 3327 Hoc
2617 3271 2905 3329 indicium
2930 3274 3164 3345 pietatis
3193 3278 3307 3329 tuae
3331 3274 3359 3329 ‘2
3386 3275 3540 3330 Hanc
3562 3272 3775 3339 gratiam

2165 3361 2387 3416 meritis
2418 3361 2637 3416 nostris
2681 3362 2958 3433 rependis
2983 3363 3009 3415 δέ
3057 3362 3162 3434 qui
3189 3368 3243 3419 te
3273 3363 3558 3423 advenam
3584 3368 3635 3418 et
3656 3375 3773 3429 ege-

2164 3465 2312 3505 num
2362 3449 2577 3505 nostris
2632 3448 2808 3504 bonis
2860 3449 2921 3503 in
2969 3450 3362 3511 reverentiam
3407 3450 3563 3506 totius
3583 3446 3768 3519 populi

2165 3537 2614 3593 mdiﬁcavimus.
2650 3538 2770 3594 Sub
2799 3539 2927 3594 haec
2959 3539 3128 3595 miles
3160 3541 3397 3597 Christi:
3428 3543 3551 3605 imo,
3569 3534 3753 3607 inquit.

2166 3626 2266 3693 ﬁli,
2298 3626 2479 3682 aliam
2522 3631 2579 3682 et
2629 3626 2805 3695 longe
2850 3628 3207 3685 dissimilem
3255 3628 3485 3697 gratiam
3514 3630 3565 3681 et
3587 3628 3759 3680 vestra

2165 3715 2374 3772 merita
2417 3721 2472 3771 et
2516 3721 2723 3772 nostra
2754 3717 3032 3773 voluntas
3064 3719 3336 3790 exquirit.
3371 3716 3593 3777 Proinde
3614 3714 3769 3771 boum

2166 3805 2311 3877 spei,
2348 3805 2571 3863 bonam
2602 3806 2784 3862 ﬁdem
2829 3807 3048 3861 habere
3080 3806 3376 3865 debuisti:
3427 3823 3557 3863 nam
3583 3803 3672 3863 illa
3696 3818 3776 3857 su-

2168 3895 2354 3967 spicio
2376 3910 2498 3951 non
2516 3894 2823 3967 probatur,
2848 3912 2983 3967 qum
3008 3912 3199 3969 neque
3221 3895 3405 3953 ﬁdem
3427 3897 3592 3954 trahit
3610 3911 3641 3950 a
3660 3908 3781 3965 pra:—

2168 3984 2368 4053 teritis,
2401 4000 2595 4057 neque
2645 4000 2895 4040 causam
2929 3986 3109 4041 habet
3138 4003 3207 4041 ex
3248 3986 3493 4042 meritis.
3525 3986 3630 4040 Cur
3652 3982 3782 4038 enim

2167 4074 2320 4130 bene
2351 4073 2719 4129 merentibus
2752 4074 3050 4141 obesscm,
3081 4076 3184 4148 qui
3226 4076 3315 4131 vel
3362 4076 3517 4132 male
3556 4071 3785 4130 merenti-

2167 4162 2282 4217 bus
2335 4178 2491 4234 saepe
2546 4162 2938 4234 profueram?
2992 4164 3240 4219 Proinde
3292 4169 3371 4231 tu,
3414 4181 3593 4237 quem
3628 4175 3788 4233 neque

2170 4255 2412 4324 propter
2440 4250 2635 4305 minas
2670 4250 2867 4320 timeo,
2901 4267 3095 4324 neque
3128 4257 3369 4325 propter
3402 4253 3667 4309 timorem
3690 4264 3789 4304 mo-

2169 4356 2304 4405 neo,
2336 4340 2571 4412 depone
2603 4340 3011 4412 pertinaciam,
3045 4340 3218 4397 diii‘er
3247 4342 3523 4397 animum
3553 4337 3789 4412 suspicio-

2169 4430 2281 4495 nis,
2314 4434 2371 4485 et
2396 4429 2523 4484 redi
2555 4429 2631 4485 ad
2662 4430 3137 4502 experimentum
3170 4431 3455 4502 veritatis,
3487 4448 3566 4487 ne
3595 4432 3793 4503 propter

2170 4517 2560 4574 temeritatem
2612 4522 2776 4574 tuam
2803 4518 3075 4577 incurras
3101 4519 3163 4574 in
3193 4519 3458 4576 exitium.
3494 4520 3587 4575 Ad
3625 4515 3798 4577 limina

2171 4613 2516 4664 sanctorum
2566 4608 2978 4681 apostolorum
3034 4609 3289 4666 Romam
3328 4610 3411 4667 ire
3440 4608 3689 4677 decrevi,
3717 4602 3797 4660 ubi

2172 4697 2520 4755 cathedram
2572 4701 2775 4753 Petrus
2829 4697 3058 4766 habuit,
3091 4714 3273 4770 quem
3325 4698 3385 4754 in
3426 4697 3678 4756 Ecclesia
3710 4706 3797 4749 sua

2173 4804 2483 4844 censorem
2522 4786 2780 4843 veritatis
2825 4788 3045 4843 Veritas
3100 4787 3229 4858 ipsa
3280 4787 3602 4860 disposuit.
3645 4783 3797 4854 Hujus

2174 4877 2430 4934 vicarius
2478 4875 2629 4932 sicut
2677 4876 2754 4931 ab
2783 4876 2997 4939 eodem
3036 4877 3168 4932 loco
3198 4881 3254 4932 et
3285 4877 3492 4932 ordine
3527 4876 3697 4934 trahit
3720 4873 3799 4928 ho-

2175 4982 2405 5032 norem,
2425 4964 2506 5020 sic
2538 4964 2615 5020 ab
2648 4964 2859 5021 eadem
2889 4968 3043 5019 tenet
3073 4964 3486 5021 auctoritatem
3514 4971 3572 5020 et
3596 4966 3716 5033 ejus
3729 4960 3798 5030 ju-

2175 5055 2397 5111 dicium
2417 5070 2541 5109 non
2563 5053 2799 5119 fallitur,
2824 5053 2987 5126 quod
3015 5058 3253 5111 auctore
3277 5054 3506 5109 Christo
3524 5053 3796 5115 solidatur.

2176 5143 2258 5201 lbi
2290 5159 2431 5212 ergo
2462 5141 2555 5197 vel
2584 5157 2690 5213 per
2724 5147 2774 5196 te
2795 5141 2887 5197 vel
2918 5158 3023 5214 per
3051 5143 3328 5199 nuntium
3361 5143 3663 5199 canonica:
3687 5154 3796 5196 en:

2175 5230 2519 5286 minationis
2538 5229 2777 5303 pondus
2797 5229 2870 5283 de
2897 5228 3144 5301 objectis
3169 5229 3423 5305 experiri
3447 5229 3662 5295 licebit,
3682 5238 3799 5299 qua-

2175 5324 2345 5376 tenus
2383 5318 2683 5387 obligatus
2738 5321 2841 5374 aut
2890 5316 3200 5373 absolutus
3243 5316 3531 5375 inveniar.
3573 5315 3796 5387 Accepto

2174 5414 2375 5465 autem
2427 5406 2906 5465 mansuetudinis
2953 5406 3216 5472 oraculo,
3259 5406 3382 5462 vim
3437 5399 3797 5463 animositatis

2173 5516 2331 5555 czeca
2350 5497 2587 5571 tyranni
2609 5496 2996 5568 praesumptio
3014 5496 3210 5553 furore
3233 5495 3496 5563 laxabat,
3519 5492 3795 5553 baculum-

2172 5608 2310 5663 que,
2342 5605 2525 5662 quem
2554 5603 2744 5643 manu
2794 5586 3084 5658 gestabat,
3118 5587 3263 5642 tanti
3305 5587 3491 5663 patris
3520 5587 3579 5642 in
3617 5586 3795 5658 pectus

2172 5680 2440 5753 impegit,
2470 5682 2529 5735 et
2555 5694 2677 5734 non
2708 5676 2994 5733 reveritus
3040 5676 3263 5755 templo
3293 5676 3527 5737 Domini
3553 5674 3792 5733 funestas
