3996 6178
169 191 276 246 981
305 244 307 246 .

1527 174 1700 233 VITA
1737 175 1801 228 B.
1837 175 2280 234 EMMERAMMI.

3533 194 3638 248 982

165 313 423 384 injicere
454 322 700 374 manus,
736 307 928 364 socio.
956 308 1232 366 nefandis
1283 307 1526 378 instigat
1572 299 1844 365 vocibus,
1883 305 1928 356 Α
1960 300 2052 356 tiae
2085 301 2373 358 salutaris
2402 303 2662 362 hostiam
2685 306 2970 378 fastidire,
2997 327 3137 367 cum
3163 327 3194 367 e
3247 317 3460 372 contra
3510 331 3637 372 ma-

163 408 482 476 quatenus
515 398 896 454 vinculatum
943 397 1286 454 deformiter
1328 397 1650 454 traherent.
1716 394 1850 446 Fac-

165 499 431 564 tumque
459 493 546 545 cst
573 487 681 557 sic,
721 493 783 544 ut
807 489 1132 544 assentatio
1159 503 1394 562 semper
1440 483 1731 541 declivem
1764 484 1849 551 ty-

164 581 384 640 rannis
415 580 717 652 impetum
746 576 904 647 facit,
932 580 1052 633 uta
1082 577 1367 633 militibus
1397 574 1553 631 illico
1571 569 1844 634 vallatus,

168 678 233 729 et
261 669 569 741 religionis
598 667 876 724 vestibus
914 672 1150 734 exutus,
1172 669 1231 723 in
1264 664 1520 740 hospitio
1576 662 1846 734 ipsorum

168 776 363 834 super
395 757 627 814 scalam
654 756 904 812 funibus
937 756 1340 826 stringeretur.
1375 757 1493 810 Hoc
1519 767 1672 808 ausu
1725 753 1845 804 tam

171 850 472 906 scelerato
500 845 796 920 perterriti
837 845 1082 902 comites
1110 845 1298 901 sancti
1329 844 1459 910 vii-i,
1505 839 1845 911 diffugiunt,

171 937 442 1011 exempli
471 935 726 1007 majoris
764 934 1048 1004 imagine,
1075 933 1492 1008 propheticum
1535 929 1849 1003 implentes

176 1025 574 1100 praesagium,
608 1023 777 1096 quod
808 1023 1024 1079 dicitur
1057 1041 1068 1078 :
1106 1045 1133 1072 ι(
1169 1026 1406 1078 Percute
1440 1024 1761 1094 pastorem,
1794 1020 1851 1071 et

179 1117 606 1188 dispergentur
631 1128 773 1168 oves
795 1110 994 1182 gregis
1024 1112 1260 1183 (Matth.
1293 1115 1516 1176 xxvr).»
1557 1106 1850 1164 Pretiosus

179 1209 390 1262 autem
440 1202 649 1260 Christi
699 1205 953 1273 martyr,
1038 1200 1184 1257 olim
1240 1201 1529 1256 devotam
1581 1196 1849 1254 animam

175 1293 458 1349 oblatum
489 1291 557 1346 iri
587 1294 707 1346 Deo
749 1289 1155 1362 perpendens,
1203 1292 1432 1362 quanto
1481 1283 1719 1343 arctiori
1767 1282 1851 1338 di-

170 1381 463 1438 scrimine
495 1378 949 1448 conﬂigendum
980 1377 1095 1434 sibi
1127 1377 1427 1447 cognovit,
1471 1380 1635 1433 tanto
1665 1376 1848 1430 atten-

169 1470 304 1527 tiori
347 1467 771 1538 sollicitudine,
803 1467 882 1523 ad
907 1467 1170 1523 victoriae
1235 1481 1357 1520 suae
1413 1465 1632 1519 ducem
1688 1459 1849 1518 Chri-

167 1566 332 1616 stum
366 1575 432 1614 se
477 1557 746 1628 contulit,
797 1556 939 1612 foris
992 1555 1302 1629 patientia,
1361 1553 1641 1627 precibus
1689 1550 1850 1606 intus

1958 406 2091 460 gnae
2124 391 2200 446 sit
2229 391 2590 450 obedientia:
2625 399 2984 456 sententiam
3018 399 3241 471 judicis
3267 407 3631 475 exspectare.

1957 482 2030 534 At
2059 480 2378 551 quomodo
2410 499 2594 553 grave
2626 491 2714 542 est
2744 487 2991 559 pigritiae
3026 494 3160 556 tuae,
3217 489 3484 548 ofﬁcium
3532 509 3637 549 no-

1955 567 2052 624 bis
2078 569 2476 651 humanitatis
2504 577 2560 630 et
2599 575 2898 634 exhausto
2924 579 3230 636 tormentis
3270 579 3526 652 pectoris
3551 599 3638 638 re-

1955 659 2292 728 frigerandi
2321 663 2562 736 copiam
2587 669 2904 739 praebere?
2961 670 3087 726 dies
3122 673 3256 727 tuos
3299 671 3427 728 haec
3466 688 3637 730 exae-

1957 750 2040 806 tio
2071 752 2370 819 torqueat,
2405 757 2468 809 ut
2497 757 2730 826 quoties
2757 757 3075 830 cujuslibet
3131 760 3366 829 generis
3421 767 3635 834 potum

1959 852 2196 905 sumas,
2229 837 2659 900 alienationem
2689 846 2905 903 mentis
2935 847 3227 913 incurras,
3282 847 3427 905 nulli
3477 851 3634 922 peri-

1959 926 2172 983 culum
2193 925 2449 994 laturus,
2482 933 2588 988 sed
2646 935 2992 1008 exemplum
3052 931 3469 993 inobedientiae
3517 937 3633 995 hoc

1960 1021 2112 1089 typo
2145 1014 2436 1074 futurus.»
2472 1022 2652 1092 Cujus
2682 1025 2986 1080 sententiae
3043 1025 3166 1080 vim
3215 1025 3376 1081 idem
3435 1026 3631 1083 Vitalis

1958 1104 2195 1174 multis,
2226 1107 2448 1178 quibus
2474 1118 2684 1184 postea
2705 1114 2931 1170 vixerat
2955 1115 3152 1187 annis,
3193 1122 3472 1188 expertus
3523 1122 3631 1174 est.

1959 1199 2117 1252 Nam
2139 1197 2372 1266 quoties
2403 1199 2668 1272 aliquem
2683 1202 2966 1272 gustabat
2983 1207 3218 1275 potum,
3245 1204 3400 1261 illico
3430 1211 3633 1264 mente

1960 1289 2181 1358 captus
2227 1301 2334 1358 per
2374 1289 2540 1344 urbis
2596 1291 2825 1363 plateas
2867 1307 3096 1365 perque
3143 1292 3276 1352 loca
3325 1299 3635 1368 petrarum

1961 1375 2246 1446 abrupta,
2276 1381 2332 1432 et
2359 1385 2756 1437 monumenta
2804 1384 3184 1438 mortuorum
3239 1381 3632 1441 discurrendo

1960 1463 2300 1521 terribiliter
2343 1470 2778 1541 perstrepebat,
2826 1472 2884 1526 et
2934 1473 3140 1528 tamen
3193 1473 3276 1530 ita
3332 1473 3632 1546 stupidus,

1959 1553 2110 1610 nulli
2141 1553 2250 1609 fuit
2277 1555 2674 1628 periculosus.
2707 1560 2877 1631 Saepe
2929 1575 3173 1633 quoque
3225 1561 3308 1618 sic
3342 1567 3629 1632 evagatus

165 1653 472 1716 armatus,
505 1651 622 1704 toto
649 1645 917 1703 videlicet
944 1646 1161 1718 spiritu
1191 1644 1273 1700 illi
1327 1644 1652 1709 inhaerens,
1680 1639 1851 1710 cujus
1885 1660 1925 1715 Β
1961 1648 2071 1714 est,
2101 1648 2166 1700 ut
2195 1659 2302 1716 per
2333 1647 2650 1702 cacumina
2679 1647 2935 1704 turrium
2977 1655 3256 1718 curreret,
3316 1655 3372 1706 et
3416 1651 3629 1723 praeci-

165 1754 346 1795 amor
375 1737 655 1794 animum
685 1734 976 1803 deliniret,
1006 1734 1160 1790 dum
1191 1733 1451 1789 crudelis
1482 1745 1667 1804 pcena
1725 1743 1850 1783 cor-

167 1844 287 1902 pus
318 1826 596 1884 laniaret.

823 1914 1052 1970 CAPUT
1091 1916 1202 1968 ΧΠ.

241 2006 681 2064 Emmerammi
705 2019 922 2074 corpus
950 2003 1548 2059 secutum—Interea
1580 1995 1852 2070 quinque

170 2095 564 2153 carniﬁcibus
587 2094 668 2151 ad
699 2093 1035 2151 secandum
1063 2089 1454 2148 membratim
1483 2093 1665 2160 atque
1715 2083 1851 2140 arti-

165 2187 421 2244 culatim
455 2188 600 2242 tanti
622 2183 950 2241 sacerdotis
970 2181 1425 2254 corpusculum,
1451 2183 1516 2234 ut
1534 2173 1850 2233 bestialem

165 2276 415 2350 tyranni
443 2276 720 2333 animum
751 2271 1065 2345 multiplici
1087 2271 1333 2327 vulnere
1363 2269 1704 2342 pascerent,
1736 2263 1850 2320 ele-

165 2367 301 2437 ctis,
331 2366 528 2423 divisa
555 2369 646 2422 est
678 2363 970 2420 sententia
1003 2366 1317 2419 tortorum.
1353 2359 1588 2431 Quippe
1629 2355 1751 2410 duo
1776 2370 1850 2411 ex

163 2457 340 2530 ipsis,
365 2455 734 2512 detestantes
764 2457 886 2508 tam
903 2449 1144 2508 crudele
1167 2449 1458 2516 oﬂicium,
1482 2444 1727 2502 veniam
1744 2459 1851 2516 po—

166 2544 500 2614 stulabant,
529 2559 607 2600 ne
630 2558 743 2614 pro
771 2539 872 2596 illo
901 2539 1164 2596 facinore
1193 2537 1433 2612 puniret
1462 2552 1569 2592 eos
1596 2531 1846 2604 justitia,

164 2634 250 2691 ad
279 2633 448 2706 quod
478 2648 604 2689 non
631 2630 929 2698 voluntas,
949 2628 1053 2684 sed
1086 2627 1322 2684 Domini
1350 2625 1442 2681 sui
1468 2625 1713 2695 cogeret
1743 2637 1850 2676 sae-

163 2725 352 2791 vitia;
394 2722 590 2780 caeteri
622 2735 761 2776 vero
786 2733 941 2774 vana
963 2733 1072 2790 pro
1125 2716 1280 2771 veris
1317 2714 1713 2779 aestimantes,
1738 2713 1851 2768 Ma-

163 2830 308 2881 nus,
335 2812 640 2885 inquiunt,
682 2805 982 2881 impudice
1023 2804 1374 2861 mulieribus
1429 2803 1714 2868 insertas,
1769 2799 1848 2856 ad

164 2901 527 2959 deterrenda
557 2901 923 2956 incestorum
969 2895 1236 2951 facinora
1284 2891 1536 2966 praecidi
1585 2892 1843 2964 oportet.

169 2996 378 3064 Itaque
407 2989 738 3060 digitorum
777 2982 1055 3041 articulos
1079 2980 1430 3038 vulneribus
1493 2981 1842 3074 numerant,
1878 3017 1919 3074 Ο

165 3088 228 3138 et
258 3080 435 3137 simul
461 3084 606 3137 nata
635 3075 932 3144 dividunt,
959 3090 1067 3148 per
1097 3078 1368 3146 tempora
1396 3072 1581 3129 morti
1636 3085 1846 3128 moras

172 3170 482 3240 facientes,
517 3173 583 3226 ut
607 3165 871 3223 amarior
911 3179 1018 3236 per
1066 3164 1364 3218 tormenta
1421 3160 1671 3217 veniret.
1731 3157 1846 3215 Sed

167 3276 281 3318 cur
309 3263 576 3315 moratur
605 3255 702 3312 hic
733 3253 1035 3320 facundia,
1071 3251 1172 3307 ubi
1202 3249 1371 3306 locus
1420 3255 1511 3306 est
1563 3248 1700 3306 voci
1753 3264 1847 3303 su-

172 3348 376 3424 spiriis
400 3346 753 3414 interclusas,
786 3359 908 3400 non
962 3338 1412 3414 compositionis
1462 3343 1588 3395 arte
1639 3338 1845 3411 depic-

173 3446 248 3497 ιω
275 3440 304 3494 ‘7
335 3441 485 3508 Ergo
514 3435 774 3510 pedibus
815 3436 872 3489 et
908 3430 1194 3489 manibus
1234 3428 1543 3497 abscissis,
1602 3427 1845 3486 lumini-

171 3530 294 3584 bus
323 3525 582 3594 etl'ossis,
609 3523 857 3580 auribus
883 3518 1232 3594 amputatis,
1253 3517 1502 3574 naribus
1523 3517 1840 3586 truncatis,

172 3615 425 3674 tandem
456 3613 742 3688 pudicitia
770 3609 1053 3685 martyris
1079 3613 1168 3664 est
1218 3607 1451 3676 invasa,
1503 3613 1560 3664 et
1616 3611 1845 3664 secreta

171 3705 428 3780 pudoris
455 3701 790 3760 detestabili
810 3705 950 3757 sunt
973 3699 1099 3756 acie
1126 3697 1334 3754 recisa.
1367 3697 1520 3753 Inter
1549 3713 1686 3770 qua:
1718 3712 1844 3752 om-

166 3795 285 3852 nia
303 3793 364 3849 in
393 3793 632 3850 laudem
663 3790 973 3852 Creatoris,
989 3805 1108 3844 vox
1137 3786 1418 3860 quamvis
1447 3785 1708 3854 modica,
1735 3789 1842 3842 Da-

163 3883 442 3942 vidicum
473 3882 661 3938 melos
691 3880 972 3938 exercuit.
1008 3877 1181 3944 Quod
1211 3876 1324 3950 ipsi
1349 3875 1686 3932 invidentes
1733 3875 1842 3930 lin-

163 3989 362 4046 gnam
401 3971 682 4028 radicitus
727 3969 1000 4026 evulsam
1044 3970 1482 4036 resecaverunt,
1516 3965 1842 4039 relictoque

163 4070 301 4120 tam
329 4061 727 4133 multipliciter
757 4075 912 4115 caeso
942 4060 1336 4113 recesserunt.
1375 4059 1502 4126 Ipse
1547 4070 1689 4109 vero
1741 4055 1840 4110 Dei

164 4151 429 4210 bellator
458 4151 519 4205 in
539 4149 753 4205 eodem
783 4147 1042 4204 victoriae
1073 4161 1292 4218 campo
1323 4159 1532 4200 cruore
1580 4142 1840 4200 involve-

163 4242 373 4312 batur,
406 4239 598 4296 donec
624 4238 769 4294 socii
794 4236 954 4293 beati
1007 4235 1118 4291 viri
1149 4252 1179 4290 e
1229 4233 1471 4290 latebris
1501 4237 1557 4289 et
1603 4233 1840 4304 angulis

165 4329 412 4396 emersi,
443 4345 581 4384 cum
609 4326 822 4383 vicinis
855 4324 1208 4383 mulieribus
1236 4339 1420 4380 causa
1444 4322 1837 4380 humanitatis

166 4418 402 4485 excitis,
435 4418 703 4475 aderant.
729 4418 891 4483 Quos
921 4414 1134 4472 adesse
1163 4428 1560 4483 cognoscens,
1614 4427 1839 4485 aquam

173 4507 266 4566 ad
297 4506 747 4562 refocillandum
778 4509 986 4578 pectus
1012 4503 1277 4576 requirit.
1335 4501 1439 4558 Cui
1496 4501 1694 4558 Vitalis
1745 4518 1840 4558 su-

171 4595 487 4670 pradictus
508 4595 822 4670 presbyter
856 4612 868 4649 :
903 4616 930 4644 ‹‹
959 4593 1151 4652 Mirari
1179 4592 1320 4648 satis
1351 4607 1588 4664 nequeo
1611 4591 1838 4647 cunctis

167 4703 332 4762 pene
361 4685 648 4742 membris
679 4684 937 4754 amissis,
971 4687 1151 4756 atque
1210 4682 1410 4755 ipsum
1453 4681 1602 4736 lucis
1654 4681 1838 4738 limen

167 4791 553 4848 egressurus,
583 4774 880 4848 quidnam
909 4777 1122 4846 potum
1151 4777 1431 4844 exoptes;
1469 4771 1649 4844 quasi
1679 4771 1838 4828 dela-

166 4865 352 4922 niataa
378 4863 626 4921 morulis
663 4863 798 4918 vitae
844 4862 1154 4929 fruiturus,
1195 4877 1333 4916 cum
1392 4864 1512 4917 toto
1569 4860 1838 4916 cruciati-

167 4956 289 5012 bus
309 4956 656 5025 exhaustus,
687 4952 874 5008 finem
903 4951 1231 5016 doloribus,
1263 4950 1461 5023 potius
1487 4965 1676 5023 quam
1707 4965 1840 5023 spa-

169 5047 324 5104 tium
347 5049 631 5118 exoptare
662 5043 934 5099 deberes.
964 5065 990 5091 ››
1017 5041 1108 5096 Ad
1139 5041 1266 5096 haec
1294 5039 1516 5098 athleta
1573 5040 1674 5096 Dei
1712 5044 1836 5096 tam

165 5149 434 5204 magnus
460 5133 539 5190 ad
563 5131 1001 5205 prosternenda
1021 5130 1083 5186 in
1102 5129 1352 5186 subditis
1374 5130 1531 5198 vitia,
1550 5146 1738 5203 quam
1749 5130 1835 5186 in-

165 5223 364 5278 victus
397 5221 475 5280 ad
504 5221 791 5294 patienda
821 5224 1138 5284 tormenta,
1175 5218 1449 5290 spiritum
1475 5217 1729 5290 collegit,
1779 5221 1838 5277 et

164 5312 514 5369 animosam
538 5310 817 5366 virtutem
843 5309 1112 5378 rationis,
1137 5323 1328 5381 parvo
1347 5322 1468 5378 quo
1495 5308 1686 5379 potuit
1711 5325 1836 5364 cor-

165 5401 338 5476 poris
363 5399 502 5456 nisu
531 5399 736 5466 erexit,
753 5402 1112 5472 temptatum
1142 5396 1328 5453 robur
1353 5395 1570 5452 mentis
1591 5397 1832 5466 gravius

166 5493 390 5557 ferens,
423 5505 610 5562 quam
640 5488 1054 5558 membrorum
1086 5487 1438 5543 sectiones.»
1471 5487 1833 5560 lmpatientis

146 5585 281 5644 est,
316 5579 532 5653 inquit,
565 5582 811 5648 cogente
838 5577 1064 5644 dolore,
1096 5575 1446 5652 quempiam
1467 5574 1616 5631 velle
1643 5580 1833 5632 metas

169 5671 314 5729 vitae
333 5669 644 5744 praesentis
673 5683 1007 5744 erumpere,
1039 5671 1098 5728 et
1137 5683 1491 5726 concessam
1544 5666 1833 5741 poeniten-

1962 1731 2175 1804 pitium
2205 1733 2453 1790 minime
2477 1733 2769 1791 toleraret.
2797 1734 3086 1792 Caeterum
3110 1737 3197 1794 vir
3218 1737 3380 1795 idem
3411 1738 3628 1796 callem

1961 1822 2075 1894 piae
2103 1823 2574 1880 conversationis
2600 1828 2757 1880 recte
2786 1824 3194 1894 gradiebatur,
3212 1829 3268 1885 et
3295 1827 3627 1885 missarum

1961 1908 2159 1966 ofﬁcia
2191 1915 2523 1985 caateraque
2555 1911 2966 1968 Ecclesiastica
2997 1917 3232 1969 strenue
3249 1915 3622 1986 peragenda,

1961 1998 2264 2056 charitatis
2293 2001 2500 2056 munia
2533 2005 2770 2069 cuncta,
2798 2006 3096 2074 quantum
3112 2002 3313 2070 valuit,
3333 2003 3624 2076 adimple-

1961 2086 2072 2142 vit:
2105 2087 2218 2142 hoc
2252 2093 2483 2145 tantum
2516 2089 2715 2145 solum
2743 2105 2936 2162 usque
2979 2090 3058 2146 ad
3108 2091 3292 2146 tinem
3345 2091 3502 2162 vitae,
3557 2097 3626 2149 ut

1960 2175 2134 2230 nobis
2159 2177 2458 2246 aestimare
2491 2177 2860 2243 conceditur,
2892 2183 2950 2234 et
2968 2193 3079 2251 pro
3109 2179 3386 2252 exemplo
3408 2184 3465 2236 et
3512 2196 3620 2237 oro

1959 2265 2308 2323 humilitatis
2339 2267 2632 2338 custodia,
2663 2267 2924 2340 pertulit.

2591 2357 2815 2413 CAPUT
2852 2357 2986 2414 XIII.

2030 2447 2461 2505 Emi/ierammz’
2483 2448 2817 2518 sepultura.
2850 2478 2919 2486 —
2948 2447 3178 2503 Interea
3203 2445 3476 2504 locorum
3524 2449 3617 2505 in-

1962 2535 2104 2592 cola:
2136 2536 2397 2608 pretiosa
2426 2535 2710 2610 martyris
2740 2535 3018 2592 membra
3053 2535 3426 2594 humanitate
3457 2554 3620 2597 com-

1960 2614 2164 2699 puncti
2195 2625 2254 2681 in
2285 2625 2585 2697 arborem,
2613 2641 2750 2698 quae
2784 2624 2966 2697 Spina
2989 2624 3142 2680 Alba
3175 2629 3444 2693 vocatur,
3500 2627 3618 2685 col-

1958 2714 2131 2782 lecta,
2162 2714 2309 2770 dum
2341 2715 2684 2785 conderent,
2714 2713 3089 2787 conditisque
3115 2729 3240 2770 non
3266 2714 3371 2770 diu
3416 2731 3616 2772 reces-

1959 2805 2193 2876 sissent,
2219 2805 2342 2860 duo
2362 2804 2748 2878 pulcherrimi
2777 2803 2888 2860 viri
2918 2808 3096 2861 antea
3120 2820 3244 2862 non
3292 2803 3404 2861 visi
3451 2804 3618 2864 viam

1958 2896 2185 2965 regiam
2207 2895 2541 2968 equitantes
2568 2896 2641 2951 de
2672 2899 2927 2968 utroque
2953 2898 3194 2951 arantes
3251 2894 3452 2963 latere,
3503 2911 3614 2968 pro

1960 2985 2245 3041 membris
2274 2985 2433 3042 beati
2452 2984 2770 3060 pontiﬁcis,
2805 2983 2907 3040 ubi
2933 2983 3128 3057 posita
3172 2983 3440 3051 fuissent,
3475 3000 3615 3041 con-

1957 3074 2296 3132 veniebant.
2330 3075 2558 3141 Quibus
2587 3075 2646 3131 in
2683 3074 2896 3130 arbore
2930 3073 3218 3148 praedicta
3246 3075 3613 3144 monstratis,

1958 3163 2294 3222 videntibus
2326 3165 2573 3230 cunctis,
2606 3163 2744 3220 illuc
2773 3163 3211 3237 pervenientes,
3245 3163 3443 3221 subito
3490 3179 3616 3221 non

1959 3259 2444 3328 comparuerunt.
2481 3257 2598 3310 Hac
2628 3253 3036 3326 disparitione,
3067 3251 3172 3326 qui
3222 3257 3439 3327 prmsto
3494 3252 3618 3310 fue-

1957 3350 2091 3402 rant
2112 3359 2323 3400 omnes
2345 3343 2680 3418 stupefacti,
2704 3342 2783 3399 ad
2807 3342 3087 3400 arborem
3112 3342 3270 3400 illico
3296 3341 3619 3399 convolan-

1958 3440 2042 3491 tes
2069 3434 2344 3491 membra
2365 3433 2548 3507 paulo
2598 3436 2735 3488 ante
2790 3431 2987 3506 posita
3043 3447 3169 3488 non
3209 3432 3615 3500 invenerunt;

1957 3525 2214 3597 factique
2247 3529 2385 3580 sunt
2413 3524 2594 3594 hujus
2618 3522 2703 3580 rei
2732 3527 2910 3579 testes
2941 3526 2998 3579 et
3024 3522 3236 3582 notitia
3273 3527 3330 3580 et
3352 3521 3615 3580 novitate

1955 3631 2108 3690 pene
2138 3631 2372 3684 omnes,
2399 3614 2503 3688 qui
2534 3612 2808 3685 ejusdem
2828 3612 2943 3670 loci
2965 3604 3205 3670 fuerant
3227 3612 3612 3683 habitatores,

1955 3704 2306 3762 consulente
2342 3703 2545 3760 divina
2572 3702 2965 3778 dispositione
2987 3703 3278 3761 membris
3325 3697 3441 3760 illis
3484 3717 3615 3776 pre-

1955 3795 2138 3865 tiosis,
2170 3810 2305 3867 quae
2327 3809 2450 3850 non
2476 3793 2690 3850 amittit
2718 3793 2780 3848 in
2825 3793 3049 3850 sanctis
3093 3793 3278 3851 etiam
3328 3791 3615 3866 capillum

1954 3883 2162 3959 capitis
2193 3884 2358 3954 (Luc.
2391 3885 2534 3954 xxx).
2581 3885 2729 3938 Dum
2767 3881 2896 3936 haec
2947 3885 3254 3952 geruntur,
3312 3882 3416 3954 qui
3456 3881 3616 3938 circa

1954 3977 2230 4030 sanctum
2258 3973 2358 4028 Dei
2387 3972 2644 4042 fuerant,
2675 3969 2945 4026 tollentes
2975 3985 3116 4027 eum
3148 3971 3224 4028 de
3268 3969 3610 4027 certaminis

1953 4079 2193 4136 campo,
2225 4063 2286 4119 in
2320 4062 2590 4134 plaustro
2622 4057 2952 4134 ponebant,
2980 4059 3326 4132 perducturi
3359 4075 3499 4116 eum
3545 4059 3608 4116 in

1951 4154 2155 4210 villam
2183 4152 2486 4218 Ascheim,
2519 4167 2655 4226 quae
2685 4147 2949 4205 distabat
2975 4148 3116 4206 inde
3130 4166 3210 4207 xu
3229 4149 3605 4219 milliaribus,

1952 4244 2054 4300 ubi
2094 4247 2151 4300 et
2179 4242 2426 4300 ecclesia
2451 4237 2556 4300 fuit
2587 4245 2644 4298 Β.
2675 4241 2849 4296 Petro
2885 4237 3296 4313 apostolorum
3353 4240 3608 4314 principi

1951 4329 2248 4400 dedicata,
2280 4347 2354 4386 ne
2380 4330 2441 4385 in
2458 4329 2672 4386 vilibus
2701 4328 3062 4386 rusticorum
3091 4329 3268 4398 eaeis,
3299 4333 3468 4388 tanta
3518 4334 3607 4388 ων

1949 4418 2140 4493 lisque
2171 4435 2432 4492 persona
2461 4418 2758 4475 deﬁceret.
2791 4417 3044 4475 Proinde
3069 4418 3350 4476 mulieres
3378 4435 3452 4476 ex
3475 4419 3610 4476 vici-

1950 4508 2053 4566 nia
2077 4508 2356 4579 collectae,
2389 4513 2443 4566 et
2482 4509 2591 4565 viri
2637 4507 2866 4565 circiter
2917 4501 3179 4578 ducenti,
3230 4508 3605 4566 venerabiles

1952 4598 2239 4670 exequias
2271 4598 2591 4673 prosecuti,
2614 4597 2846 4654 viscera
2873 4595 3415 4654 commiserationis
3456 4597 3607 4655 votis

1949 4686 2249 4744 indulsere
2279 4687 2578 4745 ﬁdelibus.
2631 4689 2886 4743 Emensa
2927 4686 3058 4757 jam
3103 4699 3330 4755 magna
3380 4685 3604 4743 itineris

1949 4779 2139 4848 parte,
2181 4776 2241 4834 in
2281 4792 2568 4850 campum
2617 4774 2948 4848 quemdam
3002 4773 3385 4846 gramineum
3413 4773 3603 4832 tribus

1949 4865 2214 4923 millibus
2247 4865 2567 4922 distantem
2597 4881 2634 4922 a
2656 4864 2786 4921 vico
2817 4863 3095 4921 Ascheim
3129 4862 3558 4936 perveniebant
3583 4880 3598 4919 :

1948 4957 2006 5010 et
2033 4970 2169 5011 ecce
2199 4955 2728 5026 transmigraturus
2750 4953 2830 5010 ad
2859 4952 3120 5010 caelestia
3157 4951 3370 5008 beatus
3409 4951 3602 5025 ponti-

1947 5042 2042 5099 fex
2064 5059 2210 5100 voce
2237 5059 2362 5116 qua
2384 5043 2570 5100 valuit
2597 5042 2820 5114 ejulare
2853 5042 3050 5114 cmpit,
3080 5041 3339 5098 innuens
3383 5041 3599 5099 horam

1945 5132 2277 5189 vocationis
2324 5148 2446 5189 suae
2503 5131 2838 5188 advenisse.
2899 5131 3074 5198 Quod
3117 5129 3368 5204 quidam
3437 5146 3597 5188 com-

1943 5221 2275 5278 meantium
2302 5221 2590 5278 subtiliter
2612 5221 2982 5291 discernens,
3008 5224 3076 5277 ut
3101 5219 3176 5276 de
3191 5219 3463 5293 plaustro
3510 5219 3598 5278 le-

1943 5313 2150 5368 vatum
2173 5310 2386 5368 Christi
2415 5314 2745 5382 martyrem
2791 5309 3154 5368 dimitterent
3197 5309 3410 5379 telluri,
3453 5323 3598 5368 cum

1941 5399 2400 5475 praemonuisset
2430 5399 2644 5470 socios,
2675 5417 2820 5458 mox
2847 5399 3098 5458 herbido
3118 5399 3180 5456 in
3209 5400 3414 5473 aprico
3463 5398 3598 5457 loco

1944 5488 2342 5546 tremebunda
2364 5488 2650 5560 religione
2679 5488 2894 5546 resolvi
2917 5488 3117 5562 ccepit.
3159 5488 3225 5545 In
3269 5488 3430 5546 exitu
3453 5495 3600 5545 vero

1944 5584 2164 5636 sanctae
2192 5579 2410 5637 animae
2435 5577 2591 5635 illius
2613 5578 2687 5635 de
2719 5581 2972 5651 Egypto
2993 5579 3177 5650 hujus
3213 5576 3448 5648 mundi,
3509 5574 3581 5630 ιν

1943 5684 2075 5725 cem
2112 5669 2289 5742 quasi
2341 5667 2641 5742 lampadis
2687 5666 3000 5726 immense
3047 5681 3124 5726 ex
3145 5682 3251 5726 ore
3277 5665 3518 5727 sancti?
