3984 6180
460 202 563 256 983

459 323 839 396 processisse,
871 321 1211 394 caelumque
1229 323 1434 396 ipsum
1489 332 1854 398 penetrassc,
1916 327 2113 382 cuncti
2147 330 2195 384 A

459 412 801 468 assistentes
830 409 1135 479 videbant,
1165 416 1451 486 tantaque
1477 414 1568 469 vis
1594 415 1825 485 jubaris
1857 421 1999 483 erat,
2051 421 2117 471 ut

454 499 811 555 intuentium
831 499 1039 555 oculos
1066 501 1245 574 quasi
1266 501 1645 560 fulminando
1685 505 2112 572 reverberaret,

451 603 763 660 pavorque
804 587 1081 645 membra
1136 606 1347 647 eorum
1378 596 1631 649 tremore
1662 598 2019 661 concuteret,
2051 601 2117 651 ut

452 675 550 732 vix
577 675 738 732 beati
766 676 874 732 viri
901 694 1121 751 corpus
1145 679 1209 734 in
1238 679 1574 752 plaustrum
1603 683 1892 741 auderent
1939 700 2114 758 repo-

450 780 612 821 nere.
646 769 851 838 Itaque
874 765 1015 822 inde
1044 767 1230 837 digna
1247 773 1413 841 patre
1435 772 1766 829 reverentia
1795 774 1871 828 ad
1897 774 2111 847 praefa-

451 856 581 910 tum
609 855 889 911 Ascheim
918 856 1280 928 perductum
1337 859 1399 914 in
1452 860 1700 918 ecclesia
1756 864 1912 919 Beati
1966 863 2115 919 Petri

453 943 727 1016 apostoli,
756 944 1211 1001 confaventibus
1248 948 1377 1018 ejus
1428 949 1543 1005 loci
1590 951 1847 1025 populis,
1910 953 2111 1009 debito

455 1032 820 1105 sepelierunt
848 1034 1096 1092 honore.
1131 1037 1246 1092 Sed
1298 1039 1592 1110 quoniam
1635 1041 1765 1111 ejus
1820 1058 2111 1099 resurrec-

450 1121 631 1177 tionis
663 1122 823 1179 diem
849 1123 1233 1181 beatissimus
1257 1128 1523 1200 pontifex
1559 1131 1888 1202 praestolari
1940 1133 2110 1188 mini-

449 1227 549 1267 me
579 1211 782 1283 voluit,
815 1212 1086 1284 exigente
1106 1215 1357 1286 justitia,
1387 1222 1451 1273 ut
1497 1235 1652 1291 quos
1692 1221 1833 1277 ﬁdei
1881 1222 2108 1293 gremio

450 1299 755 1369 nutrierat,
780 1301 863 1358 eis
892 1319 1137 1376 quoque
1165 1306 1318 1362 sacri
1344 1309 1612 1381 corporis
1639 1312 2109 1383 patrocinarctur

447 1387 918 1463 reliquiis,coepit
938 1391 1100 1447 orbis
1125 1398 1341 1451 natura
1370 1398 1618 1466 moveri,
1645 1402 1824 1472 atque
1846 1400 2105 1457 elemen-

450 1480 647 1532 torum
678 1477 959 1536 violentia
989 1482 1133 1537 tanti
1161 1483 1486 1541 sacerdotis
1516 1490 1731 1543 nutum
1752 1489 2104 1560 praedicare;

449 1581 595 1622 nam
624 1571 828 1624 coorta
858 1569 1055 1626 subito
1083 1576 1400 1629 ventorum
1432 1576 1711 1646 procella,
1765 1577 1965 1636 lucida
2014 1597 2105 1636 re-

1135 201 1561 258 MEGINFREDI
1598 203 2051 259 MAGDEBURG.
2092 205 2105 259 l

2210 204 2420 262 EISTRI
2456 207 2618 262 VlTA
2656 207 2718 262 Β.
2762 210 3197 267 ΕΜΜΕΒΑΜΜΙ.
3760 221 3842 274 984

2858 334 3093 391 CAPUT
3141 338 3246 392 XV.

2297 418 2663 489 Camiﬁcum
2681 437 2886 491 paena.
2918 455 2988 465 —
3018 424 3315 489 Quoniam
3344 424 3414 480 de
3443 427 3732 483 exercitio
3755 446 3841 484 cer-

2220 505 2460 562 taminis
2489 508 2786 580 pontiﬁcis
2807 514 2987 584 atque
3010 512 3311 585 triumpho
3338 514 3591 585 cognita
3620 519 3680 572 et
3706 518 3843 575 credi

2221 596 2280 648 ta
2300 598 2601 653 contexuit
2637 601 2846 665 oratio,
2878 616 3252 675 consequens
3284 618 3412 658 esse
3438 603 3706 665 videtur.
3745 608 3841 678 quis

2219 696 2419 738 rerum
2451 683 2587 740 ﬁnis
2616 693 3030 759 persecutores
3054 690 3184 761 ejus
3215 690 3673 762 praesentialiter
3717 708 3843 766 cepe-

2218 771 2309 839 rit,
2344 789 2626 831 enarrare
2662 795 2675 843 ;
2709 782 3008 849 quatenus
3035 783 3091 835 et
3117 779 3245 835 haec
3270 781 3537 850 cognitio
3568 787 3628 837 et
3682 782 3844 839 frmnet

2218 860 2551 935 improbos,
2580 870 2637 921 et
2679 870 2915 922 tueatur
2952 867 3219 940 probos;
3278 868 3424 924 dum
3474 886 3607 925 non
3663 871 3843 927 audent

2217 947 2330 1019 isti,
2360 967 2496 1023 quas
2525 952 2736 1009 volunt
2768 972 2781 1023 ;
2814 960 2871 1011 et
2893 971 3016 1011 non
3056 956 3359 1030 patiantur
3406 957 3516 1028 illi,
3576 975 3711 1032 quae
3751 976 3841 1016 non

2217 1036 2458 1094 debent.
2516 1040 2677 1097 Sic‘ut
2733 1042 3010 1115 superius
3064 1043 3350 1114 diximus,
3422 1046 3700 1119 quinque
3739 1056 3843 1103 sunt

2216 1124 2401 1193 electi,
2434 1128 2539 1200 qui
2568 1144 2707 1184 eum
2738 1134 3103 1204 torquerent,
3132 1148 3205 1188 ex
3226 1132 3447 1205 quibus
3471 1134 3632 1190 duos
3649 1134 3839 1191 facinus

2216 1214 2439 1285 terruit,
2467 1220 2585 1272 tres
2622 1233 2763 1274 vero
2806 1222 2864 1275 et
2882 1219 2960 1275 ad
2989 1219 3338 1277 audendum
3368 1226 3426 1278 et
3454 1222 3536 1279 ad
3563 1228 3839 1296 perpetran

2215 1300 2362 1358 dum
2378 1303 2570 1360 scelus
2586 1305 3076 1380 foris,imperium
3092 1309 3341 1365 senioris
3355 1311 3759 1385 incitat,atque
3771 1313 3834 1368 in-

2216 1390 2328 1448 sita
2357 1392 2699 1450 medullitus
2729 1395 3012 1469 iniquitas
3038 1398 3292 1455 exacuit.
3333 1399 3511 1455 Unde
3542 1400 3725 1456 timidi
3747 1401 3837 1456 duo

2212 1479 2312 1547 illi,
2344 1498 2551 1553 preces
2579 1500 2690 1556 pro
2722 1485 2814 1540 his
2842 1485 3131 1543 fundente
3185 1495 3396 1545 sancto
3456 1495 3733 1563 martyre,
3760 1507 3829 1544 ve-

2214 1567 2315 1624 nia
2344 1569 2572 1640 donati,
2605 1572 2668 1626 in
2688 1589 2837 1646 pace
2866 1573 3245 1632 deduxerunt
3300 1582 3619 1651 tempora;
3668 1578 3831 1650 reliqui

447 1653 545 1724 gio
566 1655 690 1729 poli
720 1657 986 1714 nubibus
1012 1659 1352 1731 obducitur,
1377 1668 1434 1718 et
1471 1666 1931 1723 contenebratur
1974 1668 2107 1724 cneli
2146 1681 2186 1735 Β
2212 1673 2354 1714 Vero
2384 1657 2540 1715 intra
2568 1666 2798 1735 septem
2826 1662 2953 1719 dies
3006 1664 3238 1737 δΡίΓίίυί
3285 1666 3381 1721 δαί
3433 1668 3752 1724 “ﬁlerunt
3782 1668 3826 1723 in

442 1743 647 1815 facies,
679 1746 916 1816 mugitu
946 1748 1207 1821 tonitrui,
1238 1751 1723 1827 fulguribusque,
1756 1756 2101 1814 mortalium

445 1832 629 1890 corda
656 1835 1052 1905 terrentibus;
1087 1837 1383 1896 dissoluto
1408 1841 1646 1897 interim
1683 1843 1747 1899 in
1792 1844 2025 1917 pluvias
2050 1852 2107 1904 et

447 1920 778 1978 deﬂuentes
844 1938 1054 1980 amnes
1125 1942 1262 1982 aere
1344 1928 1639 1984 continuis
1699 1932 2105 2003 quadraginta

447 2007 681 2065 diebus.

1076 2157 1300 2213 CAPUT
1334 2160 1466 2214 XIV.

513 2277 670 2347 Ejus
700 2280 1042 2336 translatio.
1068 2313 1137 2321 —
1165 2284 1327 2339 Tunc
1349 2284 1500 2342 sicut
1520 2284 1585 2342 in
1623 2289 1902 2359 angustia
1953 2308 2105 2348 sem-

442 2381 550 2438 per
577 2366 916 2424 humanum
944 2384 1134 2440 genus
1175 2371 1249 2428 de
1305 2372 1557 2430 insuetis
1607 2377 1876 2449 attendit,
1927 2385 1985 2437 et
2030 2382 2105 2438 de

442 2453 723 2526 periculis
747 2457 1013 2529 requirit,
1046 2461 1319 2518 consulta
1349 2468 1440 2519 est
1477 2463 1684 2522 divina
1731 2469 1999 2540 potentia
2048 2476 2107 2529 et

440 2542 634 2617 pietas
661 2551 926 2619 exorata,
954 2547 1146 2605 donec
1196 2551 1327 2609 visu
1369 2557 1675 2611 nocturnae
1725 2558 2105 2618 revelationis

444 2633 818 2692 declaratum
841 2641 947 2702 est,
1005 2639 1209 2696 deberi
1260 2641 1456 2700 felices
1494 2645 1776 2720 reliquias
1825 2648 2103 2710 festinato

443 2723 524 2782 ad
545 2723 1181 2814 ωῶςξωᾉῌᾷιὶεῢοηᾶω
1201 2729 1341 2786 inde
1399 2734 1722 2792 transferri.
1773 2740 1936 2796 Unde
1977 2742 2101 2814 pri-

437 2816 633 2868 mates
663 2812 776 2868 loci
804 2813 962 2869 illius
991 2815 1259 2885 adunati,
1284 2819 1590 2878 sublatum
1616 2839 1653 2880 a
1682 2826 1954 2899 sepulcro
1978 2812 2100 2887 _ve-

439 2900 782 2956 nerandum
804 2917 1024 2975 corpus
1050 2905 1128 2960 ad
1158 2909 1208 2961 ls
1220 2922 1387 2963 uram
1417 2909 1674 2968 ﬂuvium
1719 2916 1861 2972 navi
1907 2918 2099 2993 impo-

2216 1746 2447 1804 mundo
2471 1749 2688 1818 traditi,
2740 1756 2921 1824 atque
2973 1753 3331 1810 horribiliter
3374 1754 3611 1828 diuque
3654 1757 3824 1819 vexati,

2217 1836 2459 1892 tandem
2481 1838 2752 1910 quodam
2775 1840 3148 1914 intempestae
3178 1843 3371 1901 noctis
3401 1844 3640 1902 silentio
3664 1846 3716 1901 in
3756 1844 3825 1901 de-

2216 1928 2440 1982 sertum
2469 1933 2652 1984 ruunt
2683 1946 2695 1983 :
2719 1928 2825 1985 ubi
2852 1945 2961 2003 per
2984 1930 3120 1989 loca
3139 1932 3510 2004 confragosa
3528 1934 3590 1991 in
3617 1935 3822 1991 inacces-

2215 2013 2409 2071 sibilia
2430 2014 2807 2090 lymphando
2856 2020 3204 2093 perierunt:
3259 2039 3464 2097 neque
3511 2029 3707 2098 postea
3745 2024 3820 2080 ali-

2213 2119 2337 2176 quo
2366 2104 2427 2159 in
2452 2104 2586 2162 loco
2613 2107 2703 2163 vel
2730 2108 2864 2177 vivi,
2907 2109 3001 2166 vel
3043 2110 3306 2168 defuncti
3361 2120 3816 2188 comparuerunt;

2213 2192 2437 2266 duplici
2467 2195 2840 2269 contritione,
2870 2197 3021 2255 sicut
3035 2199 3116 2256 ait
3135 2201 3429 2274 propheta
3449 2203 3680 2274 (Jerem.
3698 2207 3813 2272 xui),

2215 2282 2467 2338 contriti.
2501 2284 2615 2340 Sed
2643 2289 2700 2341 et
2730 2286 3080 2343 Lambertus
3135 2304 3345 2346 eorum
3399 2289 3680 2348 dominus
3717 2306 3816 2347 certe

2215 2378 2493 2443 surgente
2523 2379 2731 2432 contra
2761 2393 2901 2433 eum
2924 2382 3067 2434 nata
3095 2395 3170 2436 ex
3192 2380 3524 2438 sceleribus
3550 2382 3664 2438 suis
3687 2398 3815 2438 occa-

2212 2461 2399 2531 sione,
2432 2469 2721 2537 perpetuo
2749 2465 3071 2524 damnatus
3124 2469 3320 2537 exilio,
3380 2472 3595 2544 procul
3645 2488 3677 2528 a
3720 2471 3808 2526 suis

2210 2552 2394 2624 digno
2424 2558 2714 2628 despectu
2744 2559 3025 2628 evanuit;
3058 2559 3171 2616 hac
3202 2560 3263 2616 in
3298 2566 3574 2634 posteros
3616 2561 3808 2619 haeredi-

2213 2646 2326 2698 tate
2347 2659 2667 2716 pcenarum
2695 2646 2916 2717 relicta,
2951 2654 3014 2704 ut
3042 2648 3197 2706 infra
3226 2666 3453 2723 paucos
3508 2668 3682 2708 annos
3726 2652 3806 2706 im-

2208 2738 2441 2789 mature
2464 2736 2672 2791 mortis
2703 2736 2852 2793 falce
2876 2738 3128 2811 praecisi,
3160 2756 3314 2813 pene
3347 2742 3563 2798 .omnis
3600 2743 3705 2798 vita
3748 2740 3806 2795 di-

2207 2820 2460 2878 fﬁcitlter
2490 2829 2738 2893 extorta,
2770 2842 2881 2899 pro
2932 2827 3193 2886 innocuo
3237 2832 3522 2904 martyris
3569 2830 3801 2901 sanguine

2206 2912 2700 2986 discerperentur.
2732 2916 2843 2982 Qui
2861 2933 3003 2974 vero
3058 2934 3367 2991 superesse
3418 2927 3688 2994 poterant,
3734 2918 3802 2973 vel

440 2991 708 3055 suerunt,
739 2990 1028 3058 accensis,
1055 2993 1228 3064 juxta
1248 2994 1549 3066 religionis
1574 3002 1849 3075 modum,
1874 2990 2092 3067 ciereis.

2210 3000 2409 3059 adhuc
2442 3011 2815 3076 suspersunt,
2849 3007 3060 3063 eadem
3094 2990 3449 3066 infelicitatis
3471 3011 3649 3068 forma
3670 2990 3799 3065 mise-

436 3074 522 3131 lbi
553 3091 693 3132 cum
745 3077 1016 3136 deﬂuum
1066 3081 1196 3149 iter,
1251 3101 1428 3144 amne
1482 3089 1543 3144 in
1586 3094 1831 3165 propria
1867 3102 2096 3172 ruente,

440 3171 850 3239 sequerentur,
883 3186 991 3243 per
1012 3172 1165 3229 ostia
1193 3173 1382 3247 ipsius
1413 3178 1489 3234 ad
1522 3181 1867 3239 Danubium
1914 3183 2099 3241 intra-

433 3259 667 3312 verunt.
702 3257 846 3314 Inde
893 3263 1101 3317 contra
1153 3268 1350 3320 ortum
1397 3265 1660 3324 ﬂuminis
1714 3271 2096 3342 enitentibus,

437 3343 605 3416 quod
627 3344 755 3402 sine
784 3363 1011 3419 magno
1042 3350 1249 3407 labore
1277 3358 1652 3413 consuetudo
1694 3364 1923 3417 natura:
1976 3378 2098 3418 non

433 3439 694 3506 praestat,
730 3440 895 3494 tanta
923 3439 1218 3497 celeritate
1247 3459 1341 3497 res
1382 3445 1708 3503 immobilis
1735 3456 1945 3508 contra
1973 3469 2098 3509 mo-

431 3519 618 3578 bilem
646 3524 872 3580 meritis
920 3528 1200 3599 martyris
1249 3533 1620 3604 propellitur,
1675 3552 1743 3593 ac
1793 3539 1841 3594 si
1896 3541 2095 3597 velum

432 3613 651 3666 ventus
669 3612 1053 3685 postﬂumen
1078 3617 1427 3676 intenderet.
1461 3624 1637 3680 Auxit
1686 3627 1849 3684 hunc
1895 3634 2095 3704 stupo-

433 3711 564 3754 rem
585 3698 649 3754 in
681 3715 751 3754 eo
783 3703 1071 3758 comitatu
1098 3720 1193 3760 res
1232 3707 1567 3766 admodum
1620 3713 1930 3788 mirabilis,
1988 3698 2097 3776 sed

433 3789 637 3844 tamen
658 3789 850 3846 sancti
875 3789 983 3847 viri
1001 3792 1274 3851 moribus
1304 3800 1750 3872 comparabilis.
1815 3807 1967 3862 Nam
2026 3809 2098 3864 si-

430 3878 533 3932 cut
558 3875 656 3933 ille
685 3876 747 3934 in
767 3877 884 3936 hoc
909 3882 1141 3939 mundo
1176 3892 1564 3945 conversatus
1615 3890 1768 3949 inter
1814 3909 2095 3965 grassan-

431 3963 1096 4057 tisstultitiaaturbines,
1141 3989 1252 4031 nec
1299 3975 1500 4049 ignem
1549 3984 1791 4053 superni
1822 3963 2093 4057 iamoris,

429 4067 545 4111 nec
574 4055 836 4112 veritatis
864 4057 1072 4117 lumen
1097 4063 1320 4136 amisit,
1350 4064 1432 4123 ita
1479 4069 1742 4127 candelae
1784 4073 1957 4145 juxta
2009 4055 2099 4134 sa-

432 4159 605 4200 crum
632 4143 790 4201 illius
818 4162 1040 4222 corpus
1071 4166 1340 4209 accensae
1373 4143 1799 4231 tempestatum
1845 4164 2095 4224 ﬂamina

432 4237 614 4306 atque
645 4233 932 4293 imbrium
964 4238 1218 4299 ﬂumina
1240 4243 1372 4315 jugi
1406 4262 1616 4306 sereno
1673 4252 2092 4326 despexerant,

432 4321 953 4380 consalutantibus
987 4330 1110 4416 tam
1138 4330 1365 4389 clarum
1400 4334 1659 4407 signum,
1715 4321 1805 4397 etv
1826 4321 2095 4416 conjubi;

430 4409 698 4467 lantibus
723 4417 804 4468 uti
823 4413 989 4487 isque
1017 4415 1332 4479 littoribus.
1395 4427 1516 4482 Hac
1545 4427 1845 4488 alacritate
1881 4409 2093 4491 urbem

430 4499 788 4573 prmdictam
840 4502 1118 4579 ingressi,
1178 4510 1423 4569 obviam
1468 4515 1812 4576 habuerunt
1890 4539 2093 4581 sacros

433 4589 574 4646 cleri
627 4590 891 4663 ordines,
945 4601 1002 4652 et
1058 4600 1282 4671 pravia
1324 4603 1625 4675 religionis
1673 4609 1910 4683 vexilla,
1953 4630 2092 4670 cum

431 4676 665 4751 reliquo
694 4682 1095 4752 processionis
1116 4686 1252 4755 ritu,
1286 4690 1739 4769 principemque
1785 4676 2095 4757 Theodum

430 4765 755 4838 provinciae
786 4785 926 4825 cum
965 4773 1376 4847 optimatibus,
1422 4779 1613 4839 effusa
1637 4765 1717 4840 in
1766 4786 2093 4847 adventum

434 4853 528 4909 aui
558 4858 797 4927 patroni
821 4863 948 4917 tota
976 4863 1219 4934 regione
1246 4885 1259 4935 ;
1292 4883 1552 4940 quorum
1579 4871 1959 4945 hymnisonis
1991 4895 2095 4935 vo-

433 4941 602 5039 cibus
630 4944 801 5003 tellus
849 4948 1170 5039 videbatur
1217 4972 1349 5012 esse
1405 4941 1718 5018 concussa.
1781 4968 1983 5039 itaque
2032 4967 2094 5025 in

430 5030 594 5129 beati
624 5035 885 5130 Gregorii
919 5041 1201 5130 [Georgii]
1258 5049 1538 5119 martyris
1580 5052 1852 5122 ecclesia,
1883 5030 2094 5130 .quam

429 5116 562 5217 ipse
593 5124 909 5217 quondam
939 5129 1282 5189 orationum
1320 5116 1718 5197 familiaritate
1756 5116 2094 5217 frequenta-

430 5207 558 5301 bat,
605 5210 902 5301 solempni
956 5218 1297 5279 celebritate
1347 5229 1683 5301 composito
1739 5207 2095 5292 truculentia

429 5294 683 5390 furentis
710 5315 873 5390 aurae
903 5306 1128 5378 quievit
1155 5311 1428 5386 reditque
1478 5294 1600 5390 pax
1629 5304 1863 5379 aetheris
1891 5328 1949 5380 et
2002 5339 2094 5382 ar-

331 5396 337 5404 ‘
428 5384 679 5484 bitrium
706 5389 969 5484 luminis.
992 5397 1268 5456 Traditur
1290 5384 1499 5462 autem
1550 5408 1846 5484 ﬁrmaque
1899 5430 2092 5469 asser-

431 5474 593 5569 tione
622 5478 931 5569 probatur,
962 5486 1127 5556 quod
1152 5487 1213 5544 in
1241 5490 1344 5548 illa
1368 5494 1486 5563 via,
1511 5512 1634 5569 qua
1662 5474 1893 5556 levatus
1923 5517 1959 5557 a
1989 5517 2092 5559 na-

431 5563 493 5618 vi
522 5564 822 5662 ferebatur
857 5571 960 5662 ad,
984 5574 1318 5662 ecclesiam
1358 5563 1598 5662 triginta
1647 5588 1833 5660 signis
1884 5590 2089 5651 divina

433 5666 575 5710 eum
603 5656 793 5729 pietas
821 5659 1191 5726 clariﬁcaret.

2205 3107 2338 3147 ram
2365 3095 2655 3149 testantur
2678 3095 3048 3168 prosapiam,
3078 3102 3132 3152 et
3162 3097 3569 3156 calamitosam
3600 3098 3797 3155 brevita-

2204 3184 2325 3236 tem
2351 3180 2663 3237 imbecillis
2689 3181 2824 3238 vitte
2847 3184 3120 3256 suspiriis
3162 3185 3387 3243 debent
3422 3188 3603 3261 potius
3644 3201 3789 3259 quam

2203 3267 2435 3325 usibus.
2473 3272 2540 3326 Et
2568 3270 2717 3344 quid
2764 3272 3039 3330 mirum?
3089 3274 3137 3329 si
3194 3278 3645 3348 consanguineos
3688 3274 3789 3343 ejus

2204 3362 2449 3431 sanguis
2478 3362 2766 3420 innocens
2800 3365 3004 3435 tetigit,
3057 3383 3192 3422 cum
3250 3372 3309 3423 et
3361 3369 3590 3425 aediﬁcia
3635 3365 3786 3439 ipsius

2204 3449 2534 3507 secundum
2567 3451 2716 3508 illud
2743 3454 3162 3527 propheticum
3192 3473 3206 3512 :
3234 3479 3263 3505 «
3281 3457 3399 3514 Fiat
3420 3453 3779 3522 habitatioejus

2202 3537 2456 3609 deserta,
2491 3545 2546 3595 et
2573 3541 2636 3596 in
2661 3541 3050 3600 tabernaculo
3079 3546 3211 3617 ejus
3240 3562 3354 3603 non
3382 3546 3449 3601 sit
3471 3544 3559 3617 qui
3580 3539 3768 3597 inhabi-

2204 3629 2283 3681 tet
2304 3626 2493 3697 (Psal.
2525 3631 2743 3703 vam),
2776 3654 2805 3682 ››
2831 3631 3058 3689 damna
3086 3634 3395 3707 impietatis
3420 3629 3767 3705 ejustulerint;

2199 3713 2280 3771 ita
2307 3719 2370 3771 ut
2393 3715 2663 3788 virgultis
2693 3724 2750 3775 et
2780 3721 2982 3777 urticis
3000 3724 3458 3780 ascendentibus
3477 3721 3684 3778 ruinosa
3698 3717 3780 3773 de-

2199 3802 2495 3863 formitate
2521 3807 2769 3882 delapsa
2793 3810 3064 3868 humana
3095 3815 3537 3871 conversatione
3580 3810 3678 3867 sint
3716 3808 3783 3863 in-

2200 3909 2491 3965 congrua,
2526 3897 3061 3974 damnabilemque
3095 3918 3165 3958 ac
3201 3903 3606 3961 detestandum
3638 3896 3787 3955 homi-

2200 3988 2426 4052 nem,et
2434 3984 2565 4057 jam
2580 3985 3021 4045 insensibilium
3036 3991 3306 4062 neglecta
3326 3992 3521 4063 ﬁgura
3537 3989 3786 4048 declamet.

2834 4078 3059 4136 CAPUT
3095 4083 3225 4137 XVI.

2271 4162 2595 4222 Miracula.
2630 4198 2698 4207 —
2728 4166 2997 4224 Diximus
3022 4169 3097 4225 de
3126 4170 3415 4228 insensati
3458 4168 3689 4229 hominis
3731 4179 3792 4219 se-

2201 4251 2381 4307 dibus
2407 4258 2466 4309 et
2491 4253 2607 4310 loci
2638 4255 2829 4329 ipsius
2881 4257 3132 4327 aedibus,
3184 4261 3327 4332 quia
3383 4254 3716 4319 desolatione
3736 4251 3794 4307 vi-

2203 4341 2357 4397 sibili
2387 4346 2674 4401 testentur
2729 4347 3090 4405 invisibilem
3131 4351 3260 4421 ejus
3308 4351 3644 4417 interitum;
3672 4343 3793 4401 dein-

2202 4446 2342 4503 ceps
2371 4432 2583 4489 dicturi
2606 4451 2737 4490 sum
2750 4452 2817 4491 us
2849 4453 2922 4492 ex
2947 4438 3200 4496 adverso
3231 4445 3459 4513 quanta
3490 4439 3663 4511 gloria
3699 4431 3796 4507 pol-

2200 4520 2363 4577 leant
2391 4538 2529 4579 area
2557 4526 2897 4581 certaminis
2924 4527 3083 4584 beati
3114 4528 3222 4584 viri
3280 4535 3339 4585 et
3386 4530 3558 4587 locus
3597 4522 3798 4584 vocatio-

2202 4610 2316 4678 nis,
2348 4615 2432 4679 ut,
2461 4612 2609 4668 dum
2651 4614 2925 4672 locorum
2967 4616 3209 4675 illorum
3258 4622 3589 4676 reverentia
3635 4612 3799 4690 praedi"

2204 4704 2391 4768 catur,
2431 4717 2554 4774 quo
2582 4702 2844 4761 incolatu
2866 4706 3146 4779 martyris
3168 4708 3373 4765 anima
3394 4708 3681 4783 tripudiet,
3698 4716 3798 4759 con-

2199 4788 2456 4861 jiciatur.
2490 4793 2642 4862 Ergo
2672 4793 2777 4849 ubi
2807 4793 3029 4851 incisus
3080 4802 3168 4853 est
3224 4796 3360 4853 felix
3416 4798 3700 4865 sacerdos,
3743 4790 3800 4845 10-

2206 4894 2345 4934 cum
2373 4878 2539 4934 illum
2571 4881 2698 4938 haec
2723 4882 3070 4941 solemnilas
3094 4885 3233 4942 colit
3253 4903 3411 4960 aque
3457 4888 3582 4943 haec
3637 4886 3799 4941 immu-

2204 4967 2358 5024 nitas
2386 4968 2543 5040 tegit,
2577 4970 2795 5028 scilicet
2820 4973 2963 5029 utin
3032 4974 3406 5032 altitudinem
3455 4976 3635 5033 cubiti
3665 4970 3798 5027 unius

2203 5062 2475 5114 excretus
2499 5059 2822 5117 eminentia
2847 5080 2977 5128 sua,
3012 5064 3193 5120 ﬁdem
3221 5065 3301 5121 ibi
3334 5066 3640 5139 speranda:
3659 5057 3799 5117 venia

2202 5146 2539 5219 petentibus
2568 5150 2874 5222 promittat
2908 5169 2920 5207 :
2952 5156 3079 5209 tum
3136 5160 3424 5227 praeterea
3476 5156 3659 5213 nescit
3700 5152 3798 5221 jura

2203 5235 2494 5293 saevientis
2548 5253 2731 5308 aurae,
2786 5256 2982 5313 neque
3037 5243 3174 5301 nive
3226 5244 3549 5311 candescit,
3597 5257 3695 5299 nec
3728 5250 3799 5292 all-

2201 5328 2413 5382 tumno
2442 5326 2769 5398 flaccessit;
2813 5345 2938 5386 non
2986 5332 3181 5390 hieme
3240 5334 3488 5403 gelatur,
3534 5349 3650 5390 non
3686 5328 3799 5386 testu

2201 5417 2454 5471 torretur
2485 5435 2498 5485 ;
2527 5417 2721 5474 solum
2753 5420 2994 5477 vernale
3019 5421 3222 5491 decus,
3255 5428 3313 5478 et
3338 5438 3574 5496 semper
3599 5411 3799 5477 virentil

2200 5505 2495 5576 gramina,
2519 5507 2804 5580 cespitem
2831 5509 3000 5566 illum
3021 5511 3361 5581 jucundum
3414 5507 3794 5598 praebuemutf

2197 5595 2359 5651 unde
2383 5596 2563 5652 etiam
2593 5596 2859 5655 ﬁdelium
2915 5600 3086 5672 plebs
3134 5602 3349 5670 vicina,
3410 5602 3700 5659 ecclesiam

2200 5682 2279 5746 ob
2304 5682 2642 5755 frequentes
2664 5687 2879 5745 votiva:
2908 5689 3390 5761 congregationis
3430 5702 3711 5750 accessus.
3750 5682 3794 5735 ίη
