3984 6180
225 212 334 265 985
1001 212 1379 269 ARNOLDUS
1415 210 1999 269 EMMERAMMENSIS
2035 213 2443 276 uomcnns.
2469 251 2538 259 -
2566 219 2871 277 ΝΟΤΙΤΙΑ.
3056 210 3061 212 ⁷
3552 232 3658 286 986

223 332 521 391 honorem
548 335 771 391 ibidem
792 334 1211 406 triumphantis
1238 336 1518 409 martyris
1547 340 1889 426 construite—
1923 338 1969 390 Α
1997 335 2130 426 illac
2160 340 2432 398 miraculi
2485 344 2575 399 sui
2630 349 2941 418 stuporem
2966 347 3229 423 ingessit,
3280 367 3524 409 causam
3545 368 3655 426 pa-

222 426 386 477 runt.
421 423 673 478 Proinde
698 423 865 478 locus
886 423 989 478 ubi
1016 423 1257 496 spiritus
1285 426 1414 495 ejus
1447 424 1745 479 sideream
1768 422 1893 495 pla-
1997 425 2137 481 riter
2164 444 2287 485 suae
2334 432 2665 501 viriditatis,
2721 440 2779 490 et
2831 422 3191 493 memoriam
3248 438 3445 494 obitus
3495 422 3656 499 beati

225 512 364 578 gam
400 508 566 601 adiit,
613 510 804 566 multo
862 515 1153 601 tempore
1183 511 1478 601 neglectui
1505 511 1776 601 traditus,
1832 515 1891 567 et
2001 517 2278 588 martyris
2309 520 2564 577 edocuit.
2601 524 2978 597 Quapropter
3005 528 3063 580 et
3082 525 3164 580 ibi
3205 525 3515 584 basilicam
3544 546 3653 601 po-

222 612 377 670 pene
410 597 707 653 oblivione
761 599 1086 663 obsoletus,
1142 600 1256 655 hoc
1312 600 1496 655 modo
1534 600 1888 670 dignitatem
2001 603 2121 659 suit
2150 604 2323 674 ﬁdes,
2380 614 2678 682 quatenus
2734 611 3035 670 efﬁcacius
3088 614 3457 671 animaretur
3497 597 3653 689 spes,

226 702 398 742 suam
426 686 767 743 vindicavit.
800 687 1046 744 Hiemali
1082 694 1445 761 tempestate,
1495 689 1645 745 sicut
1674 694 1889 745 natura
1997 707 2133 764 quae
2162 693 2222 748 in
2253 696 2521 771 utrisque
2549 699 2693 756 locis
2725 702 2804 757 ita
2834 706 3111 757 votorum
3128 702 3419 759 fructibus
3446 686 3654 776 viguit,

226 778 321 830 est
349 774 694 843 Germaniae,
746 791 884 830 cum
936 780 1121 832 totam
1171 782 1339 833 terra:
1392 777 1769 849 superﬁciem
1794 778 1885 833 ni-
1997 781 2128 836 utsi
2161 786 2463 842 numerari
2508 788 2810 859 deberent,
2869 792 3243 848 numerantis
3297 774 3657 851 industriam

222 863 392 919 vium
439 863 693 935 operiret
733 865 1128 935 immensitas,
1179 866 1308 923 sola
1363 866 1632 939 corporis
1686 867 1888 925 areola
1995 878 2353 943 premerent.

225 951 330 1008 tali
385 952 724 1009 conditione
753 952 960 1025 libera,
1013 954 1158 1011 dum
1184 955 1661 1029 pretereuntibus
1688 956 1802 1012 hac
1829 962 1888 1013 et

1210 1136 1335 1137 κέ
1400 1136 1403 1137 ν
1456 1136 1473 1137 η
1516 1136 1617 1137 ,W.
1690 1136 3630 1158 ,7Wﬁ___________

1581 1244 1722 1283 ANTE
1760 1245 1966 1285 IEDIUI
2006 1248 2269 1289 SIECULUM
2276 1277 2288 1289 .

700 1636 784 1689 EX
822 1634 1076 1691 COMITE
1115 1637 1611 1695 VOHBURGENSI
1650 1641 2093 1697 EMMERAMMEJ

2049 1422 2093 1557 Α
2132 1420 2263 1559 D
2296 1425 2421 1569 Π
2457 1425 2554 1564 S

2049 1642 2237 1699 ENSIS
2274 1646 2657 1703 MONACHUS
2698 1650 2781 1703 ET
2823 1651 3165 1707 DECANUS.

1709 1825 1857 1840 οδ...

1862 1825 2128 1841 —

1233 1980 1673 2069 NOTITIA
1761 1984 1875 2070 IN
1958 1986 2608 2079 ARNOLDUM.

868 2176 1137 2251 ETAS,
1185 2178 1522 2251 PATRIA,
1570 2179 1983 2254 NATALES,
2031 2184 2194 2246 RES
2239 2185 2557 2261 GESTIE,
2610 2188 2991 2253 SCRIPTA.

1137 2310 1335 2383 (Apud
1364 2314 1564 2380 Pen'rz,
1594 2313 1861 2369 Monum.
1896 2313 2091 2371 Germ.
2129 2317 2287 2386 111291.,
2324 2321 2422 2375 SS.
2454 2322 2541 2390 1V,
2575 2321 2723 2392 543.)

285 2562 602 2633 Arnoldus,
650 2581 724 2620 ex
760 2565 950 2622 nobili
977 2582 1192 2636 genere
1251 2571 1435 2638 ortus,
1494 2567 1720 2640 quippe
1767 2567 1872 2641 qui
1909 2569 1955 2622 Β
1984 2586 2038 2626 a.
2078 2575 2213 2630 1030
2242 2573 2490 2633 demum
2547 2577 2896 2634 Burchardo
2953 2577 3171 2635 abbate
3201 2583 3522 2639 constituto
3561 2600 3651 2641 re-

210 2666 396 2708 avum
424 2658 764 2709 maternum
794 2655 1181 2711 Berhtoldum
1226 2656 1660 2723 marehionem,
1692 2663 1885 2729 pater-
1993 2656 2148 2728 cepit
2173 2658 2271 2729 (4),
2330 2677 2526 2734 neque
2554 2665 2758 2717 tamen
2815 2662 3016 2718 statim
3045 2679 3183 2718 cum
3211 2664 3341 2720 aliis
3382 2682 3653 2723 commu-

208 2756 365 2797 num
391 2742 728 2799 Arnoldum
760 2743 952 2799 virum
1005 2744 1268 2801 nobilem
1309 2745 1435 2817 ipse
1490 2746 1649 2802 dicat
1690 2748 1789 2818 (ί),
1819 2748 1880 2803 in
1989 2740 2228 2798 nicasse
2260 2744 2493 2801 videtur
2518 2746 2616 2817 (5).
2653 2746 2850 2802 Sancti
2879 2747 3038 2803 enim
3066 2747 3357 2805 miracula
3387 2766 3449 2806 se
3505 2751 3650 2806 scri-

214 2832 732 2888 S.Emmerammi
760 2833 1130 2889 monasterio
1157 2833 1568 2891 Ratisbonensi
1594 2835 1882 2892 educatus
1989 2835 2234 2903 pturum
2301 2850 2429 2889 esse
2498 2835 2628 2907 jam
2687 2834 2921 2891 dudum
2994 2842 3236 2893 voverat
3291 2838 3390 2910 (6),
3458 2855 3651 2913 eaque

209 2923 274 2976 et
295 2921 668 2977 monachum
725 2921 1052 2995 professus,
1110 2922 1690 2995 primumRomante
1729 2925 1880 2981 anti-

208 3009 459 3083 quitatis
513 3010 903 3084 scriptoribus
958 3011 1228 3081 legendis
1298 3030 1546 3087 operam
1620 3015 1879 3083 navavit,

208 3102 423 3171 postea
450 3114 595 3154 vero
626 3098 840 3155 eodem
874 3099 1054 3155 modo
1091 3118 1215 3173 quo
1268 3103 1557 3158 0thlonus
1611 3120 1645 3159 a
1674 3103 1879 3160 litteris

208 3187 603 3244 saecularibus
628 3188 863 3244 transiit
889 3189 969 3244 ad
995 3188 1247 3246 divinas.
1283 3192 1512 3258 Quibus
1544 3193 1753 3248 studiis
1776 3193 1884 3249 im-

207 3277 394 3333 butus
439 3282 497 3333 et
527 3282 831 3333 «venusto
892 3295 1170 3335 sermone
1210 3280 1554 3351 delectatus,
1590 3305 1618 3331 ››
1651 3284 1879 3337 Emme-

206 3366 433 3423 rammi
460 3367 699 3441 patroni
731 3368 823 3423 sui
877 3369 1065 3424 Vitam
1112 3368 1336 3425 inculta
1388 3375 1445 3425 et
1500 3370 1723 3426 rustica
1753 3387 1881 3427 esse

209 3452 500 3524 scriptam
527 3452 796 3507 oratione
818 3451 1027 3517 doluit,
1043 3454 1291 3526 ejusque
1313 3454 1708 3510 emendandae
1738 3471 1881 3511 con-

210 3540 414 3597 silium
446 3540 621 3612 cepit.
659 3541 773 3598 Sed
804 3540 1013 3596 fratres
1030 3543 1443 3598 venerandam
1465 3543 1880 3631 antiquitatem

212 3629 294 3686 ab
323 3630 567 3686 homine
598 3646 892 3686 novarum
922 3647 1146 3698 rerum,
1179 3636 1242 3686 ut
1268 3632 1341 3687 iis
1394 3629 1731 3701 videbatur,
1764 3639 1883 3688 stu-

215 3718 390 3774 dioso
420 3718 582 3788 tangi
614 3718 993 3789 sacrilegium
1048 3719 1182 3788 rati,
1211 3726 1272 3775 ut
1298 3722 1595 3777 Arnoldus
1638 3723 1697 3778 in
1729 3722 1883 3778 exsi-

216 3801 365 3858 lium
397 3803 744 3871 mitteretur,
777 3802 944 3875 apud
966 3802 1251 3859 abbatem
1282 3810 1553 3874 egerunt.
1590 3811 1793 3878 Itaque
1821 3807 1883 3862 in

1988 2921 2206 2993 partim
2265 2923 2327 2978 in
2381 2923 2630 2996 antiqua
2687 2924 2812 2981 Vita
2867 2930 3129 2993 narrata,
3184 2927 3404 2999 partim
3442 2933 3652 3001 postea

1992 3008 2328 3066 Ratisbonm
2351 3015 2484 3067 acta
2514 3012 2653 3067 Vitae
2680 3012 2762 3068 illi
2787 3013 3126 3084 adjicienda
3174 3014 3345 3072 duxit
3377 3034 3391 3084 ;
3424 3016 3484 3073 in
3513 3017 3649 3090 qui-

1990 3098 2107 3154 bus
2139 3100 2592 3158 conscribendis
2646 3117 2786 3157 eum
2815 3120 2870 3158 a.
2936 3108 3069 3159 £035
3102 3105 3196 3160 vel
3256 3110 3413 3175 t036,
3468 3123 3647 3163 occu-

1990 3193 2203 3260 patum
2229 3189 2503 3246 videmus
2536 3193 2627 3262 (7).
2662 3193 2789 3256 Quo
2818 3191 3006 3260 ﬁnito,
3053 3197 3373 3265 utrumque
3427 3194 3650 3251 librum

1991 3277 2335 3333 Burchardo
2393 3278 2599 3334 abbati
2654 3278 2969 3350 inscripsit.
3036 3310 3104 3318 -
3161 3280 3275 3335 Sed
3328 3296 3471 3335 mox
3544 3297 3650 3336 no-

1989 3382 2130 3421 vum
2171 3367 2249 3437 (8)
2307 3366 2569 3438 suscepit
2621 3366 2913 3433 laborem,
2970 3371 3027 3422 et
3077 3366 3458 3422 devotionem
3508 3383 3652 3438 erga

1991 3461 2267 3511 sanctum
2316 3462 2382 3512 ut
2431 3457 2789 3521 ostenderet,
2840 3457 3095 3524 cultores
3155 3459 3285 3530 ejus
3349 3458 3652 3515 celebrare

1991 3543 2101 3598 sibi
2130 3546 2463 3617 proposuit.
2498 3544 2758 3600 Primum
2774 3545 2952 3614 igitur
2982 3550 3116 3602 acta
3136 3546 3470 3617 Wolt‘gangi
3490 3546 3651 3619 epis-

1990 3634 2123 3704 copi
2153 3638 2210 3689 et
2234 3634 2549 3691 Ramuoldi
2608 3634 2844 3690 abbatis
2904 3636 3189 3699 narravit,
3246 3641 3302 3692 et
3345 3652 3439 3692 res
3471 3636 3653 3693 Ratis-

1988 3720 2308 3789 bonenses,
2339 3738 2495 3794 quas
2524 3726 2862 3794 compertas
2909 3722 3140 3789 habuit,
3201 3724 3508 3780 memorias
3538 3728 3654 3780 tra-

1991 3809 2160 3863 didit.
2188 3812 2399 3865 Postea
2432 3827 2569 3865 cum
2602 3809 2828 3878 dialogi
2885 3810 3143 3866 formam
3200 3812 3340 3865 huic
3364 3810 3518 3865 libro
3544 3816 3653 3866 im-

217 3890 542 3947 Saxoniam
616 3889 937 3962 profectus,
1006 3890 1389 3961 Magdeburgi
1456 3893 1883 3962 Meginfredum
1918 3920 1961 3974 ο
1992 3897 2307 3969 posuisset,
2340 3898 2516 3952 latius
2560 3902 2808 3966 vagatus
2864 3901 2972 3961 est,
3028 3902 3084 3950 et
3141 3896 3220 3950 ab
3275 3895 3653 3949 Ammonicio

214 3980 295 4051 (2)
350 3979 568 4035 scholae
637 3979 995 4049 magistrum
1060 3980 1318 4035 amicitia
1373 3980 1483 4036 sibi
1549 3982 1878 4052 conjunxit,

212 4084 400 4142 quem
432 4073 496 4124 ut
523 4069 711 4125 Vitam
742 4068 907 4125 illam
939 4068 1013 4123 de
1069 4085 1230 4125 novo
1274 4069 1554 4125 scriberet
1606 4071 1884 4143 precibus

217 4157 342 4213 suis
370 4158 667 4230 permovit
700 4176 714 4225 ;
774 4158 835 4214 id
863 4157 1030 4231 quod
1074 4157 1297 4213 ultimis
1357 4159 1605 4215 Heinrici
1637 4164 1678 4215 ll
1710 4160 1885 4216 annis

213 4246 443 4303 factum
475 4251 563 4303 est
604 4248 705 4318 (3).
766 4250 905 4303 Post
933 4251 1049 4302 tres
1083 4262 1276 4303 annos
1328 4247 1406 4304 ad
1448 4250 1883 4306 monasterium

215 4351 497 4391 reversus
560 4336 655 4406 (3),
715 4349 869 4408 opus
922 4334 1339 4408 imperfectum
1390 4336 1668 4409 reliquit;
1716 4335 1884 4409 quod

297 4479 370 4553 (t)
401 4485 437 4553 l_.
458 4483 558 4553 _l3.
593 4481 672 4553 A._
696 4479 1011 4553 Berhtoldo
1044 4495 1236 4553 genus
1268 4482 1556 4537 comitum
1580 4481 1663 4553 Ade
1695 4482 1882 4538 Cham

218 4554 277 4606 et
298 4550 613 4624 Vochburg
637 4550 971 4624 deducitur,
1033 4567 1156 4624 quo
1210 4552 1435 4608 factum
1468 4550 1674 4608 est‘ut
1702 4554 1882 4608 etiam

218 4622 555 4676 Arnoldum
607 4621 686 4677 ad
740 4620 895 4677 hanc
950 4620 1239 4678 familiam
1268 4624 1435 4679 multi
1481 4624 1781 4679 referrent.
1816 4656 1883 4663 —

218 4698 352 4766 ipse
384 4694 424 4766 1,
460 4697 543 4760 t3,
575 4693 803 4765 neptim
851 4694 1144 4759 nominat,
1177 4711 1313 4766 quae
1345 4694 1736 4750 Adalrammo
1782 4711 1886 4750 no-

214 4764 325 4819 bili
354 4764 483 4818 viro
514 4764 821 4834 nupserat.

294 4834 679 4906 (2)Eumdem
704 4851 836 4890 esse
882 4851 1063 4906 quem
1119 4837 1471 4892 Trithemius
1528 4835 1885 4906 magistrum

220 4906 581 4979 Fuldensem
612 4905 792 4979 fuisse
815 4905 921 4979 _et_’
944 4907 1279 4979 Cbronicon
1309 4908 1598 4963 Fuldense
1646 4905 1884 4979 aliaque

216 4976 410 5033 multa
439 4977 743 5049 scripsisse
796 4976 938 5031 dicit
966 4978 1214 5049 (Chron.
1277 4981 1570 5047 Hirsaug.
1606 4995 1659 5034 a.
1690 4976 1814 5034 986—.
1843 4983 1881 5034 1.

269 5092 282 5103 .
322 5052 463 5112 128),
490 5047 760 5104 Canisius
792 5052 880 5114 (ll.
938 5048 1145 5112 Prmh,
1204 5049 1441 5105 Vossius
1472 5051 1567 5117 (de
1601 5051 1679 5105 H.
1718 5051 1780 5105 L.
1818 5053 1883 5117 ll,

269 5092 282 5103 .
322 5066 463 5112 ηδ),
490 5066 760 5104 uanisms
792 5066 880 5114 (ιι.
938 5066 1145 5112 nam,
1208 5066 1441 5105 vossms
1472 5066 1567 5117 (ae
1601 5066 1679 5105 11.
1718 5066 1780 5105 ι.
1818 5066 1881 5117 ιι,

216 5066 337 5190 £2.)
368 5119 587 5191 aliique
613 5123 903 5192 putarunt
936 5136 949 5185 ;
982 5119 1085 5173 sed
1111 5120 1173 5173 C.
1209 5121 1557 5192 Suyskenus
1592 5122 1743 5192 (Act.
1776 5120 1881 5192 SS.

221 5193 381 5263 Sept.
402 5190 507 5263 Vl.
528 5206 588 5263 p.
616 5190 745 5263 456)
776 5194 933 5263 recte
966 5195 1191 5263 monet,
1225 5190 1387 5246 hunc
1413 5191 1745 5263 secundum
1765 5190 1886 5246 Tri-

222 5261 432 5343 themii
465 5261 736 5343 calculos.
780 5263 867 5343 (p.
898 5262 1015 5323 153)
1040 5261 1170 5343 jam
1216 5276 1271 5317 a.
1310 5265 1464 5343 £030.
1505 5262 1890 5343 _obiisse.uln
1930 5264 1974 5317 Ι)

218 5332 570 5403 Necrologio
596 5331 870 5388 Fuldensi
900 5346 1041 5386 vero
1065 5331 1217 5403 inter
1246 5347 1300 5388 a.
1337 5336 1652 5403 1000-1050,
1687 5333 1887 5388 nullus

1988 3985 2111 4053 illo,
2160 4001 2342 4056 quem
2399 4001 2602 4040 secum
2658 3984 3001 4055 loquentem
3054 3982 3245 4050 ﬁnxit,
3279 3980 3650 4048 admonitus,

1988 4090 2083 4129 res
2122 4073 2416 4138 diversas,
2471 4072 2749 4127 historias
2804 4071 3001 4126 varias
3054 4075 3111 4125 et
3160 4068 3539 4142 multiplices,
3590 4074 3656 4127 ut

1992 4158 2248 4218 Collectii
2306 4158 2539 4214 nomini
2596 4157 2708 4214 sibi
2760 4157 3041 4231 imposito
3095 4158 3490 4227 responderet
3553 4159 3651 4231 (9),

1990 4249 2396 4320 undecunque
2427 4246 2663 4316 collegit
2692 4264 2706 4315 ;
2761 4246 3048 4319 nulloque
3079 4252 3238 4303 certo
3266 4246 3476 4303 ordine
3506 4247 3654 4304 duc—

1989 4343 2084 4394 tus
2113 4338 2247 4409 (10),
2280 4336 2464 4392 modo
2493 4336 2642 4401 haec,
2687 4336 2871 4392 modo
2923 4335 3021 4392 illa
3052 4336 3112 4391 in
3143 4336 3398 4393 schedas
3435 4336 3651 4393 retulit.

1990 4478 2300 4553 nequibat,
2334 4492 2472 4532 cum
2504 4476 2563 4531 id
2618 4476 2868 4553 Heinrici
2900 4480 2942 4531 Il
2997 4481 3286 4553 tempore,
3337 4477 3373 4531 i.
3415 4491 3466 4530 e.
3516 4479 3653 4553 ante

1992 4567 2046 4606 a.
2080 4546 2107 4604 1'
2110 4552 2214 4605 024
2244 4546 2594 4620 susceptum
2621 4564 2782 4604 anno
2810 4546 3060 4603 demum
3098 4546 3578 4620 1030_accepe_ri_t.

2063 4624 2138 4691 (ὅ)
2162 4621 2239 4695 _In
2269 4613 2530 4695 adveutu
2562 4625 2754 4695 ve§_t_ro
2784 4651 2854 4658 —
2894 4620 3069 4695 venit,
3093 4617 3331 4695 libellus
3364 4613 3488 4695 :_ad
3508 4615 3657 4695 .Bur:
3722 4670 3728 4676 ,

1995 4692 2311 4763 chen-dum,
2343 4691 2566 4763 scribit.
2630 4691 2739 4763 Hic
2765 4705 2905 4743 vero
2961 4704 2997 4743 a
3053 4691 3211 4763 1030,
3242 4701 3314 4740 ex
3372 4690 3656 4763 Augiensi

1994 4762 2359 4820 monasterio
2417 4762 2495 4818 ad
2560 4760 3058 4817 Batisbonensem
3115 4756 3308 4812 abbas
3367 4756 3567 4821 venit;
3597 4770 3653 4810 v.

1991 4840 2143 4890 Ann.
2176 4837 2231 4890 S.
2262 4832 2689 4889 Emmerammi
2720 4831 2864 4885 min.
2899 4832 3049 4886 Mon.
3086 4830 3183 4884 SS.
3234 4830 3274 4889 l,
3306 4841 3368 4898 p.
3396 4828 3484 4891 94,
3519 4824 3657 4879 Her-

1996 4922 2204 4962 mann.
2241 4908 2560 4969 Contract.,
2603 4918 2659 4957 a.
2693 4905 2848 4957 1030.

2092 4980 2146 5031 6)
2182 4980 2245 5030 ll.
2279 4980 2366 5029 5'2.

2065 4978 2146 5115 ἐξ)
2268 4980 2516 5099 ἔεὲίέυοάί
2560 5043 2693 5097 libri
2720 5058 2774 5097 a.
2808 5042 2943 5115 4030
2976 5044 3033 5095 et
3065 5040 3217 5093 1037.
3261 5036 3482 5115 _scripti
3506 5052 3656 5115 pras-

1995 5109 2215 5174 fatione
2244 5114 2424 5169 dicit:
2457 5129 2625 5184 quem
2681 5112 2986 5182 preterito
3024 5125 3185 5166 anno
3233 5109 3306 5165 de
3343 5110 3656 5165 miraculis

1998 5188 2470 5255 conscn‘pseram
2500 5184 2786 5255 labellum.

2078 5260 2148 5328 (8)
2179 5253 2357 5328 Epist.
2392 5254 2472 5310 ad
2499 5253 2932 5309 Burchardum.

2072 5322 2146 5395 (9)
2172 5322 2244 5382 (Ξῖ
2256 5330 2322 5381 35
2348 5343 2360 5380 :
2393 5341 2556 5381 nunc
2585 5330 2770 5381 restat
2796 5330 2861 5378 ut
2891 5322 3214 5395 secundum
3244 5337 3457 5395 nomen
3489 5329 3657 5378 tuum

221 5394 508 5472 Megint're
525 5403 628 5460 lus
656 5403 931 5458 occurrit.
988 5402 1195 5458 Nescio
1243 5418 1321 5458 an
1377 5394 1730 5458 Trithemius
1780 5419 1890 5459 sua
1998 5417 2030 5456 ο
2064 5394 2380 5472 Οόιζεσῑίεξ,
2412 5411 2545 5467 qua:
2571 5394 3215 5472 posthinccolligenda
3252 5396 3373 5450 sint
3407 5394 3661 5463 diligen-

218 5491 294 5531 ex
319 5475 568 5542 ingenio
595 5474 857 5530 ﬁnxerit.

315 5548 367 5616 3)
396 5545 641 5601 Arnoldi
671 5547 845 5671 epist.
881 5544 959 5599 ad
987 5544 1389 5600 Buchardum.

315 5620 372 5671 4)
404 5621 488 5671 Ita
516 5617 706 5671 enisto
730 5633 779 5671 ae
803 5615 988 5671 verba
1016 5614 1389 5671 intelligenda

281 5620 372 5697 (4)
404 5621 488 5673 Ita
516 5620 706 5697 episto

1999 5477 2090 5529 ler
2108 5465 2567 5526 subscmbahtur
2593 5482 2617 5523 .·
2646 5465 2719 5522 cf.
2758 5483 2807 5521 c.
2839 5469 2927 5521 69.

2068 5543 2180 5613 (10)
2212 5541 2273 5595 C.
2308 5544 2377 5620 50
2411 5538 2892 5620 :_opusculum.‘.
2935 5551 3305 5620 quorumque
3332 5551 3442 5607 per
3471 5535 3661 5591 varie-

730 5633 779 5671 ξε
803 5615 988 5671 verba
1016 5614 1399 5685 intelligenda
1428 5630 1560 5685 esse
1578 5618 1726 5685 puto
1742 5617 1889 5671 Nam
2000 5610 2181 5673 tatem
2214 5611 2644 5671 sententiarum
2681 5615 2961 5679 vagatum
2980 5610 3193 5678 fuerit.

227 5684 420 5747 Tibus
449 5684 626 5747 anxiis
653 5703 809 5763 opus
831 5686 1177 5743 absolutum
1202 5684 1669 5749 esse,Arnoldus
1693 5685 1890 5742 dicere
