3984 6180
405 230 502 284 991

1453 221 1600 276 ARN
1606 215 1768 276 OLDI
1809 212 2401 271 EMMERAMMENSIS
2438 216 2773 272 MONACHI.
3719 225 3803 278 992

523 349 642 417 AD
695 345 1275 413 PROVISOREM
1329 343 1650 412 SANCTI
1701 337 2260 408 EMMERAMMI
2311 339 2525 443 QU'ID
2576 340 2930 408 DEBEAT
2979 339 3067 407 EI
3116 340 3296 408 VEL
3350 341 3720 410 RATIONI

481 495 709 546 Domno
741 489 1079 542 Buncumno
1111 487 1188 542 ad
1213 487 1440 559 optima
1463 501 1720 559 quasque
1755 481 1919 538 haud
1946 484 2058 536 tar-
2097 484 2144 535 Α
2173 495 2294 551 quo
2319 481 2637 548 innitebar,
2665 481 2917 538 baculus
2942 482 3311 537 arundineus
3341 499 3554 538 versus
3576 490 3669 539 est
3691 475 3806 541 mihi

408 580 506 647 do,
535 591 644 648 pro
668 578 920 647 paterna
970 575 1218 640 quidem
1260 575 1546 646 dignitate
1593 569 1941 635 reverendo,
1992 584 2062 622 ac

405 663 721 739 plurigena
750 663 1044 736 probitate
1072 665 1396 733 diligendo,
1430 669 1746 726 Anxowrs,
1791 657 2063 730 adprime

408 752 522 809 sibi
550 756 754 824 utpote
779 752 984 808 abbati
1014 753 1148 808 exin
1176 753 1381 808 ceteris
1431 752 1638 807 merito
1695 747 2062 820 suppositus,

405 845 799 897 veruntamen
826 841 1004 896 rebus
1027 841 1368 896 monasterii
1401 840 1757 912 prepositus,
1777 833 2065 908 quicquid

405 931 598 987 ﬁdelis
626 931 874 987 domino
907 948 1131 998 servus,
1156 948 1262 986 seu
1289 931 1577 999 magistro
1608 927 1956 1000 discipulus.

482 1021 781 1093 Imprimis
819 1037 957 1076 cum
983 1021 1313 1076 beatissimi
1345 1021 1600 1076 martiris
1645 1014 2069 1074 Emmerammi

411 1109 753 1184 patrociniis
779 1125 901 1166 non
930 1126 1041 1180 ego
1074 1111 1257 1180 solus,
1293 1110 1399 1166 sed
1426 1111 1604 1166 etiam
1651 1123 1890 1162 mecum
1937 1104 2067 1174 ejus

413 1198 703 1270 generalis
761 1200 1200 1255 monachorum
1253 1205 1436 1254 cretus
1495 1198 1862 1268 gratificatur
1930 1196 2066 1259 Deo,

413 1288 666 1345 antehac
690 1288 1159 1344 misericordiam
1187 1305 1359 1345 suam
1382 1287 1780 1361 multipliciter
1796 1283 2072 1358 parvitati

412 1379 633 1431 nostras
690 1375 1009 1447 impertita,
1058 1391 1220 1431 nunc
1295 1392 1437 1432 vero
1517 1375 1687 1430 solita
1759 1370 2073 1427 clementia

413 1465 571 1520 circa
590 1479 700 1519 nos
731 1464 1100 1520 manifestius
1131 1482 1244 1520 usu
1274 1498 1340 1506 ——
1367 1465 1427 1520 in
1456 1465 1571 1519 hoc
1601 1461 1811 1535 procul
1859 1459 2068 1529 dubio,

413 1553 580 1626 quod
608 1569 714 1608 vos
737 1553 835 1608 tali
865 1553 938 1608 de
969 1554 1101 1608 loco
1131 1553 1446 1610 destinavit
1471 1554 1549 1609 ad
1580 1569 1710 1618 nos,
1737 1553 1798 1606 in
1818 1566 1940 1623 quo
1970 1550 2073 1604 ha-

415 1647 621 1698 ctenus
650 1641 784 1713 ipso
815 1641 1076 1697 donante
1108 1647 1164 1698 et
1193 1642 1570 1698 sanctissima
1615 1640 1845 1711 Virgine
1898 1638 2077 1694 Maria

415 1731 740 1802 adjuvante
767 1731 1081 1786 abundant
1109 1737 1308 1804 patres
1335 1749 1404 1787 ac
1443 1731 1671 1796 fratres,
1727 1729 1847 1784 sive
1912 1726 2077 1799 apud

418 1819 740 1876 Dominum
793 1819 916 1876 sive
969 1821 1135 1892 apud
1193 1821 1460 1876 seculum
1517 1819 1692 1874 valde
1744 1817 1975 1874 nobiles
2021 1820 2149 1882 etB

418 1909 777 1978 laudabiles,
812 1910 913 1982 qui
953 1927 1092 1965 cum
1121 1911 1350 1966 ratione
1382 1926 1492 1965 sua
1522 1913 1816 1964 noverunt
1846 1912 1902 1963 et
1948 1907 2085 1962 alie-

421 2015 503 2055 na
533 2003 783 2054 tractare
815 2030 884 2038 ——
912 1999 1070 2054 unde
1101 2004 1158 2054 et
1186 2016 1298 2069 ego
1337 1999 1580 2054 ultimus
1632 2013 1787 2053 verae
1842 1996 2086 2052 rationis

425 2089 729 2155 alumnus,
759 2104 868 2159 pro
899 2087 1026 2144 haec
1052 2093 1248 2144 vestro
1276 2089 1388 2144 sub
1417 2087 1702 2158 regimine
1745 2086 2080 2159 probanda,

424 2178 803 2235 occasionem
834 2179 1069 2248 sumpsi
1093 2195 1162 2234 ac
1200 2178 1507 2248 fiduciam,
1561 2182 1899 2249 presentem
1951 2175 2085 2232 scri-

424 2268 566 2325 bere
596 2267 910 2339 epistolam
935 2285 948 2335 ;
979 2284 1114 2339 quae
1146 2268 1422 2340 quamvis
1451 2267 1699 2322 inscitiae
1730 2282 1879 2322 meae
1910 2266 2088 2322 histo-

424 2355 579 2412 riam
605 2355 824 2426 partim
856 2355 1126 2412 videatur
1150 2357 1472 2425 continere,
1506 2361 1707 2412 tamen
1739 2355 1797 2410 in
1828 2355 1927 2410 vili
1957 2371 2085 2410 sce-

429 2449 588 2499 mate
608 2445 1005 2515 prenominati
1036 2461 1272 2501 necnon
1303 2462 1441 2518 sepe
1471 2445 1822 2501 nominandi
1851 2445 2087 2517 patroni

429 2531 617 2586 nostri
641 2531 1004 2588 dulcissimae
1025 2538 1147 2590 tota
1193 2534 1516 2590 famulatur
1550 2534 1874 2589 memoriae.
1909 2535 2088 2603 lgitur

428 2620 594 2676 libris
625 2621 684 2676 in
711 2621 929 2678 divinis
959 2623 1227 2692 legendis
1259 2629 1314 2680 et
1362 2625 1779 2693 intelligendis,
1830 2625 2088 2696 peccatis

430 2710 579 2766 meis
608 2710 983 2778 facientibus,
1017 2713 1349 2768 admodum
1400 2715 1480 2768 fui
1540 2714 1756 2783 segnis,
1817 2719 1872 2768 et
1901 2717 1964 2767 ut
1994 2729 2090 2768 ve-

431 2817 566 2856 rum
598 2800 702 2864 fer,
738 2799 937 2854 adhuc
968 2817 1089 2854 non
1122 2819 1256 2856 sum
1297 2803 1614 2856 indemnis.
1668 2803 1847 2872 Cujus
1886 2819 2088 2857 emen-

431 2889 738 2943 dationem
770 2887 906 2942 vicii
940 2893 1000 2942 ut
1029 2894 1362 2944 ceterorum
1393 2907 1530 2944 cum
1583 2890 1803 2946 habere
1844 2908 2091 2963 possem

433 2975 723 3045 exemplis
777 2976 1100 3044 majorum,
1160 2977 1591 3049 impedimento
1647 2986 1772 3035 erat
1817 2981 1994 3050 nolle,
2038 2986 2093 3036 et

433 3063 754 3120 abusivum
792 3065 938 3119 illud
982 3066 1148 3137 quod
1199 3067 1406 3123 dicunt
1453 3070 1783 3140 neglegere.
1815 3071 2091 3137 Quadam

2171 568 2231 624 in
2263 570 2598 638 colubrum,
2629 571 2710 626 ita
2741 576 2805 626 ut
2830 571 3116 641 fugerem.
3149 571 3288 627 Inde
3320 571 3672 628 absterritus
3699 575 3809 631 sub-

2174 657 2317 713 duxi
2346 675 2463 726 me,
2493 660 2716 732 quibus
2747 666 2991 716 eatenus
3014 661 3092 716 ob
3117 661 3429 731 gloriolam
3460 662 3647 717 seculi
3662 663 3810 717 adhe-

2175 748 2244 813 si,
2275 747 2440 802 libris
2474 750 2747 821 paganis,
2777 756 2833 805 et
2883 750 3118 806 saniore
3175 751 3424 806 consilio
3478 750 3811 822 implicabar

2175 837 2410 895 divinis.
2445 843 2605 894 Tunc
2653 840 2918 911 primum
2963 839 3117 912 οωρὶ
3163 840 3522 909 discernere,
3576 856 3708 911 quae
3749 841 3814 896 di-

2176 928 2392 984 stantia
2419 933 2572 983 esset
2600 928 2750 984 inter
2773 928 2970 984 lucem
3001 933 3057 984 et
3101 929 3395 997 tenebras,
3435 929 3593 984 inter
3645 929 3812 984 Domi-

2176 1033 2324 1072 num
2351 1022 2408 1073 et
2435 1017 2628 1073 Belial.
2663 1019 2809 1073 Tum
2855 1034 3098 1090 quoque
3152 1018 3231 1074 ad
3271 1035 3365 1074 me
3397 1017 3813 1090 aliquantulum

2179 1122 2470 1173 reversus,
2503 1123 2575 1161 ex
2610 1111 2775 1178 parte
2823 1107 3052 1177 collegi,
3105 1108 3209 1180 qui
3253 1107 3468 1163 fuerint
3530 1108 3813 1180 scriptores

2180 1196 2651 1252 ecclesiastici.ln
2677 1213 2941 1269 quorum
2974 1197 3256 1252 varietate
3282 1197 3687 1269 pulcherrima
3705 1213 3814 1252 eno-

2180 1284 2302 1340 tavi
2343 1284 2755 1340 beatissimum
2806 1285 3020 1341 Christi
3077 1285 3484 1341 confessorem
3539 1285 3811 1353 Hilarium,

2183 1373 2285 1429 alti
2315 1373 2509 1429 cordis
2541 1374 2754 1440 virum,
2787 1391 2975 1447 quam
3002 1374 3178 1444 longe
3210 1374 3283 1430 sit
3310 1391 3345 1430 a
3394 1374 3648 1430 lectione
3703 1374 3813 1428 sim-

2185 1463 2500 1536 pliciorum
2528 1463 2779 1518 fratrum
2807 1483 2820 1532 ;
2853 1463 3262 1535 Ambrosium,
3293 1480 3483 1536 quam
3518 1463 3757 1518 disertus
3774 1467 3814 1518 et

2186 1551 2617 1618 orthodoxus;
2705 1556 2998 1608 Joannem
3081 1553 3810 1626 Constantinopolitanum,

2186 1659 2371 1715 quam
2425 1643 2729 1713 jocundus
2780 1647 2839 1700 et
2889 1660 3147 1709 aureus;
3201 1644 3557 1713 Gregorium
3605 1645 3812 1697 Νικαιε-

2189 1749 2357 1799 num,
2411 1731 2619 1788 doctor
2647 1735 2882 1805 quam’
2932 1733 3219 1788 mirificus
3276 1740 3332 1788 et
3383 1731 3809 1790 anastasiﬁcus:

2195 1820 2626 1891 Hieronimum,
2658 1838 2845 1894 quam
2875 1822 3069 1878 brevis
3098 1827 3156 1877 et
3183 1827 3405 1889 rectus;
3431 1821 3809 1890 Augustinum,

2193 1927 2381 1982 quam
2410 1910 2706 1966 facundus
2737 1917 2793 1966 et
2823 1911 3159 1984 profundus
3186 1929 3198 1977 ;
3255 1909 3609 1980 Gregorium
3633 1925 3811 1982 papam

2195 2003 2553 2067 Romanum,
2587 2017 2776 2072 quam
2806 1999 2998 2055 dulcis
3028 2003 3085 2055 et
3125 1999 3320 2055 clarus
3347 2018 3358 2067 ;
3410 1999 3716 2054 Ysidorum
3749 1998 3814 2052 lli-

2195 2106 2474 2162 spanum,
2508 2106 2696 2161 quam
2729 2090 3066 2145 succinctus
3087 2093 3144 2144 et
3168 2088 3514 2143 distinctus.
3571 2089 3636 2142 Hi
3677 2087 3812 2158 siqui-

2194 2177 2333 2232 dem
2359 2182 2416 2232 et
2444 2177 2662 2232 horum
2689 2193 3064 2250 precessores
3089 2175 3183 2232 vel
3216 2191 3596 2231 successores
3625 2176 3644 2209 ³
3684 2173 3810 2228 valde

2193 2265 2558 2322 venerabiles
2589 2271 2646 2321 et
2675 2265 2845 2321 utiles
2872 2269 3215 2338 operatores
3241 2266 3260 2298 ⁸
3282 2265 3410 2335 jam
3435 2263 3811 2319 habundanter

2194 2354 2553 2410 hauriebant
2580 2371 2611 2410 e
2640 2354 2905 2410 fontibus
2937 2353 3278 2424 Salvatoris,
3317 2368 3454 2425 quae
3517 2351 3810 2406 dulcissima

2195 2443 2438 2498 caritate
2465 2443 2856 2516 propinarent
2885 2442 3081 2498 nobis.
3116 2443 3384 2507 Quorum
3410 2457 3556 2497 cum
3584 2440 3808 2509 legissem

2196 2547 2399 2604 opera,
2430 2548 2566 2604 quae
2599 2531 2968 2603 peritissimis
2997 2529 3358 2603 probabilia,
3399 2529 3551 2584 mihi
3579 2544 3704 2584 vero
3728 2541 3808 2598 pro

2199 2627 2378 2694 captu
2409 2639 2544 2677 meo
2577 2621 2936 2677 videbantur
2969 2622 3146 2676 etiam
3181 2622 3200 2654 ‘
3241 2619 3563 2683 mirabilia,
3607 2617 3806 2674 auctori-

2199 2715 2313 2766 tate
2345 2710 2522 2764 simul
2551 2715 2606 2766 et
2639 2710 2870 2765 venusti
2903 2710 3199 2766 sermonis
3225 2709 3470 2764 dulcore
3495 2704 3802 2763 delectabar.

2201 2801 2313 2858 Sed
2345 2801 2640 2856 contrario
2671 2801 3001 2856 admodum
3035 2799 3412 2855 amaricabar
3441 2799 3504 2854 in
3550 2796 3706 2868 gestis
3748 2793 3805 2846 vi-

2199 2890 2410 2946 delicet
2439 2890 2803 2955 domesticis,
2838 2888 3150 2946 clarissimi
3197 2891 3434 2961 patroni
3493 2885 3662 2942 nostri
3705 2886 3804 2938 Em-

2201 2979 2560 3034 merammi5
2592 2980 2890 3051 martyris,
2921 2979 3156 3034 dudum
3206 2994 3240 3033 a
3297 2977 3586 3050 quodam,
3636 2973 3723 3046 qui
3759 2985 3804 3023 se

2203 3069 2484 3136 Cirinum,
2521 3068 2582 3124 id
2610 3071 2628 3103 ‘
2657 3074 2745 3124 est
2775 3070 2794 3102 ⁵
2822 3068 3105 3124 heredem
3134 3070 3175 3139 ⁵,
3203 3068 3496 3128 nominat,
3535 3065 3804 3131 Frisingen-

435 3157 637 3208 autem
694 3153 788 3208 die
843 3153 1148 3225 quendam
1208 3173 1238 3210 e
1292 3156 1588 3224 fratribus,
1651 3166 1993 3216 concretum
2038 3165 2092 3215 et
2131 3179 2171 3234 ρ
2205 3159 2284 3214 sis
2316 3158 2575 3214 ecclesiae
2605 3159 2910 3231 episcopo,
2942 3164 3008 3214 ut
3031 3162 3177 3230 puto
3226 3162 3380 3212 recte
3423 3155 3654 3228 scriptis,
3697 3154 3803 3205 ante

433 3241 900 3297 conscolaticum
957 3259 1198 3310 meum,
1262 3253 1536 3316 presente
1586 3265 1727 3319 me,
1815 3250 2091 3305 aculeum

434 3331 643 3387 mortis
672 3332 916 3403 contigit
941 3333 1128 3388 obire.
1162 3339 1210 3389 ls
1239 3351 1381 3405 ergo
1411 3336 1470 3392 in
1511 3337 1641 3410 ipso
1689 3340 1896 3394 mortis
1955 3340 2091 3394 arti-

435 3419 570 3475 culo
600 3420 748 3492 quid
785 3419 1017 3487 viderit,
1055 3422 1234 3477 etiam
1281 3439 1403 3479 non
1455 3424 1708 3497 loquens
1762 3427 2094 3482 astantibus

433 3508 728 3582 patefecit.
780 3513 925 3564 Nam
971 3527 1110 3566 cum
1153 3511 1416 3568 levatum
1467 3530 1497 3568 e
1541 3515 1690 3570 lecto
1717 3516 1886 3570 humi
1911 3515 2094 3587 depo-

438 3597 784 3662 suissemus,
817 3598 1082 3670 primum
1106 3599 1366 3656 brachiis
1395 3604 1567 3675 quasi
1599 3609 1806 3660 contra
1833 3604 2094 3676 aliquem

436 3685 1030 3752 reluctatus,demum
1049 3690 1125 3744 ad
1153 3691 1452 3747 sinistram
1482 3693 1826 3749 acutissime
1853 3695 2096 3749 flectens

440 3774 705 3844 obtutus,
738 3777 890 3832 adeo
913 3777 1275 3836 abhorrebat
1305 3798 1340 3835 a
1371 3780 1517 3836 facie
1545 3781 1789 3853 inimici,
1842 3789 1904 3838 ut
1953 3801 2094 3838 ocu-

459 3881 634 3921 orum
662 3865 935 3922 versione
966 3868 1296 3942 capitisque
1327 3871 1634 3927 aversione
1681 3889 1748 3927 ac
1808 3873 2094 3946 impulsu,

439 3960 504 4012 ut
559 3960 796 4025 gestum
849 3959 1204 4029 exprimam,
1259 3960 1516 4031 capitali,
1576 3978 1726 4033 pene
1784 3963 1916 4018 loco
1984 3965 2097 4020 sibi

439 4051 702 4102 astantes
731 4047 1121 4119 propelleret;
1153 4052 1211 4103 et
1253 4054 1314 4103 ut
1354 4055 1681 4121 patesceret
1715 4054 1754 4122 ',
1799 4059 2097 4124 quantum

440 4135 590 4189 ﬁdes
621 4136 830 4190 Christi
861 4137 1015 4192 valet
1042 4137 1144 4192 ubi
1169 4139 1447 4195 meritum
1479 4140 1678 4206 habet,
1727 4148 2097 4214 quantumve

442 4222 608 4277 deest
649 4223 750 4278 ubi
775 4229 1012 4280 mortua
1051 4231 1158 4293 est,
1217 4228 1356 4283 nisu
1407 4246 1528 4301 quo
1583 4231 1775 4301 potuit
1826 4232 2098 4289 dextram

442 4326 694 4366 manum
734 4314 1013 4380 extendit,
1069 4315 1310 4383 signum
1365 4317 1568 4374 salutis
1616 4319 1810 4376 facere
1850 4322 2094 4388 volens;

443 4399 549 4455 sed
578 4399 908 4472 exprimere
940 4402 1186 4458 minime
1205 4405 1424 4470 valens,
1450 4407 1646 4464 subita
1675 4413 2098 4470 concusssione

2202 3264 2312 3302 nos
2343 3251 2542 3302 autem
2571 3247 2870 3317 majorum
2903 3246 3278 3316 neglegentia
3308 3242 3644 3317 depravatis.
3689 3241 3801 3303 Quae

2203 3353 2362 3402 cum,
2393 3336 2609 3391 abbate
2639 3336 2699 3390 id
2730 3335 2926 3407 penite
2981 3335 3108 3390 fieri
3162 3335 3546 3406 permittente,
3593 3324 3801 3400 simplici

2204 3426 2407 3482 animo
2438 3425 2758 3480 emendare
2787 3424 3019 3493 vellem,
3074 3429 3130 3479 et
3175 3423 3235 3479 in
3286 3422 3659 3478 confusionem
3704 3414 3800 3469 loci

2204 3515 2390 3570 nostri
2420 3513 2641 3569 diutius
2670 3514 2997 3570 incorrecta
3027 3519 3184 3568 stare
3206 3511 3434 3578 nollem,
3456 3505 3788 3570 consurgunt,

2205 3604 2522 3660 adversum
2550 3620 2645 3659 me
2693 3603 3079 3676 quorundam
3129 3602 3315 3658 animi
3358 3600 3577 3654 fratrum
3619 3591 3787 3676 dicens

2207 3693 2376 3759 tium,
2407 3693 2569 3748 haud
2601 3675 2847 3764 equum,
2881 3709 2918 3748 a
2947 3708 3042 3747 me
3088 3691 3259 3747 dictis
3311 3683 3635 3760 antiquitatis
3671 3675 3799 3751 quid

2207 3781 2350 3837 addi
2375 3781 2464 3836 vel
2493 3781 2704 3848 minui,
2732 3781 2993 3836 maxime
3023 3797 3162 3836 cum
3206 3781 3335 3834 haec
3368 3775 3644 3850 peritiores
3679 3767 3803 3824 omi-

2209 3871 2408 3927 serint.
2442 3871 2666 3934 Quibus
2693 3871 2927 3926 videtur
2957 3870 3221 3943 probum
3251 3873 3486 3942 meapte
3530 3865 3603 3920 sic
3629 3869 3809 3930 tempe-

2208 3977 2339 4016 rare
2388 3976 2768 4033 responsum.
2819 3963 3013 4026 Quare
3066 3959 3146 4015 illi
3197 3960 3314 4014 hoc
3364 3957 3611 4018 fecerint,
3662 3952 3811 4006 immo

2207 4049 2371 4121 quod
2406 4049 2541 4104 utile
2574 4047 2680 4102 fuit
2704 4048 2817 4103 hac
2849 4049 2869 4081 ⁸
2899 4048 2960 4102 in
2983 4050 3004 4080 δ
3027 4052 3194 4120 parte
3226 4048 3248 4080 ⁶
3273 4062 3397 4101 non
3429 4043 3674 4104 fecerint,
3702 4055 3731 4092 a
3755 4033 3815 4088 vi-

2207 4138 2364 4194 litate
2396 4139 2513 4193 mei
2547 4138 2927 4194 temerarium
2956 4142 3046 4194 est
3072 4137 3413 4192 discussum
3453 4135 3542 4189 iri.
3590 4132 3696 4186 Hoc
3721 4132 3817 4182 tan-

2209 4233 2334 4283 tum
2365 4226 2614 4281 dixerim
2651 4243 2798 4298 pace
2856 4242 3066 4282 eorum
3109 4229 3167 4281 et
3220 4225 3494 4280 omnium
3549 4222 3818 4280 bonorum,

2208 4317 2352 4392 quia
2404 4332 2525 4372 non
2581 4316 2776 4371 solum
2821 4316 2994 4371 novis
3047 4321 3248 4372 vetera
3296 4313 3430 4370 licet
3478 4316 3715 4374 mutare,
3743 4300 3825 4358 sed

2209 4408 2408 4472 etiam,
2443 4406 2490 4460 si
2520 4405 2634 4461 sint
2664 4406 2958 4470 ordinata,
2992 4405 3232 4478 penitus
3261 4403 3542 4474 abjicere,
3595 4400 3678 4454 sin
3715 4408 3824 4448 vero

443 4490 819 4560 contremuit,
851 4507 921 4546 ac
949 4491 1175 4563 pallore
1225 4494 1521 4551 obductus
1567 4498 1831 4568 irriguit;
1893 4502 2098 4575 sicque
2138 4528 2182 4582 ι)
2213 4495 2516 4553 ordinaria
2544 4495 2650 4550 Sed
2681 4495 2881 4550 minus
2913 4494 3097 4563 utilia,
3123 4510 3261 4550 cum
3287 4491 3664 4548 veneratione
3693 4497 3826 4556 sepe-

443 4579 711 4636 exalavit.
747 4583 860 4635 Nos
891 4598 1032 4636 vero
1071 4583 1430 4653 singultibus
1480 4587 1885 4658 psalmodiam
1929 4593 2104 4648 inter-

442 4669 818 4741 cipientibus,
852 4687 1061 4726 omnes
1092 4674 1309 4745 pariter
1337 4675 1396 4730 in
1423 4675 1648 4731 luctum
1681 4682 1953 4735 conversi
2000 4700 2098 4738 su-

444 4775 602 4814 mus.
633 4759 774 4824 Quis
797 4759 956 4815 enim
982 4760 1064 4816 ibi
1096 4778 1216 4817 non
1248 4764 1434 4833 fleret,
1488 4766 1588 4820 ubi
1636 4767 1894 4840 quisque
1943 4770 2102 4827 infir-

444 4848 665 4904 mitatis
708 4849 964 4921 proprius
1013 4851 1166 4906 intra
1215 4855 1638 4911 conscientiam
1671 4861 2099 4929 commonitus,

445 4937 546 4993 vix
591 4938 756 4994 effari
814 4945 1015 5011 posset
1065 4958 1169 5013 pre
1221 4942 1476 5009 ﬂetibus,
1535 4962 1672 5001 cum
1723 4953 1780 5003 et
1821 4964 1932 5018 ego
1965 4956 2106 5022 post

447 5042 641 5082 annos
691 5026 938 5100 aliquot,
999 5033 1139 5084 tcste
1196 5031 1443 5099 Christo,
1491 5034 1656 5089 haud
1709 5036 1942 5109 absque
2009 5056 2104 5110 ge-

446 5115 597 5171 mitu
647 5121 703 5171 et
757 5117 897 5172 fletu
945 5118 1054 5172 hec
1085 5117 1421 5191 scripserim
1488 5125 1912 5199 memoriaeque
1991 5134 2104 5184 tra-

448 5203 700 5258 diderim
725 5210 752 5259 ?
779 5207 1018 5261 Juvenis
1076 5223 1340 5280 namque
1389 5209 1654 5282 ﬂoribus,
1708 5213 1888 5272 frater
1925 5218 2105 5273 etiam

450 5297 808 5358 coaetaneus,
836 5293 895 5348 in
921 5294 1133 5367 puerili
1156 5295 1404 5352 lascivia
1433 5305 1891 5372 consentaneus,
1926 5322 2106 5378 super

2212 4588 2349 4654 lirc;
2383 4591 2438 4642 et
2468 4585 2610 4657 quia
2637 4584 3084 4657 dispensatione
3115 4583 3319 4638 divina
3347 4599 3382 4637 a
3413 4576 3827 4654 precedentibus

2211 4676 2400 4732 multa
2436 4675 2854 4746 relinquuntur
2902 4672 3309 4746 sequentibus,
3361 4671 3420 4726 in
3467 4670 3687 4743 quibus
3729 4679 3829 4738 pos-

2211 4767 2328 4820 sint
2358 4763 2567 4820 mereri
2601 4763 2853 4833 alicujus
2885 4767 2991 4817 aut
3020 4761 3455 4817 admissionem
3511 4763 3615 4816 aut
3666 4753 3831 4812 remis.

2212 4857 2440 4912 sionem
2468 4853 2714 4925 peccati.
2733 4852 2904 4917 Quod
2927 4851 3264 4906 cavendum
3290 4846 3709 4921 hujuscemodi
3731 4844 3833 4898 sim-

2213 4945 2488 5018 plicitate,
2524 4959 2651 5007 seu,
2676 4958 2798 5014 quo
2831 4942 3025 4996 verius
3055 4941 3277 5006 dicam,
3309 4939 3646 5003 stoliditate,
3694 4934 3832 4990 etiam

2212 5034 2413 5092 rustici
2442 5048 2554 5087 nos
2586 5035 2852 5094 monent,
2886 5031 2991 5104 qui
3022 5046 3273 5102 peccare
3324 5028 3455 5084 illos
3507 5031 3731 5101 putant,
3758 5021 3832 5094 qui

2213 5123 2457 5180 arbores
2488 5120 2819 5180 succidant.
2845 5121 2906 5175 in
2935 5120 3157 5192 quibus
3191 5119 3415 5191 pagani
3445 5114 3742 5187 auguriari
3769 5127 3833 5165 so-

2212 5213 2434 5268 lebant.
2459 5211 2609 5276 Quid
2640 5210 2815 5283 plura
2840 5211 2868 5264 ?
2900 5209 3125 5266 Cedens
3157 5207 3371 5264 emulis
3403 5206 3479 5263 ad
3509 5213 3738 5279 tempus
3759 5214 3834 5275 per

2215 5300 2452 5358 abbatis
2501 5299 2821 5373 imperium
2869 5297 3106 5371 abripui
3160 5315 3256 5354 me
3315 5297 3376 5352 in
3427 5297 3698 5353 Saxonis:
3744 5289 3834 5346 exi-

1818 5473 2048 5526 VARLE
2089 5471 2380 5527 LECTION
2387 5468 2494 5524 ES.

526 5621 932 5702 Lpatefaceret
960 5638 1124 5702 corr._
1147 5630 1475 5702 patesceret
1498 5632 1553 5702 _l.
1632 5629 1653 5662 ²
1680 5644 1976 5702 superscr.
2013 5635 2062 5684 1.
2141 5630 2177 5702 δέ
2193 5645 2484 5702 sequaces
2512 5645 2810 5699 superscr.
2842 5642 3222 5702 precessores
3265 5624 3360 5681 vel
3413 5633 3775 5679 successores
3803 5618 3836 5667 Ιι

455 5692 476 5724 ⁸
506 5692 649 5750 Hice
674 5695 853 5751 verba
875 5700 1013 5764 post
1043 5692 1184 5752 add.
1223 5702 1270 5751 l.
1349 5699 1370 5731 ⁵
1400 5701 1458 5754 Ε.
1498 5698 1544 5754 l.
1578 5692 1810 5769 sapitis.

1887 5701 1910 5736 ⁵
1937 5707 2069 5772 post
2097 5701 2239 5758 add.
2272 5701 2321 5756 ἰ.
