3996 6178
191 175 288 229 993

1149 173 1237 226 DE
1276 168 1646 226 MlBACULlS
1687 167 1742 222 S.
1785 163 2212 220 EMMERAMMI
2265 167 2442 224 LIBRI
2483 171 2646 226 DUO.

3520 180 3626 234 994

184 296 346 367 lium,
378 297 625 367 portans
656 311 900 350 mecum
932 295 992 350 in
1021 294 1219 350 libello
1251 311 1360 349 suo
1392 299 1666 349 sanctum
1710 294 1839 346 Em-
1878 295 1924 347 A
1953 285 2212 344 mefacta
2238 293 2294 344 et
2319 290 2588 348 interitus
2620 299 2800 364 puteo
2832 294 3044 364 ejecta,
3068 295 3409 366 renatabat,
3441 301 3629 355 nemi-

185 401 604 448 merammum,
638 385 745 457 qui
800 403 977 440 suum
1031 401 1126 440 me
1166 384 1354 440 voluit
1401 401 1530 440 esse
1580 397 1840 438 servum.

187 475 267 530 lbi
314 473 658 529 simulando
713 490 811 528 me
863 473 1010 528 scire
1062 473 1228 545 quod
1281 473 1506 543 nescio,
1539 470 1842 540 Meginfre-

186 564 345 629 dum,
381 563 1017 635 Parthenopolitanum
1042 563 1420 632 magistrum,
1448 561 1720 634 pauculis
1745 560 1845 616 be-

186 651 403 708 neﬁciis
435 651 645 723 paravi
696 651 845 706 mihi
873 652 1158 707 amicum.
1195 653 1362 706 Hunc
1393 651 1541 705 dum
1572 650 1842 706 audirem

187 741 518 812 frequenter
547 740 856 812 disputare
885 741 1201 814 sapienter,
1227 740 1497 795 mirabar
1525 741 1655 809 ejus
1685 741 1843 809 inge-

189 829 380 897 nium;
437 846 510 884 ex
562 845 686 901 quo
740 834 797 884 et
845 829 974 902 ipse
1029 830 1276 900 agnovit
1314 845 1516 884 meum
1552 829 1840 884 studium.

189 923 334 974 lnter
359 917 684 974 familiares
715 923 916 974 autem
945 917 1615 975 conscrmociniationes
1646 919 1845 974 stilum

192 1009 314 1078 ejus
343 1023 702 1078 agnoscens,
737 1013 792 1064 et
833 1009 1217 1080 propositum
1262 1008 1451 1063 fixum
1508 1007 1712 1062 animo
1761 1009 1844 1061 te-

195 1112 359 1162 nens,
388 1095 682 1168 postulavi
713 1096 792 1151 ab
824 1113 916 1166 eo,
948 1113 1071 1170 quo
1122 1112 1232 1170 pro
1282 1097 1533 1169 pignore
1573 1093 1846 1150 amicitiae

194 1201 412 1239 novum
465 1192 716 1256 patrono
766 1189 971 1240 nostro
1023 1185 1246 1240 librum
1301 1187 1502 1240 minus
1541 1184 1850 1256 pigritaret

193 1274 423 1329 cudere.
457 1273 627 1338 Quod
659 1289 797 1327 cum
850 1274 943 1328 ille
993 1277 1332 1343 rennueret,
1363 1273 1541 1346 quasi
1569 1291 1693 1328 suae
1723 1286 1847 1327 non

188 1367 338 1418 esset
365 1361 796 1434 possibilitatis,
830 1366 886 1417 et
913 1378 1024 1431 ego
1054 1378 1426 1435 opponerem
1453 1361 1727 1417 debitum
1752 1376 1848 1416 ca-

184 1450 390 1519 ritatis,
436 1449 565 1522 ipse
619 1465 758 1504 vero
813 1451 1028 1520 majori
1086 1451 1475 1507 excusatione
1524 1451 1744 1506 nostris
1787 1449 1848 1503 id

185 1539 396 1594 melius
450 1543 737 1594 assereret
784 1541 1122 1606 convenire,
1157 1545 1216 1596 et
1268 1557 1299 1596 e
1340 1539 1638 1596 contrario
1669 1539 1848 1594 refer-

1953 392 2026 431 ne
2071 377 2352 450 ducente,
2383 382 2570 437 immo
2623 384 2872 438 Domino
2927 389 3193 453 regente.
3241 384 3401 442 Tum
3450 406 3630 446 cursu

1952 474 2308 539 prosperato
2358 472 2526 527 tertia
2579 472 2673 527 die
2721 473 3069 528 advehebar
3108 477 3437 530 Pannoniae
3479 479 3626 536 solo.

1953 558 2080 619 Qua
2118 575 2216 613 me
2248 561 2596 616 Anastasius
2627 561 3124 635 archiepiscopus
3152 566 3266 634 (43)
3294 567 3506 622 ceteris
3538 585 3633 623 su-

1955 645 2141 717 scepit
2164 646 2492 705 humanius
2523 655 2578 705 et
2604 649 2820 705 affatur
2847 651 3224 707 familiarius.
3255 657 3306 707 ls
3335 671 3476 711 cum
3497 657 3636 715 bea-

1955 735 1993 789 ti
2026 737 2457 794 Emmerammi
2485 748 2745 794 veterem
2774 739 2944 795 illum
2984 745 3044 796 et
3074 741 3366 797 viciatum
3414 744 3635 815 legeret

1952 823 2197 896 librum,
2232 828 2543 884 materiam
2573 829 2852 900 probavit
2882 832 2902 864 τ
2933 847 3081 886 cum
3123 833 3435 888 sententiis
3461 853 3473 901 ;
3527 838 3634 893 sed

1954 914 2171 970 harum
2216 917 2427 972 seriem
2459 934 2596 972 cum
2627 923 2784 974 veste
2813 919 3209 991 reprehendit
3247 922 3513 992 pendere
3543 942 3634 982 ra-

1956 1003 2149 1058 tionis.
2181 1005 2355 1076 Apud
2403 1022 2584 1078 quem
2633 1023 2736 1061 sex
2779 1008 3166 1064 ebdomadas
3196 1026 3481 1081 manens,
3516 1031 3638 1070 me-

1952 1092 2161 1148 moriae
2217 1095 2579 1150 sanctissimi
2609 1098 2845 1167 patroni
2885 1098 3260 1170 antiphonas
3289 1101 3636 1174 aliquantas

1954 1199 2094 1237 cum
2123 1185 2518 1257 responsoriis
2557 1187 2869 1258 composui
2900 1188 3077 1258 (144),
3110 1205 3234 1243 non
3287 1194 3413 1246 tam
3455 1194 3636 1250 fretus

1955 1272 2218 1343 ingenio,
2250 1292 2438 1346 quam
2491 1275 2691 1331 dedito
2740 1277 3029 1332 laudibus
3090 1279 3353 1336 martiris
3407 1284 3632 1339 animo.

1959 1363 2074 1417 Has
2106 1362 2370 1434 prefatus
2400 1363 2719 1436 episcopus
2746 1366 3088 1420 monachos
3120 1371 3176 1420 et
3213 1367 3463 1425 clericos
3494 1389 3636 1427 suos

1959 1450 2091 1505 fecit
2119 1450 2368 1516 discere,
2402 1457 2458 1506 et
2487 1451 2548 1506 in
2593 1453 2846 1508 ecclesia
2899 1453 2996 1508 die
3048 1454 3243 1526 ipsius
3299 1459 3484 1516 natali
3529 1477 3638 1532 pu-

1957 1539 2108 1594 blice
2157 1539 2490 1608 celebrare;
2547 1542 2881 1598 secundum
2930 1545 2950 1576 3
3001 1544 3173 1615 quod
3204 1547 3224 1580 3
3277 1549 3570 1622 scriptum
3615 1551 3635 1584 3

185 1645 331 1694 rem,
362 1643 517 1700 pene
559 1644 684 1682 esse
737 1628 1007 1684 naturale
1058 1629 1220 1684 cives
1268 1629 1498 1685 civibus
1540 1629 1844 1684 invidere:
1891 1649 1933 1702 B
1962 1633 2052 1684 est
2083 1630 2142 1682 3:
2195 1630 2494 1685 Recedant
2525 1632 2544 1663 3
2586 1638 2784 1687 vetera
2808 1633 2828 1666 3
2868 1633 2942 1687 de
2971 1634 2990 1664 3
3033 1649 3138 1689 ore
3167 1636 3185 1669 3
3221 1644 3417 1693 vestro
3449 1641 3490 1709 3,
3533 1639 3638 1693 de-

184 1718 426 1774 tandem
449 1717 659 1783 victus,
683 1717 969 1773 voluntati
1000 1736 1169 1790 meae,
1184 1719 1382 1776 immo
1411 1719 1590 1775 beato
1619 1723 1851 1774 Emme-

184 1823 420 1864 rammo
472 1806 739 1862 animum
780 1807 1117 1865 substravit.
1155 1812 1228 1866 Ut
1261 1813 1461 1866 autem
1495 1807 1854 1865 acceleraret

185 1915 282 1954 me
307 1901 576 1967 rogante,
604 1896 907 1968 respondit
940 1914 1147 1954 serena
1189 1899 1411 1967 fronte,
1446 1914 1688 1954 summa
1725 1896 1855 1952 dili-

188 1988 382 2059 gentia
412 1987 473 2040 in
503 1985 726 2040 laribus
753 1985 1152 2058 probandum,
1190 1989 1366 2060 quod
1399 1993 1564 2044 extra
1594 1986 1852 2060 parietes

189 2077 509 2134 multorum
541 2075 726 2130 oculis
757 2076 902 2131 foret
933 2078 1436 2149 presentandum.
1473 2082 1610 2144 Hac,
1637 2081 1703 2132 ut
1727 2076 1855 2147 opi-

184 2184 318 2231 nor,
346 2165 656 2221 occasione
681 2165 866 2220 tribus
897 2167 1067 2222 annis
1097 2184 1266 2240 opus
1296 2168 1440 2222 mihi
1472 2166 1852 2223 carissimum

183 2256 470 2313 remansit
499 2253 929 2326 imperfectum,
962 2255 1107 2311 dum
1159 2256 1545 2329 temporibus
1597 2254 1853 2310 Heinrici

183 2345 593 2416 augustissimi
617 2344 987 2417 imperatoris
1013 2351 1166 2402 esset
1201 2350 1494 2418 coeptum.
1530 2349 1854 2415 Regressus

183 2452 328 2506 ergo
358 2434 433 2490 ad
464 2434 892 2490 monasterium
923 2451 953 2490 e
983 2436 1270 2498 Saxonia,
1305 2435 1572 2490 ferebam
1611 2451 1853 2489 mecum

183 2521 508 2577 beatissimi
563 2521 820 2577 martiris
850 2540 1124 2595 ymnum,
1153 2539 1346 2596 quem
1378 2523 1522 2578 mihi
1555 2539 1663 2594 pro
1697 2539 1857 2578 arra-

184 2611 344 2665 bone
374 2609 504 2664 libri
539 2610 738 2665 saltim
769 2611 858 2666 vel
902 2613 1263 2668 versiculum
1293 2612 1560 2683 poscenti
1589 2611 1855 2683 prefatus

185 2707 471 2768 magister
555 2704 746 2755 metro
840 2703 1178 2774 composuit
1259 2702 1536 2772 Saphico.
1603 2703 1856 2755 Demum

187 2790 596 2846 Chouonrado
646 2789 996 2861 imperante,
1049 2796 1106 2846 et
1146 2790 1539 2846 nihilominus
1584 2789 1856 2844 Heinrico

185 2880 312 2934 tilio
363 2880 493 2949 ejus
550 2883 862 2948 regnante,
914 2879 1267 2936 Gebehardo
1325 2885 1527 2935 autem
1588 2878 1858 2935 secundo

188 2968 688 3024 Ratisbonensem
736 2967 1047 3024 ecclesiam
1088 2974 1350 3037 regente,
1381 2969 1441 3023 in
1472 2969 1736 3024 adventu
1766 2983 1858 3023 ve-
1897 3007 1936 3062 Ο

189 3064 330 3123 stro,
365 3056 693 3128 saepissime
745 3061 982 3128 optatus
1033 3062 1212 3129 atque
1251 3056 1356 3111 diu
1385 3061 1732 3128 expectatus
1763 3072 1859 3111 ve-

188 3147 275 3202 nit
326 3145 583 3200 libellus.
657 3147 835 3216 Cujus
899 3147 1255 3202 universitas
1305 3146 1484 3202 beato
1537 3146 1858 3220 deputetur

189 3241 661 3306 Emmerammo,
709 3236 957 3292 materia
1011 3236 1227 3303 Cirino,
1277 3236 1582 3291 renovatio
1638 3237 1855 3307 Megin-

186 3325 380 3393 fredo,
435 3325 667 3379 exactio
723 3325 1019 3397 peccatori
1077 3325 1359 3392 Arnaldo,
1407 3342 1553 3381 usus
1609 3327 1857 3382 oculum

183 3413 428 3471 invidiae
452 3415 473 3448 3
503 3430 627 3469 non
656 3413 1038 3486 habentibus,
1071 3415 1205 3470 vitae
1235 3415 1536 3487 premium
1567 3417 1857 3471 omnibus

184 3502 464 3575 ejusdem
517 3506 637 3558 Deo
687 3503 879 3558 dilecti
911 3503 1168 3559 martiris
1199 3505 1556 3559 memoriam
1587 3506 1859 3561 excolen-

185 3594 370 3650 tibus.
407 3596 512 3647 Pro
565 3593 738 3663 cujus
781 3593 940 3649 cultu
981 3610 1116 3648 mea
1143 3593 1508 3649 exhibitione
1540 3596 1782 3650 modico
1813 3596 1854 3661 3,

182 3683 397 3739 debito
425 3683 513 3736 sui
540 3697 895 3754 permagno,
923 3683 1069 3755 quid
1101 3683 1246 3738 mihi
1278 3683 1559 3738 acciderit
1588 3685 1683 3740 vel
1710 3700 1861 3756 qua-

181 3773 264 3827 lis
339 3771 664 3826 consolatio
741 3773 1019 3838 evenerit,
1093 3772 1304 3844 paucis
1386 3772 1642 3828 edicam.
1726 3777 1862 3828 Erat

180 3859 476 3934 queedam
533 3860 872 3927 necessitas,
915 3877 1024 3933 pro
1084 3877 1206 3933 qua
1244 3861 1302 3916 in
1343 3862 1718 3917 Pannoniam
1763 3878 1859 3917 me

180 3951 490 4007 direxerat
513 3967 684 4006 meus
711 3950 922 4006 abbas.
960 3954 1230 4023 Cumque
1261 3951 1626 4023 periclitarer
1659 3951 1859 4023 sepius

180 4041 249 4096 in
304 4039 619 4111 profundis
676 4039 924 4094 Danubii
964 4039 1339 4108 decursibus,
1373 4039 1539 4111 apud
1578 4040 1858 4109 Pogicam

180 4131 302 4201 (42)
337 4128 632 4194 caribdin,
665 4128 767 4183 ubi
821 4145 948 4183 esse
981 4129 1214 4184 videtur
1250 4130 1459 4185 mortis
1496 4129 1857 4201 hospicium,

180 4219 532 4274 maximum
586 4217 936 4290 experiebar
980 4217 1331 4290 periculum.
1365 4218 1448 4272 lbi
1499 4217 1658 4272 enim
1708 4235 1858 4273 nau-

182 4315 265 4364 tae
340 4307 605 4376 majores
682 4306 1030 4379 arripientes
1099 4323 1328 4378 remos,
1388 4307 1559 4379 quasi
1635 4307 1860 4362 viribus

184 4397 325 4453 suis
378 4396 582 4451 navim
642 4396 900 4452 evecturi
944 4399 964 4429 3
1021 4397 1094 4451 de
1147 4396 1404 4468 abrupto
1459 4397 1744 4464 ﬂuminis,
1800 4396 1861 4451 in

182 4488 432 4540 tantam
484 4499 699 4539 venere
746 4483 1246 4556 desperationem,
1304 4489 1368 4539 ut
1418 4490 1586 4540 muto
1651 4502 1712 4540 se
1770 4485 1860 4539 in-

183 4577 434 4630 tuentes
482 4590 553 4629 ac
582 4588 692 4628 nec
730 4573 967 4629 muttire
999 4573 1281 4640 valentes,
1316 4590 1421 4646 pre
1452 4574 1661 4630 timore
1700 4591 1860 4629 mor-

179 4663 268 4719 tis
321 4662 562 4735 penitus
611 4662 1000 4732 irriguissent.
1041 4665 1200 4719 Tunc
1257 4664 1559 4719 osculatus
1599 4663 1864 4720 crucicu-

172 4754 339 4819 lam,
378 4767 566 4824 quam
621 4751 806 4806 habui
836 4767 908 4807 ex
939 4752 1267 4808 cervicibus
1314 4753 1696 4825 pendentem,
1729 4752 1862 4808 reli-

174 4842 376 4916 quias
405 4841 664 4896 martiris
695 4841 769 4896 de
800 4841 1081 4898 cambota
1112 4843 1534 4913 continentem,
1563 4842 1866 4912 cogitatio-

171 4948 299 4988 nes
351 4931 706 5001 hujusmodi
733 4930 890 4987 intra
932 4947 1028 4986 me
1057 4931 1294 4988 volvere
1342 4933 1532 5006 ccepi:
1583 4934 1862 5001 Putasne,

169 5021 307 5077 late
344 5024 528 5076 notus
555 5024 846 5091 patronus
865 5019 1043 5075 hodie
1066 5021 1211 5076 mihi
1242 5012 1350 5077 erit
1369 5038 1476 5094 per
1496 5021 1750 5077 salutem
1767 5019 1865 5076 hic

170 5108 603 5183 experiendus
621 5109 649 5163 ?
679 5112 806 5167 Mox
833 5109 1006 5166 navis
1036 5125 1145 5166 ceu
1175 5110 1376 5183 aliquo
1408 5111 1718 5166 minitante
1751 5116 1862 5166 tre-

1960 1733 2194 1790 ponens
2229 1722 2486 1773 veterem
2516 1719 2670 1775 illius
2695 1724 2964 1788 cantum,
2995 1720 3183 1793 quem
3216 1727 3404 1782 nostri
3437 1727 3638 1799 potius

1962 1809 2205 1861 cantant
2234 1822 2305 1860 ex
2337 1807 2702 1878 antiquitatis
2734 1825 2848 1862 usu
2880 1825 3073 1880 quam
3114 1812 3236 1868 ullo
3265 1815 3638 1870 auctoritatis

1962 1912 2132 1951 ausu.
2167 1895 2264 1949 His
2291 1895 2372 1951 ita
2396 1897 2676 1968 equidem
2709 1897 2890 1966 gestis
2922 1899 2984 1954 in
3016 1903 3352 1970 Pannonia,
3387 1908 3443 1959 et
3482 1904 3641 1973 lega-

1963 1985 2139 2048 tione,
2173 2001 2282 2056 pro
2324 2000 2446 2056 qua
2497 1985 2756 2040 directus
2809 2002 3006 2058 eram,
3049 1997 3313 2060 peracta,
3359 1991 3639 2048 Noricum

1961 2074 2188 2146 repetii,
2221 2081 2276 2130 et
2305 2075 2365 2129 in
2394 2091 2464 2129 ea
2493 2076 2756 2131 revisens
2797 2078 3215 2150 Ratisbonam,
3242 2081 3391 2137 satis
3420 2081 3642 2139 karita-

1963 2164 2080 2220 tive
2114 2163 2481 2236 suscipiebar
2506 2181 2542 2220 a
2567 2164 2869 2236 fratribus,
2903 2169 3131 2239 quibus
3180 2174 3239 2225 et
3291 2169 3409 2224 hoc
3435 2170 3642 2241 digne-

1965 2258 2059 2308 tur
2082 2252 2330 2308 reddere
2363 2254 2669 2310 Dominus.
2706 2255 2807 2309 Hic
2838 2271 2985 2313 cum
3031 2259 3105 2313 de
3146 2262 3359 2314 sancto
3408 2261 3639 2317 Emme-

1963 2359 2200 2397 rammo
2229 2341 2402 2397 dulce
2432 2343 2735 2398 clarumve
2773 2343 3076 2414 quiddam
3129 2350 3234 2402 aut
3278 2345 3487 2402 audire
3535 2355 3643 2408 aut

1966 2431 2164 2486 videre
2225 2447 2466 2486 summo
2523 2431 2821 2486 desiderio
2877 2435 3284 2506 quaeritarem,
3329 2451 3436 2507 per
3482 2454 3641 2497 som-

1964 2537 2112 2576 num
2160 2519 2453 2575 visionem
2503 2522 2706 2593 accepi
2760 2521 2964 2579 talem.
3010 2528 3221 2581 Beatus
3263 2528 3637 2588 Emmeram-

1965 2625 2101 2663 mus
2152 2607 2332 2681 pallio
2376 2609 2548 2663 viridi
2578 2609 2752 2681 quasi
2781 2611 3038 2672 velatus.
3081 2613 3418 2670 meridiana
3464 2623 3637 2688 parte

1965 2703 2100 2754 ante
2131 2698 2287 2753 fores
2316 2698 2576 2754 ecclesiae
2607 2699 2928 2755 videbatur
2958 2703 3106 2759 mihi
3143 2705 3344 2775 jacere
3374 2704 3436 2759 in
3481 2705 3636 2765 lecto

1963 2787 2117 2842 bene
2167 2803 2238 2842 ac
2285 2787 2565 2843 decenter
2594 2794 2826 2844 ornato.
2864 2792 3061 2856 Quam
3107 2799 3169 2850 ut
3217 2793 3426 2849 fratres
3456 2797 3639 2854 eccle-

1968 2876 2120 2931 siam
2172 2877 2393 2932 intrare
2445 2878 2707 2934 volentes
2747 2879 3048 2951 viderunt,
3083 2883 3292 2940 timore
3345 2887 3637 2956 perterriti

1965 2971 2356 3022 recesserunt.
2403 2970 2526 3036 Ego
2579 2974 2780 3023 autem
2840 2970 3007 3026 solus
3057 2973 3315 3040 relictus,
3353 2973 3506 3031 adeo
3554 2977 3639 3034 fui

1967 3057 2260 3119 curiosus,
2295 3060 2358 3109 ut
2383 3055 2462 3109 ad
2493 3056 2717 3125 gradus
2743 3058 2916 3127 juxta
2963 3065 3078 3115 tres
3122 3078 3296 3117 arcus
3325 3063 3494 3119 ﬂexis
3540 3081 3639 3134 ge-

1966 3145 2145 3200 nibus
2170 3145 2232 3199 in
2263 3161 2402 3199 eum
2427 3145 2823 3215 intenderem,
2849 3148 3042 3204 donec
3063 3151 3291 3206 vultum
3313 3153 3635 3226 detegeret,

1967 3250 2036 3290 ac
2067 3236 2086 3268 3
2119 3233 2328 3288 Latino
2379 3250 2656 3290 sermone
2702 3235 2924 3291 diceret
2953 3255 2964 3290 :
3015 3239 3145 3293 Tibi
3170 3242 3517 3296 conceditur
3548 3246 3635 3299 vi-

1966 3324 2104 3380 dere
2130 3324 2346 3392 faciem
2372 3339 2585 3388 meam,
2619 3326 2761 3396 quia.
2787 3327 2848 3380 in
2879 3327 3161 3382 laudibus
3192 3331 3332 3384 meis
3378 3332 3631 3388 sudasti.

1968 3413 2148 3482 Cujus
2198 3427 2337 3465 cum
2387 3411 2655 3467 viderem
2711 3413 2882 3468 valde
2928 3415 3253 3471 candidam
3284 3421 3341 3472 et
3369 3417 3634 3489 splendi-

1966 3502 2111 3556 dam
2143 3500 2375 3570 faciem,
2399 3501 2738 3557 nullatenus
2766 3503 2962 3559 dicere
2994 3511 3266 3575 possunt,
3291 3522 3477 3578 quam
3511 3525 3636 3564 ma-

1968 3607 2154 3661 gnum
2189 3589 2353 3645 cordi
2383 3606 2518 3646 meo
2568 3590 2741 3647 fuerit;
2767 3593 2787 3626 3
2814 3592 3095 3662 jubilum.
3132 3597 3251 3650 Hoc
3281 3600 3516 3650 tantum
3549 3602 3636 3652 ta-

1968 3680 2117 3734 citus
2151 3694 2388 3734 mecum
2419 3679 2775 3751 reputabam
2801 3698 2812 3735 :
2857 3683 3192 3737 «Fortassis
3232 3682 3295 3737 in
3325 3682 3420 3738 die
3447 3686 3640 3740 novis-

1969 3769 2122 3824 simo
2152 3785 2262 3840 pro
2309 3786 2405 3824 me
2459 3769 2727 3825 dicturus
2780 3776 2867 3826 est
2917 3773 3189 3826 Christo:
3244 3774 3512 3842 Domine,
3559 3777 3638 3831 da

1967 3856 2118 3912 mihi
2145 3857 2304 3912 hunc
2329 3864 2724 3926 peccatorem.
2761 3882 2787 3907 ››
2824 3863 2885 3912 In
2915 3875 3038 3929 quo
3069 3864 3207 3913 tunc
3234 3867 3635 3931 experrectus,

1968 3951 2025 4002 et
2055 3945 2275 4013 adhuc,
2308 3951 2371 4001 ut
2403 3962 2611 4001 verum
2639 3946 2846 4010 fatear,
2866 3963 3132 4017 nequam
3160 3963 3229 4001 ac
3261 3963 3383 4002 non
3415 3953 3634 4017 rectus,

1967 4051 2042 4090 ne
2086 4035 2370 4105 jucunda;
2421 4034 2666 4088 visionis
2710 4034 2932 4104 gaudia
2988 4035 3344 4106 prepediant
3388 4043 3636 4109 peccata

1965 4139 2120 4190 mea,
2154 4123 2318 4194 apud
2346 4139 2508 4191 eum,
2540 4123 2710 4193 cujus
2743 4123 2950 4178 melior
2992 4129 3080 4178 est
3109 4141 3289 4196 super
3323 4125 3476 4181 vitas
3532 4127 3639 4181 mi-

1970 4213 2310 4279 sericordia,
2331 4213 2598 4285 optinere
2631 4213 2808 4284 cupio
2834 4229 3008 4285 prece
3041 4218 3243 4270 vestra
3267 4231 3504 4272 necnon
3535 4233 3639 4288 pa-

1973 4307 2130 4358 trum
2161 4307 2217 4357 et
2239 4302 2490 4357 fratrum
2523 4303 2789 4358 oratione
2811 4302 3116 4359 continua.
3146 4307 3222 4360 De
3249 4310 3444 4361 cetero
3470 4305 3638 4378 quod

1903 4364 1945 4416 D
1972 4391 2171 4459 instat,
2202 4389 2452 4463 epistola
2483 4391 2932 4447 conclusionem
2958 4392 3223 4465 postulat
3247 4412 3259 4456 ;
3292 4394 3352 4448 in
3379 4364 3510 4466 qua
3528 4411 3638 4450 vos

1972 4481 2247 4551 ignorare
2277 4479 2438 4546 nolo,
2463 4479 2630 4552 quod
2655 4481 2939 4553 antiquus
2965 4485 2984 4516 3
3016 4483 3213 4554 operis
3243 4483 3425 4553 hujus
3449 4484 3636 4554 scrip-

1975 4576 2065 4625 tor
2092 4569 2314 4625 librum
2371 4585 2548 4624 suum
2600 4569 2730 4625 ﬁnit
2783 4571 2842 4624 in
2896 4587 2988 4640 eo,
3023 4571 3189 4643 quod
3226 4570 3518 4625 volumini
3561 4570 3636 4626 de

1973 4659 2278 4715 miraculis
2327 4658 2656 4715 beatissimi
2699 4660 2975 4729 martiris,
3010 4661 3123 4714 hoc
3155 4661 3175 4691 3
3225 4662 3281 4712 et
3325 4661 3346 4691 3
3386 4657 3638 4713 anterio-

1972 4749 2138 4805 ribus
2193 4749 2380 4805 tribus
2428 4749 2734 4818 diligentia
2789 4764 2925 4804 mea
2979 4747 3347 4804 enucleatius
3406 4745 3634 4820 positis,

1973 4855 2085 4911 pro
2111 4839 2372 4912 capitulo
2401 4840 2612 4895 datum
2635 4843 2723 4894 est
2745 4842 2980 4910 quarto.
3006 4841 3148 4903 Quae
3169 4852 3312 4892 vero
3333 4840 3633 4892 secuntur.

1974 4929 2320 4984 auctoritate
2361 4933 2556 4984 vestra
2586 4931 2795 4983 contra
2825 4927 3072 4982 aemulos
3121 4925 3535 4980 defendendus
3567 4925 3632 4989 3°,

1971 5019 2185 5074 humili
2216 5017 2494 5090 asscripsi
2526 5017 2682 5084 stilo,
2715 5034 2836 5072 uno
2859 5020 2879 5051 3
2907 5021 3140 5072 tantum
3168 5019 3188 5051 3
3219 5017 3428 5072 ordine
3458 5018 3478 5051 3
3505 5031 3636 5088 pre—

1970 5113 2210 5182 postero
2243 5111 2264 5142 3
2309 5107 2388 5163 ob
2418 5108 2439 5141 3
2488 5107 2938 5163 similitudinem
2969 5108 2990 5141 3
3019 5106 3103 5162 rei
3136 5108 3156 5141 3
3202 5105 3550 5179 interposito
3591 5107 3634 5174 3,

1574 5237 1814 5293 VARI/33
1867 5236 2160 5291 LECTION
2168 5235 2268 5289 ES.

345 5348 408 5405 p.
441 5348 493 5388 c.
525 5350 573 5390 s.
603 5339 660 5388 et
683 5337 840 5388 veste
867 5349 916 5388 r.
950 5349 997 5389 ε.
1027 5349 1185 5390 corr.
1213 5333 1350 5390 aliis
1381 5335 1565 5390 erasis
1591 5339 1636 5388 1.

1716 5337 1737 5369 ⁸
1762 5339 1896 5404 post
1918 5332 2058 5389 add.
2094 5331 2141 5385 l.

2221 5332 2241 5365 3
2272 5329 2558 5402 antiquus
2597 5336 2644 5386 1.
2727 5332 2774 5365 ¹⁰
2805 5347 2875 5386 us
2898 5347 2928 5387 e
2955 5347 3112 5388 corr.
3152 5337 3200 5386 1.

1809 5457 2041 5515 NOTAE.

286 5557 396 5628 42)
435 5556 609 5628 Apud
639 5558 858 5628 Pogen.

286 5560 371 5612 42
435 5557 609 5628 Apud
639 5558 858 5626 Pogen.

256 5557 398 5700 263;
438 5627 853 5698 Strigoniensis
883 5627 988 5701 qui
1015 5632 1074 5684 et
1102 5627 1448 5696 Austricus;
1497 5643 1553 5682 v.
1586 5626 1862 5685 Mabillon

1977 5561 2102 5613 Act.
2139 5558 2222 5622 Vl,
2255 5559 2295 5622 I,
2323 5570 2382 5626 p.
2419 5556 2485 5608 '72
2513 5569 2643 5626 sqq.

2043 5631 2152 5694 (44)
2194 5629 2260 5682 V.
2297 5630 2440 5684 Acta
2479 5627 2577 5683 SS.
2613 5627 2770 5699 Sept.
2809 5627 2893 5695 Vl,
2927 5643 2990 5699 p,
3022 5627 3144 5684 512.
