3984 6180
378 220 482 277 995

1435 204 1743 266 ARMLDI
1783 200 2373 263 ΕΜΠΕἮΑΜΠΕΝΒΙΞ
2408 200 2741 259 MONACHI.

374 340 487 416 pro
516 338 807 398 memoria
834 336 957 392 mei
982 339 1041 392 et
1068 351 1277 392 eorum
1324 332 1430 409 qui
1458 348 1698 389 mecum
1728 331 1789 387 in
1808 345 2033 416 rmona-
2071 339 2119 389 Α
2146 325 2357 416 laudes
2403 325 2854 416 propagandae,
2886 324 3008 416 vita
3051 328 3252 381 vestra
3289 323 3512 416 vigeat,

378 413 554 483 sterio
582 437 879 480 memores
909 436 1038 477 esse
1071 423 1393 494 potuerunt
1435 418 1733 474 factorum
1762 415 1841 471 ob
1874 413 2037 472 Chri-

384 514 457 572 sti
486 512 793 569 martirem
819 509 1152 581 signorum.
1184 512 1257 565 At
1284 524 1420 582 qum
1452 511 1513 563 et
1533 506 1612 562 ad
1650 509 1881 562 ceteras
1910 504 2039 576 ejus

2146 414 2393 489 polleat,
2479 415 2807 488 paternitas
2886 414 3110 484 valeat,
3188 414 3442 470 Domino
3532 412 3835 469 donante.

2148 509 2355 561 Amen.

913 618 1026 690 (45)
1063 616 1338 688 Ezplicit
1361 614 1702 715 epistolaris
1732 613 2013 684 apologia
2051 612 2125 669 de
2151 613 2386 669 ratione
2414 612 2507 670 vel
2535 618 2802 670 veterum
2831 613 3268 669 immutatione.

1639 757 1979 812 CAPlTULA
2019 756 2203 811 LIBRI
2240 755 2432 812 PRIMI
2472 757 2541 811 ¹¹.

383 868 434 922 Ι.
470 867 517 901 ¹²
544 866 638 922 De
669 864 959 935 episcopis
984 865 1076 920 vel
1107 861 1359 919 ducibus
1383 861 1727 932 Paguaria’,
1760 865 1819 917 et
1844 860 1917 916 de
1947 861 2042 917 he-

449 955 655 1012 reticis
666 968 783 1024 per
810 958 1089 1010 sanctum
1133 952 1519 1022 Bonifacium
1550 950 1625 1007 ab
1652 966 1722 1007 ea
1750 951 2040 1019 expulsis,

448 1059 678 1101 necnon
732 1043 1046 1100 miraculis
1071 1041 1153 1099 ad
1188 1039 1578 1111 sepulchrum
1625 1040 1783 1097 beati
1807 1040 2042 1095 Emme-

449 1135 669 1190 rammi
722 1130 1141 1205 frequentatis,
1203 1134 1382 1201 atque
1437 1130 1510 1185 de
1562 1129 1822 1185 secunda
1876 1129 2043 1183 illius

451 1221 869 1278 translatione.

377 1315 430 1367 2.
462 1312 551 1367 De
572 1312 826 1367 muliere
851 1311 1155 1379 adultera,
1183 1322 1317 1381 qua,
1336 1308 1607 1365 martiris
1631 1306 1937 1363 ecclesiam

446 1399 625 1472 gredi
638 1400 991 1457 nullatenus
1008 1400 1222 1469 potuit,
1246 1403 1565 1469 antequam
1585 1412 1701 1467 per
1728 1396 2043 1466 confessio-

447 1503 581 1544 nem
608 1488 693 1544 ad
713 1489 1133 1558 paenitentiam
1160 1501 1222 1543 se
1245 1491 1555 1557 purgavit.

378 1580 431 1633 3.
465 1577 555 1632 De
580 1576 818 1634 homine
846 1591 883 1632 a
916 1576 1255 1632 latronibus
1279 1580 1472 1644 capto,
1500 1580 1556 1630 et
1580 1573 2042 1641 bisvenundato,

460 1667 567 1737 qui
581 1669 729 1735 post
754 1665 1003 1722 exilium
1050 1665 1283 1721 trienne
1306 1664 1573 1733 patriam
1601 1663 1882 1730 revisens,
1912 1678 2047 1719 cum

446 1754 675 1825 grandi
724 1754 1023 1810 miraculo
1071 1767 1133 1810 se
1168 1752 1543 1823 presentavit
1591 1750 1757 1807 beato
1804 1752 2039 1808 Emme-

448 1858 701 1900 rammo.

376 1936 430 1989 4.
472 1933 558 1990 De
580 1933 815 2003 puella,
847 1946 980 2004 qua
1008 1933 1307 2003 integrum
1341 1945 1568 1987 annum
1592 1931 1932 2000 permansit
1946 1932 2041 2000 je-

438 2023 622 2093 juna,
656 2028 711 2079 et
736 2022 823 2079 ad
845 2021 1192 2078 memoriam
1228 2020 1499 2077 martirt's
1526 2025 1609 2076 est
1634 2021 1937 2076 communi
1961 2020 2043 2076 vi-

451 2114 530 2167 tat
561 2111 863 2167 restituta.

378 2203 430 2255 5.
471 2199 560 2255 De
576 2198 871 2268 beneﬁciis
885 2197 1231 2268 principum
1242 2211 1347 2253 seu
1357 2197 1637 2252 comitum
1659 2195 2044 2267 iudicumque

448 2287 719 2345 donariis
737 2292 947 2343 sancto
956 2287 1397 2343 Emmerammo
1408 2286 1665 2353 collatis,
1680 2290 1737 2341 et
1751 2285 1827 2341 de
1837 2286 2043 2340 trium-

446 2375 575 2445 pho
596 2374 890 2445 mirabili,
922 2389 1095 2448 quem
1122 2374 1423 2444 Arnolfus
1449 2375 1777 2444 imperator
1804 2372 2041 2430 eviden-

454 2465 679 2520 tissima
709 2463 973 2534 ejusdem
999 2464 1160 2520 testis
1191 2463 1496 2533 adjutorio
1522 2463 1797 2519 obtinuit.

382 2555 436 2608 6.
476 2553 568 2609 De
600 2552 830 2610 T’utone
853 2554 1129 2624 episcopo
1150 2553 1373 2622 spiritu
1401 2552 1731 2622 prophetiae
1752 2551 1964 2617 ditata,
1987 2555 2041 2606 et

452 2642 531 2700 de
555 2657 693 2714 rege
734 2641 1107 2700 Chuonrado
1136 2641 1307 2712 apud
1329 2643 1619 2698 Sanctum
1671 2640 2043 2697 Emmeram-

453 2748 615 2788 mum
639 2746 763 2801 pro
784 2732 1035 2787 incauta
1054 2732 1329 2799 jussione
1354 2730 1561 2785 morbo
1587 2736 1861 2800 gravato.

378 2825 433 2877 '1.
455 2823 545 2877 De
559 2821 816 2886 homine,
835 2819 941 2890 qui
953 2820 1021 2874 in
1035 2818 1307 2874 convivio
1319 2818 1615 2887 principis
1634 2833 1932 2874 rennuens
1949 2833 2044 2874 ca-

453 2910 693 2963 ritatem
715 2908 1007 2967 martiris,
1034 2906 1295 2975 colapho
1310 2920 1634 2975 percussus
1650 2913 1734 2963 est
1758 2908 2038 2975 teriiﬁco.

381 2998 437 3051 8.
478 2997 569 3051 De
592 2994 887 3051 monacho
913 2995 1111 3051 sancti
1135 2994 1569 3051 Emmerammi
1587 2996 1698 3066 qui
1713 2997 1777 3051 in
1801 2998 2042 3065 pericu-

455 3085 531 3141 lis
572 3085 760 3141 maris
807 3098 939 3141 eum
987 3084 1104 3141 sibi
1148 3083 1350 3141 adesse
1392 3085 1575 3141 sensit
1615 3100 1730 3155 per
1760 3086 2043 3155 beneﬁcia

463 3174 825 3232 liberatoris.

2149 864 2201 916 9.
2243 860 2330 915 De
2378 866 2654 929 apostata
2708 859 2998 916 monacho
3041 859 3129 915 bis
3173 874 3211 914 a
3240 859 3491 915 demone
3519 865 3846 928 correpto,

2221 965 2299 1005 ac
2325 951 2497 1006 toties
2521 950 2803 1020 precibus
2845 956 2905 1006 et
2945 950 3172 1006 meritis
3203 950 3358 1007 beati
3383 950 3853 1006 Emmerammi

2226 1038 2499 1095 liberato.

2154 1146 2236 1201 IO.
2276 1147 2364 1202 De
2384 1146 2640 1218 quodam
2671 1147 3017 1202 demoniaco
3060 1162 3097 1203 a
3131 1146 3358 1218 legione
3386 1146 3850 1203 miserabiliter

2217 1250 2499 1305 possesso,
2529 1238 2633 1292 cui
2656 1237 2859 1307 gratia
2889 1237 3227 1292 Saluatoris
3268 1235 3652 1292 mirabiliter
3679 1237 3850 1292 salu-

2225 1330 2337 1380 tem
2365 1325 2625 1382 reddidit
2654 1326 2736 1382 ad
2761 1327 3106 1382 memoriam
3134 1326 3402 1381 martiris
3434 1324 3709 1381 Christi.

2156 1436 2240 1487 11.
2280 1434 2368 1488 De
2410 1434 2670 1505 quodam
2698 1434 3033 1504 stirpigena
3074 1434 3386 1503 Lantperti
3409 1433 3706 1503 tyranni,
3736 1434 3849 1503 qui

2225 1538 2349 1578 una
2397 1523 2549 1580 hora
2603 1525 2741 1580 bina
2787 1525 3049 1580 caecitate
3093 1524 3435 1594 prohibitus
3464 1530 3555 1581 est
3585 1523 3848 1595 ingredi

2225 1612 2533 1668 ecclesiam
2561 1612 2831 1668 martiris
2864 1611 3109 1668 Christi.

2157 1712 2241 1765 t2.
2280 1710 2370 1765 De
2396 1711 2650 1766 miseriis
2681 1711 2843 1782 queis
2875 1725 3062 1781 usque
3090 1711 3155 1766 in
3178 1724 3425 1780 presens
3452 1710 3842 1778 afﬁciuntur

2077 1806 2122 1858 Β
2226 1799 2488 1856 homines
2534 1800 2874 1870 tyrannica
2927 1800 3315 1868 posteritatis,
3346 1805 3401 1856 et
3450 1798 3527 1855 de
3559 1815 3841 1871 quem

2220 1889 2363 1945 dam
2384 1889 2646 1961 ejusdem
2665 1891 2872 1959 stirpis
2894 1890 3273 1946 conversione
3293 1887 3644 1961 humilique
3668 1890 3840 1947 abls.

2223 1978 2400 2046 tione,
2442 1993 2514 2035 ac
2559 1978 2949 2036 Adalrammi
2997 1980 3227 2036 duritia
3273 1980 3498 2036 virtute
3549 1980 3835 2036 nmis-is

2220 2067 2445 2124 mirum
2472 2068 2535 2123 in
2566 2067 2807 2124 modum
2836 2068 3212 2138 molliﬁcata.

2153 2163 2239 2220 l3.
2276 2165 2363 2221 De
2390 2164 2702 2222 duodecim
2732 2166 2899 2236 m‘ris,
2930 2167 3037 2237 qui
3054 2169 3427 2236 juraverant
3475 2169 3833 2236 contraius

2219 2254 2284 2309 in
2313 2254 2512 2311 altare
2539 2256 2833 2326 martiris,
2865 2256 3193 2327 multiplici
3216 2270 3398 2326 poena
3423 2256 3825 2326 consumis.

2152 2353 2239 2407 14.
2278 2353 2371 2409 De
2397 2353 2529 2422 hoc,
2559 2354 2721 2424 quod
2762 2355 3014 2425 contigit
3044 2355 3109 2410 in
3135 2354 3399 2426 quadam
3427 2354 3826 2421 muliercula,

2219 2457 2333 2510 pro
2357 2442 2535 2511 furto
2560 2444 2769 2500 colicis
2795 2436 3077 2514 paralysi
3101 2445 3364 2501 multata
3390 2449 3453 2500 et
3480 2444 3668 2513 apud
3686 2442 3830 2500 Sa»

2222 2536 2383 2586 ctum
2407 2532 2918 2589 Emmerammum
2941 2534 3192 2603 miriﬁce
3215 2538 3454 2590 sanata.

2154 2628 2241 2684 15.
2281 2629 2373 2685 De
2395 2644 2481 2698 eo,
2507 2631 2665 2702 quod
2688 2636 2746 2688 et
2772 2631 2952 2687 Judei
2975 2631 3219 2687 minime
3241 2631 3624 2701 difﬁtentur,
3650 2634 3824 2689 miru-

2222 2719 2364 2774 cula
2412 2721 2477 2776 in
2526 2721 2773 2777 ecclesia
2818 2722 3016 2778 sancti
3041 2722 3473 2778 Emmerammi
3501 2723 3825 2791 saepissime

2218 2807 2404 2876 facta.

2153 2906 2237 2958 16.
2280 2905 2372 2959 De
2402 2907 2753 2977 paralytico
2795 2907 2966 2977 apud
2986 2907 3283 2964 Sanctum
3305 2907 3817 2964 Emmerammum

2223 2999 2455 3049 curato.

2152 3093 2237 3144 17.
2279 3090 2371 3147 De
2394 3092 2561 3147 obitu
2588 3093 2905 3151 Michaelis
2941 3095 3219 3164 episcopi,
3251 3099 3311 3150 et
3347 3093 3423 3150 de
3459 3094 3639 3166 signo
3670 3111 3819 3151 cam-

2088 3161 2128 3217 C
2222 3182 2394 3249 pani.

1132 3318 1531 3377 ΡΒΟἜΜΙΗΜ
1568 3319 1751 3375 LIBRI
1788 3322 1809 3373 Ι
1852 3320 1944 3373 DE
1980 3320 2041 3376 Ml

2212 3325 2359 3382 ωδ
2393 3328 2592 3383 BEATI
2633 3328 3073 3387 EMMERAMML

449 3427 670 3483 Vivunt
692 3425 905 3482 merita
932 3430 1281 3482 sanctorum
1332 3426 1396 3481 in
1420 3425 1702 3494 ecclesiis,
1736 3428 1796 3481 et
1820 3429 2031 3496 poten-

377 3516 496 3573 tius
520 3516 781 3572 existunt
805 3515 942 3587 ipsi,
968 3515 1251 3588 quamvis
1283 3514 1367 3571 ab
1396 3514 1584 3570 oculis
1620 3513 1845 3570 nostris
1873 3514 2035 3570 abla-

2143 3429 2445 3490 interdum
2474 3435 2702 3491 hiantia
2733 3436 2990 3509 supplet,
3022 3435 3337 3509 quomodo
3378 3440 3661 3508 reparant
3700 3436 3808 3491 ba-

2140 3520 2332 3577 bitum
2358 3539 2518 3579 caeco
2538 3524 2565 3579 ?
2595 3524 2731 3579 Haec
2762 3540 2899 3580 cum
2926 3529 3223 3596 constent,
3247 3524 3460 3580 nullum
3476 3522 3797 3594 prudentis

378 3603 443 3672 τί,
466 3619 655 3676 quam
684 3603 839 3659 inter
864 3608 1293 3659 conversantes
1313 3607 1681 3675 Ρααὶνθηῑιπι
1707 3603 1877 3668 QHOd
1902 3603 2036 3658 licet
2142 3609 2282 3666 ﬁdei
2315 3612 2751 3685 consequentia
2795 3613 2997 3669 latent.
3034 3616 3387 3687 Quapropter
3412 3610 3554 3684 quia
3583 3609 3783 3665 scribi-

377 3691 673 3748 ereditum
698 3690 881 3747 ﬁrmo
904 3695 1216 3746 teneamus
1238 3690 1549 3765 proposito
1566 3691 2033 3763 deprehensum,

377 3780 672 3837 miracula
698 3785 905 3837 tamen
923 3779 1361 3852 asstipulantur
1380 3778 1580 3844 nobis,
1593 3784 1652 3836 et
1674 3779 2036 3852 imperitiam

377 3869 571 3927 bruta:
620 3869 985 3927 inﬁdelitatis
1034 3873 1329 3942 arguunt,
1385 3868 1536 3926 dum
1590 3869 1671 3926 ad
1725 3864 2036 3926 éxanin..es

272 3966 275 3967 ⁷
377 3965 725 4018 sanctorum
770 3959 1053 4033 reliquias
1089 3959 1463 4033 impossibile
1502 3959 1920 4030 languentium
1959 3959 2040 4016 ad

376 4065 557 4123 posse
583 4050 755 4121 redit,
786 4054 846 4106 et
883 4049 1050 4123 quod
1096 4065 1224 4106 non
1270 4049 1381 4106 fuit
1425 4048 1504 4106 ad
1530 4065 1696 4116 esse;
1747 4048 2038 4106 fraudatis

379 4140 539 4195 circa
588 4140 751 4196 hunc
797 4156 999 4196 rerum
1048 4140 1358 4197 cardinem
1396 4140 1629 4197 cunctis
1677 4139 2038 4196 secularium

377 4227 809 4299 potentatibus.
835 4231 985 4285 Nam
1016 4228 1069 4284 si
1089 4229 1451 4285 eniterentur
1469 4227 1562 4285 vel
1586 4228 1803 4300 regalis
1831 4232 2040 4301 poten-

378 4314 480 4379 tia,
506 4331 647 4390 quas
667 4316 982 4390 prominet,
1010 4317 1105 4373 vel
1132 4318 1435 4375 artiﬁcalis
1464 4318 1585 4375 ulla
1614 4318 1875 4374 sollertia
1902 4333 2039 4390 quia

2145 3715 2282 3756 mus
2313 3701 2506 3768 vobis,
2539 3702 2601 3757 in
2638 3701 2860 3775 quibus
2890 3701 3218 3759 viviﬁcator
3244 3701 3477 3775 Spiritus
3511 3697 3794 3755 caﬁsma-

2145 3794 2273 3846 tum
2299 3806 2548 3847 suorum
2575 3792 2859 3849 heredem
2884 3792 3088 3848 vivam
3116 3791 3407 3865 plantavit
3432 3788 3635 3857 ﬁdem,
3658 3804 3805 3863 pau-

2147 3895 2219 3937 ca
2247 3879 2324 3936 de
2350 3881 2554 3937 multis
2581 3881 2907 3949 miraculis,
2930 3898 3073 3954 quae
3093 3882 3300 3938 divina
3325 3881 3511 3954 pietas
3540 3879 3672 3935 testi
3697 3893 3807 3934 suo

2149 3973 2599 4027 Emmerammo
2639 3970 2906 4042 donavit,
2938 3970 3231 4039 dicemus,
3264 3969 3358 4026 vel
3384 3969 3465 4025 ab
3492 3967 3625 4025 aliis
3649 3966 3811 4024 dicta

2146 4060 2510 4134 repetimus;
2559 4060 2705 4134 quia
2732 4060 2910 4116 vobis
2962 4061 3102 4118 facit
3149 4061 3226 4117 de
3270 4058 3671 4117 invisibilibns
3718 4057 3815 4114 vel

2148 4150 2328 4207 etiam
2359 4150 2436 4206 de
2464 4150 2736 4206 nondum
2768 4150 2937 4207 factis
2989 4150 3468 4224 experimentum
3509 4148 3816 4221 preterita-

2147 4256 2285 4296 rum
2316 4241 2651 4297 substantia
2677 4257 2879 4296 rerum
2908 4246 2966 4297 et
3004 4243 3429 4311 argumentum
3458 4254 3585 4295 non
3627 4253 3818 4310 appa-

2148 4330 2409 4386 rentium
2439 4330 2642 4402 (Hebr.
2670 4347 2751 4401 XI,
2783 4331 2856 4399 1).

1796 4472 2046 4537 mum
2085 4471 2391 4513 PROLOGUS.

1508 4639 1837 4710 INCIPIT
1938 4639 2211 4710 LIBER
2314 4637 2674 4709 PRIMUS.

455 4771 701 4843 LIgitur
717 4770 979 4829 martiris
1003 4768 1214 4828 Christi
1232 4770 1659 4826 Emmerammi
1674 4786 1925 4844 corpore
1944 4786 2035 4827 sa-
2072 4795 2115 4848 ι)
2142 4770 2412 4827 rentibus
2422 4768 2689 4842 presidia
2708 4767 2927 4824 divina;
2949 4767 3202 4840 pietatis,
3220 4766 3463 4823 tandem
3484 4764 3823 4823 multosub

379 4876 483 4919 oro
502 4861 667 4936 apud
686 4859 1078 4918 Ratisbonam
1105 4856 1433 4915 honoriﬁce
1460 4859 1730 4927 humato,
1755 4863 1812 4915 et
1836 4860 1913 4915 ad
1948 4876 2035 4916 se-
2141 4860 2246 4931 huj
2257 4857 2493 4915 usmodi
2508 4856 2812 4914 beneﬁciis
2834 4861 3101 4929 tempore
3112 4855 3372 4923 evoluto,
3391 4853 3666 4912 ecclosiae
3690 4871 3825 4929 pre-

379 4950 699 5025 pulehrum
730 4950 863 5023 ejus
888 4948 1143 5006 minime
1161 4947 1457 5006 fraudatis
1478 4947 1621 5005 ﬁdei
1638 4948 1851 5006 merito
1870 4965 2036 5022 quaa-

2146 4948 2409 5005 sulatum
2420 4947 2693 5019 ejusdem
2704 4945 3189 5003 virvenerandus
3198 4943 3532 5015 regendum
3544 4944 3825 5017 suscepit

1749 5103 1983 5158 VABIE
2019 5099 2422 5159 LECTIONES.

453 5211 497 5246 ¹¹
532 5209 683 5268 Htec
708 5208 1020 5280 inscriptio
1049 5209 1209 5266 deest
1239 5213 1289 5265 1.

1406 5208 1451 5243 ¹²
1481 5208 1738 5266 Numeri
1766 5209 1984 5266 desunt
2009 5211 2063 5265 1.

1978 5356 2202 5414 NOTE.

447 5467 557 5539 (45)
600 5465 961 5537 Subjicimus
1024 5464 1339 5539 epistolam
1393 5463 1776 5539 Meginfredi:
1824 5467 2024 5519 INCIPIT
2135 5477 2477 5539 ueternum.
2512 5462 2877 5539 Charissimo
2907 5478 3013 5518 suo
3039 5462 3112 5539 4.
3143 5462 3225 5539 fil.
3253 5458 3822 5539 saluteminphri-

376 5538 641 5596 EPISTOLA
681 5554 787 5595 VEL
845 5538 1128 5594 PROLOGUS
1183 5539 1521 5594 MEGINFREDI
1570 5538 2025 5592 PARTHENOPOLI-

2136 5541 2245 5590 sto.
2276 5534 2635 5591 Sanctorum
2665 5536 2847 5603 dicta,
2882 5578 2893 5589 .
2939 5574 2953 5589 .
3001 5574 3012 5586 .
3048 5534 3303 5606 Reliqua
3332 5532 3464 5591 vide
3490 5531 3559 5586 in
3589 5531 3820 5588 Incas-

377 5625 508 5667 nm
562 5625 822 5668 IAGISTBI
878 5624 944 5665 er
1003 5624 1287 5667 rasrosm
1336 5623 1409 5666 AD
1461 5611 1766 5666 Annonem
1830 5608 2031 5664 Suom
2139 5621 2341 5673 meo,
2365 5619 2572 5675 supra.

379 5681 721 5741 Emunxi
766 5695 1070 5740 nossem
1106 5694 1327 5738 suun
1365 5695 1430 5735 er
1477 5694 1818 5736 rmosnuu
1856 5693 2036 5742 noue
