3996 6178
191 147 303 203 997

1011 140 1100 195 DE
1139 138 1517 198 MIRACULIS
1557 135 1614 197 8.
1657 135 2067 197 EMMERAMMI
2108 137 2301 199 LIBRI
2339 141 2502 206 DUO.
2536 181 2604 191 -
2632 145 2758 207 LIB.
2802 152 2844 208 ι.

3539 158 3644 218 998

191 263 570 334 Gaubaldus,
606 269 752 322 ante
783 279 966 340 quem
996 277 1119 320 non
1150 263 1347 320 solum
1377 265 1503 320 haac
1557 264 1770 321 eadem
1802 263 1876 319 de
1913 266 1960 318 Α
1991 263 2103 320 sibi
2129 269 2355 326 credita
2386 271 2609 330 foveret
2638 289 2872 331 necnon
2904 274 3236 346 adaugeret
3265 276 3463 351 ovilia,
3493 279 3647 339 inter

188 373 320 431 qua
348 370 512 412 nunc
533 354 721 410 nobis
744 360 834 412 est
864 368 1079 421 sermo,
1115 351 1220 408 sed
1247 355 1304 409 et
1330 359 1538 410 ceterae
1577 354 1637 409 in
1671 354 1877 424 Bajoa-

188 447 280 502 ria
310 445 541 517 absque
569 444 753 500 certis
785 443 1081 518 episcopis
1102 446 1241 515 post
1266 443 1314 477 ¹³
1344 447 1616 499 Romana
1648 445 1693 478 ¹³
1733 448 1874 499 tem-

186 551 342 610 pora
371 537 417 570 ¹³
446 537 618 589 erant
639 534 934 591 ecclesiae.
971 533 1122 600 Quia
1169 531 1331 588 enim
1365 548 1560 605 nuper
1615 533 1876 589 christia-

190 627 436 682 nitatem
463 629 837 696 acceperant
862 620 1078 691 Norici,
1108 621 1486 678 immiserant
1511 637 1574 678 se
1613 623 1726 679 illis
1775 623 1873 678 he-

187 714 372 782 retici,
395 712 519 787 qui,
554 711 716 769 utin
746 712 878 769 aliis
923 710 1272 783 regionibus
1307 711 1501 768 facere
1555 725 1874 768 consueve-

187 810 344 874 rant,
388 803 478 861 fas
527 802 610 858 ibi
661 801 964 876 nefasque
1023 801 1441 858 confuderant.
1489 800 1715 858 Horum
1762 803 1873 875 (46)

188 894 289 950 alii
318 910 378 949 se
398 891 664 948 dicentes
723 892 1046 964 episcopos
1096 905 1247 962 esse,
1306 891 1402 948 alii
1457 892 1870 965 presbyteros,

193 983 296 1039 alii
329 980 538 1038 diversi
589 980 838 1037 ordinis
888 979 1155 1047 clericos,
1217 979 1674 1038 adinventiones
1733 997 1873 1037 suas

195 1071 420 1128 technis
443 1070 828 1144 quibusdam
858 1068 1301 1138 subornabant,
1330 1070 1535 1144 sicque
1577 1071 1872 1145 p0pulum

196 1177 337 1216 cum
375 1157 754 1234 principibus
811 1174 919 1233 per
973 1159 1177 1233 plures
1231 1173 1424 1216 annos
1481 1160 1868 1218 seducebant.

195 1251 421 1322 Quippe
447 1249 537 1305 hic
566 1264 748 1305 error
790 1249 966 1306 bonis
1024 1246 1314 1305 omnibus
1374 1250 1622 1318 invisus,
1681 1251 1787 1307 sed
1837 1268 1873 1308 a

188 1335 480 1411 perversis
507 1335 978 1410 periculossime
1017 1335 1290 1404 annisus,
1323 1339 1586 1394 maxime
1617 1337 1874 1396 adolevit

186 1426 308 1482 sub
335 1424 603 1492 ducibus,
640 1441 920 1498 quorum
950 1425 1200 1483 nomina
1255 1427 1473 1498 partim
1523 1428 1874 1498 ignoramus

182 1514 404 1589 partim
434 1515 576 1571 scita
607 1515 870 1571 cautelae
893 1515 1084 1585 gratia
1112 1516 1598 1588 supersedemus.
1627 1520 1875 1590 Tempo-

1984 357 2196 422 cetera,
2240 370 2376 430 quae
2428 359 2580 416 bene
2632 361 2928 435 disposuit
2980 367 3036 420 et
3089 363 3405 437 ordinavit,
3447 369 3642 427 consi-

1988 441 2135 498 lium
2166 443 2295 501 iniit
2320 447 2433 518 (54)
2464 465 2601 504 cum
2630 448 2805 518 clero,
2838 466 2963 524 quo
3019 452 3405 525 sepulchrum
3455 458 3643 530 aperi-

1988 534 2077 588 ret
2107 532 2286 591 beato
2344 539 2809 605 Emmerammo,
2844 542 3016 606 Quod
3061 541 3283 599 crebris
3334 545 3639 602 miraculis

1986 619 2110 676 ﬁeri
2169 624 2389 681 debere
2449 626 2914 696 clamitantibus,
2974 631 3314 687 communis
3366 632 3639 691 omnium

1981 713 2402 784 comprobavit
2445 731 2748 772 assensus.
2803 716 2956 783 Quid
3011 719 3186 791 plura
3213 719 3244 774 ‘P
3273 721 3372 778 Die
3421 727 3639 780 statuto

1981 800 2385 858 translationis
2411 807 2468 859 et
2506 803 2851 862 elevationis
2911 810 3265 864 cunctorum
3312 814 3452 867 vota
3501 825 3639 868 con-

1980 897 2226 946 currunt
2256 911 2267 959 ;
2300 891 2378 947 ad
2404 890 2614 948 laudes
2639 894 2924 966 martiris,
2974 900 3138 952 tanto
3174 899 3440 972 tempore
3487 899 3640 956 inter

1980 978 2262 1035 mortales
2292 980 2407 1036 sub
2462 980 2836 1053 neglegentia
2889 984 3268 1056 quiescentis,
3323 987 3642 1044 innumera

1980 1084 2158 1124 sexus
2183 1071 2493 1143 utriusque
2533 1075 2732 1128 turma
2784 1073 3176 1132 conﬂuxerat.
3236 1075 3326 1133 Ad
3375 1093 3447 1135 ea
3501 1093 3640 1152 qua

1980 1174 2138 1232 saepe
2167 1159 2502 1231 audierant,
2534 1162 2792 1218 martiris
2808 1163 3099 1220 beneﬁcia
3120 1165 3336 1222 clarius
3352 1166 3636 1236 videnda,

1979 1246 2259 1305 festinant
2289 1249 2508 1318 cuncti,
2539 1251 2707 1306 novis
2739 1251 3022 1308 interesse
3049 1255 3284 1324 gaudiis
3313 1261 3642 1329 properant

1979 1337 2262 1393 universi.
2290 1341 2542 1394 Demum
2566 1340 2733 1396 electi
2792 1342 3130 1398 sacerdotes
3187 1359 3325 1400 cum
3373 1345 3640 1402 diaconi-

1977 1426 2093 1481 bus
2125 1442 2195 1482 ac
2222 1427 2350 1482 aliis
2378 1427 2454 1482 ad
2486 1428 2879 1501 aperiendum
2931 1431 3317 1504 sepulchrum
3367 1447 3641 1491 necessa-

1977 1515 2100 1581 riis,
2133 1515 2427 1588 populum
2453 1520 2617 1572 extra
2647 1517 2964 1574 ecclesiam
2996 1519 3316 1590 ejecerant,
3372 1526 3429 1577 et
3485 1523 3640 1579 ostia

179 1603 354 1661 ribus
379 1609 599 1676 autem,
631 1603 872 1677 quibus
902 1609 1078 1660 tantae
1101 1605 1258 1678 pesti
1289 1605 1557 1662 remedia
1574 1606 1874 1679 paraban-
1914 1619 1950 1672 Β
1982 1604 2137 1659 intro
2170 1603 2357 1658 servis
2383 1605 2747 1662 munierunt.
2785 1610 3053 1680 Cumque
3103 1609 3499 1667 tremebunda
3553 1625 3640 1666 re-

185 1697 306 1760 tur,
336 1693 394 1748 hi
422 1691 610 1748 duces
649 1692 1167 1765 principabantur
1200 1709 1212 1748 :
1275 1694 1446 1750 Dioto
1505 1695 1746 1762 scilicet,
1788 1695 1876 1751 vir

1984 1691 2206 1762 ligione
2237 1708 2272 1748 a
2304 1693 2618 1765 sepulchro
2648 1695 2905 1750 humum
2941 1697 3340 1764 resolvissent,
3398 1713 3638 1756 necnon

179 1781 427 1849 illuster,
459 1781 557 1836 cui
586 1780 701 1836 ﬁlii
735 1781 798 1836 in
823 1796 1080 1852 regnum
1112 1797 1237 1838 non
1265 1789 1694 1839 successerant.
1729 1785 1874 1841 Item

182 1869 334 1928 alius
362 1871 631 1937 Theodo,
671 1871 772 1926 vir
819 1876 1098 1927 strenuus
1123 1877 1182 1928 et
1211 1873 1430 1941 alacer,
1469 1873 1582 1928 sub
1608 1887 1732 1946 quo
1759 1874 1875 1930 cla-

181 1959 446 2016 rissimus
481 1960 527 2001 τ⁴
581 1959 804 2015 Christi
879 1961 924 2001 1⁵
997 1962 1314 2018 confessor
1397 1963 1441 2003 ιθ
1517 1964 1875 2036 Routpertus

184 2049 231 2086 ¹³
273 2065 408 2105 cum
459 2050 503 2085 ⁸³
566 2048 708 2104 aliis
771 2050 818 2083 ⁸⁵
869 2051 967 2106 Dei
1025 2050 1076 2085 ¹³
1131 2051 1527 2107 servitoribus
1583 2053 1628 2088 ³³
1693 2054 1874 2110 Juva-

181 2139 338 2195 vium
396 2141 440 2176 ιδ
499 2138 754 2195 devenit
812 2141 874 2210 ¹³,
931 2139 1141 2213 ibique
1190 2143 1237 2176 ¹³
1295 2157 1541 2196 cursum
1565 2141 1609 2176 ¹³
1636 2157 1874 2214 presen-

180 2227 320 2283 tis!3
375 2229 582 2284 vitaai-3
643 2228 1096 2284 consummavit
1153 2232 1200 2270 ι³
1264 2229 1394 2300 (47).
1453 2229 1578 2287 Sub
1604 2232 1648 2268 '3
1673 2247 1796 2302 quo
1829 2234 1874 2269 ¹³

178 2321 410 2372 sanctus
443 2319 492 2358 ιδ
521 2315 930 2373 Corbinianus
959 2318 1006 2358 1³
1039 2317 1403 2387 Frisingiam
1446 2321 1490 2355 ¹³
1549 2321 1799 2376 accessit
1828 2323 1874 2356 ⁸³

182 2406 304 2474 (48).
338 2405 394 2460 Is
426 2421 582 2475 ergo
606 2404 738 2460 dux
769 2406 812 2445 ι³
841 2405 996 2461 ﬁlios
1028 2406 1246 2462 habuit
1279 2405 1664 2463 sUccessores
1693 2407 1753 2463 in
1787 2427 1874 2465 re-

180 2511 313 2566 gno,
345 2495 737 2568 Diotpertum
764 2494 1038 2550 videlicet
1068 2499 1252 2568 atque
1276 2496 1658 2553 Grimaldum
1693 2515 1706 2564 ;
1739 2505 1878 2570 post

1985 1783 2164 1838 etiam
2189 1781 2451 1854 lapidem
2481 1785 2922 1856 superpositum
2954 1800 2990 1840 a
3018 1790 3184 1857 parte
3213 1787 3421 1844 dextra
3444 1789 3507 1844 in
3535 1789 3639 1844 las-

1982 1887 2127 1928 vam
2159 1871 2605 1928 submovissent
2632 1888 2918 1929 mensura
2949 1875 3202 1930 tandum
3231 1876 3405 1949 quasi
3452 1875 3641 1950 palmi

1984 1964 2041 2015 et
2071 1959 2274 2031 semis,
2316 1960 2494 2016 timor
2541 1977 2720 2033 super
2776 1977 2988 2018 omnes
3046 1962 3233 2031 irruit,
3279 1964 3360 2020 ita
3416 1970 3482 2021 ut
3533 1978 3643 2038 pre

1983 2064 2208 2122 pavore
2239 2049 2427 2105 nimio
2455 2050 2860 2107 laborantium
2890 2065 3112 2107 manus
3161 2067 3197 2109 a
3232 2052 3431 2126 lapide
3473 2053 3642 2111 labe-

1983 2143 2208 2195 rentur.
2243 2139 2326 2194 Ex
2352 2154 2475 2211 quo
2505 2144 2726 2196 terrore
2755 2139 3016 2214 perculsi
3063 2142 3412 2215 viribusque
3455 2143 3644 2201 disso-

1982 2227 2109 2293 luti,
2138 2226 2197 2282 in
2223 2231 2437 2283 terram
2469 2228 2828 2284 ceciderunt.
2861 2232 3023 2284 Unus
3043 2234 3244 2286 autem
3274 2247 3346 2286 ex
3375 2231 3507 2301 illis,
3535 2233 3643 2305 qui

1985 2333 2023 2372 a
2050 2316 2270 2372 dextris
2297 2317 2552 2384 stabant,
2585 2322 2792 2390 pectus
2836 2317 3021 2390 lapidi
3071 2333 3438 2392 supponens,
3492 2323 3643 2378 tam-

1985 2405 2089 2461 diu
2124 2404 2289 2460 solus
2320 2405 2505 2473 hunc,
2531 2421 2667 2461 cum
2695 2411 2850 2462 esset
2876 2405 3112 2477 ingens,
3145 2407 3310 2463 haud
3342 2424 3451 2465 sua
3503 2411 3648 2467 vali-

1986 2494 2190 2550 tudine
2222 2494 2614 2566 sustentabat,
2655 2511 2974 2566 quousque
3012 2496 3188 2552 ceteri
3242 2511 3418 2569 posse
3471 2512 3643 2556 resu-

177 2598 327 2655 quos
357 2582 663 2639 ducatum
696 2581 854 2651 genti
891 2581 1032 2636 huic
1063 2582 1307 2654 prebuit
1350 2584 1710 2654 Hucbertus,
1770 2585 1874 2657 qui

177 2670 358 2727 beato
378 2670 672 2741 Gregorio
703 2672 760 2724 et
789 2674 996 2726 sancto
1044 2673 1507 2728 Emmerammo
1557 2672 1670 2726 sub
1722 2689 1876 2745 quo-

177 2760 330 2816 dam
357 2760 648 2817 Rathario
677 2758 1001 2815 adventitio
1032 2759 1320 2832 episcopo
1350 2761 1697 2818 donaverat
1740 2781 1874 2820 cur-

177 2857 332 2919 tem,
361 2868 498 2925 quae
526 2851 590 2906 in
613 2850 872 2924 pitaciis,
898 2866 928 2905 e
968 2850 1188 2922 quibus
1236 2851 1365 2906 hth
1435 2853 1874 2924 excerpsimus,

1986 2586 2217 2639 merent
2246 2586 2301 2637 et
2331 2581 2736 2638 succurrendo
2758 2598 2976 2638 manus
3015 2583 3094 2639 ad
3141 2582 3377 2657 incepta
3427 2603 3644 2645 conse-

1986 2675 2200 2728 rerent.
2229 2673 2391 2726 Tunc
2427 2675 2592 2728 tanta
2621 2671 2916 2727 celeritate
2936 2676 2993 2727 et
3049 2673 3358 2729 securitate
3401 2689 3646 2734 amove-

1986 2767 2144 2827 runt,
2178 2777 2248 2817 ac
2281 2761 2330 2816 si
2352 2761 2413 2816 in
2437 2777 2497 2817 se
2522 2761 2826 2831 gravitatis
2861 2761 3103 2834 pondus
3161 2763 3407 2819 minime
3461 2765 3647 2823 habe-

1986 2855 2094 2907 ret.
2120 2851 2272 2916 Quid
2306 2866 2449 2906 vero
2510 2852 2624 2906 hoc
2670 2849 2894 2906 trifario
2947 2851 3235 2908 miraculo
3279 2851 3645 2926 insinuatur,

178 2941 644 2999 Pirchinwanch
670 2945 1054 3012 nuncupatur
1099 2940 1202 3011 (49)
1239 2959 1252 2995 :
1287 2942 1489 3012 Hujus
1544 2944 1653 3015 (50)
1711 2946 1879 3018 atqui
1917 2967 1956 3020 ο
1989 2941 2102 2996 nisi
2132 2940 2295 3012 quod
2337 2940 2692 3013 prophetico
2750 2957 2852 2996 ore
2909 2941 3292 3014 predicatur:
3344 2943 3646 3003 Mirabilis

185 3033 372 3091 ducis
401 3030 778 3104 temporibus
803 3029 1185 3086 beatissimus
1204 3031 1414 3102 presul
1441 3032 1781 3089 Bonifacius
1801 3035 1882 3092 ob

189 3139 434 3190 curam,
468 3136 662 3196 quam
689 3121 848 3176 circa
887 3135 1027 3176 oves
1052 3119 1393 3176 Dominicas
1425 3122 1643 3179 habuit
1687 3126 1880 3180 maxi-

189 3228 393 3280 mam,
422 3212 736 3283 ingressus
758 3209 1096 3280 Bajoariam
1125 3209 1453 3267 nonnullos
1482 3212 1883 3270 hereticorum

197 3317 285 3360 ex
317 3315 389 3358 ea
417 3298 680 3373 depulit;
714 3298 821 3354 sed
858 3313 960 3354 eos
987 3297 1361 3368 generaliter,
1395 3300 1483 3356 uti
1512 3299 1720 3370 voluit,
1777 3303 1880 3358 eli-

188 3391 438 3449 minare
464 3405 590 3445 non
617 3386 831 3462 potuit.
867 3389 994 3452 Quo
1023 3386 1338 3443 Franciam
1365 3403 1608 3444 reverso
1637 3393 1694 3445 et
1745 3407 1878 3463 pre-

187 3484 332 3540 fato
355 3480 508 3536 duce
535 3479 840 3544 defuncto,
884 3477 996 3533 sub
1029 3477 1298 3550 principe
1325 3477 1534 3550 Pipino
1566 3480 1757 3548 gentis
1774 3482 1881 3538 hu-

184 3575 303 3645 jus
332 3570 624 3626 ducatum
655 3567 909 3640 adeptus
936 3573 1022 3622 est
1055 3567 1240 3623 Udilo.
1273 3567 1381 3632 Qui
1419 3569 1534 3640 (51)
1565 3569 1762 3625 missis
1821 3572 1881 3628 in

192 3660 442 3717 Italiam
471 3657 796 3729 legatariis,
828 3662 1103 3712 sanctum
1129 3655 1504 3712 Bonifacium
1561 3661 1793 3728 rogavit
1853 3678 1883 3717 e

197 3753 404 3806 Roma
431 3753 826 3804 revertentem
859 3753 983 3812 (an.
1017 3749 1165 3812 739),
1201 3745 1368 3817 quod
1395 3745 1600 3801 denuo
1641 3747 1884 3803 Noricas

194 3842 420 3912 gentes
442 3836 556 3892 sub
595 3853 706 3891 sua
737 3839 1032 3908 potestate
1087 3832 1439 3903 dignaretur
1495 3835 1734 3892 visitare
1787 3837 1884 3891 de-

196 3930 441 4000 gentes.
471 3926 656 3996 Cujus
686 3924 971 3996 legationi
1001 3927 1058 3979 et
1081 3921 1474 3978 nihilominus
1503 3925 1770 3996 petitioni
1817 3927 1885 3981 li-

194 4017 422 4074 benter
447 4029 722 4070 annuens
748 4016 868 4068 Deo
927 4011 1141 4084 plenus
1165 4011 1434 4078 antistes,
1464 4011 1526 4066 in
1548 4013 1886 4083 Bajoariam

195 4103 649 4180 profectionem
689 4101 1001 4169 accelerat,
1066 4116 1317 4172 sperans
1369 4117 1432 4156 se
1481 4107 1886 4158 correcturum

198 4193 383 4269 quod
422 4197 560 4249 ante
599 4207 722 4247 non
752 4195 1006 4264 poterat.
1060 4189 1166 4245 Hic
1223 4190 1478 4245 Domino
1526 4197 1888 4264 c00perante

1989 3032 2146 3086 Deus
2177 3029 2237 3084 in
2269 3031 2492 3085 sanctis
2521 3031 2642 3085 suis
2664 3042 2688 3100 ,'
2713 3032 2869 3085 Deus
2898 3030 3090 3087 Israel
3117 3033 3244 3100 ipse
3267 3031 3434 3088 dabit
3459 3035 3649 3090 virtu-

1991 3124 2103 3174 tem
2130 3123 2185 3173 et
2209 3118 2630 3187 fortitudinem
2656 3118 2677 3170 ?
2702 3119 2890 3188 (Psal.
2925 3135 3096 3186 LXVII,
3124 3121 3240 3187 36.)
3264 3120 3352 3177 0b
3376 3135 3649 3178 reveren-

1989 3206 2135 3262 tiam
2167 3205 2327 3260 enim
2360 3206 2453 3261 sui
2481 3205 2743 3262 martiris
2773 3206 2959 3275 virtus
2989 3205 3275 3262 Altissimi
3321 3207 3434 3263 hos
3484 3210 3648 3266 terri-

1989 3295 2180 3352 biliter
2210 3294 2435 3362 stravit,
2466 3296 2571 3352 sed
2600 3295 2678 3351 ad
2708 3295 2836 3367 ejus
2865 3294 3074 3351 laudes
3096 3295 3158 3350 in
3186 3294 3470 3369 pristinas
3492 3297 3648 3355 vires

1988 3381 2342 3440 mirabiliter
2362 3384 2737 3440 restauravit.
2762 3382 2953 3438 Tertio
2978 3383 3081 3439 uni
3120 3385 3305 3440 sacris
3347 3384 3650 3444 cineribus

1988 3473 2303 3530 famulanti
2355 3473 2678 3546 impertivit
2732 3471 3093 3528 fortitudinis
3137 3489 3360 3531 munus
3400 3474 3475 3531 ad
3525 3475 3649 3546 glo-

1990 3563 2141 3619 riam
2168 3562 2432 3617 nominis
2465 3562 2576 3629 sui,
2605 3562 2707 3634 qui
2739 3566 2825 3616 est
2855 3562 3044 3617 trinus
3075 3567 3131 3619 et
3159 3579 3333 3620 unus.
3372 3567 3482 3620 Pro
3526 3579 3649 3638 quo

1991 3651 2284 3724 triplicato
2306 3651 2480 3721 signo
2511 3650 2850 3706 sacerdotes
2878 3651 3204 3708 venerandi
3234 3653 3454 3722 gratias
3470 3668 3652 3724 agen-

1993 3746 2078 3798 tes
2109 3741 2284 3796 almee
2336 3741 2621 3810 Trinitati,
2677 3756 2816 3796 cum
2868 3756 3096 3811 magno
3145 3741 3284 3798 cieri
3321 3742 3650 3816 populique

1992 3830 2258 3903 tripudio
2282 3829 2820 3903 incomparabilem
2849 3831 3164 3902 purpurati
3213 3832 3479 3902 corporis
3531 3833 3654 3888 the-

1995 3935 2243 3976 saurum
2275 3934 2306 3974 e
2339 3918 2588 3986 tumulo,
2639 3933 2764 3991 quo
2818 3922 3064 3974 eatenus
3119 3917 3460 3974 reconditus
3500 3924 3646 3988 erat,

1995 4010 2352 4076 auferentes,
2399 4009 2461 4064 in
2515 4011 2980 4063 monumentum
3026 4023 3252 4063 novum
3311 4008 3651 4066 venerabile

1997 4097 2460 4166 transtulerunt;
2495 4097 2662 4170 quod
2697 4097 2774 4153 ad
2795 4096 2854 4151 id
2887 4097 3027 4152 satis
3065 4101 3342 4154 accurate
3363 4098 3493 4169 jam
3547 4115 3653 4172 pa-

2003 4192 2309 4245 raverunt.
2349 4191 2410 4243 In
2437 4202 2560 4260 quo
2587 4186 2886 4259 principes
2907 4185 3037 4241 auri
3067 4185 3328 4242 laminas
3354 4191 3411 4244 et
3438 4193 3650 4260 argent

201 4299 288 4341 ac
316 4280 553 4355 prefato
597 4280 752 4337 duce
809 4279 1172 4352 astipulante
1199 4280 1266 4350 ιδ,
1293 4279 1694 4336 scolasi-astica
1745 4283 1886 4352 jura
1923 4321 1965 4376 Β
1999 4283 2296 4352 apparatu
2317 4274 3007 4376 pulcherrimo‘ieeerunt
3037 4275 3218 4376 amgi,
3252 4291 3653 4376 easquegem-

202 4373 568 4439 decernens,
601 4371 840 4444 penitus
895 4369 1238 4441 exstirpavit
1284 4369 1595 4435 hereticos,
1651 4375 1708 4426 et
1756 4371 1882 4425 uni-

204 4476 428 4519 versos
446 4461 677 4532 fugavit
699 4459 1090 4516 scismaticos.
1113 4458 1488 4514 Provinciam
1509 4473 1652 4516 vero
1667 4459 1729 4516 in
1754 4476 1888 4533 par-

216 4550 468 4609 rochias
484 4550 705 4621 divisit,
738 4554 795 4606 et
825 4549 1144 4622 episcopos
1171 4549 1230 4604 in
1260 4548 1353 4604 his
1384 4550 1679 4605 canonica
1731 4551 1886 4605 ordi-

210 4640 470 4699 natione
501 4638 820 4697 constituit.
852 4642 1005 4694 inter
1042 4653 1196 4710 quos
1251 4637 1586 4710 predietum
1636 4638 1887 4695 Gaubal—

207 4732 372 4789 dum
411 4729 902 4804 Hiatospo-litante
930 4730 1042 4800 (52)
1087 4727 1210 4784 sedi
1251 4728 1513 4801 prefecit.
1571 4730 1681 4795 Qui
1738 4729 1887 4785 dum

1999 4383 2238 4426 marum
2268 4367 2475 4423 ordine
2504 4365 2674 4422 vario
2704 4365 3007 4434 distingui.
3038 4366 3303 4430 Quorum
3346 4367 3652 4440 spiritibus

1995 4461 2053 4513 et
2081 4455 2256 4513 nobis
2286 4455 2465 4511 simul
2490 4453 2902 4527 peccatoribus
2929 4469 3037 4526 per
3053 4454 3512 4511 intercessiones
3540 4455 3655 4512 cla-

1995 4546 2220 4603 rissimi
2253 4545 2346 4602 sui
2377 4545 2541 4602 testis
2569 4544 2998 4601 Emmerammi
3031 4544 3312 4616 dignetur
3362 4544 3651 4601 Dominus

1995 4635 2304 4710 propitiari
2335 4636 2346 4690 !

2066 4725 2392 4787 2.Quidam
2418 4723 2508 4780 vir
2531 4723 2590 4780 in
2621 4721 2979 4793 Frisingensi
2999 4719 3326 4795 episcopio,
3358 4720 3650 4796 quoniam

1603 4844 1838 4900 VARIAE
1879 4844 2170 4901 LECTION
2179 4844 2277 4900 ES.

293 4935 340 4970 '3
373 4933 512 5010 Quae
541 4935 604 4989 in
630 4935 832 5010 codice
859 4933 933 5010 ab
957 4932 1236 5010 ΔΑνηριςιο
1260 4939 1396 5010 post
1426 4933 1638 4990 addita
1657 4941 1800 5010 sunt
1831 4949 2060 5010 semper
2094 4929 2613 5010 littera__a_no_tavi.
2647 4927 2926 5010 Attamen
2981 4942 3100 4981 non
3139 4927 3338 5009 plane
3363 4932 3649 5010 .c‘onstat,

209 5021 304 5078 ait
326 5004 512 5078 verba
538 5020 596 5078 p.
630 5006 695 5061 Β.
723 5009 761 5061 t.
795 5005 918 5078 ipsi
930 5004 1205 5078 Amotdo
1233 5001 1584 5061 debeantur.
1621 5076 1630 5078 _
1662 5007 1711 5046 ft
1743 5001 2051 5063 Christi—
2081 5001 2331 5061 accessit
2358 5003 2422 5057 in
2456 5003 2582 5058 loco
2613 5013 2750 5056 raso
2773 5005 2830 5056 et
2857 5001 2922 5053 in
2948 5001 3224 5069 margine
3247 5001 3476 5071 scriqta
3504 5013 3645 5068 esse,

207 5077 524 5148 Foringer
538 5074 826 5133 'monuit.
875 5076 924 5118 ιδ
954 5074 1283 5148 stipulam“;
1303 5090 1464 5132 corr.
1491 5076 1699 5150 asstip.
1732 5082 1751 5132 1

1852 5167 2075 5225 NOTAE.

315 5256 415 5322 Ὴ)
440 5253 674 5314 Horum
704 5285 772 5296 -—
795 5253 1115 5311 «ducebat
1139 5268 1213 5310 ex
1240 5253 1363 5310 vita
1389 5255 1446 5310 S.
1479 5255 1694 5322 Boniti.
1725 5273 1776 5312 c.
1828 5259 1881 5312 9.

315 5256 390 5310 46
440 5254 674 5314 Horum
704 5285 772 5296 -—
795 5254 1115 5311 «ducebat
1139 5268 1213 5310 ex
1240 5254 1363 5310 vita
1389 5255 1446 5310 S.
1479 5255 1694 5322 Boniti.
1725 5273 1776 5312 c.
1828 5259 1881 5312 9.

439 5325 526 5385 ω.
568 5330 761 5384 Anon.
827 5324 912 5382 De
963 5325 1358 5382 conversione
1405 5329 1885 5386 Karantanorum

320 5469 417 5540 48)
436 5470 500 5524 ν.
533 5470 588 5526 S.
620 5467 964 5525 Corbiniani
984 5467 1210 5540 Vitam,
1233 5484 1282 5522 c.
1303 5472 1405 5540 710.

320 5469 500 5540 48)ν.
533 5470 588 5526 S.
620 5469 964 5525 Corbiniani
984 5469 1197 5535 Vitam,
1233 5484 1282 5522 c.
1321 5472 1405 5524 10.

294 5469 418 5613 (49)
451 5541 826 5613 Purckwang
855 5555 1044 5613 prope
1069 5539 1450 5613 Wildenberg
1473 5559 1485 5608 ;
1507 5557 1563 5596 v.
1591 5541 1731 5613 Ried
1757 5545 1800 5612 ι,
1822 5555 1882 5613 p.

215 5613 321 5670 οι.
352 5611 738 5670 Deﬂuaberﬁ
767 5611 1098 5670 «eam:
1121 5611 1264 5670 alibi
1288 5611 1436 5670 nihil
1472 5611 1690 5670 inveni.

2067 5253 2178 5327 (se)
2209 5253 2290 5308 Ex
2321 5252 2450 5327 Vita
2481 5249 2691 5327 ponit},
2715 5265 2766 5307 c.
2802 5252 2855 5308 ε.

2069 5321 2180 5394 (δι’)
2212 5327 2295 5380 Ex
2331 5323 2458 5380 Vita
2480 5321 2690 5392 Bonif.,
2723 5338 2778 5378 ο.
2800 5328 2856 5394 9.

2003 5470 2022 5483 η
2066 5389 2180 5469 (52)
2208 5395 2564 5467 Hiatospolis
2593 5389 2772 5465 quasi
2797 5389 2871 5446 ἆὸ
2874 5412 2928 5454 ος
2953 5392 3100 5455 πολις
3131 5394 3521 5465 Βεεθηεὴωιε
3573 5393 3682 5452 αι),

1996 5489 2340 5612 oo"(53)Qu£e
2368 5535 3260 5612 sequuntureigAribonisVita
3315 5539 3369 5594 S.
3424 5539 3656 5594 Emme-

1995 5607 2212 5670 rammi
2236 5612 2414 5684 (Acta
2438 5607 2545 5668 SS.
2583 5611 2740 5681 Sept.
2771 5610 2858 5676 Vl,
2881 5623 2941 5680 p.
2966 5607 3384 5680 48!.)Hausta
3408 5615 3566 5666 sunt.
