3996 6178
479 125 583 179 999

1528 114 1838 171 ARNOLDI
1877 83 2469 168 EMMERAMMENSIS
2507 110 2836 166 KONACHI.

3683 124 3766 177 tm

481 245 759 302 fraudata
788 250 880 299 est
903 242 1216 298 oculorum
1248 239 1467 310 officio,
1493 240 1814 310 conjugem
1847 251 2016 292 suam
2048 232 2129 287 di-
2169 234 2218 285 A
2247 235 2415 286 vente
2445 233 2751 304 quomodo
2781 234 2960 289 aliam
2985 250 3163 306 super
3184 233 3395 290 ducam
3422 236 3447 289 ?
3473 238 3661 302 Quibus
3694 259 3773 298 ver-

482 334 659 399 misit,
687 331 985 402 aliamque
1035 336 1199 384 extra
1246 334 1595 401 preceptum
1643 328 1740 382 Dei
1784 324 1951 380 duxit
1998 325 2129 390 (Eii).

485 425 612 488 Qua
638 419 813 491 culpa
843 417 1182 473 adulterum
1227 416 1394 471 illum
1417 433 1555 471 cum
1582 414 1960 488 superducta,
2012 409 2132 482 epi-

483 508 668 581 scopi,
696 507 760 561 in
786 507 959 578 cujus
985 507 1096 562 hoc
1114 510 1240 560 erat
1254 504 1515 569 dioecesi,
1534 501 1975 560 animadversio
1997 514 2134 554 con-

480 596 675 662 venit;
698 596 1162 667 convictumque
1185 610 1257 648 ex
1278 593 1534 663 regulari
1557 590 1903 664 poenitentia
1925 587 2136 643 multa-

479 691 580 742 VIt.
609 685 718 742 Sed
750 684 1125 758 persuasoris
1155 683 1435 738 instinctu
1462 682 1732 755 pertinax
1753 679 1961 734 mulier
1981 677 2059 732 ab
2076 675 2137 730 il-

479 775 652 832 licitis
684 773 1065 847 amplexibus
1098 772 1293 827 divelli
1322 788 1446 827 non
1471 772 1681 844 potuit;
1720 769 1825 825 sed
1878 784 2015 823 cum
2059 765 2135 821 ad

479 863 639 920 beati
671 862 1097 918 Emmerammi
1129 861 1442 916 ecclesiam
1485 863 1814 914 conventus
1867 856 1992 912 fieri
2041 855 2139 910 de-

479 952 728 1018 buisset,
764 956 820 1006 et
845 949 1054 1005 eadem
1084 949 1314 1017 mulier,
1345 946 1825 1003 commeantibus
1854 945 1991 1000 illuc
2042 959 2136 998 so-

482 1042 656 1106 ciata,
688 1044 1053 1113 properaret,
1077 1039 1137 1092 in
1167 1038 1318 1106 loco,
1348 1037 1451 1109 qui
1481 1036 1748 1091 Vivarius
1780 1033 2134 1108 appellatur,

483 1131 642 1185 unde
670 1129 987 1184 ecclesiam
1009 1127 1219 1182 intuita
1245 1127 1371 1193 fuit,
1413 1125 1686 1182 ducentis
1719 1125 1837 1179 fere
1871 1123 1950 1179 ab
1990 1122 2138 1177 urbe

479 1218 784 1292 passibus,
820 1222 884 1271 ut
911 1221 1054 1272 nota
1085 1215 1392 1271 commissi
1424 1214 1659 1271 sceleris
1690 1231 1825 1270 eam
1881 1211 2140 1280 exagita-

479 1313 585 1364 ret.
621 1307 808 1380 Cuepit
836 1313 1039 1361 autem
1065 1311 1320 1362 tremore
1347 1305 1534 1360 nimio
1567 1304 1825 1373 concuti,
1860 1307 1915 1358 et
1953 1301 2141 1356 disso-

479 1398 604 1454 luta
632 1397 801 1452 humi
829 1395 1100 1463 devolvi;
1135 1401 1192 1452 et
1222 1412 1358 1451 cum
1386 1399 1580 1451 erecta
1615 1394 1824 1450 fuisset
1849 1409 1884 1448 a
1941 1391 2136 1455 sociis,

481 1488 532 1542 si
553 1503 906 1560 processum
935 1486 1136 1553 voluit,
1174 1484 1499 1558 procedere
1519 1501 1643 1540 non
1671 1483 1857 1539 valuit
1892 1501 1904 1550 ;
1941 1482 1986 1536 si
2045 1497 2136 1535 re»

2244 321 2335 376 bis
2367 329 2671 394 permotus
2698 324 2984 379 dominus
3032 325 3385 397 asperrimos
3430 343 3684 386 sermones
3719 334 3778 388 in-

2245 411 2399 466 vexit
2428 412 2668 468 dicens:
2702 437 2728 460 ‹‹
2766 414 2901 468 Haec
2938 413 3084 468 mihi
3111 413 3288 469 faciat
3308 415 3581 482 Dominus,
3623 426 3666 474 et
3696 421 3776 477 hec

2244 500 2448 562 addat.
2480 501 2592 556 nisi
2621 503 2777 556 banc
2804 502 2864 556 in
2883 503 3329 558 matrimonium
3355 507 3657 576 sumpseris,
3677 514 3780 577 genti

2244 592 2550 646 Saxonum
2611 596 2664 646 te
2720 592 2980 658 tradam,
3033 609 3166 666 quae
3202 599 3282 648 tot
3337 594 3664 651 daemonibus
3715 616 3780 671 per

2246 696 2526 752 spurcam
2550 681 2728 736 servit
2755 681 3174 738 idololatriam.
3208 683 3344 738 Novi
3372 685 3569 738 etenim
3587 701 3644 740 ac
3667 703 3784 759 expe

2243 767 2499 824 rimento
2526 769 2705 824 didici
2727 770 2870 841 quia
2901 772 2946 825 si
2980 771 3286 826 mulierem
3312 770 3399 826 hic
3437 771 3662 843 accipere
3703 788 3781 827 non

2244 860 2355 927 vis,
2392 859 2596 928 fugere
2627 859 2820 925 malis,
2849 877 3035 932 quam
3067 877 3300 916 mecum
3327 863 3643 916 commorari
3666 862 3709 916 in
3728 863 3784 915 his

2244 947 2410 1016 locis,
2444 953 2510 1003 ut
2540 953 2595 1003 et
2625 947 2698 1002 de
2732 949 2872 1019 fuga
2896 950 3199 1011 confusus,
3242 955 3295 1004 et
3323 950 3659 1004 nihilominus
3696 956 3785 1022 post

2246 1037 2320 1092 de
2347 1037 2548 1110 precio
2574 1042 2674 1092 tuo
2706 1054 2986 1093 maneam
3019 1038 3416 1094 defraudatus.
3451 1063 3474 1087 »
3501 1041 3785 1110 Cumqueas

2248 1127 2426 1181 siduo
2457 1127 2838 1183 sermonibus
2859 1127 3208 1198 hujusmodi
3235 1128 3379 1183 inter
3407 1143 3462 1182 se
3485 1127 3786 1200 disceptarent

2247 1216 2534 1271 dominus
2565 1233 2674 1288 per
2701 1222 3015 1290 peccatum
3047 1233 3273 1283 servus,
3307 1221 3359 1272 et
3396 1233 3576 1272 servus
3615 1232 3699 1288 per
3725 1218 3783 1285 ju-

2251 1306 2472 1362 stitiam
2494 1305 2797 1373 dominus,
2829 1312 2998 1362 {etate
3014 1308 3140 1378 jam
3172 1323 3239 1362 ac
3265 1306 3514 1361 moribus
3536 1321 3696 1377 senex,
3720 1306 3783 1360 ali-

2248 1399 2337 1450 ter
2367 1413 2428 1451 se
2460 1412 2582 1450 non
2609 1412 2784 1468 posse
2816 1397 3127 1453 advertens
3151 1396 3455 1469 imperium
3502 1395 3685 1450 domini
3729 1396 3781 1448 sui

2249 1485 2572 1552 declinare,
2605 1485 2751 1558 quin
2781 1485 2840 1540 in
2873 1490 3110 1555 gentem
3133 1486 3448 1542 traderetur
3485 1487 3641 1539 Deum
3677 1484 3783 1553 igne

480 1577 604 1633 dire
633 1576 878 1646 studuit,
901 1573 1193 1630 redeundi
1224 1573 1567 1629 facultatem
1598 1589 1720 1627 non
1748 1570 1976 1627 habuit.
2039 1569 2139 1624 His
2180 1589 2223 1640 B
2249 1579 2505 1640 rantem,
2539 1575 2710 1646 cujus
2736 1575 2920 1632 vitam
2946 1575 3119 1649 quasi
3143 1581 3385 1632 mortem
3405 1575 3592 1641 timuit,
3618 1573 3780 1628 tandem

479 1666 541 1722 in
574 1665 866 1734 angustiis
911 1681 945 1719 a
998 1662 1453 1735 superveniente
1509 1661 1814 1717 sacerdote
1869 1658 2138 1731 quodam

480 1755 853 1828 deprehensa
885 1752 1170 1824 requisita
1189 1756 1301 1818 est,
1322 1769 1444 1824 quo
1472 1750 1715 1805 crimine
1738 1749 2142 1805 circumventa

481 1849 778 1917 peteretur
807 1843 965 1897 talia.
1005 1845 1120 1896 Hoc
1143 1841 1327 1897 relato
1379 1840 1534 1896 sicut
1590 1844 1735 1906 erat,
1781 1839 1860 1894 ad
1916 1838 2140 1910 episco-

481 1949 628 2006 pum
662 1949 839 1987 suum
869 1931 1100 2001 regredi
1135 1931 1212 1986 ab
1241 1929 1455 1985 eodem
1486 1934 1573 1985 est
1600 1929 1948 2001 presbytero
1981 1943 2140 1982 com—

481 2022 729 2077 monita.
766 2020 939 2086 Quod
969 2020 1117 2075 dum
1149 2019 1382 2075 fecisset
1411 2024 1468 2075 et
1496 2019 1688 2075 effusa
1730 2018 1788 2073 in
1833 2017 2138 2089 lacrymas

480 2111 700 2166 vulnus
729 2110 984 2183 aperiret
1015 2115 1071 2166 et
1109 2110 1577 2166 satisfactionem
1636 2125 1708 2164 ex
1752 2124 1906 2181 puro
1960 2106 2138 2162 corde

480 2199 867 2272 promitteret,
901 2203 1180 2270 suscepta
1214 2197 1630 2253 Ecclesiasticae
1690 2197 1896 2253 formae
1948 2194 2138 2252 medi-

479 2287 634 2357 cina,
668 2287 744 2342 ad
775 2286 1077 2342 medicum
1109 2303 1287 2341 suum
1316 2286 1561 2342 beatum
1603 2289 2136 2351 Emmerammum,

481 2393 693 2449 expers
725 2375 940 2431 animae
969 2375 1257 2439 vulneris,
1293 2380 1348 2430 et
1390 2376 1660 2448 corporei
1715 2390 1926 2430 secura
1977 2373 2141 2427 dolo-

480 2467 580 2533 ris,
613 2465 918 2538 processit.
963 2467 1091 2531 Qua
1122 2466 1182 2520 in
1241 2481 1301 2519 re
1358 2465 1527 2520 facile
1587 2464 1898 2535 colligitur,
1949 2478 2138 2536 quam

478 2554 654 2624 longe
687 2558 1040 2627 separantur
1070 2553 1275 2609 incerti
1302 2570 1337 2608 a
1367 2569 1555 2623 regno
1589 2554 1706 2619 Dei,
1737 2554 1842 2625 qui
1895 2553 1977 2607 sic
2033 2552 2141 2607 dif-

478 2645 748 2700 feruntur
777 2644 854 2699 ab
877 2643 1151 2712 ingressu
1172 2642 1494 2698 domorum
1513 2642 1837 2698 electorum
1862 2657 2134 2696 suorum.

479 2735 651 2801 Quod
676 2751 751 2790 ne
782 2734 958 2789 nobis
989 2733 1315 2802 contingat,
1339 2733 1664 2788 fortissima
1699 2732 1908 2788 Christi
1956 2731 2140 2786 medi-

479 2823 614 2879 cina
643 2822 975 2893 prohibeat.

549 2917 601 2967 3.
637 2915 783 2966 Cum
811 2910 1093 2966 virtutum
1126 2910 1414 2966 odoribus
1473 2911 1871 2966 aromatizans
1920 2911 2134 2966 beatus

478 3003 958 3056 Emmerammus
990 2999 1248 3072 populos
1277 3000 1353 3055 ad
1382 3016 1442 3055 se
1503 3001 1758 3055 traheret
1799 3000 2137 3072 undeques-

479 3105 671 3158 secus,
697 3088 944 3158 contigit
973 3089 1280 3161 quendam
1313 3090 1510 3144 virum
1540 3090 1800 3159 ﬁdelem,
1833 3090 1937 3163 qui
1974 3090 2138 3145 bona

475 3178 824 3247 intentione,
857 3183 921 3232 ut
945 3177 1079 3232 ﬁnis
1109 3178 1428 3249 probabat,
1463 3178 1601 3233 illuc
1630 3179 1914 3234 solusiter
1935 3195 2136 3251 carpe-

475 3268 598 3338 bat,
632 3268 692 3323 in
722 3268 876 3334 ioco,
910 3266 1014 3339 qui
1035 3267 1254 3322 dicitur
1293 3269 1753 3334 Verroniwaida,
1802 3268 1966 3341 quod
2021 3285 2137 3324 ser-

476 3375 577 3414 mo
611 3357 851 3413 Latinus
883 3357 1161 3429 exprimit
1192 3357 1544 3430 Longinqua
1570 3375 1815 3430 pascua,
1875 3358 2136 3414 latrones

475 3447 774 3512 incidisse,
806 3445 909 3517 qui
931 3462 1068 3501 eum
1091 3446 1398 3502 detentum
1429 3447 1795 3519 expoliatum
1829 3447 2135 3503 Orientali-

475 3535 591 3590 bus
619 3533 856 3590 Francis
877 3535 1294 3590 vendiderunt.
1328 3538 1393 3590 Et
1421 3535 1612 3590 factus
1643 3542 1730 3590 est
1750 3537 1897 3591 alias
1928 3537 2136 3609 empti-

477 3623 611 3692 tius,
636 3623 738 3695 qui
775 3623 852 3678 ad
893 3623 1248 3678 memoriam
1305 3623 1560 3678 martiris
1609 3624 1792 3678 voluit
1855 3641 1984 3680 esse
2034 3625 2134 3680 ad-

464 3713 772 3768 ,ventitius.
798 3712 1054 3779 Quidam
1085 3728 1248 3777 vero,
1273 3712 1374 3783 qui
1401 3712 1562 3766 hunc
1580 3711 1791 3768 exinde
1822 3713 2134 3769 venunda-

476 3806 601 3857 tum
632 3803 878 3874 accepit,
911 3801 1024 3856 sub
1050 3799 1248 3855 venali
1301 3801 1663 3855 commercio
1727 3801 1967 3858 tradidit
2016 3803 2134 3858 cui-

474 3891 616 3946 dam
645 3891 904 3959 Turingo
927 3889 986 3944 in
1018 3888 1241 3943 finibus
1271 3889 1765 3960 Parathanorum,
1795 3891 1872 3946 ad
1903 3891 1962 3946 id
1993 3896 2136 3947 tem-

473 3980 635 4051 poris
658 3978 988 4035 crudelium
1006 3993 1389 4050 paganorum
1417 3980 1547 4050 (55).
1579 3981 1847 4052 Cumque
1866 3997 1926 4036 se
1949 3982 2132 4037 homo

475 4070 842 4125 Christianus
905 4069 1171 4124 vicinum
1239 4074 1504 4124 cerneret
1555 4070 1896 4140 gentilibus,
1949 4071 2134 4128 idolo-

471 4172 683 4212 rumve
715 4157 1062 4223 cultoribus,
1097 4158 1276 4229 cmpit
1304 4158 1438 4211 nisu
1468 4173 1592 4220 quo
1647 4160 1840 4230 potuit
1884 4161 2131 4217 domino

473 4263 583 4301 suo
610 4246 923 4320 temporali
961 4253 1079 4302 tam
1105 4248 1383 4319 praesenti
1410 4264 1597 4320 quam
1628 4250 1879 4319 absenti,
1931 4256 2129 4308 ratum

472 4341 529 4392 et
547 4341 898 4409 promptum
927 4336 1208 4392 exhibere
1235 4336 1613 4393 famulatum.
1647 4342 1782 4395 Erat
1818 4345 2017 4396 autem
2066 4341 2129 4396 in

468 4424 648 4496 lignis
683 4425 976 4499 operandi
1001 4425 1211 4498 peritia
1241 4426 1562 4482 instructus
1589 4447 1600 4495 ;
1627 4444 1751 4500 qua
1789 4429 2136 4486 molendina

469 4513 661 4570 facere
693 4513 923 4570 solebat
942 4513 1018 4570 ad
1040 4530 1213 4588 aquae
1227 4515 1551 4580 ductus,ob
1579 4520 1798 4587 quae,et
1817 4522 2132 4574 venustam

469 4603 861 4660 aedificiorum
891 4604 1390 4677 compositionem
1421 4603 1758 4659 admodum
1781 4605 2002 4662 charus
2023 4607 2133 4664 fuit

469 4691 718 4748 domino
750 4708 976 4747 servus.
1009 4692 1174 4748 Unde
1199 4697 1255 4748 et
1285 4691 1588 4763 aliquibus
1633 4693 1975 4749 retinaculis
2031 4712 2130 4751 cu-

469 4779 640 4852 piens
664 4780 827 4835 hunc
865 4780 1102 4836 sibimet
1148 4780 1339 4835 facere
1392 4780 1636 4836 firmum
1687 4785 1744 4838 et
1788 4783 2001 4852 ﬁdum,
2049 4784 2129 4840 vi-

469 4869 657 4926 duam
681 4870 1092 4940 juvenculam,
1119 4869 1453 4924 secundum
1481 4871 1676 4926 carnis
1706 4871 1888 4942 hujus
1931 4879 2126 4946 putre-

468 4957 694 5024 dinem,
728 4958 1083 5031 speciosam,
1116 4973 1301 5030 quam
1328 4957 1564 5030 reliquit
1613 4975 1938 5017 conservus
1997 4963 2126 5033 ejus

470 5045 705 5119 absque
759 5046 1021 5102 ﬁliorum
1081 5045 1512 5118 procreatione,
1558 5046 1620 5102 in
1675 5049 2124 5107 matrimonium

468 5133 549 5189 illi
574 5135 908 5207 temptabat
934 5134 1182 5190 sociare.
1219 5137 1412 5200 Quam
1443 5151 1722 5208 renuens,
1769 5143 1943 5208 sorte,
2002 5157 2124 5196 non

467 5229 686 5290 mente,
752 5223 1026 5295 captivus
1088 5223 1399 5296 respondit
1469 5225 1717 5282 dicens:
1795 5252 1821 5277 ‹‹
1869 5232 2123 5286 Uxorem

466 5309 796 5382 legitimam
823 5313 884 5367 in
914 5313 1108 5386 patria
1150 5314 1380 5386 reliqui,
1442 5332 1582 5371 cum
1644 5333 1754 5390 pro
1794 5318 2123 5376 innumeris

467 5401 617 5456 meis
637 5402 755 5458 huc
785 5400 1049 5458 traderer
1092 5403 1436 5475 peccatis.»
1495 5407 1661 5460 Nunc
1715 5423 1858 5478 ergo
1915 5424 1984 5464 ea
2041 5409 2123 5464 vi-

2177 2946 2217 3000 C

2168 4294 2213 4350 D

2254 1679 2316 1718 se
2347 1664 2496 1719 velle
2539 1680 2674 1720 eam
2733 1664 3045 1720 conﬁtetur
3103 1665 3330 1720 sibimet
3381 1664 3639 1736 copulare.
3676 1665 3778 1717 Tunc

2252 1751 2618 1808 exhilaratus
2639 1754 2921 1810 dominus
2961 1755 3392 1828 apprehensam
3445 1751 3664 1808 mulieris
3703 1765 3778 1805 ma-

2252 1855 2401 1894 num
2429 1841 2669 1896 involvit
2689 1842 2891 1914 pallio,
2921 1848 2996 1911 et,
3049 1848 3114 1898 ut
3162 1841 3341 1897 moris
3393 1845 3473 1896 est
3511 1839 3777 1911 nuptiarum.

2253 1930 2378 1984 seni
2421 1930 2533 1986 sub
2565 1930 2811 1986 testibus
2833 1948 2968 1987 eam
2999 1932 3058 1987 in
3087 1929 3517 1987 matrimonium
3545 1925 3778 1988 concessit;

2255 2017 2460 2092 sicque
2483 2020 2774 2076 discessit.
2811 2021 3140 2090 Religiosus
3183 2024 3378 2078 autem
3411 2033 3569 2073 senex
3613 2017 3778 2085 accepta

2252 2109 2498 2166 muliere
2525 2111 2780 2183 perrexit
2809 2111 2888 2166 ad
2917 2111 3170 2166 domum
3198 2107 3529 2165 hzereditatis
3557 2105 3723 2166 invisa,
3743 2102 3777 2156 in

2251 2216 2374 2272 qua
2401 2199 2746 2256 cubiculum
2773 2199 3082 2266 intrantes,
3112 2204 3169 2255 et
3207 2199 3472 2254 alimenta
3513 2198 3651 2266 juxta
3687 2206 3776 2247 con-

2252 2289 2634 2345 suetudinem
2709 2289 3081 2362 nuptiarum,
3177 2287 3554 2362 percipientes,
3615 2283 3776 2344 lectum,

2249 2394 2431 2449 quem
2454 2379 2583 2452 ipsa
2613 2385 2948 2452 paraverat,
2982 2379 3151 2434 haud
3181 2378 3347 2451 parili
3372 2377 3550 2432 animo
3587 2369 3778 2429 ascende

2247 2472 2404 2522 runt.
2438 2468 2540 2523 Cui
2568 2485 2747 2524 senex
2781 2486 2794 2524 :
2830 2491 2857 2516 ‹‹
2888 2468 3169 2537 Praevide,
3201 2467 3398 2539 inquit,
3427 2461 3704 2522 charissima
3733 2457 3774 2510 ﬁ-

2246 2553 2346 2624 lia,
2376 2572 2448 2611 ne
2479 2556 2591 2611 hac
2620 2556 2865 2612 thalami
2888 2557 3308 2613 commixtione
3347 2569 3610 2610 summum
3653 2548 3773 2603 otien-

2247 2642 2464 2699 damus
2492 2645 2797 2712 artiﬁcem,
2831 2646 2977 2718 quia
3004 2645 3344 2718 temporalis
3366 2644 3486 2698 vitze
3501 2639 3672 2711 gaudia
3688 2650 3773 2708 pall-

2247 2730 2330 2786 cis
2361 2733 2575 2788 diebus
2613 2734 2919 2804 deﬁciunt,
2980 2735 3088 2790 sed
3145 2741 3358 2790 aeterna
3409 2731 3683 2788 animarum
3715 2723 3773 2776 d9-

2247 2821 2524 2878 trimenta
2555 2824 3136 2896 parturiuntj‘ruere
3159 2823 3352 2895 itaque
3377 2819 3587 2877 artiﬁcio
3607 2828 3704 2870 meo
3737 2810 3770 2863 in

2247 2910 2498 2981 deliciis,
2533 2914 2722 2968 ethoc
2752 2918 2983 2968 tantum
3008 2913 3271 2983 indulge,
3295 2928 3364 2967 ne
3397 2925 3479 2965 me
3495 2905 3772 2975 subjugow

2247 2999 2571 3073 pulationis
2601 3003 3075 3074 hujus,conjuge
3106 2995 3642 3073 vivente,przecipites
3662 2991 3702 3044 in
3716 2988 3769 3042 in-

2248 3090 2505 3148 teritum.
2546 3117 2572 3139 ››
2605 3091 2704 3146 Illa
2730 3097 2952 3164 autem,
3009 3091 3234 3148 carnali
3288 3089 3557 3159 voluptate
3599 3078 3766 3137 devicta,

2245 3179 2354 3235 viri
2384 3181 2475 3235 sui
2502 3181 2766 3253 petitioni
2799 3182 3046 3237 minime
3081 3180 3531 3238 assentiebatur;
3558 3173 3649 3228 imo
3683 3178 3765 3237 qua?

2244 3267 2305 3324 in
2334 3286 2539 3325 aurem
2564 3270 2810 3336 dixerat,
2843 3271 3095 3327 domino
3124 3287 3230 3326 suo
3262 3268 3633 3342 paliﬁcaturam
3648 3254 3764 3311 mina'

2245 3360 2443 3414 batur.
2477 3361 2662 3415 Senex
2713 3376 2853 3415 vero
2903 3377 3038 3415 cum
3091 3355 3426 3429 hujusmodi
3473 3343 3761 3408 exhortatione

2247 3466 2310 3505 se
2344 3455 2608 3505 cerneret
2636 3450 2834 3504 minus
2881 3450 3189 3522 perﬁcere,
3239 3445 3517 3504 lasciviam
3563 3435 3687 3524 socie
3721 3442 3759 3524 at

2244 3545 2630 3612 exasperatos
2657 3541 2914 3611 animos,
2942 3541 3264 3596 verborum
3295 3531 3561 3592 blanditiis
3585 3528 3643 3582 ita
3676 3521 3759 3575 lem-

2243 3630 2327 3684 vit
2349 3629 2590 3685 dicens:
2622 3652 2648 3677 ‹‹
2684 3630 3017 3686 Videndum
3066 3636 3154 3686 est
3182 3629 3366 3690 nobis,
3411 3616 3677 3680 charissima
3697 3620 3755 3659 so-

2243 3734 2363 3787 ror,
2398 3734 2472 3774 ne
2507 3719 2814 3790 gentilium
2847 3719 2984 3789 ritu,
3016 3736 3156 3774 cum
3185 3719 3364 3774 simus
3391 3703 3755 3770 Christiani.an

2242 3809 2335 3864 tiis
2369 3809 2828 3871 conveniamus.
2889 3809 2998 3865 sed
3055 3810 3256 3882 potius
3317 3821 3413 3879 per
3458 3799 3660 3856 triduum
3689 3797 3753 3882 tto}

2243 3897 2680 3964 contineamus,
2705 3898 3027 3953 Dominum
3050 3899 3441 3971 deprecantes.
3463 3894 3515 3944 ut
3550 3885 3624 3938 det
3648 3873 3756 3971 nob‘l's

2241 3981 2502 4042 ﬁliorum
2529 3988 3025 4061 procreationem,
3071 3988 3215 4061 quia
3252 3983 3446 4041 mulier
3491 3988 3585 4032 non
3617 3979 3700 4061 Ι)τῖ
3721 3957 3757 4010 1"

2239 4074 2466 4145 bidine,
2502 4077 2604 4132 sed
2631 4093 2740 4150 pro
2775 4077 3002 4133 sobolis
3027 4082 3117 4134 est
3147 4092 3248 4148 spe
3273 4063 3596 4131 assumenda.
3631 4079 3649 4103 η
3670 4050 3755 4150 βῶξ

2240 4163 2457 4219 mulier
2487 4182 2625 4220 cum
2657 4165 2949 4235 audisset,
2982 4164 3271 4238 despexit,
3313 4166 3365 4217 et
3413 4173 3464 4212 se
3509 4143 3757 4238 conﬁcti?“

2239 4253 2316 4309 ad
2347 4254 2655 4325 parietem,
2684 4254 2855 4310 inerti
2903 4271 2964 4310 se
3024 4229 3237 4311 somno
3284 4241 3539 4306 immersit.
3581 4229 3753 4325 Religl‘j'

2239 4361 2340 4398 sus
2371 4349 2572 4399 autem
2603 4359 2783 4399 senex
2813 4361 2953 4400 cum
2985 4343 3267 4418 lacrymis
3298 4345 3350 4396 et
3385 4322 3751 4422 intentione.

2243 4431 2335 4487 dis
2411 4431 2788 4505 supplicabat
2886 4401 3366 4488 miserationibus
3432 4401 3755 4506 οωῐιὶρίξὶθῐξίξξν

2239 4525 2302 4576 ut
2329 4537 2436 4593 per
2465 4498 2676 4576 merita
2725 4525 2781 4575 et
2837 4521 3290 4576 intercessiones
3341 4506 3506 4570 dilecti
3546 4498 3615 4554 sui

2240 4578 2385 4681 tyris
2473 4609 2901 4665 Emmerammi
2975 4609 3090 4665 sibi
3171 4604 3484 4678 dignaretur

2240 4700 2421 4771 Cujus
2449 4700 2801 4767 orationem,
2830 4700 2975 4772 quia
3005 4699 3208 4755 divina
3237 4696 3410 4768 pietas
3424 4674 3756 4775 θΧειξιάξῖιίξῗ

2238 4761 2377 4844 dein
2429 4794 2738 4845 momento
2799 4761 3343 4845 misericordissime
3391 4761 3753 4856 patefecit.

2237 4843 2376 4935 iis
2407 4843 2749 4952 etipse-prae
2777 4843 3435 4934 semimarinis},
3469 4860 3545 4952 vir
3582 4843 3752 4952 ειιιξάξίξξ

2235 4940 2676 5041 pulcherrimus
2702 4971 2837 5022 ante
2868 4965 3090 5022 lectum
3115 4955 3447 5038 quiescentis
3472 4940 3750 5041 amba???

2233 5029 2473 5124 baculo,
2500 5073 2683 5130 quem
2714 5072 2900 5112 manu
2931 5029 3222 5126 gestabat,
3263 5053 3402 5106 latus
3447 5041 3553 5130 ejus

2237 5147 2330 5214 sit,
2362 5113 2568 5202 diceris
2602 5164 2614 5201 :
2649 5165 2678 5199 ‹
2709 5147 2894 5217 Surge
2925 5113 2981 5202 ξι
3023 5145 3174 5202 vade
3201 5141 3274 5198 ad
3303 5129 3569 5194 ecclesiam

2237 5195 2330 5214 ---,
2366 5195 2567 5202 ..-πη
2602 5195 2614 5201 ,
2661 5195 2678 5199 γ
2710 5195 2891 5217 τηε,
2928 5195 2980 5202 η
3039 5195 3170 5202 ,___
3205 5195 3272 5198 ἠν

2234 5231 2367 5286 simi
2398 5231 2677 5304 martyris
2706 5229 3150 5298 Emmerammi,
3181 5241 3297 5299 quo
3324 5228 3372 5277 te
3427 5195 3749 5325 ἱῐεῐυιὲηάξξὶζ

2231 5320 2383 5376 visti.
2413 5344 2440 5369 »
2473 5321 2578 5376 Cui
2609 5320 2697 5376 vir
2728 5335 2906 5375 senex
2936 5316 3272 5393 respondit:
3323 5335 3346 5361 ει
3376 5291 3746 5408 Ουοωξίξῗέξξ

2233 5373 2517 5467 alimento
2527 5373 3146 5480 tot‘terrarumigriota
3161 5402 3341 5479 spatia
3355 5373 3720 5471 perambula“)?

2059 5498 2286 5555 NOTE.

539 5584 648 5653 (54)
676 5584 808 5640 Hac
834 5596 910 5638 ex
930 5579 1192 5641 Aribone
1219 5583 1438 5641 hausta
1461 5587 1622 5641 sunt.

2291 5588 2408 5660 (55)
2428 5590 2566 5647 Haec
2615 5594 2672 5647 et
2719 5590 3030 5663 sequentia
3057 5586 3230 5656 hujus
3255 5573 3440 5650 capitis
3465 5581 3525 5636 91
3549 5551 3744 5613 Ατίδ⁰¹¹⁸⁸
