  <div class='ocr_page' id='page_1' title='image "/cluster/home/n/w/nwhite01/storage/ocr_20150623/141/hvd.32044054760012/504.png"; bbox 0 0 3984 6180; ppageno 0'>
   <div class='ocr_carea' id='block_1_1' title="bbox 200 112 327 168">
    <p class='ocr_par' dir='ltr' id='par_1_1' title="bbox 200 112 327 168">
     <span class='ocr_line' id='line_1_1' title="bbox 200 112 327 168; baseline 0.008 -1"><span class='ocrx_word' id='word_1_1' title='bbox 200 112 327 168; x_wconf 79' lang='grc'><strong>1001</strong></span> 
     </span>
    </p>
   </div>
   <div class='ocr_carea' id='block_1_2' title="bbox 1012 108 2776 172">
    <p class='ocr_par' dir='ltr' id='par_1_2' title="bbox 1012 108 2776 172">
     <span class='ocr_line' id='line_1_2' title="bbox 1012 108 2776 172; baseline 0.001 -4"><span class='ocrx_word' id='word_1_2' title='bbox 1012 114 1102 168; x_wconf 86' lang='lat' dir='ltr'><strong>DE</strong></span> <span class='ocrx_word' id='word_1_3' title='bbox 1131 112 1507 170; x_wconf 70' lang='lat' dir='ltr'><strong>MIBACULIS</strong></span> <span class='ocrx_word' id='word_1_4' title='bbox 1536 113 1593 165; x_wconf 74' lang='grc' dir='ltr'><strong>ὃ.</strong></span> <span class='ocrx_word' id='word_1_5' title='bbox 1618 108 2031 165; x_wconf 73' lang='lat' dir='ltr'><strong>EMMERAMMI</strong></span> <span class='ocrx_word' id='word_1_6' title='bbox 2064 113 2247 169; x_wconf 79' lang='lat' dir='ltr'><strong>LIBRI</strong></span> <span class='ocrx_word' id='word_1_7' title='bbox 2278 116 2445 172; x_wconf 88' lang='lat' dir='ltr'><strong>DUO.</strong></span> <span class='ocrx_word' id='word_1_8' title='bbox 2478 146 2543 155; x_wconf 94' lang='lat'><strong>——</strong></span> <span class='ocrx_word' id='word_1_9' title='bbox 2571 115 2701 171; x_wconf 86' lang='lat' dir='ltr'><strong>LIB.</strong></span> <span class='ocrx_word' id='word_1_10' title='bbox 2734 119 2776 170; x_wconf 92' lang='lat' dir='ltr'><strong>l.</strong></span> 
     </span>
    </p>
   </div>
   <div class='ocr_carea' id='block_1_3' title="bbox 3483 120 3629 173">
    <p class='ocr_par' dir='ltr' id='par_1_3' title="bbox 3483 120 3629 173">
     <span class='ocr_line' id='line_1_3' title="bbox 3483 120 3629 173; baseline -0.014 0"><span class='ocrx_word' id='word_1_11' title='bbox 3483 120 3629 173; x_wconf 68' lang='lat'><strong>1002</strong></span> 
     </span>
    </p>
   </div>
   <div class='ocr_carea' id='block_1_4' title="bbox 193 232 3631 312">
    <p class='ocr_par' dir='ltr' id='par_1_4' title="bbox 193 232 3631 312">
     <span class='ocr_line' id='line_1_4' title="bbox 193 232 3631 312; baseline -0 -18"><span class='ocrx_word' id='word_1_12' title='bbox 193 237 302 294; x_wconf 86' lang='lat' dir='ltr'><strong>Cui</strong></span> <span class='ocrx_word' id='word_1_13' title='bbox 329 236 546 293; x_wconf 84' lang='lat' dir='ltr'><strong>iterum</strong></span> <span class='ocrx_word' id='word_1_14' title='bbox 572 235 675 308; x_wconf 88' lang='lat' dir='ltr'><strong>qui</strong></span> <span class='ocrx_word' id='word_1_15' title='bbox 709 236 944 295; x_wconf 84' lang='lat' dir='ltr'><strong>astabat</strong></span> <span class='ocrx_word' id='word_1_16' title='bbox 972 237 1283 307; x_wconf 86' lang='lat' dir='ltr'><strong>adjunxit:</strong></span> <span class='ocrx_word' id='word_1_17' title='bbox 1318 259 1346 285; x_wconf 87' lang='lat'><strong>«</strong></span> <span class='ocrx_word' id='word_1_18' title='bbox 1379 239 1586 305; x_wconf 82' lang='lat' dir='ltr'><strong>Surge,</strong></span> <span class='ocrx_word' id='word_1_19' title='bbox 1630 249 1704 288; x_wconf 89' lang='lat' dir='ltr'><strong>ne</strong></span> <span class='ocrx_word' id='word_1_20' title='bbox 1730 232 1854 287; x_wconf 67' lang='lat' dir='ltr'><strong>haa-</strong></span> <span class='ocrx_word' id='word_1_21' title='bbox 1892 236 1939 287; x_wconf 84' lang='grc' dir='ltr'><strong>Α</strong></span> <span class='ocrx_word' id='word_1_22' title='bbox 1967 236 2232 306; x_wconf 87' lang='lat' dir='ltr'><strong>primum</strong></span> <span class='ocrx_word' id='word_1_23' title='bbox 2286 237 2684 309; x_wconf 84' lang='lat' dir='ltr'><strong>obsecrando,</strong></span> <span class='ocrx_word' id='word_1_24' title='bbox 2740 238 2879 296; x_wconf 90' lang='lat' dir='ltr'><strong>dein</strong></span> <span class='ocrx_word' id='word_1_25' title='bbox 2934 238 3325 312; x_wconf 79' lang='lat' dir='ltr'><strong>increpando,</strong></span> <span class='ocrx_word' id='word_1_26' title='bbox 3374 239 3631 297; x_wconf 92' lang='lat' dir='ltr'><strong>demum.</strong></span> 
     </span>
    </p>
   </div>
   <div class='ocr_carea' id='block_1_5' title="bbox 190 322 1859 398">
    <p class='ocr_par' dir='ltr' id='par_1_5' title="bbox 190 322 1859 398">
     <span class='ocr_line' id='line_1_5' title="bbox 190 322 1859 398; baseline -0.003 -19"><span class='ocrx_word' id='word_1_27' title='bbox 190 325 358 389; x_wconf 77' lang='lat' dir='ltr'><strong>sites,</strong></span> <span class='ocrx_word' id='word_1_28' title='bbox 394 324 499 380; x_wconf 90' lang='lat' dir='ltr'><strong>sed</strong></span> <span class='ocrx_word' id='word_1_29' title='bbox 530 341 699 381; x_wconf 89' lang='lat' dir='ltr'><strong>sume</strong></span> <span class='ocrx_word' id='word_1_30' title='bbox 730 342 949 397; x_wconf 86' lang='lat' dir='ltr'><strong>panem</strong></span> <span class='ocrx_word' id='word_1_31' title='bbox 982 325 1245 398; x_wconf 88' lang='lat' dir='ltr'><strong>positum</strong></span> <span class='ocrx_word' id='word_1_32' title='bbox 1266 324 1326 380; x_wconf 88' lang='lat' dir='ltr'><strong>in</strong></span> <span class='ocrx_word' id='word_1_33' title='bbox 1352 322 1664 380; x_wconf 82' lang='lat' dir='ltr'><strong>ccenaculo</strong></span> <span class='ocrx_word' id='word_1_34' title='bbox 1690 336 1859 393; x_wconf 87' lang='lat' dir='ltr'><strong>supe-</strong></span> 
     </span>
    </p>
   </div>
   <div class='ocr_carea' id='block_1_6' title="bbox 190 410 1861 486">
    <p class='ocr_par' dir='ltr' id='par_1_6' title="bbox 190 410 1861 486">
     <span class='ocr_line' id='line_1_6' title="bbox 190 410 1861 486; baseline -0.002 -17"><span class='ocrx_word' id='word_1_35' title='bbox 190 414 356 483; x_wconf 89' lang='lat' dir='ltr'><strong>riori,</strong></span> <span class='ocrx_word' id='word_1_36' title='bbox 390 419 447 469; x_wconf 90' lang='lat' dir='ltr'><strong>et</strong></span> <span class='ocrx_word' id='word_1_37' title='bbox 476 416 604 486; x_wconf 89' lang='lat' dir='ltr'><strong>ipse</strong></span> <span class='ocrx_word' id='word_1_38' title='bbox 637 414 888 470; x_wconf 81' lang='lat' dir='ltr'><strong>sufﬁciet</strong></span> <span class='ocrx_word' id='word_1_39' title='bbox 925 416 983 469; x_wconf 90' lang='lat' dir='ltr'><strong>in</strong></span> <span class='ocrx_word' id='word_1_40' title='bbox 1012 413 1364 469; x_wconf 82' lang='lat' dir='ltr'><strong>alimentum</strong></span> <span class='ocrx_word' id='word_1_41' title='bbox 1392 413 1518 479; x_wconf 85' lang='lat' dir='ltr'><strong>tibi,</strong></span> <span class='ocrx_word' id='word_1_42' title='bbox 1567 411 1644 468; x_wconf 89' lang='lat' dir='ltr'><strong>ad</strong></span> <span class='ocrx_word' id='word_1_43' title='bbox 1674 410 1861 484; x_wconf 85' lang='lat' dir='ltr'><strong>perfe—</strong></span> 
     </span>
    </p>
   </div>
   <div class='ocr_carea' id='block_1_7' title="bbox 192 498 1863 574">
    <p class='ocr_par' dir='ltr' id='par_1_7' title="bbox 192 498 1863 574">
     <span class='ocr_line' id='line_1_7' title="bbox 192 498 1863 574; baseline -0.003 -16"><span class='ocrx_word' id='word_1_44' title='bbox 192 502 453 558; x_wconf 89' lang='lat' dir='ltr'><strong>ctionem</strong></span> <span class='ocrx_word' id='word_1_45' title='bbox 486 502 710 557; x_wconf 77' lang='lat' dir='ltr'><strong>itineris</strong></span> <span class='ocrx_word' id='word_1_46' title='bbox 740 502 840 556; x_wconf 90' lang='lat' dir='ltr'><strong>tui.</strong></span> <span class='ocrx_word' id='word_1_47' title='bbox 868 525 895 551; x_wconf 85' lang='grc'>››</span> <span class='ocrx_word' id='word_1_48' title='bbox 925 502 1018 557; x_wconf 89' lang='lat' dir='ltr'><strong>Vir</strong></span> <span class='ocrx_word' id='word_1_49' title='bbox 1042 507 1243 558; x_wconf 88' lang='lat' dir='ltr'><strong>autem</strong></span> <span class='ocrx_word' id='word_1_50' title='bbox 1270 506 1406 574; x_wconf 93' lang='lat' dir='ltr'><strong>post</strong></span> <span class='ocrx_word' id='word_1_51' title='bbox 1434 506 1661 558; x_wconf 81' lang='lat' dir='ltr'><strong>tantam</strong></span> <span class='ocrx_word' id='word_1_52' title='bbox 1687 498 1863 555; x_wconf 92' lang='lat' dir='ltr'><strong>visio-</strong></span> 
     </span>
    </p>
   </div>
   <div class='ocr_carea' id='block_1_8' title="bbox 193 588 1861 665">
    <p class='ocr_par' dir='ltr' id='par_1_8' title="bbox 193 588 1861 665">
     <span class='ocr_line' id='line_1_8' title="bbox 193 588 1861 665; baseline -0.003 -15"><span class='ocrx_word' id='word_1_53' title='bbox 193 608 335 650; x_wconf 89' lang='lat' dir='ltr'><strong>nem</strong></span> <span class='ocrx_word' id='word_1_54' title='bbox 360 592 830 665; x_wconf 72' lang='lat' dir='ltr'><strong>expergefactus,</strong></span> <span class='ocrx_word' id='word_1_55' title='bbox 870 597 927 648; x_wconf 85' lang='lat' dir='ltr'><strong>et</strong></span> <span class='ocrx_word' id='word_1_56' title='bbox 955 591 1329 665; x_wconf 85' lang='lat' dir='ltr'><strong>aliquamdiu</strong></span> <span class='ocrx_word' id='word_1_57' title='bbox 1359 590 1598 664; x_wconf 85' lang='lat' dir='ltr'><strong>spiritus</strong></span> <span class='ocrx_word' id='word_1_58' title='bbox 1626 588 1861 646; x_wconf 91' lang='lat' dir='ltr'><strong>occulta</strong></span> 
     </span>
    </p>
   </div>
   <div class='ocr_carea' id='block_1_9' title="bbox 201 679 1859 751">
    <p class='ocr_par' dir='ltr' id='par_1_9' title="bbox 201 679 1859 751">
     <span class='ocr_line' id='line_1_9' title="bbox 201 679 1859 751; baseline -0.003 -13"><span class='ocrx_word' id='word_1_59' title='bbox 201 687 516 749; x_wconf 85' lang='lat' dir='ltr'><strong>scrutatus,</strong></span> <span class='ocrx_word' id='word_1_60' title='bbox 550 681 869 750; x_wconf 81' lang='lat' dir='ltr'><strong>ignorabat</strong></span> <span class='ocrx_word' id='word_1_61' title='bbox 913 688 1114 738; x_wconf 90' lang='lat' dir='ltr'><strong>utrum</strong></span> <span class='ocrx_word' id='word_1_62' title='bbox 1143 682 1451 737; x_wconf 89' lang='lat' dir='ltr'><strong>dormiens</strong></span> <span class='ocrx_word' id='word_1_63' title='bbox 1499 696 1578 737; x_wconf 89' lang='lat' dir='ltr'><strong>an</strong></span> <span class='ocrx_word' id='word_1_64' title='bbox 1604 679 1859 751; x_wconf 76' lang='lat' dir='ltr'><strong>vigilans</strong></span> 
     </span>
    </p>
   </div>
   <div class='ocr_carea' id='block_1_10' title="bbox 198 771 1858 845">
    <p class='ocr_par' dir='ltr' id='par_1_10' title="bbox 198 771 1858 845">
     <span class='ocr_line' id='line_1_10' title="bbox 198 771 1858 845; baseline -0.003 -17"><span class='ocrx_word' id='word_1_65' title='bbox 198 772 358 828; x_wconf 88' lang='lat' dir='ltr'><strong>hanc</strong></span> <span class='ocrx_word' id='word_1_66' title='bbox 386 771 675 845; x_wconf 86' lang='lat' dir='ltr'><strong>acceperit</strong></span> <span class='ocrx_word' id='word_1_67' title='bbox 705 771 1219 828; x_wconf 90' lang='lat' dir='ltr'><strong>ammonitionem.</strong></span> <span class='ocrx_word' id='word_1_68' title='bbox 1249 772 1510 827; x_wconf 80' lang='lat' dir='ltr'><strong>Surrexit</strong></span> <span class='ocrx_word' id='word_1_69' title='bbox 1536 775 1735 826; x_wconf 89' lang='lat' dir='ltr'><strong>tamen</strong></span> <span class='ocrx_word' id='word_1_70' title='bbox 1770 784 1858 823; x_wconf 90' lang='lat' dir='ltr'><strong>se-</strong></span> 
     </span>
    </p>
   </div>
   <div class='ocr_carea' id='block_1_11' title="bbox 199 857 1862 933">
    <p class='ocr_par' dir='ltr' id='par_1_11' title="bbox 199 857 1862 933">
     <span class='ocr_line' id='line_1_11' title="bbox 199 857 1862 933; baseline -0.003 -17"><span class='ocrx_word' id='word_1_71' title='bbox 199 861 472 918; x_wconf 88' lang='lat' dir='ltr'><strong>cundum</strong></span> <span class='ocrx_word' id='word_1_72' title='bbox 501 860 760 916; x_wconf 90' lang='lat' dir='ltr'><strong>edictum</strong></span> <span class='ocrx_word' id='word_1_73' title='bbox 789 860 1000 931; x_wconf 81' lang='lat' dir='ltr'><strong>vigilis,</strong></span> <span class='ocrx_word' id='word_1_74' title='bbox 1026 865 1319 933; x_wconf 89' lang='lat' dir='ltr'><strong>ctpanem</strong></span> <span class='ocrx_word' id='word_1_75' title='bbox 1349 859 1409 915; x_wconf 88' lang='lat' dir='ltr'><strong>in</strong></span> <span class='ocrx_word' id='word_1_76' title='bbox 1438 857 1747 914; x_wconf 71' lang='lat' dir='ltr'><strong>caenaculo</strong></span> <span class='ocrx_word' id='word_1_77' title='bbox 1775 873 1862 912; x_wconf 88' lang='lat' dir='ltr'><strong>re-</strong></span> 
     </span>
    </p>
   </div>
   <div class='ocr_carea' id='block_1_12' title="bbox 198 947 1860 1022">
    <p class='ocr_par' dir='ltr' id='par_1_12' title="bbox 198 947 1860 1022">
     <span class='ocr_line' id='line_1_12' title="bbox 198 947 1860 1022; baseline -0.002 -17"><span class='ocrx_word' id='word_1_78' title='bbox 198 950 369 1022; x_wconf 89' lang='lat' dir='ltr'><strong>perit,</strong></span> <span class='ocrx_word' id='word_1_79' title='bbox 404 954 528 1005; x_wconf 90' lang='lat' dir='ltr'><strong>tam</strong></span> <span class='ocrx_word' id='word_1_80' title='bbox 581 948 907 1005; x_wconf 87' lang='lat' dir='ltr'><strong>candidum</strong></span> <span class='ocrx_word' id='word_1_81' title='bbox 952 954 1010 1005; x_wconf 92' lang='lat' dir='ltr'><strong>et</strong></span> <span class='ocrx_word' id='word_1_82' title='bbox 1037 966 1347 1022; x_wconf 84' lang='lat' dir='ltr'><strong>saporum,</strong></span> <span class='ocrx_word' id='word_1_83' title='bbox 1392 947 1635 1021; x_wconf 88' lang='lat' dir='ltr'><strong>qualem</strong></span> <span class='ocrx_word' id='word_1_84' title='bbox 1683 950 1860 1002; x_wconf 88' lang='lat' dir='ltr'><strong>antea</strong></span> 
     </span>
    </p>
   </div>
   <div class='ocr_carea' id='block_1_13' title="bbox 198 1036 1858 1111">
    <p class='ocr_par' dir='ltr' id='par_1_13' title="bbox 198 1036 1858 1111">
     <span class='ocr_line' id='line_1_13' title="bbox 198 1036 1858 1111; baseline -0.002 -17"><span class='ocrx_word' id='word_1_85' title='bbox 198 1055 518 1111; x_wconf 89' lang='lat' dir='ltr'><strong>nunquam</strong></span> <span class='ocrx_word' id='word_1_86' title='bbox 550 1038 781 1094; x_wconf 86' lang='lat' dir='ltr'><strong>viderat</strong></span> <span class='ocrx_word' id='word_1_87' title='bbox 800 1039 894 1095; x_wconf 86' lang='lat' dir='ltr'><strong>vel</strong></span> <span class='ocrx_word' id='word_1_88' title='bbox 923 1038 1416 1094; x_wconf 88' lang='lat' dir='ltr'><strong>manducaverat.</strong></span> <span class='ocrx_word' id='word_1_89' title='bbox 1460 1039 1650 1103; x_wconf 88' lang='lat' dir='ltr'><strong>Quem</strong></span> <span class='ocrx_word' id='word_1_90' title='bbox 1679 1036 1858 1091; x_wconf 87' lang='lat' dir='ltr'><strong>etiam</strong></span> 
     </span>
    </p>
   </div>
   <div class='ocr_carea' id='block_1_14' title="bbox 202 1124 1861 1199">
    <p class='ocr_par' dir='ltr' id='par_1_14' title="bbox 202 1124 1861 1199">
     <span class='ocr_line' id='line_1_14' title="bbox 202 1124 1861 1199; baseline -0.004 -16"><span class='ocrx_word' id='word_1_91' title='bbox 202 1144 407 1184; x_wconf 84' lang='lat' dir='ltr'><strong>secum</strong></span> <span class='ocrx_word' id='word_1_92' title='bbox 428 1132 761 1193; x_wconf 90' lang='lat' dir='ltr'><strong>sumens,et</strong></span> <span class='ocrx_word' id='word_1_93' title='bbox 783 1132 996 1183; x_wconf 70' lang='lat' dir='ltr'><strong>caetera</strong></span> <span class='ocrx_word' id='word_1_94' title='bbox 1025 1144 1162 1199; x_wconf 70' lang='lat' dir='ltr'><strong>quae</strong></span> <span class='ocrx_word' id='word_1_95' title='bbox 1187 1127 1249 1182; x_wconf 92' lang='lat' dir='ltr'><strong>in</strong></span> <span class='ocrx_word' id='word_1_96' title='bbox 1275 1125 1491 1182; x_wconf 89' lang='lat' dir='ltr'><strong>eadem</strong></span> <span class='ocrx_word' id='word_1_97' title='bbox 1511 1124 1695 1180; x_wconf 93' lang='lat' dir='ltr'><strong>domo</strong></span> <span class='ocrx_word' id='word_1_98' title='bbox 1722 1140 1861 1197; x_wconf 82' lang='lat' dir='ltr'><strong>sup-</strong></span> 
     </span>
    </p>
   </div>
   <div class='ocr_carea' id='block_1_15' title="bbox 202 1212 1858 1290">
    <p class='ocr_par' dir='ltr' id='par_1_15' title="bbox 202 1212 1858 1290">
     <span class='ocr_line' id='line_1_15' title="bbox 202 1212 1858 1290; baseline -0.003 -18"><span class='ocrx_word' id='word_1_99' title='bbox 202 1216 505 1290; x_wconf 85' lang='lat' dir='ltr'><strong>pellectilis</strong></span> <span class='ocrx_word' id='word_1_100' title='bbox 535 1222 722 1283; x_wconf 89' lang='lat' dir='ltr'><strong>erant,</strong></span> <span class='ocrx_word' id='word_1_101' title='bbox 756 1216 839 1272; x_wconf 90' lang='lat' dir='ltr'><strong>ibi</strong></span> <span class='ocrx_word' id='word_1_102' title='bbox 865 1216 1228 1288; x_wconf 79' lang='lat' dir='ltr'><strong>relinquens,</strong></span> <span class='ocrx_word' id='word_1_103' title='bbox 1262 1219 1494 1271; x_wconf 86' lang='lat' dir='ltr'><strong>tantum</strong></span> <span class='ocrx_word' id='word_1_104' title='bbox 1529 1213 1655 1271; x_wconf 90' lang='lat' dir='ltr'><strong>tulit</strong></span> <span class='ocrx_word' id='word_1_105' title='bbox 1682 1212 1858 1269; x_wconf 89' lang='lat' dir='ltr'><strong>vesti—</strong></span> 
     </span>
    </p>
   </div>
   <div class='ocr_carea' id='block_1_16' title="bbox 206 1303 1859 1379">
    <p class='ocr_par' dir='ltr' id='par_1_16' title="bbox 206 1303 1859 1379">
     <span class='ocr_line' id='line_1_16' title="bbox 206 1303 1859 1379; baseline -0.003 -17"><span class='ocrx_word' id='word_1_106' title='bbox 206 1310 333 1362; x_wconf 85' lang='lat' dir='ltr'><strong>tum</strong></span> <span class='ocrx_word' id='word_1_107' title='bbox 362 1305 747 1377; x_wconf 80' lang='lat' dir='ltr'><strong>singularem,</strong></span> <span class='ocrx_word' id='word_1_108' title='bbox 801 1310 858 1361; x_wconf 93' lang='lat' dir='ltr'><strong>et</strong></span> <span class='ocrx_word' id='word_1_109' title='bbox 901 1322 1084 1379; x_wconf 85' lang='lat' dir='ltr'><strong>quam</strong></span> <span class='ocrx_word' id='word_1_110' title='bbox 1118 1321 1306 1361; x_wconf 89' lang='lat' dir='ltr'><strong>manu</strong></span> <span class='ocrx_word' id='word_1_111' title='bbox 1354 1303 1585 1360; x_wconf 82' lang='lat' dir='ltr'><strong>solebat</strong></span> <span class='ocrx_word' id='word_1_112' title='bbox 1630 1307 1859 1371; x_wconf 84' lang='lat' dir='ltr'><strong>gestare</strong></span> 
     </span>
    </p>
   </div>
   <div class='ocr_carea' id='block_1_17' title="bbox 206 1391 1861 1467">
    <p class='ocr_par' dir='ltr' id='par_1_17' title="bbox 206 1391 1861 1467">
     <span class='ocr_line' id='line_1_17' title="bbox 206 1391 1861 1467; baseline -0.002 -18"><span class='ocrx_word' id='word_1_113' title='bbox 206 1394 546 1467; x_wconf 87' lang='lat' dir='ltr'><strong>bipennem.</strong></span> <span class='ocrx_word' id='word_1_114' title='bbox 568 1396 970 1466; x_wconf 78' lang='lat' dir='ltr'><strong>Regressurus</strong></span> <span class='ocrx_word' id='word_1_115' title='bbox 995 1398 1195 1450; x_wconf 88' lang='lat' dir='ltr'><strong>autem</strong></span> <span class='ocrx_word' id='word_1_116' title='bbox 1226 1393 1305 1449; x_wconf 92' lang='lat' dir='ltr'><strong>ad</strong></span> <span class='ocrx_word' id='word_1_117' title='bbox 1334 1391 1717 1448; x_wconf 87' lang='lat' dir='ltr'><strong>solitudinem</strong></span> <span class='ocrx_word' id='word_1_118' title='bbox 1747 1391 1861 1446; x_wconf 91' lang='lat' dir='ltr'><strong>sub</strong></span> 
     </span>
    </p>
   </div>
   <div class='ocr_carea' id='block_1_18' title="bbox 200 1479 1861 1556">
    <p class='ocr_par' dir='ltr' id='par_1_18' title="bbox 200 1479 1861 1556">
     <span class='ocr_line' id='line_1_18' title="bbox 200 1479 1861 1556; baseline -0.002 -18"><span class='ocrx_word' id='word_1_119' title='bbox 200 1482 575 1540; x_wconf 81' lang='lat' dir='ltr'><strong>festinatione</strong></span> <span class='ocrx_word' id='word_1_120' title='bbox 605 1483 882 1556; x_wconf 89' lang='lat' dir='ltr'><strong>perrexit,</strong></span> <span class='ocrx_word' id='word_1_121' title='bbox 931 1482 1315 1539; x_wconf 85' lang='lat' dir='ltr'><strong>lachrimatas</strong></span> <span class='ocrx_word' id='word_1_122' title='bbox 1361 1497 1568 1554; x_wconf 90' lang='lat' dir='ltr'><strong>preces</strong></span> <span class='ocrx_word' id='word_1_123' title='bbox 1608 1479 1861 1535; x_wconf 91' lang='lat' dir='ltr'><strong>Domino</strong></span> 
     </span>
    </p>
   </div>
   <div class='ocr_carea' id='block_1_19' title="bbox 1967 325 3622 399">
    <p class='ocr_par' dir='ltr' id='par_1_19' title="bbox 1967 325 3622 399">
     <span class='ocr_line' id='line_1_19' title="bbox 1967 325 3622 399; baseline 0.005 -21"><span class='ocrx_word' id='word_1_124' title='bbox 1967 325 2291 395; x_wconf 87' lang='lat' dir='ltr'><strong>omnigeno</strong></span> <span class='ocrx_word' id='word_1_125' title='bbox 2336 333 2578 395; x_wconf 90' lang='lat' dir='ltr'><strong>conatu,</strong></span> <span class='ocrx_word' id='word_1_126' title='bbox 2626 333 2691 383; x_wconf 90' lang='lat' dir='ltr'><strong>ut</strong></span> <span class='ocrx_word' id='word_1_127' title='bbox 2721 328 3074 385; x_wconf 88' lang='lat' dir='ltr'><strong>alimentum</strong></span> <span class='ocrx_word' id='word_1_128' title='bbox 3119 333 3400 399; x_wconf 89' lang='lat' dir='ltr'><strong>sumeret,</strong></span> <span class='ocrx_word' id='word_1_129' title='bbox 3434 344 3622 399; x_wconf 85' lang='lat' dir='ltr'><strong>anga-</strong></span> 
     </span>
    </p>
   </div>
   <div class='ocr_carea' id='block_1_20' title="bbox 1965 412 3622 490">
    <p class='ocr_par' dir='ltr' id='par_1_20' title="bbox 1965 412 3622 490">
     <span class='ocr_line' id='line_1_20' title="bbox 1965 412 3622 490; baseline 0.004 -22"><span class='ocrx_word' id='word_1_130' title='bbox 1965 412 2281 472; x_wconf 81' lang='lat' dir='ltr'><strong>riaverunt.</strong></span> <span class='ocrx_word' id='word_1_131' title='bbox 2313 417 2427 474; x_wconf 93' lang='lat' dir='ltr'><strong>Sed</strong></span> <span class='ocrx_word' id='word_1_132' title='bbox 2473 416 2574 473; x_wconf 91' lang='lat' dir='ltr'><strong>illa</strong></span> <span class='ocrx_word' id='word_1_133' title='bbox 2604 417 2888 490; x_wconf 90' lang='lat' dir='ltr'><strong>pereinde</strong></span> <span class='ocrx_word' id='word_1_134' title='bbox 2934 416 3131 473; x_wconf 93' lang='lat' dir='ltr'><strong>modis</strong></span> <span class='ocrx_word' id='word_1_135' title='bbox 3172 416 3451 474; x_wconf 89' lang='lat' dir='ltr'><strong>omnibus</strong></span> <span class='ocrx_word' id='word_1_136' title='bbox 3493 417 3622 474; x_wconf 91' lang='lat' dir='ltr'><strong>uni-</strong></span> 
     </span>
    </p>
   </div>
   <div class='ocr_carea' id='block_1_21' title="bbox 1970 506 3623 580">
    <p class='ocr_par' dir='ltr' id='par_1_21' title="bbox 1970 506 3623 580">
     <span class='ocr_line' id='line_1_21' title="bbox 1970 506 3623 580; baseline 0.004 -23"><span class='ocrx_word' id='word_1_137' title='bbox 1970 518 2160 573; x_wconf 90' lang='lat' dir='ltr'><strong>versa,</strong></span> <span class='ocrx_word' id='word_1_138' title='bbox 2184 521 2318 578; x_wconf 68' lang='lat' dir='ltr'><strong>qua:</strong></span> <span class='ocrx_word' id='word_1_139' title='bbox 2351 507 2551 563; x_wconf 86' lang='lat' dir='ltr'><strong>mandi</strong></span> <span class='ocrx_word' id='word_1_140' title='bbox 2588 512 2645 563; x_wconf 93' lang='lat' dir='ltr'><strong>et</strong></span> <span class='ocrx_word' id='word_1_141' title='bbox 2668 506 2795 562; x_wconf 90' lang='lat' dir='ltr'><strong>bibi</strong></span> <span class='ocrx_word' id='word_1_142' title='bbox 2842 511 3118 580; x_wconf 90' lang='lat' dir='ltr'><strong>possunt,</strong></span> <span class='ocrx_word' id='word_1_143' title='bbox 3149 506 3465 563; x_wconf 86' lang='lat' dir='ltr'><strong>recusabat</strong></span> <span class='ocrx_word' id='word_1_144' title='bbox 3488 524 3623 580; x_wconf 88' lang='lat' dir='ltr'><strong>per-</strong></span> 
     </span>
    </p>
   </div>
   <div class='ocr_carea' id='block_1_22' title="bbox 1969 590 3625 669">
    <p class='ocr_par' dir='ltr' id='par_1_22' title="bbox 1969 590 3625 669">
     <span class='ocr_line' id='line_1_22' title="bbox 1969 590 3625 669; baseline 0.003 -23"><span class='ocrx_word' id='word_1_145' title='bbox 1969 590 2184 664; x_wconf 90' lang='lat' dir='ltr'><strong>cipere,</strong></span> <span class='ocrx_word' id='word_1_146' title='bbox 2218 594 2333 650; x_wconf 90' lang='lat' dir='ltr'><strong>cibi</strong></span> <span class='ocrx_word' id='word_1_147' title='bbox 2358 600 2659 669; x_wconf 90' lang='lat' dir='ltr'><strong>potusque</strong></span> <span class='ocrx_word' id='word_1_148' title='bbox 2709 596 2871 652; x_wconf 83' lang='lat' dir='ltr'><strong>fassa</strong></span> <span class='ocrx_word' id='word_1_149' title='bbox 2899 594 3360 652; x_wconf 85' lang='lat' dir='ltr'><strong>delectationem</strong></span> <span class='ocrx_word' id='word_1_150' title='bbox 3410 612 3473 652; x_wconf 93' lang='lat' dir='ltr'><strong>se</strong></span> <span class='ocrx_word' id='word_1_151' title='bbox 3519 596 3625 651; x_wconf 88' lang='lat' dir='ltr'><strong>mi-</strong></span> 
     </span>
    </p>
   </div>
   <div class='ocr_carea' id='block_1_23' title="bbox 1968 679 3625 757">
    <p class='ocr_par' dir='ltr' id='par_1_23' title="bbox 1968 679 3625 757">
     <span class='ocr_line' id='line_1_23' title="bbox 1968 679 3625 757; baseline 0.004 -23"><span class='ocrx_word' id='word_1_152' title='bbox 1968 679 2128 735; x_wconf 90' lang='lat' dir='ltr'><strong>nime</strong></span> <span class='ocrx_word' id='word_1_153' title='bbox 2159 681 2401 739; x_wconf 88' lang='lat' dir='ltr'><strong>habere.</strong></span> <span class='ocrx_word' id='word_1_154' title='bbox 2434 684 2756 757; x_wconf 89' lang='lat' dir='ltr'><strong>Propinqui</strong></span> <span class='ocrx_word' id='word_1_155' title='bbox 2809 700 2950 740; x_wconf 89' lang='lat' dir='ltr'><strong>vero</strong></span> <span class='ocrx_word' id='word_1_156' title='bbox 2981 683 3194 757; x_wconf 63' lang='lat' dir='ltr'><strong>puellae</strong></span> <span class='ocrx_word' id='word_1_157' title='bbox 3224 700 3452 757; x_wconf 88' lang='lat' dir='ltr'><strong>aquam</strong></span> <span class='ocrx_word' id='word_1_158' title='bbox 3477 683 3625 740; x_wconf 87' lang='lat' dir='ltr'><strong>lacte</strong></span> 
     </span>
    </p>
   </div>
   <div class='ocr_carea' id='block_1_24' title="bbox 1969 768 3627 845">
    <p class='ocr_par' dir='ltr' id='par_1_24' title="bbox 1969 768 3627 845">
     <span class='ocr_line' id='line_1_24' title="bbox 1969 768 3627 845; baseline 0.002 -22"><span class='ocrx_word' id='word_1_159' title='bbox 1969 768 2219 824; x_wconf 78' lang='lat' dir='ltr'><strong>mixtam</strong></span> <span class='ocrx_word' id='word_1_160' title='bbox 2264 770 2352 825; x_wconf 91' lang='lat' dir='ltr'><strong>ori</strong></span> <span class='ocrx_word' id='word_1_161' title='bbox 2399 787 2504 843; x_wconf 90' lang='lat' dir='ltr'><strong>per</strong></span> <span class='ocrx_word' id='word_1_162' title='bbox 2530 772 2653 828; x_wconf 88' lang='lat' dir='ltr'><strong>vim</strong></span> <span class='ocrx_word' id='word_1_163' title='bbox 2699 772 3083 829; x_wconf 86' lang='lat' dir='ltr'><strong>infundentes</strong></span> <span class='ocrx_word' id='word_1_164' title='bbox 3132 773 3528 845; x_wconf 87' lang='lat' dir='ltr'><strong>temptabant,</strong></span> <span class='ocrx_word' id='word_1_165' title='bbox 3579 772 3627 827; x_wconf 90' lang='lat' dir='ltr'><strong>si</strong></span> 
     </span>
    </p>
   </div>
   <div class='ocr_carea' id='block_1_25' title="bbox 1968 856 3623 935">
    <p class='ocr_par' dir='ltr' id='par_1_25' title="bbox 1968 856 3623 935">
     <span class='ocr_line' id='line_1_25' title="bbox 1968 856 3623 935; baseline 0.002 -23"><span class='ocrx_word' id='word_1_166' title='bbox 1968 856 2116 913; x_wconf 87' lang='lat' dir='ltr'><strong>forte</strong></span> <span class='ocrx_word' id='word_1_167' title='bbox 2162 858 2256 913; x_wconf 91' lang='lat' dir='ltr'><strong>vel</strong></span> <span class='ocrx_word' id='word_1_168' title='bbox 2303 864 2542 915; x_wconf 88' lang='lat' dir='ltr'><strong>tenuem</strong></span> <span class='ocrx_word' id='word_1_169' title='bbox 2573 860 2781 931; x_wconf 88' lang='lat' dir='ltr'><strong>glutire</strong></span> <span class='ocrx_word' id='word_1_170' title='bbox 2822 867 3026 934; x_wconf 89' lang='lat' dir='ltr'><strong>posset</strong></span> <span class='ocrx_word' id='word_1_171' title='bbox 3076 862 3390 935; x_wconf 87' lang='lat' dir='ltr'><strong>liquorem.</strong></span> <span class='ocrx_word' id='word_1_172' title='bbox 3438 862 3623 933; x_wconf 88' lang='lat' dir='ltr'><strong>Cujus</strong></span> 
     </span>
    </p>
   </div>
   <div class='ocr_carea' id='block_1_26' title="bbox 1969 948 3626 1018">
    <p class='ocr_par' dir='ltr' id='par_1_26' title="bbox 1969 948 3626 1018">
     <span class='ocr_line' id='line_1_26' title="bbox 1969 948 3626 1018; baseline 0.004 -17"><span class='ocrx_word' id='word_1_173' title='bbox 1969 951 2212 1016; x_wconf 84' lang='lat' dir='ltr'><strong>gustum</strong></span> <span class='ocrx_word' id='word_1_174' title='bbox 2258 948 2406 1003; x_wconf 85' lang='lat' dir='ltr'><strong>dum</strong></span> <span class='ocrx_word' id='word_1_175' title='bbox 2436 948 2621 1004; x_wconf 87' lang='lat' dir='ltr'><strong>invita</strong></span> <span class='ocrx_word' id='word_1_176' title='bbox 2664 950 2945 1018; x_wconf 88' lang='lat' dir='ltr'><strong>sorberet,</strong></span> <span class='ocrx_word' id='word_1_177' title='bbox 2998 955 3190 1007; x_wconf 89' lang='lat' dir='ltr'><strong>erecto</strong></span> <span class='ocrx_word' id='word_1_178' title='bbox 3233 950 3433 1007; x_wconf 89' lang='lat' dir='ltr'><strong>statim</strong></span> <span class='ocrx_word' id='word_1_179' title='bbox 3473 950 3626 1007; x_wconf 91' lang='lat' dir='ltr'><strong>collo</strong></span> 
     </span>
    </p>
   </div>
   <div class='ocr_carea' id='block_1_27' title="bbox 1970 1036 3624 1113">
    <p class='ocr_par' dir='ltr' id='par_1_27' title="bbox 1970 1036 3624 1113">
     <span class='ocr_line' id='line_1_27' title="bbox 1970 1036 3624 1113; baseline 0.002 -23"><span class='ocrx_word' id='word_1_180' title='bbox 1970 1036 2264 1105; x_wconf 87' lang='lat' dir='ltr'><strong>sanguine</strong></span> <span class='ocrx_word' id='word_1_181' title='bbox 2296 1037 2636 1092; x_wconf 87' lang='lat' dir='ltr'><strong>confectum</strong></span> <span class='ocrx_word' id='word_1_182' title='bbox 2687 1039 3056 1095; x_wconf 86' lang='lat' dir='ltr'><strong>revomebat.</strong></span> <span class='ocrx_word' id='word_1_183' title='bbox 3107 1043 3267 1096; x_wconf 89' lang='lat' dir='ltr'><strong>Tunc</strong></span> <span class='ocrx_word' id='word_1_184' title='bbox 3324 1045 3624 1113; x_wconf 88' lang='lat' dir='ltr'><strong>parentes,</strong></span> 
     </span>
    </p>
   </div>
   <div class='ocr_carea' id='block_1_28' title="bbox 1968 1124 3629 1200">
    <p class='ocr_par' dir='ltr' id='par_1_28' title="bbox 1968 1124 3629 1200">
     <span class='ocr_line' id='line_1_28' title="bbox 1968 1124 3629 1200; baseline 0.004 -21"><span class='ocrx_word' id='word_1_185' title='bbox 1968 1124 2137 1197; x_wconf 89' lang='lat' dir='ltr'><strong>quod</strong></span> <span class='ocrx_word' id='word_1_186' title='bbox 2184 1126 2423 1198; x_wconf 86' lang='lat' dir='ltr'><strong>quirent</strong></span> <span class='ocrx_word' id='word_1_187' title='bbox 2470 1126 2663 1182; x_wconf 86' lang='lat' dir='ltr'><strong>facere</strong></span> <span class='ocrx_word' id='word_1_188' title='bbox 2711 1126 3077 1200; x_wconf 84' lang='lat' dir='ltr'><strong>ignorantes,</strong></span> <span class='ocrx_word' id='word_1_189' title='bbox 3127 1128 3443 1185; x_wconf 88' lang='lat' dir='ltr'><strong>consilium</strong></span> <span class='ocrx_word' id='word_1_190' title='bbox 3488 1130 3629 1186; x_wconf 82' lang='lat' dir='ltr'><strong>inie-</strong></span> 
     </span>
    </p>
   </div>
   <div class='ocr_carea' id='block_1_29' title="bbox 1966 1214 3629 1290">
    <p class='ocr_par' dir='ltr' id='par_1_29' title="bbox 1966 1214 3629 1290">
     <span class='ocr_line' id='line_1_29' title="bbox 1966 1214 3629 1290; baseline 0.004 -22"><span class='ocrx_word' id='word_1_191' title='bbox 1966 1217 2126 1280; x_wconf 90' lang='lat' dir='ltr'><strong>runt,</strong></span> <span class='ocrx_word' id='word_1_192' title='bbox 2158 1218 2224 1269; x_wconf 91' lang='lat' dir='ltr'><strong>ut</strong></span> <span class='ocrx_word' id='word_1_193' title='bbox 2251 1229 2386 1273; x_wconf 78' lang='lat' dir='ltr'><strong>eam</strong></span> <span class='ocrx_word' id='word_1_194' title='bbox 2415 1215 2635 1286; x_wconf 87' lang='lat' dir='ltr'><strong>Joseph</strong></span> <span class='ocrx_word' id='word_1_195' title='bbox 2668 1214 3021 1286; x_wconf 85' lang='lat' dir='ltr'><strong>Frisingensi</strong></span> <span class='ocrx_word' id='word_1_196' title='bbox 3062 1216 3345 1288; x_wconf 91' lang='lat' dir='ltr'><strong>episcopo</strong></span> <span class='ocrx_word' id='word_1_197' title='bbox 3373 1233 3629 1290; x_wconf 64' lang='lat' dir='ltr'><strong>praesen-</strong></span> 
     </span>
    </p>
   </div>
   <div class='ocr_carea' id='block_1_30' title="bbox 1970 1303 3630 1374">
    <p class='ocr_par' dir='ltr' id='par_1_30' title="bbox 1970 1303 3630 1374">
     <span class='ocr_line' id='line_1_30' title="bbox 1970 1303 3630 1374; baseline 0.003 -17"><span class='ocrx_word' id='word_1_198' title='bbox 1970 1306 2182 1367; x_wconf 87' lang='lat' dir='ltr'><strong>tarent,</strong></span> <span class='ocrx_word' id='word_1_199' title='bbox 2212 1306 2522 1374; x_wconf 87' lang='lat' dir='ltr'><strong>sperantes</strong></span> <span class='ocrx_word' id='word_1_200' title='bbox 2549 1303 2678 1373; x_wconf 89' lang='lat' dir='ltr'><strong>ejus</strong></span> <span class='ocrx_word' id='word_1_201' title='bbox 2727 1304 3077 1360; x_wconf 88' lang='lat' dir='ltr'><strong>auctoritate</strong></span> <span class='ocrx_word' id='word_1_202' title='bbox 3106 1303 3294 1360; x_wconf 86' lang='lat' dir='ltr'><strong>ﬁliam</strong></span> <span class='ocrx_word' id='word_1_203' title='bbox 3323 1307 3630 1362; x_wconf 90' lang='lat' dir='ltr'><strong>communi</strong></span> 
     </span>
    </p>
   </div>
   <div class='ocr_carea' id='block_1_31' title="bbox 1970 1390 3630 1464">
    <p class='ocr_par' dir='ltr' id='par_1_31' title="bbox 1970 1390 3630 1464">
     <span class='ocr_line' id='line_1_31' title="bbox 1970 1390 3630 1464; baseline 0.003 -19"><span class='ocrx_word' id='word_1_204' title='bbox 1970 1390 2218 1446; x_wconf 82' lang='lat' dir='ltr'><strong>reddere</strong></span> <span class='ocrx_word' id='word_1_205' title='bbox 2249 1390 2402 1446; x_wconf 81' lang='lat' dir='ltr'><strong>vitae.</strong></span> <span class='ocrx_word' id='word_1_206' title='bbox 2437 1392 2704 1457; x_wconf 90' lang='lat' dir='ltr'><strong>Quorum</strong></span> <span class='ocrx_word' id='word_1_207' title='bbox 2750 1393 2975 1464; x_wconf 90' lang='lat' dir='ltr'><strong>spebus</strong></span> <span class='ocrx_word' id='word_1_208' title='bbox 2996 1392 3143 1448; x_wconf 92' lang='lat' dir='ltr'><strong>dum</strong></span> <span class='ocrx_word' id='word_1_209' title='bbox 3167 1392 3263 1449; x_wconf 91' lang='lat' dir='ltr'><strong>ille</strong></span> <span class='ocrx_word' id='word_1_210' title='bbox 3293 1394 3630 1450; x_wconf 85' lang='lat' dir='ltr'><strong>satisfacere</strong></span> 
     </span>
    </p>
   </div>
   <div class='ocr_carea' id='block_1_32' title="bbox 1972 1479 3633 1553">
    <p class='ocr_par' dir='ltr' id='par_1_32' title="bbox 1972 1479 3633 1553">
     <span class='ocr_line' id='line_1_32' title="bbox 1972 1479 3633 1553; baseline 0.002 -19"><span class='ocrx_word' id='word_1_211' title='bbox 1972 1482 2242 1545; x_wconf 87' lang='lat' dir='ltr'><strong>tentaret,</strong></span> <span class='ocrx_word' id='word_1_212' title='bbox 2273 1479 2539 1553; x_wconf 85' lang='lat' dir='ltr'><strong>puellam</strong></span> <span class='ocrx_word' id='word_1_213' title='bbox 2570 1479 2684 1534; x_wconf 85' lang='lat' dir='ltr'><strong>sub</strong></span> <span class='ocrx_word' id='word_1_214' title='bbox 2729 1481 3070 1537; x_wconf 86' lang='lat' dir='ltr'><strong>austeritate</strong></span> <span class='ocrx_word' id='word_1_215' title='bbox 3100 1498 3380 1552; x_wconf 86' lang='lat' dir='ltr'><strong>arguens,</strong></span> <span class='ocrx_word' id='word_1_216' title='bbox 3414 1487 3476 1537; x_wconf 91' lang='lat' dir='ltr'><strong>ut</strong></span> <span class='ocrx_word' id='word_1_217' title='bbox 3498 1482 3633 1538; x_wconf 86' lang='lat' dir='ltr'><strong>edc-</strong></span> 
     </span>
    </p>
   </div>
   <div class='ocr_carea' id='block_1_33' title="bbox 199 1568 3634 1646">
    <p class='ocr_par' dir='ltr' id='par_1_33' title="bbox 199 1568 3634 1646">
     <span class='ocr_line' id='line_1_33' title="bbox 199 1568 3634 1646; baseline 0 -18"><span class='ocrx_word' id='word_1_218' title='bbox 199 1572 477 1640; x_wconf 89' lang='lat' dir='ltr'><strong>fundens,</strong></span> <span class='ocrx_word' id='word_1_219' title='bbox 515 1578 575 1629; x_wconf 90' lang='lat' dir='ltr'><strong>ut</strong></span> <span class='ocrx_word' id='word_1_220' title='bbox 605 1589 712 1646; x_wconf 90' lang='lat' dir='ltr'><strong>per</strong></span> <span class='ocrx_word' id='word_1_221' title='bbox 736 1573 947 1629; x_wconf 87' lang='lat' dir='ltr'><strong>merita</strong></span> <span class='ocrx_word' id='word_1_222' title='bbox 975 1571 1285 1629; x_wconf 79' lang='lat' dir='ltr'><strong>clarissimi</strong></span> <span class='ocrx_word' id='word_1_223' title='bbox 1315 1570 1596 1642; x_wconf 82' lang='lat' dir='ltr'><strong>martyris</strong></span> <span class='ocrx_word' id='word_1_224' title='bbox 1627 1572 1860 1625; x_wconf 85' lang='lat' dir='ltr'><strong>Emme-</strong></span> <span class='ocrx_word' id='word_1_225' title='bbox 1901 1581 1947 1636; x_wconf 81' lang='lat'><strong>13</strong></span> <span class='ocrx_word' id='word_1_226' title='bbox 1974 1573 2062 1623; x_wconf 88' lang='lat' dir='ltr'><strong>ret</strong></span> <span class='ocrx_word' id='word_1_227' title='bbox 2089 1569 2300 1639; x_wconf 90' lang='lat' dir='ltr'><strong>coegit.</strong></span> <span class='ocrx_word' id='word_1_228' title='bbox 2336 1568 2439 1625; x_wconf 87' lang='lat' dir='ltr'><strong>Illa</strong></span> <span class='ocrx_word' id='word_1_229' title='bbox 2487 1574 2688 1625; x_wconf 90' lang='lat' dir='ltr'><strong>autem</strong></span> <span class='ocrx_word' id='word_1_230' title='bbox 2733 1571 2910 1641; x_wconf 91' lang='lat' dir='ltr'><strong>quasi</strong></span> <span class='ocrx_word' id='word_1_231' title='bbox 2934 1570 3289 1643; x_wconf 86' lang='lat' dir='ltr'><strong>quisquilias</strong></span> <span class='ocrx_word' id='word_1_232' title='bbox 3332 1588 3501 1627; x_wconf 90' lang='lat' dir='ltr'><strong>esum</strong></span> <span class='ocrx_word' id='word_1_233' title='bbox 3531 1588 3634 1646; x_wconf 91' lang='lat' dir='ltr'><strong>po-</strong></span> 
     </span>
    </p>
   </div>
   <div class='ocr_carea' id='block_1_34' title="bbox 199 1657 1866 1733">
    <p class='ocr_par' dir='ltr' id='par_1_34' title="bbox 199 1657 1866 1733">
     <span class='ocr_line' id='line_1_34' title="bbox 199 1657 1866 1733; baseline -0.002 -17"><span class='ocrx_word' id='word_1_234' title='bbox 199 1661 728 1717; x_wconf 89' lang='lat' dir='ltr'><strong>rammiitersuum</strong></span> <span class='ocrx_word' id='word_1_235' title='bbox 746 1661 1093 1732; x_wconf 88' lang='lat' dir='ltr'><strong>dignaretur</strong></span> <span class='ocrx_word' id='word_1_236' title='bbox 1109 1657 1647 1733; x_wconf 83' lang='lat' dir='ltr'><strong>prosperari.Quod</strong></span> <span class='ocrx_word' id='word_1_237' title='bbox 1664 1657 1866 1731; x_wconf 90' lang='lat' dir='ltr'><strong>perin-</strong></span> 
     </span>
    </p>
   </div>
   <div class='ocr_carea' id='block_1_35' title="bbox 198 1746 1866 1824">
    <p class='ocr_par' dir='ltr' id='par_1_35' title="bbox 198 1746 1866 1824">
     <span class='ocr_line' id='line_1_35' title="bbox 198 1746 1866 1824; baseline -0.002 -19"><span class='ocrx_word' id='word_1_238' title='bbox 198 1750 297 1806; x_wconf 90' lang='lat' dir='ltr'><strong>via</strong></span> <span class='ocrx_word' id='word_1_239' title='bbox 324 1755 381 1807; x_wconf 91' lang='lat' dir='ltr'><strong>et</strong></span> <span class='ocrx_word' id='word_1_240' title='bbox 398 1749 745 1818; x_wconf 89' lang='lat' dir='ltr'><strong>deserta,uti</strong></span> <span class='ocrx_word' id='word_1_241' title='bbox 761 1748 1315 1824; x_wconf 89' lang='lat' dir='ltr'><strong>optavit,prosperis</strong></span> <span class='ocrx_word' id='word_1_242' title='bbox 1336 1746 1633 1804; x_wconf 86' lang='lat' dir='ltr'><strong>continuis</strong></span> <span class='ocrx_word' id='word_1_243' title='bbox 1652 1747 1866 1803; x_wconf 89' lang='lat' dir='ltr'><strong>diebus</strong></span> 
     </span>
    </p>
   </div>
   <div class='ocr_carea' id='block_1_36' title="bbox 197 1837 1867 1912">
    <p class='ocr_par' dir='ltr' id='par_1_36' title="bbox 197 1837 1867 1912">
     <span class='ocr_line' id='line_1_36' title="bbox 197 1837 1867 1912; baseline -0.002 -17"><span class='ocrx_word' id='word_1_244' title='bbox 197 1839 662 1911; x_wconf 86' lang='lat' dir='ltr'><strong>quatuordecim</strong></span> <span class='ocrx_word' id='word_1_245' title='bbox 692 1855 846 1912; x_wconf 87' lang='lat' dir='ltr'><strong>pene</strong></span> <span class='ocrx_word' id='word_1_246' title='bbox 876 1838 1211 1912; x_wconf 78' lang='lat' dir='ltr'><strong>perﬁciens,</strong></span> <span class='ocrx_word' id='word_1_247' title='bbox 1257 1837 1504 1893; x_wconf 90' lang='lat' dir='ltr'><strong>demum</strong></span> <span class='ocrx_word' id='word_1_248' title='bbox 1537 1837 1631 1892; x_wconf 89' lang='lat' dir='ltr'><strong>die</strong></span> <span class='ocrx_word' id='word_1_249' title='bbox 1657 1837 1867 1910; x_wconf 89' lang='lat' dir='ltr'><strong>quinta</strong></span> 
     </span>
    </p>
   </div>
   <div class='ocr_carea' id='block_1_37' title="bbox 198 1925 1864 2000">
    <p class='ocr_par' dir='ltr' id='par_1_37' title="bbox 198 1925 1864 2000">
     <span class='ocr_line' id='line_1_37' title="bbox 198 1925 1864 2000; baseline -0.002 -17"><span class='ocrx_word' id='word_1_250' title='bbox 198 1927 460 1995; x_wconf 87' lang='lat' dir='ltr'><strong>decima,</strong></span> <span class='ocrx_word' id='word_1_251' title='bbox 517 1928 668 1984; x_wconf 89' lang='lat' dir='ltr'><strong>hora</strong></span> <span class='ocrx_word' id='word_1_252' title='bbox 721 1927 1001 2000; x_wconf 91' lang='lat' dir='ltr'><strong>ejusdem</strong></span> <span class='ocrx_word' id='word_1_253' title='bbox 1046 1926 1221 1999; x_wconf 90' lang='lat' dir='ltr'><strong>quasi</strong></span> <span class='ocrx_word' id='word_1_254' title='bbox 1279 1926 1447 1982; x_wconf 89' lang='lat' dir='ltr'><strong>tertia</strong></span> <span class='ocrx_word' id='word_1_255' title='bbox 1496 1925 1766 1998; x_wconf 85' lang='lat' dir='ltr'><strong>pervenit</strong></span> <span class='ocrx_word' id='word_1_256' title='bbox 1802 1925 1864 1980; x_wconf 91' lang='lat' dir='ltr'><strong>in</strong></span> 
     </span>
    </p>
   </div>
   <div class='ocr_carea' id='block_1_38' title="bbox 200 2013 1867 2072">
    <p class='ocr_par' dir='ltr' id='par_1_38' title="bbox 200 2013 1867 2072">
     <span class='ocr_line' id='line_1_38' title="bbox 200 2013 1867 2072; baseline -0.002 0"><span class='ocrx_word' id='word_1_257' title='bbox 200 2020 474 2072; x_wconf 87' lang='lat' dir='ltr'><strong>montem</strong></span> <span class='ocrx_word' id='word_1_258' title='bbox 523 2021 731 2072; x_wconf 88' lang='lat' dir='ltr'><strong>contra</strong></span> <span class='ocrx_word' id='word_1_259' title='bbox 784 2015 1173 2072; x_wconf 77' lang='lat' dir='ltr'><strong>Ratisbonam</strong></span> <span class='ocrx_word' id='word_1_260' title='bbox 1223 2015 1373 2070; x_wconf 88' lang='lat' dir='ltr'><strong>inter</strong></span> <span class='ocrx_word' id='word_1_261' title='bbox 1420 2013 1762 2070; x_wconf 90' lang='lat' dir='ltr'><strong>Danubium</strong></span> <span class='ocrx_word' id='word_1_262' title='bbox 1809 2018 1867 2069; x_wconf 91' lang='lat' dir='ltr'><strong>et</strong></span> 
     </span>
    </p>
   </div>
   <div class='ocr_carea' id='block_1_39' title="bbox 198 2102 1861 2175">
    <p class='ocr_par' dir='ltr' id='par_1_39' title="bbox 198 2102 1861 2175">
     <span class='ocr_line' id='line_1_39' title="bbox 198 2102 1861 2175; baseline -0.001 -16"><span class='ocrx_word' id='word_1_263' title='bbox 198 2103 416 2160; x_wconf 87' lang='lat' dir='ltr'><strong>Imbris</strong></span> <span class='ocrx_word' id='word_1_264' title='bbox 442 2103 667 2160; x_wconf 84' lang='lat' dir='ltr'><strong>ﬂuenta</strong></span> <span class='ocrx_word' id='word_1_265' title='bbox 685 2105 1054 2175; x_wconf 87' lang='lat' dir='ltr'><strong>jacentem.E</strong></span> <span class='ocrx_word' id='word_1_266' title='bbox 1077 2104 1250 2174; x_wconf 91' lang='lat' dir='ltr'><strong>cujus</strong></span> <span class='ocrx_word' id='word_1_267' title='bbox 1279 2102 1523 2175; x_wconf 90' lang='lat' dir='ltr'><strong>specula</strong></span> <span class='ocrx_word' id='word_1_268' title='bbox 1552 2102 1861 2158; x_wconf 90' lang='lat' dir='ltr'><strong>vinearum</strong></span> 
     </span>
    </p>
   </div>
   <div class='ocr_carea' id='block_1_40' title="bbox 197 2191 1863 2264">
    <p class='ocr_par' dir='ltr' id='par_1_40' title="bbox 197 2191 1863 2264">
     <span class='ocr_line' id='line_1_40' title="bbox 197 2191 1863 2264; baseline -0.001 -17"><span class='ocrx_word' id='word_1_269' title='bbox 197 2192 557 2264; x_wconf 88' lang='lat' dir='ltr'><strong>plantationi</strong></span> <span class='ocrx_word' id='word_1_270' title='bbox 606 2192 889 2262; x_wconf 86' lang='lat' dir='ltr'><strong>contigua</strong></span> <span class='ocrx_word' id='word_1_271' title='bbox 915 2191 1198 2264; x_wconf 88' lang='lat' dir='ltr'><strong>martyris</strong></span> <span class='ocrx_word' id='word_1_272' title='bbox 1250 2191 1495 2248; x_wconf 87' lang='lat' dir='ltr'><strong>intuitus</strong></span> <span class='ocrx_word' id='word_1_273' title='bbox 1526 2191 1863 2260; x_wconf 90' lang='lat' dir='ltr'><strong>ecclesiam,</strong></span> 
     </span>
    </p>
   </div>
   <div class='ocr_carea' id='block_1_41' title="bbox 198 2280 1866 2355">
    <p class='ocr_par' dir='ltr' id='par_1_41' title="bbox 198 2280 1866 2355">
     <span class='ocr_line' id='line_1_41' title="bbox 198 2280 1866 2355; baseline -0.001 -18"><span class='ocrx_word' id='word_1_274' title='bbox 198 2296 568 2351; x_wconf 86' lang='lat' dir='ltr'><strong>magnorum</strong></span> <span class='ocrx_word' id='word_1_275' title='bbox 625 2281 896 2338; x_wconf 88' lang='lat' dir='ltr'><strong>videlicet</strong></span> <span class='ocrx_word' id='word_1_276' title='bbox 942 2298 1195 2355; x_wconf 88' lang='lat' dir='ltr'><strong>operum</strong></span> <span class='ocrx_word' id='word_1_277' title='bbox 1249 2297 1477 2348; x_wconf 78' lang='lat' dir='ltr'><strong>casam,</strong></span> <span class='ocrx_word' id='word_1_278' title='bbox 1535 2280 1866 2336; x_wconf 75' lang='lat' dir='ltr'><strong>immensas</strong></span> 
     </span>
    </p>
   </div>
   <div class='ocr_carea' id='block_1_42' title="bbox 200 2370 1866 2441">
    <p class='ocr_par' dir='ltr' id='par_1_42' title="bbox 200 2370 1866 2441">
     <span class='ocr_line' id='line_1_42' title="bbox 200 2370 1866 2441; baseline -0.001 -13"><span class='ocrx_word' id='word_1_279' title='bbox 200 2374 322 2428; x_wconf 90' lang='lat' dir='ltr'><strong>Deo</strong></span> <span class='ocrx_word' id='word_1_280' title='bbox 349 2370 643 2427; x_wconf 78' lang='lat' dir='ltr'><strong>referebat</strong></span> <span class='ocrx_word' id='word_1_281' title='bbox 668 2370 910 2441; x_wconf 90' lang='lat' dir='ltr'><strong>gratias.</strong></span> <span class='ocrx_word' id='word_1_282' title='bbox 944 2374 1106 2427; x_wconf 90' lang='lat' dir='ltr'><strong>Tunc</strong></span> <span class='ocrx_word' id='word_1_283' title='bbox 1134 2371 1513 2426; x_wconf 89' lang='lat' dir='ltr'><strong>descendens</strong></span> <span class='ocrx_word' id='word_1_284' title='bbox 1540 2370 1615 2425; x_wconf 90' lang='lat' dir='ltr'><strong>de</strong></span> <span class='ocrx_word' id='word_1_285' title='bbox 1662 2374 1866 2426; x_wconf 91' lang='lat' dir='ltr'><strong>monte</strong></span> 
     </span>
    </p>
   </div>
   <div class='ocr_carea' id='block_1_43' title="bbox 196 2458 1868 2533">
    <p class='ocr_par' dir='ltr' id='par_1_43' title="bbox 196 2458 1868 2533">
     <span class='ocr_line' id='line_1_43' title="bbox 196 2458 1868 2533; baseline -0.002 -16"><span class='ocrx_word' id='word_1_286' title='bbox 196 2464 381 2533; x_wconf 85' lang='lat' dir='ltr'><strong>atque</strong></span> <span class='ocrx_word' id='word_1_287' title='bbox 433 2461 575 2518; x_wconf 87' lang='lat' dir='ltr'><strong>navi</strong></span> <span class='ocrx_word' id='word_1_288' title='bbox 630 2460 983 2517; x_wconf 89' lang='lat' dir='ltr'><strong>transmisso</strong></span> <span class='ocrx_word' id='word_1_289' title='bbox 1031 2460 1279 2517; x_wconf 88' lang='lat' dir='ltr'><strong>ﬂumine</strong></span> <span class='ocrx_word' id='word_1_290' title='bbox 1307 2476 1445 2515; x_wconf 92' lang='lat' dir='ltr'><strong>cum</strong></span> <span class='ocrx_word' id='word_1_291' title='bbox 1496 2458 1719 2515; x_wconf 81' lang='lat' dir='ltr'><strong>caeteris</strong></span> <span class='ocrx_word' id='word_1_292' title='bbox 1749 2462 1868 2515; x_wconf 89' lang='lat' dir='ltr'><strong>tur-</strong></span> 
     </span>
    </p>
   </div>
   <div class='ocr_carea' id='block_1_44' title="bbox 190 2547 1867 2606">
    <p class='ocr_par' dir='ltr' id='par_1_44' title="bbox 190 2547 1867 2606">
     <span class='ocr_line' id='line_1_44' title="bbox 190 2547 1867 2606; baseline -0.002 0"><span class='ocrx_word' id='word_1_293' title='bbox 190 2549 413 2606; x_wconf 88' lang='lat' dir='ltr'><strong>matim</strong></span> <span class='ocrx_word' id='word_1_294' title='bbox 473 2566 543 2606; x_wconf 92' lang='lat' dir='ltr'><strong>ac</strong></span> <span class='ocrx_word' id='word_1_295' title='bbox 595 2549 988 2606; x_wconf 86' lang='lat' dir='ltr'><strong>nihilominus</strong></span> <span class='ocrx_word' id='word_1_296' title='bbox 1041 2549 1311 2605; x_wconf 82' lang='lat' dir='ltr'><strong>certatim</strong></span> <span class='ocrx_word' id='word_1_297' title='bbox 1365 2548 1443 2605; x_wconf 91' lang='lat' dir='ltr'><strong>ad</strong></span> <span class='ocrx_word' id='word_1_298' title='bbox 1510 2547 1867 2604; x_wconf 88' lang='lat' dir='ltr'><strong>memoriam</strong></span> 
     </span>
    </p>
   </div>
   <div class='ocr_carea' id='block_1_45' title="bbox 194 2635 1867 2711">
    <p class='ocr_par' dir='ltr' id='par_1_45' title="bbox 194 2635 1867 2711">
     <span class='ocr_line' id='line_1_45' title="bbox 194 2635 1867 2711; baseline -0.002 -16"><span class='ocrx_word' id='word_1_299' title='bbox 194 2638 484 2710; x_wconf 84' lang='lat' dir='ltr'><strong>martyris</strong></span> <span class='ocrx_word' id='word_1_300' title='bbox 516 2637 930 2711; x_wconf 85' lang='lat' dir='ltr'><strong>pergentibus,</strong></span> <span class='ocrx_word' id='word_1_301' title='bbox 982 2642 1039 2693; x_wconf 92' lang='lat' dir='ltr'><strong>et</strong></span> <span class='ocrx_word' id='word_1_302' title='bbox 1065 2638 1193 2710; x_wconf 89' lang='lat' dir='ltr'><strong>ipse</strong></span> <span class='ocrx_word' id='word_1_303' title='bbox 1224 2636 1337 2692; x_wconf 90' lang='lat' dir='ltr'><strong>sub</strong></span> <span class='ocrx_word' id='word_1_304' title='bbox 1377 2635 1544 2692; x_wconf 92' lang='lat' dir='ltr'><strong>omni</strong></span> <span class='ocrx_word' id='word_1_305' title='bbox 1573 2635 1867 2692; x_wconf 89' lang='lat' dir='ltr'><strong>celeritate</strong></span> 
     </span>
    </p>
   </div>
   <div class='ocr_carea' id='block_1_46' title="bbox 193 2725 1867 2801">
    <p class='ocr_par' dir='ltr' id='par_1_46' title="bbox 193 2725 1867 2801">
     <span class='ocr_line' id='line_1_46' title="bbox 193 2725 1867 2801; baseline -0.002 -18"><span class='ocrx_word' id='word_1_306' title='bbox 193 2732 631 2801; x_wconf 81' lang='lat' dir='ltr'><strong>properaverat</strong></span> <span class='ocrx_word' id='word_1_307' title='bbox 659 2726 849 2782; x_wconf 67' lang='lat' dir='ltr'><strong>lmtus.</strong></span> <span class='ocrx_word' id='word_1_308' title='bbox 898 2728 1170 2798; x_wconf 88' lang='lat' dir='ltr'><strong>Cumque</strong></span> <span class='ocrx_word' id='word_1_309' title='bbox 1199 2725 1305 2780; x_wconf 92' lang='lat' dir='ltr'><strong>diu</strong></span> <span class='ocrx_word' id='word_1_310' title='bbox 1334 2730 1604 2799; x_wconf 89' lang='lat' dir='ltr'><strong>optatam</strong></span> <span class='ocrx_word' id='word_1_311' title='bbox 1644 2725 1867 2795; x_wconf 87' lang='lat' dir='ltr'><strong>ingres-</strong></span> 
     </span>
    </p>
   </div>
   <div class='ocr_carea' id='block_1_47' title="bbox 197 2813 1866 2887">
    <p class='ocr_par' dir='ltr' id='par_1_47' title="bbox 197 2813 1866 2887">
     <span class='ocr_line' id='line_1_47' title="bbox 197 2813 1866 2887; baseline -0.002 -15"><span class='ocrx_word' id='word_1_312' title='bbox 197 2834 308 2872; x_wconf 90' lang='lat' dir='ltr'><strong>sus</strong></span> <span class='ocrx_word' id='word_1_313' title='bbox 331 2820 488 2873; x_wconf 90' lang='lat' dir='ltr'><strong>esset</strong></span> <span class='ocrx_word' id='word_1_314' title='bbox 522 2815 858 2879; x_wconf 89' lang='lat' dir='ltr'><strong>ecclesiam,</strong></span> <span class='ocrx_word' id='word_1_315' title='bbox 907 2815 1222 2871; x_wconf 59' lang='lat' dir='ltr'><strong>adhaerens</strong></span> <span class='ocrx_word' id='word_1_316' title='bbox 1259 2814 1625 2887; x_wconf 54' lang='lat' dir='ltr'><strong>pavimento,</strong></span> <span class='ocrx_word' id='word_1_317' title='bbox 1650 2813 1866 2869; x_wconf 90' lang='lat' dir='ltr'><strong>lachri-</strong></span> 
     </span>
    </p>
   </div>
   <div class='ocr_carea' id='block_1_48' title="bbox 193 2902 1946 2991">
    <p class='ocr_par' dir='ltr' id='par_1_48' title="bbox 193 2902 1946 2991">
     <span class='ocr_line' id='line_1_48' title="bbox 193 2902 1946 2991; baseline -0.002 -29"><span class='ocrx_word' id='word_1_318' title='bbox 193 2906 320 2963; x_wconf 88' lang='lat' dir='ltr'><strong>mis</strong></span> <span class='ocrx_word' id='word_1_319' title='bbox 366 2909 424 2961; x_wconf 91' lang='lat' dir='ltr'><strong>et</strong></span> <span class='ocrx_word' id='word_1_320' title='bbox 470 2904 751 2977; x_wconf 87' lang='lat' dir='ltr'><strong>precibus</strong></span> <span class='ocrx_word' id='word_1_321' title='bbox 781 2903 1063 2961; x_wconf 86' lang='lat' dir='ltr'><strong>satisfecit</strong></span> <span class='ocrx_word' id='word_1_322' title='bbox 1119 2903 1332 2959; x_wconf 90' lang='lat' dir='ltr'><strong>trienni</strong></span> <span class='ocrx_word' id='word_1_323' title='bbox 1365 2907 1526 2959; x_wconf 90' lang='lat' dir='ltr'><strong>voto.</strong></span> <span class='ocrx_word' id='word_1_324' title='bbox 1562 2902 1868 2976; x_wconf 89' lang='lat' dir='ltr'><strong>Completa</strong></span> <span class='ocrx_word' id='word_1_325' title='bbox 1906 2935 1946 2991; x_wconf 64' lang='grc' dir='ltr'><strong>ρ</strong></span> 
     </span>
    </p>
   </div>
   <div class='ocr_carea' id='block_1_49' title="bbox 196 2992 1862 3065">
    <p class='ocr_par' dir='ltr' id='par_1_49' title="bbox 196 2992 1862 3065">
     <span class='ocr_line' id='line_1_49' title="bbox 196 2992 1862 3065; baseline -0.003 -13"><span class='ocrx_word' id='word_1_326' title='bbox 196 3001 407 3053; x_wconf 80' lang='lat' dir='ltr'><strong>autem</strong></span> <span class='ocrx_word' id='word_1_327' title='bbox 436 2994 758 3051; x_wconf 87' lang='lat' dir='ltr'><strong>missarum</strong></span> <span class='ocrx_word' id='word_1_328' title='bbox 789 2992 1161 3059; x_wconf 90' lang='lat' dir='ltr'><strong>solennitate,</strong></span> <span class='ocrx_word' id='word_1_329' title='bbox 1214 2992 1296 3048; x_wconf 91' lang='lat' dir='ltr'><strong>uti</strong></span> <span class='ocrx_word' id='word_1_330' title='bbox 1340 2996 1688 3065; x_wconf 88' lang='lat' dir='ltr'><strong>competens</strong></span> <span class='ocrx_word' id='word_1_331' title='bbox 1717 2996 1862 3063; x_wconf 89' lang='lat' dir='ltr'><strong>erat,</strong></span> 
     </span>
    </p>
   </div>
   <div class='ocr_carea' id='block_1_50' title="bbox 196 3082 1865 3153">
    <p class='ocr_par' dir='ltr' id='par_1_50' title="bbox 196 3082 1865 3153">
     <span class='ocr_line' id='line_1_50' title="bbox 196 3082 1865 3153; baseline -0.003 -11"><span class='ocrx_word' id='word_1_332' title='bbox 196 3084 511 3142; x_wconf 88' lang='lat' dir='ltr'><strong>dominica</strong></span> <span class='ocrx_word' id='word_1_333' title='bbox 541 3082 656 3151; x_wconf 82' lang='lat' dir='ltr'><strong>die,</strong></span> <span class='ocrx_word' id='word_1_334' title='bbox 685 3100 869 3140; x_wconf 84' lang='lat' dir='ltr'><strong>senex</strong></span> <span class='ocrx_word' id='word_1_335' title='bbox 922 3082 1236 3153; x_wconf 90' lang='lat' dir='ltr'><strong>religiosus</strong></span> <span class='ocrx_word' id='word_1_336' title='bbox 1292 3085 1459 3138; x_wconf 85' lang='lat' dir='ltr'><strong>extra</strong></span> <span class='ocrx_word' id='word_1_337' title='bbox 1514 3082 1745 3139; x_wconf 89' lang='lat' dir='ltr'><strong>aditum</strong></span> <span class='ocrx_word' id='word_1_338' title='bbox 1775 3097 1865 3137; x_wconf 91' lang='lat' dir='ltr'><strong>ec-</strong></span> 
     </span>
    </p>
   </div>
   <div class='ocr_carea' id='block_1_51' title="bbox 200 3170 1867 3245">
    <p class='ocr_par' dir='ltr' id='par_1_51' title="bbox 200 3170 1867 3245">
     <span class='ocr_line' id='line_1_51' title="bbox 200 3170 1867 3245; baseline -0.003 -14"><span class='ocrx_word' id='word_1_339' title='bbox 200 3174 402 3231; x_wconf 65' lang='lat' dir='ltr'><strong>clesiae</strong></span> <span class='ocrx_word' id='word_1_340' title='bbox 428 3189 722 3243; x_wconf 87' lang='lat' dir='ltr'><strong>egressus,</strong></span> <span class='ocrx_word' id='word_1_341' title='bbox 782 3188 1027 3245; x_wconf 90' lang='lat' dir='ltr'><strong>panem,</strong></span> <span class='ocrx_word' id='word_1_342' title='bbox 1082 3170 1158 3228; x_wconf 91' lang='lat' dir='ltr'><strong>de</strong></span> <span class='ocrx_word' id='word_1_343' title='bbox 1186 3188 1309 3245; x_wconf 91' lang='lat' dir='ltr'><strong>quo</strong></span> <span class='ocrx_word' id='word_1_344' title='bbox 1352 3176 1435 3228; x_wconf 92' lang='lat' dir='ltr'><strong>tot</strong></span> <span class='ocrx_word' id='word_1_345' title='bbox 1478 3171 1692 3228; x_wconf 90' lang='lat' dir='ltr'><strong>diebus</strong></span> <span class='ocrx_word' id='word_1_346' title='bbox 1723 3171 1867 3227; x_wconf 86' lang='lat' dir='ltr'><strong>refe—</strong></span> 
     </span>
    </p>
   </div>
   <div class='ocr_carea' id='block_1_52' title="bbox 204 3258 1868 3328">
    <p class='ocr_par' dir='ltr' id='par_1_52' title="bbox 204 3258 1868 3328">
     <span class='ocr_line' id='line_1_52' title="bbox 204 3258 1868 3328; baseline -0.004 -8"><span class='ocrx_word' id='word_1_347' title='bbox 204 3262 468 3320; x_wconf 88' lang='lat' dir='ltr'><strong>ctionem</strong></span> <span class='ocrx_word' id='word_1_348' title='bbox 524 3260 756 3328; x_wconf 88' lang='lat' dir='ltr'><strong>habuit,</strong></span> <span class='ocrx_word' id='word_1_349' title='bbox 823 3259 1086 3316; x_wconf 88' lang='lat' dir='ltr'><strong>ostendit</strong></span> <span class='ocrx_word' id='word_1_350' title='bbox 1139 3278 1152 3328; x_wconf 95' lang='lat'><strong>;</strong></span> <span class='ocrx_word' id='word_1_351' title='bbox 1208 3259 1523 3316; x_wconf 89' lang='lat' dir='ltr'><strong>historiam</strong></span> <span class='ocrx_word' id='word_1_352' title='bbox 1588 3258 1744 3314; x_wconf 80' lang='lat' dir='ltr'><strong>exilii</strong></span> <span class='ocrx_word' id='word_1_353' title='bbox 1811 3263 1868 3314; x_wconf 92' lang='lat' dir='ltr'><strong>et</strong></span> 
     </span>
    </p>
   </div>
   <div class='ocr_carea' id='block_1_53' title="bbox 202 3348 1866 3422">
    <p class='ocr_par' dir='ltr' id='par_1_53' title="bbox 202 3348 1866 3422">
     <span class='ocr_line' id='line_1_53' title="bbox 202 3348 1866 3422; baseline -0.004 -13"><span class='ocrx_word' id='word_1_354' title='bbox 202 3351 563 3410; x_wconf 77' lang='lat' dir='ltr'><strong>reversionis</strong></span> <span class='ocrx_word' id='word_1_355' title='bbox 616 3350 899 3407; x_wconf 85' lang='lat' dir='ltr'><strong>veraciter</strong></span> <span class='ocrx_word' id='word_1_356' title='bbox 959 3348 1273 3421; x_wconf 82' lang='lat' dir='ltr'><strong>exposuit;</strong></span> <span class='ocrx_word' id='word_1_357' title='bbox 1330 3348 1484 3406; x_wconf 86' lang='lat' dir='ltr'><strong>duas</strong></span> <span class='ocrx_word' id='word_1_358' title='bbox 1538 3349 1866 3422; x_wconf 88' lang='lat' dir='ltr'><strong>portiones,</strong></span> 
     </span>
    </p>
   </div>
   <div class='ocr_carea' id='block_1_54' title="bbox 204 3438 1866 3517">
    <p class='ocr_par' dir='ltr' id='par_1_54' title="bbox 204 3438 1866 3517">
     <span class='ocr_line' id='line_1_54' title="bbox 204 3438 1866 3517; baseline -0.003 -19"><span class='ocrx_word' id='word_1_359' title='bbox 204 3459 343 3517; x_wconf 68' lang='lat' dir='ltr'><strong>qua:</strong></span> <span class='ocrx_word' id='word_1_360' title='bbox 375 3458 444 3497; x_wconf 82' lang='lat' dir='ltr'><strong>ex</strong></span> <span class='ocrx_word' id='word_1_361' title='bbox 499 3440 784 3496; x_wconf 89' lang='lat' dir='ltr'><strong>alimento</strong></span> <span class='ocrx_word' id='word_1_362' title='bbox 833 3438 1272 3512; x_wconf 84' lang='lat' dir='ltr'><strong>superfuerant,</strong></span> <span class='ocrx_word' id='word_1_363' title='bbox 1302 3440 1364 3495; x_wconf 93' lang='lat' dir='ltr'><strong>in</strong></span> <span class='ocrx_word' id='word_1_364' title='bbox 1405 3442 1731 3512; x_wconf 88' lang='lat' dir='ltr'><strong>conspectu</strong></span> <span class='ocrx_word' id='word_1_365' title='bbox 1778 3442 1866 3494; x_wconf 91' lang='lat' dir='ltr'><strong>to-</strong></span> 
     </span>
    </p>
   </div>
   <div class='ocr_carea' id='block_1_55' title="bbox 207 3526 1868 3603">
    <p class='ocr_par' dir='ltr' id='par_1_55' title="bbox 207 3526 1868 3603">
     <span class='ocr_line' id='line_1_55' title="bbox 207 3526 1868 3603; baseline -0.002 -16"><span class='ocrx_word' id='word_1_366' title='bbox 207 3532 323 3588; x_wconf 89' lang='lat' dir='ltr'><strong>tius</strong></span> <span class='ocrx_word' id='word_1_367' title='bbox 348 3528 578 3603; x_wconf 91' lang='lat' dir='ltr'><strong>populi,</strong></span> <span class='ocrx_word' id='word_1_368' title='bbox 606 3527 981 3601; x_wconf 90' lang='lat' dir='ltr'><strong>pauperibus</strong></span> <span class='ocrx_word' id='word_1_369' title='bbox 1030 3527 1252 3597; x_wconf 87' lang='lat' dir='ltr'><strong>divisit,</strong></span> <span class='ocrx_word' id='word_1_370' title='bbox 1300 3526 1445 3583; x_wconf 89' lang='lat' dir='ltr'><strong>tanti</strong></span> <span class='ocrx_word' id='word_1_371' title='bbox 1477 3529 1715 3600; x_wconf 83' lang='lat' dir='ltr'><strong>patroni</strong></span> <span class='ocrx_word' id='word_1_372' title='bbox 1762 3526 1868 3583; x_wconf 91' lang='lat' dir='ltr'><strong>be-</strong></span> 
     </span>
    </p>
   </div>
   <div class='ocr_carea' id='block_1_56' title="bbox 205 3616 1866 3678">
    <p class='ocr_par' dir='ltr' id='par_1_56' title="bbox 205 3616 1866 3678">
     <span class='ocr_line' id='line_1_56' title="bbox 205 3616 1866 3678; baseline -0.003 -1"><span class='ocrx_word' id='word_1_373' title='bbox 205 3619 423 3678; x_wconf 84' lang='lat' dir='ltr'><strong>neﬁcia</strong></span> <span class='ocrx_word' id='word_1_374' title='bbox 455 3617 737 3675; x_wconf 89' lang='lat' dir='ltr'><strong>clamavit</strong></span> <span class='ocrx_word' id='word_1_375' title='bbox 781 3618 842 3672; x_wconf 91' lang='lat' dir='ltr'><strong>in</strong></span> <span class='ocrx_word' id='word_1_376' title='bbox 872 3621 1093 3673; x_wconf 66' lang='lat' dir='ltr'><strong>aeterna</strong></span> <span class='ocrx_word' id='word_1_377' title='bbox 1122 3616 1246 3674; x_wconf 86' lang='lat' dir='ltr'><strong>fore</strong></span> <span class='ocrx_word' id='word_1_378' title='bbox 1287 3616 1506 3672; x_wconf 89' lang='lat' dir='ltr'><strong>debere</strong></span> <span class='ocrx_word' id='word_1_379' title='bbox 1552 3616 1866 3673; x_wconf 89' lang='lat' dir='ltr'><strong>memoria.</strong></span> 
     </span>
    </p>
   </div>
   <div class='ocr_carea' id='block_1_57' title="bbox 206 3705 1869 3782">
    <p class='ocr_par' dir='ltr' id='par_1_57' title="bbox 206 3705 1869 3782">
     <span class='ocr_line' id='line_1_57' title="bbox 206 3705 1869 3782; baseline -0.002 -17"><span class='ocrx_word' id='word_1_380' title='bbox 206 3709 365 3777; x_wconf 85' lang='lat' dir='ltr'><strong>Quid</strong></span> <span class='ocrx_word' id='word_1_381' title='bbox 397 3725 576 3782; x_wconf 81' lang='lat' dir='ltr'><strong>super</strong></span> <span class='ocrx_word' id='word_1_382' title='bbox 603 3708 719 3763; x_wconf 90' lang='lat' dir='ltr'><strong>hoc</strong></span> <span class='ocrx_word' id='word_1_383' title='bbox 767 3706 1092 3763; x_wconf 89' lang='lat' dir='ltr'><strong>dicendum</strong></span> <span class='ocrx_word' id='word_1_384' title='bbox 1124 3705 1217 3762; x_wconf 90' lang='lat' dir='ltr'><strong>vel</strong></span> <span class='ocrx_word' id='word_1_385' title='bbox 1252 3706 1677 3762; x_wconf 87' lang='lat' dir='ltr'><strong>ascribendum</strong></span> <span class='ocrx_word' id='word_1_386' title='bbox 1697 3706 1725 3761; x_wconf 89' lang='lat'><strong>?</strong></span> <span class='ocrx_word' id='word_1_387' title='bbox 1756 3706 1869 3762; x_wconf 92' lang='lat' dir='ltr'><strong>nisi</strong></span> 
     </span>
    </p>
   </div>
   <div class='ocr_carea' id='block_1_58' title="bbox 202 3794 1865 3872">
    <p class='ocr_par' dir='ltr' id='par_1_58' title="bbox 202 3794 1865 3872">
     <span class='ocr_line' id='line_1_58' title="bbox 202 3794 1865 3872; baseline -0.002 -19"><span class='ocrx_word' id='word_1_388' title='bbox 202 3796 380 3872; x_wconf 88' lang='lat' dir='ltr'><strong>quod</strong></span> <span class='ocrx_word' id='word_1_389' title='bbox 432 3796 748 3853; x_wconf 85' lang='lat' dir='ltr'><strong>Psalmista</strong></span> <span class='ocrx_word' id='word_1_390' title='bbox 804 3795 947 3852; x_wconf 91' lang='lat' dir='ltr'><strong>dicit</strong></span> <span class='ocrx_word' id='word_1_391' title='bbox 997 3794 1346 3851; x_wconf 91' lang='lat' dir='ltr'><strong>memoriale</strong></span> <span class='ocrx_word' id='word_1_392' title='bbox 1397 3795 1865 3867; x_wconf 89' lang='lat' dir='ltr'><strong>sempiternum:</strong></span> 
     </span>
    </p>
   </div>
   <div class='ocr_carea' id='block_1_59' title="bbox 205 3884 1867 3957">
    <p class='ocr_par' dir='ltr' id='par_1_59' title="bbox 205 3884 1867 3957">
     <span class='ocr_line' id='line_1_59' title="bbox 205 3884 1867 3957; baseline 0 -18"><span class='ocrx_word' id='word_1_393' title='bbox 205 3912 235 3939; x_wconf 76' lang='grc' dir='ltr'><strong>«ι</strong></span> <span class='ocrx_word' id='word_1_394' title='bbox 269 3891 482 3957; x_wconf 81' lang='lat' dir='ltr'><strong>Magna</strong></span> <span class='ocrx_word' id='word_1_395' title='bbox 511 3890 601 3943; x_wconf 90' lang='lat' dir='ltr'><strong>est</strong></span> <span class='ocrx_word' id='word_1_396' title='bbox 629 3885 818 3956; x_wconf 88' lang='lat' dir='ltr'><strong>gloria</strong></span> <span class='ocrx_word' id='word_1_397' title='bbox 854 3885 918 3941; x_wconf 93' lang='lat' dir='ltr'><strong>in</strong></span> <span class='ocrx_word' id='word_1_398' title='bbox 942 3884 1189 3941; x_wconf 89' lang='lat' dir='ltr'><strong>salutari</strong></span> <span class='ocrx_word' id='word_1_399' title='bbox 1218 3888 1343 3953; x_wconf 92' lang='lat' dir='ltr'><strong>tuo,</strong></span> <span class='ocrx_word' id='word_1_400' title='bbox 1383 3884 1631 3941; x_wconf 89' lang='lat' dir='ltr'><strong>Domine</strong></span> <span class='ocrx_word' id='word_1_401' title='bbox 1682 3886 1867 3955; x_wconf 84' lang='lat' dir='ltr'><strong>(Psal.</strong></span> 
     </span>
    </p>
   </div>
   <div class='ocr_carea' id='block_1_60' title="bbox 203 3973 1872 4048">
    <p class='ocr_par' dir='ltr' id='par_1_60' title="bbox 203 3973 1872 4048">
     <span class='ocr_line' id='line_1_60' title="bbox 203 3973 1872 4048; baseline -0.004 -12"><span class='ocrx_word' id='word_1_402' title='bbox 203 3978 345 4048; x_wconf 80' lang='lat' dir='ltr'><strong>xx);</strong></span> <span class='ocrx_word' id='word_1_403' title='bbox 373 4001 402 4027; x_wconf 88' lang='lat'><em>»</em></span> <span class='ocrx_word' id='word_1_404' title='bbox 461 3975 716 4047; x_wconf 87' lang='lat' dir='ltr'><strong>gloriam</strong></span> <span class='ocrx_word' id='word_1_405' title='bbox 746 3980 805 4031; x_wconf 88' lang='lat' dir='ltr'><strong>et</strong></span> <span class='ocrx_word' id='word_1_406' title='bbox 860 3989 1155 4044; x_wconf 91' lang='lat' dir='ltr'><strong>magnum</strong></span> <span class='ocrx_word' id='word_1_407' title='bbox 1209 3973 1490 4029; x_wconf 90' lang='lat' dir='ltr'><strong>decorem</strong></span> <span class='ocrx_word' id='word_1_408' title='bbox 1531 3973 1872 4046; x_wconf 88' lang='lat' dir='ltr'><strong>imposuisti</strong></span> 
     </span>
    </p>
   </div>
   <div class='ocr_carea' id='block_1_61' title="bbox 205 4062 1873 4139">
    <p class='ocr_par' dir='ltr' id='par_1_61' title="bbox 205 4062 1873 4139">
     <span class='ocr_line' id='line_1_61' title="bbox 205 4062 1873 4139; baseline -0.004 -16"><span class='ocrx_word' id='word_1_409' title='bbox 205 4082 395 4139; x_wconf 88' lang='lat' dir='ltr'><strong>super</strong></span> <span class='ocrx_word' id='word_1_410' title='bbox 422 4082 584 4122; x_wconf 90' lang='lat' dir='ltr'><strong>eum.</strong></span> <span class='ocrx_word' id='word_1_411' title='bbox 619 4067 663 4123; x_wconf 93' lang='grc' dir='ltr'>Ο</span> <span class='ocrx_word' id='word_1_412' title='bbox 689 4067 831 4121; x_wconf 86' lang='lat' dir='ltr'><strong>Jesu</strong></span> <span class='ocrx_word' id='word_1_413' title='bbox 858 4063 1140 4133; x_wconf 91' lang='lat' dir='ltr'><strong>benigne,</strong></span> <span class='ocrx_word' id='word_1_414' title='bbox 1164 4063 1277 4118; x_wconf 88' lang='lat' dir='ltr'><strong>hoc</strong></span> <span class='ocrx_word' id='word_1_415' title='bbox 1310 4066 1543 4118; x_wconf 87' lang='lat' dir='ltr'><strong>tantum</strong></span> <span class='ocrx_word' id='word_1_416' title='bbox 1568 4062 1648 4118; x_wconf 88' lang='lat' dir='ltr'><strong>ad</strong></span> <span class='ocrx_word' id='word_1_417' title='bbox 1676 4067 1729 4118; x_wconf 93' lang='lat' dir='ltr'><strong>te</strong></span> <span class='ocrx_word' id='word_1_418' title='bbox 1759 4062 1873 4118; x_wconf 93' lang='lat' dir='ltr'><strong>sub</strong></span> 
     </span>
    </p>
   </div>
   <div class='ocr_carea' id='block_1_62' title="bbox 205 4151 1873 4228">
    <p class='ocr_par' dir='ltr' id='par_1_62' title="bbox 205 4151 1873 4228">
     <span class='ocr_line' id='line_1_62' title="bbox 205 4151 1873 4228; baseline -0.004 -15"><span class='ocrx_word' id='word_1_419' title='bbox 205 4157 343 4228; x_wconf 88' lang='lat' dir='ltr'><strong>ejus</strong></span> <span class='ocrx_word' id='word_1_420' title='bbox 374 4154 706 4228; x_wconf 90' lang='lat' dir='ltr'><strong>patrocinio</strong></span> <span class='ocrx_word' id='word_1_421' title='bbox 729 4153 866 4209; x_wconf 91' lang='lat' dir='ltr'><strong>licet</strong></span> <span class='ocrx_word' id='word_1_422' title='bbox 900 4152 1117 4218; x_wconf 88' lang='lat' dir='ltr'><strong>dicere,</strong></span> <span class='ocrx_word' id='word_1_423' title='bbox 1169 4156 1235 4207; x_wconf 92' lang='lat' dir='ltr'><strong>ut</strong></span> <span class='ocrx_word' id='word_1_424' title='bbox 1262 4151 1416 4207; x_wconf 90' lang='lat' dir='ltr'><strong>sicut</strong></span> <span class='ocrx_word' id='word_1_425' title='bbox 1443 4151 1610 4207; x_wconf 91' lang='lat' dir='ltr'><strong>illum</strong></span> <span class='ocrx_word' id='word_1_426' title='bbox 1656 4151 1873 4208; x_wconf 88' lang='lat' dir='ltr'><strong>dedisti</strong></span> 
     </span>
    </p>
   </div>
   <div class='ocr_carea' id='block_1_63' title="bbox 1976 1658 3635 1731">
    <p class='ocr_par' dir='ltr' id='par_1_63' title="bbox 1976 1658 3635 1731">
     <span class='ocr_line' id='line_1_63' title="bbox 1976 1658 3635 1731; baseline 0.003 -18"><span class='ocrx_word' id='word_1_427' title='bbox 1976 1661 2175 1714; x_wconf 91' lang='lat' dir='ltr'><strong>tumve</strong></span> <span class='ocrx_word' id='word_1_428' title='bbox 2204 1674 2514 1731; x_wconf 76' lang='lat' dir='ltr'><strong>respuens,</strong></span> <span class='ocrx_word' id='word_1_429' title='bbox 2557 1673 2680 1714; x_wconf 92' lang='lat' dir='ltr'><strong>non</strong></span> <span class='ocrx_word' id='word_1_430' title='bbox 2729 1658 2929 1715; x_wconf 91' lang='lat' dir='ltr'><strong>solum</strong></span> <span class='ocrx_word' id='word_1_431' title='bbox 2958 1658 3056 1715; x_wconf 89' lang='lat' dir='ltr'><strong>illa</strong></span> <span class='ocrx_word' id='word_1_432' title='bbox 3102 1659 3198 1716; x_wconf 91' lang='lat' dir='ltr'><strong>die</strong></span> <span class='ocrx_word' id='word_1_433' title='bbox 3221 1660 3522 1718; x_wconf 79' lang='lat' dir='ltr'><strong>incoenata</strong></span> <span class='ocrx_word' id='word_1_434' title='bbox 3548 1678 3635 1717; x_wconf 88' lang='lat' dir='ltr'><strong>re-</strong></span> 
     </span>
    </p>
   </div>
   <div class='ocr_carea' id='block_1_64' title="bbox 1974 1746 3634 1824">
    <p class='ocr_par' dir='ltr' id='par_1_64' title="bbox 1974 1746 3634 1824">
     <span class='ocr_line' id='line_1_64' title="bbox 1974 1746 3634 1824; baseline 0.003 -22"><span class='ocrx_word' id='word_1_435' title='bbox 1974 1746 2213 1810; x_wconf 88' lang='lat' dir='ltr'><strong>mansit,</strong></span> <span class='ocrx_word' id='word_1_436' title='bbox 2249 1747 2354 1803; x_wconf 89' lang='lat' dir='ltr'><strong>sed</strong></span> <span class='ocrx_word' id='word_1_437' title='bbox 2384 1752 2441 1803; x_wconf 91' lang='lat' dir='ltr'><strong>et</strong></span> <span class='ocrx_word' id='word_1_438' title='bbox 2463 1748 2591 1818; x_wconf 90' lang='lat' dir='ltr'><strong>jam</strong></span> <span class='ocrx_word' id='word_1_439' title='bbox 2624 1763 2853 1804; x_wconf 86' lang='lat' dir='ltr'><strong>annum</strong></span> <span class='ocrx_word' id='word_1_440' title='bbox 2883 1747 3182 1818; x_wconf 89' lang='lat' dir='ltr'><strong>integrum</strong></span> <span class='ocrx_word' id='word_1_441' title='bbox 3208 1749 3373 1806; x_wconf 91' lang='lat' dir='ltr'><strong>haud</strong></span> <span class='ocrx_word' id='word_1_442' title='bbox 3404 1750 3634 1824; x_wconf 87' lang='lat' dir='ltr'><strong>absque</strong></span> 
     </span>
    </p>
   </div>
   <div class='ocr_carea' id='block_1_65' title="bbox 1975 1836 3632 1910">
    <p class='ocr_par' dir='ltr' id='par_1_65' title="bbox 1975 1836 3632 1910">
     <span class='ocr_line' id='line_1_65' title="bbox 1975 1836 3632 1910; baseline 0.002 -18"><span class='ocrx_word' id='word_1_443' title='bbox 1975 1852 2269 1893; x_wconf 91' lang='lat' dir='ltr'><strong>manuum</strong></span> <span class='ocrx_word' id='word_1_444' title='bbox 2327 1853 2507 1910; x_wconf 89' lang='lat' dir='ltr'><strong>opere</strong></span> <span class='ocrx_word' id='word_1_445' title='bbox 2560 1837 2770 1908; x_wconf 88' lang='lat' dir='ltr'><strong>jejuna</strong></span> <span class='ocrx_word' id='word_1_446' title='bbox 2828 1836 3166 1909; x_wconf 89' lang='lat' dir='ltr'><strong>complevit.</strong></span> <span class='ocrx_word' id='word_1_447' title='bbox 3238 1839 3437 1895; x_wconf 88' lang='lat' dir='ltr'><strong>Facies</strong></span> <span class='ocrx_word' id='word_1_448' title='bbox 3490 1854 3632 1896; x_wconf 89' lang='lat' dir='ltr'><strong>vero</strong></span> 
     </span>
    </p>
   </div>
   <div class='ocr_carea' id='block_1_66' title="bbox 1973 1924 3631 1998">
    <p class='ocr_par' dir='ltr' id='par_1_66' title="bbox 1973 1924 3631 1998">
     <span class='ocr_line' id='line_1_66' title="bbox 1973 1924 3631 1998; baseline 0.002 -18"><span class='ocrx_word' id='word_1_449' title='bbox 1973 1925 2130 1981; x_wconf 86' lang='lat' dir='ltr'><strong>illius</strong></span> <span class='ocrx_word' id='word_1_450' title='bbox 2184 1924 2365 1981; x_wconf 90' lang='lat' dir='ltr'><strong>nimis</strong></span> <span class='ocrx_word' id='word_1_451' title='bbox 2413 1930 2540 1981; x_wconf 90' lang='lat' dir='ltr'><strong>erat</strong></span> <span class='ocrx_word' id='word_1_452' title='bbox 2589 1924 2817 1998; x_wconf 89' lang='lat' dir='ltr'><strong>pallida</strong></span> <span class='ocrx_word' id='word_1_453' title='bbox 2867 1929 2925 1981; x_wconf 88' lang='lat' dir='ltr'><strong>et</strong></span> <span class='ocrx_word' id='word_1_454' title='bbox 2966 1926 3276 1997; x_wconf 90' lang='lat' dir='ltr'><strong>sanguinis</strong></span> <span class='ocrx_word' id='word_1_455' title='bbox 3317 1928 3631 1985; x_wconf 82' lang='lat' dir='ltr'><strong>exhausta.</strong></span> 
     </span>
    </p>
   </div>
   <div class='ocr_carea' id='block_1_67' title="bbox 1976 2014 3633 2087">
    <p class='ocr_par' dir='ltr' id='par_1_67' title="bbox 1976 2014 3633 2087">
     <span class='ocr_line' id='line_1_67' title="bbox 1976 2014 3633 2087; baseline 0.003 -18"><span class='ocrx_word' id='word_1_456' title='bbox 1976 2014 2144 2080; x_wconf 87' lang='lat' dir='ltr'><strong>Quod</strong></span> <span class='ocrx_word' id='word_1_457' title='bbox 2178 2014 2422 2087; x_wconf 89' lang='lat' dir='ltr'><strong>quidem</strong></span> <span class='ocrx_word' id='word_1_458' title='bbox 2454 2014 2630 2070; x_wconf 91' lang='lat' dir='ltr'><strong>nobis</strong></span> <span class='ocrx_word' id='word_1_459' title='bbox 2658 2014 2834 2070; x_wconf 90' lang='lat' dir='ltr'><strong>valde</strong></span> <span class='ocrx_word' id='word_1_460' title='bbox 2871 2014 3116 2085; x_wconf 89' lang='lat' dir='ltr'><strong>mirum,</strong></span> <span class='ocrx_word' id='word_1_461' title='bbox 3150 2014 3256 2071; x_wconf 90' lang='lat' dir='ltr'><strong>sed</strong></span> <span class='ocrx_word' id='word_1_462' title='bbox 3285 2016 3633 2074; x_wconf 89' lang='lat' dir='ltr'><strong>incredibile</strong></span> 
     </span>
    </p>
   </div>
   <div class='ocr_carea' id='block_1_68' title="bbox 1976 2102 3634 2164">
    <p class='ocr_par' dir='ltr' id='par_1_68' title="bbox 1976 2102 3634 2164">
     <span class='ocr_line' id='line_1_68' title="bbox 1976 2102 3634 2164; baseline 0.004 -6"><span class='ocrx_word' id='word_1_463' title='bbox 1976 2103 2209 2159; x_wconf 88' lang='lat' dir='ltr'><strong>videtur</strong></span> <span class='ocrx_word' id='word_1_464' title='bbox 2257 2102 2474 2159; x_wconf 91' lang='lat' dir='ltr'><strong>animis</strong></span> <span class='ocrx_word' id='word_1_465' title='bbox 2512 2103 2828 2159; x_wconf 89' lang='lat' dir='ltr'><strong>hominum</strong></span> <span class='ocrx_word' id='word_1_466' title='bbox 2880 2108 2984 2160; x_wconf 89' lang='lat' dir='ltr'><strong>aut</strong></span> <span class='ocrx_word' id='word_1_467' title='bbox 3026 2104 3275 2161; x_wconf 90' lang='lat' dir='ltr'><strong>omnino</strong></span> <span class='ocrx_word' id='word_1_468' title='bbox 3316 2106 3634 2164; x_wconf 90' lang='lat' dir='ltr'><strong>brutorum</strong></span> 
     </span>
    </p>
   </div>
   <div class='ocr_carea' id='block_1_69' title="bbox 1975 2192 3635 2266">
    <p class='ocr_par' dir='ltr' id='par_1_69' title="bbox 1975 2192 3635 2266">
     <span class='ocr_line' id='line_1_69' title="bbox 1975 2192 3635 2266; baseline 0.001 -17"><span class='ocrx_word' id='word_1_469' title='bbox 1975 2210 2080 2249; x_wconf 88' lang='lat' dir='ltr'><strong>seu</strong></span> <span class='ocrx_word' id='word_1_470' title='bbox 2110 2192 2364 2249; x_wconf 77' lang='lat' dir='ltr'><strong>cmlestis</strong></span> <span class='ocrx_word' id='word_1_471' title='bbox 2410 2193 2638 2249; x_wconf 89' lang='lat' dir='ltr'><strong>oraculi</strong></span> <span class='ocrx_word' id='word_1_472' title='bbox 2664 2193 2978 2266; x_wconf 90' lang='lat' dir='ltr'><strong>speculum</strong></span> <span class='ocrx_word' id='word_1_473' title='bbox 3022 2195 3225 2250; x_wconf 89' lang='lat' dir='ltr'><strong>minus</strong></span> <span class='ocrx_word' id='word_1_474' title='bbox 3265 2195 3420 2252; x_wconf 90' lang='lat' dir='ltr'><strong>clare</strong></span> <span class='ocrx_word' id='word_1_475' title='bbox 3462 2196 3635 2252; x_wconf 90' lang='lat' dir='ltr'><strong>intui-</strong></span> 
     </span>
    </p>
   </div>
   <div class='ocr_carea' id='block_1_70' title="bbox 1974 2282 3633 2356">
    <p class='ocr_par' dir='ltr' id='par_1_70' title="bbox 1974 2282 3633 2356">
     <span class='ocr_line' id='line_1_70' title="bbox 1974 2282 3633 2356; baseline 0.001 -18"><span class='ocrx_word' id='word_1_476' title='bbox 1974 2286 2192 2338; x_wconf 90' lang='lat' dir='ltr'><strong>torum.</strong></span> <span class='ocrx_word' id='word_1_477' title='bbox 2252 2285 2377 2337; x_wconf 88' lang='lat' dir='ltr'><strong>Non</strong></span> <span class='ocrx_word' id='word_1_478' title='bbox 2403 2282 2563 2337; x_wconf 91' lang='lat' dir='ltr'><strong>enim</strong></span> <span class='ocrx_word' id='word_1_479' title='bbox 2594 2287 2682 2338; x_wconf 91' lang='lat' dir='ltr'><strong>est</strong></span> <span class='ocrx_word' id='word_1_480' title='bbox 2705 2282 3074 2355; x_wconf 89' lang='lat' dir='ltr'><strong>impossibile</strong></span> <span class='ocrx_word' id='word_1_481' title='bbox 3102 2283 3269 2356; x_wconf 91' lang='lat' dir='ltr'><strong>apud</strong></span> <span class='ocrx_word' id='word_1_482' title='bbox 3310 2284 3633 2340; x_wconf 89' lang='lat' dir='ltr'><strong>Dominum</strong></span> 
     </span>
    </p>
   </div>
   <div class='ocr_carea' id='block_1_71' title="bbox 1974 2370 3637 2446">
    <p class='ocr_par' dir='ltr' id='par_1_71' title="bbox 1974 2370 3637 2446">
     <span class='ocr_line' id='line_1_71' title="bbox 1974 2370 3637 2446; baseline 0.002 -19"><span class='ocrx_word' id='word_1_483' title='bbox 1974 2388 2154 2428; x_wconf 91' lang='lat' dir='ltr'><strong>omne</strong></span> <span class='ocrx_word' id='word_1_484' title='bbox 2186 2371 2435 2426; x_wconf 88' lang='lat' dir='ltr'><strong>verbum</strong></span> <span class='ocrx_word' id='word_1_485' title='bbox 2466 2370 2632 2442; x_wconf 79' lang='lat' dir='ltr'><strong>(Luc.</strong></span> <span class='ocrx_word' id='word_1_486' title='bbox 2666 2373 2724 2442; x_wconf 85' lang='lat'><strong>1).</strong></span> <span class='ocrx_word' id='word_1_487' title='bbox 2774 2374 2841 2426; x_wconf 84' lang='lat' dir='ltr'><strong>Et</strong></span> <span class='ocrx_word' id='word_1_488' title='bbox 2868 2371 3046 2427; x_wconf 90' lang='lat' dir='ltr'><strong>illud:</strong></span> <span class='ocrx_word' id='word_1_489' title='bbox 3095 2373 3312 2428; x_wconf 91' lang='lat' dir='ltr'><strong>Omnia</strong></span> <span class='ocrx_word' id='word_1_490' title='bbox 3353 2390 3637 2446; x_wconf 80' lang='lat' dir='ltr'><strong>quaecun-</strong></span> 
     </span>
    </p>
   </div>
   <div class='ocr_carea' id='block_1_72' title="bbox 1975 2458 3629 2533">
    <p class='ocr_par' dir='ltr' id='par_1_72' title="bbox 1975 2458 3629 2533">
     <span class='ocr_line' id='line_1_72' title="bbox 1975 2458 3629 2533; baseline 0.001 -17"><span class='ocrx_word' id='word_1_491' title='bbox 1975 2476 2093 2533; x_wconf 92' lang='lat' dir='ltr'><strong>que</strong></span> <span class='ocrx_word' id='word_1_492' title='bbox 2128 2459 2310 2516; x_wconf 84' lang='lat' dir='ltr'><strong>voluit</strong></span> <span class='ocrx_word' id='word_1_493' title='bbox 2338 2459 2627 2515; x_wconf 89' lang='lat' dir='ltr'><strong>Dominus</strong></span> <span class='ocrx_word' id='word_1_494' title='bbox 2656 2459 2790 2514; x_wconf 87' lang='lat' dir='ltr'><strong>fecit</strong></span> <span class='ocrx_word' id='word_1_495' title='bbox 2818 2460 2880 2514; x_wconf 87' lang='lat' dir='ltr'><strong>in</strong></span> <span class='ocrx_word' id='word_1_496' title='bbox 2909 2458 3059 2515; x_wconf 85' lang='lat' dir='ltr'><strong>coelo</strong></span> <span class='ocrx_word' id='word_1_497' title='bbox 3089 2465 3147 2516; x_wconf 91' lang='lat' dir='ltr'><strong>et</strong></span> <span class='ocrx_word' id='word_1_498' title='bbox 3172 2462 3235 2517; x_wconf 90' lang='lat' dir='ltr'><strong>in</strong></span> <span class='ocrx_word' id='word_1_499' title='bbox 3260 2465 3415 2518; x_wconf 88' lang='lat' dir='ltr'><strong>terra</strong></span> <span class='ocrx_word' id='word_1_500' title='bbox 3441 2463 3629 2533; x_wconf 80' lang='lat' dir='ltr'><strong>(Psal.</strong></span> 
     </span>
    </p>
   </div>
   <div class='ocr_carea' id='block_1_73' title="bbox 1976 2549 3634 2623">
    <p class='ocr_par' dir='ltr' id='par_1_73' title="bbox 1976 2549 3634 2623">
     <span class='ocr_line' id='line_1_73' title="bbox 1976 2549 3634 2623; baseline 0.002 -17"><span class='ocrx_word' id='word_1_501' title='bbox 1976 2555 2228 2619; x_wconf 77' lang='lat' dir='ltr'><strong>cxxxiv).</strong></span> <span class='ocrx_word' id='word_1_502' title='bbox 2286 2550 2396 2615; x_wconf 88' lang='lat' dir='ltr'><strong>Qui</strong></span> <span class='ocrx_word' id='word_1_503' title='bbox 2428 2549 2591 2605; x_wconf 89' lang='lat' dir='ltr'><strong>solus</strong></span> <span class='ocrx_word' id='word_1_504' title='bbox 2619 2550 2804 2617; x_wconf 89' lang='lat' dir='ltr'><strong>novit,</strong></span> <span class='ocrx_word' id='word_1_505' title='bbox 2852 2566 3040 2623; x_wconf 89' lang='lat' dir='ltr'><strong>quare</strong></span> <span class='ocrx_word' id='word_1_506' title='bbox 3078 2551 3264 2607; x_wconf 90' lang='lat' dir='ltr'><strong>homo</strong></span> <span class='ocrx_word' id='word_1_507' title='bbox 3309 2570 3500 2609; x_wconf 77' lang='lat' dir='ltr'><strong>caecus</strong></span> <span class='ocrx_word' id='word_1_508' title='bbox 3529 2569 3634 2610; x_wconf 89' lang='lat' dir='ltr'><strong>na-</strong></span> 
     </span>
    </p>
   </div>
   <div class='ocr_carea' id='block_1_74' title="bbox 1976 2639 3634 2708">
    <p class='ocr_par' dir='ltr' id='par_1_74' title="bbox 1976 2639 3634 2708">
     <span class='ocr_line' id='line_1_74' title="bbox 1976 2639 3634 2708; baseline 0.002 -13"><span class='ocrx_word' id='word_1_509' title='bbox 1976 2645 2072 2696; x_wconf 90' lang='lat' dir='ltr'><strong>tus</strong></span> <span class='ocrx_word' id='word_1_510' title='bbox 2102 2639 2297 2708; x_wconf 88' lang='lat' dir='ltr'><strong>fuerit,</strong></span> <span class='ocrx_word' id='word_1_511' title='bbox 2338 2643 2394 2695; x_wconf 92' lang='lat' dir='ltr'><strong>et</strong></span> <span class='ocrx_word' id='word_1_512' title='bbox 2422 2655 2529 2694; x_wconf 90' lang='lat' dir='ltr'><strong>cur</strong></span> <span class='ocrx_word' id='word_1_513' title='bbox 2557 2642 2786 2695; x_wconf 88' lang='lat' dir='ltr'><strong>tantam</strong></span> <span class='ocrx_word' id='word_1_514' title='bbox 2835 2656 2963 2695; x_wconf 89' lang='lat' dir='ltr'><strong>rem</strong></span> <span class='ocrx_word' id='word_1_515' title='bbox 2991 2639 3053 2695; x_wconf 93' lang='lat' dir='ltr'><strong>in</strong></span> <span class='ocrx_word' id='word_1_516' title='bbox 3104 2640 3457 2698; x_wconf 86' lang='lat' dir='ltr'><strong>muliercula</strong></span> <span class='ocrx_word' id='word_1_517' title='bbox 3484 2642 3634 2699; x_wconf 83' lang='lat' dir='ltr'><strong>fece-</strong></span> 
     </span>
    </p>
   </div>
   <div class='ocr_carea' id='block_1_75' title="bbox 1975 2727 3636 2800">
    <p class='ocr_par' dir='ltr' id='par_1_75' title="bbox 1975 2727 3636 2800">
     <span class='ocr_line' id='line_1_75' title="bbox 1975 2727 3636 2800; baseline 0.002 -16"><span class='ocrx_word' id='word_1_518' title='bbox 1975 2728 2068 2795; x_wconf 90' lang='lat' dir='ltr'><strong>rit,</strong></span> <span class='ocrx_word' id='word_1_519' title='bbox 2139 2728 2433 2800; x_wconf 89' lang='lat' dir='ltr'><strong>cujusque</strong></span> <span class='ocrx_word' id='word_1_520' title='bbox 2504 2727 2729 2783; x_wconf 90' lang='lat' dir='ltr'><strong>meritis</strong></span> <span class='ocrx_word' id='word_1_521' title='bbox 2788 2727 3039 2784; x_wconf 89' lang='lat' dir='ltr'><strong>salutem</strong></span> <span class='ocrx_word' id='word_1_522' title='bbox 3105 2729 3236 2800; x_wconf 87' lang='lat' dir='ltr'><strong>ejus</strong></span> <span class='ocrx_word' id='word_1_523' title='bbox 3309 2730 3636 2787; x_wconf 84' lang='lat' dir='ltr'><strong>concedere</strong></span> 
     </span>
    </p>
   </div>
   <div class='ocr_carea' id='block_1_76' title="bbox 1975 2816 3637 2890">
    <p class='ocr_par' dir='ltr' id='par_1_76' title="bbox 1975 2816 3637 2890">
     <span class='ocr_line' id='line_1_76' title="bbox 1975 2816 3637 2890; baseline 0.002 -18"><span class='ocrx_word' id='word_1_524' title='bbox 1975 2817 2180 2885; x_wconf 88' lang='lat' dir='ltr'><strong>voluit,</strong></span> <span class='ocrx_word' id='word_1_525' title='bbox 2227 2821 2283 2873; x_wconf 94' lang='lat' dir='ltr'><strong>et</strong></span> <span class='ocrx_word' id='word_1_526' title='bbox 2327 2816 2551 2890; x_wconf 89' lang='lat' dir='ltr'><strong>quibus</strong></span> <span class='ocrx_word' id='word_1_527' title='bbox 2598 2816 2802 2885; x_wconf 88' lang='lat' dir='ltr'><strong>voluit,</strong></span> <span class='ocrx_word' id='word_1_528' title='bbox 2848 2833 2956 2889; x_wconf 91' lang='lat' dir='ltr'><strong>per</strong></span> <span class='ocrx_word' id='word_1_529' title='bbox 3002 2822 3327 2875; x_wconf 89' lang='lat' dir='ltr'><strong>nocturnas</strong></span> <span class='ocrx_word' id='word_1_530' title='bbox 3376 2820 3637 2876; x_wconf 88' lang='lat' dir='ltr'><strong>visiones</strong></span> 
     </span>
    </p>
   </div>
   <div class='ocr_carea' id='block_1_77' title="bbox 1975 2905 3636 2983">
    <p class='ocr_par' dir='ltr' id='par_1_77' title="bbox 1975 2905 3636 2983">
     <span class='ocr_line' id='line_1_77' title="bbox 1975 2905 3636 2983; baseline 0.002 -20"><span class='ocrx_word' id='word_1_531' title='bbox 1975 2905 2289 2964; x_wconf 88' lang='lat' dir='ltr'><strong>revelavit:</strong></span> <span class='ocrx_word' id='word_1_532' title='bbox 2341 2905 2487 2979; x_wconf 88' lang='lat' dir='ltr'><strong>quia</strong></span> <span class='ocrx_word' id='word_1_533' title='bbox 2532 2905 2734 2979; x_wconf 91' lang='lat' dir='ltr'><strong>puella</strong></span> <span class='ocrx_word' id='word_1_534' title='bbox 2780 2907 3132 2973; x_wconf 84' lang='lat' dir='ltr'><strong>mortalibus</strong></span> <span class='ocrx_word' id='word_1_535' title='bbox 3182 2908 3289 2964; x_wconf 92' lang='lat' dir='ltr'><strong>diu</strong></span> <span class='ocrx_word' id='word_1_536' title='bbox 3335 2909 3636 2983; x_wconf 89' lang='lat' dir='ltr'><strong>portentui</strong></span> 
     </span>
    </p>
   </div>
   <div class='ocr_carea' id='block_1_78' title="bbox 1974 2996 3635 3070">
    <p class='ocr_par' dir='ltr' id='par_1_78' title="bbox 1974 2996 3635 3070">
     <span class='ocr_line' id='line_1_78' title="bbox 1974 2996 3635 3070; baseline 0.001 -16"><span class='ocrx_word' id='word_1_537' title='bbox 1974 2996 2203 3063; x_wconf 88' lang='lat' dir='ltr'><strong>habita,</strong></span> <span class='ocrx_word' id='word_1_538' title='bbox 2281 2996 2359 3052; x_wconf 87' lang='lat' dir='ltr'><strong>ad</strong></span> <span class='ocrx_word' id='word_1_539' title='bbox 2434 2996 2793 3052; x_wconf 88' lang='lat' dir='ltr'><strong>memoriam</strong></span> <span class='ocrx_word' id='word_1_540' title='bbox 2852 2997 3135 3070; x_wconf 90' lang='lat' dir='ltr'><strong>martyris</strong></span> <span class='ocrx_word' id='word_1_541' title='bbox 3207 2999 3635 3057; x_wconf 90' lang='lat' dir='ltr'><strong>Emmerammi</strong></span> 
     </span>
    </p>
   </div>
   <div class='ocr_carea' id='block_1_79' title="bbox 1973 3085 3632 3159">
    <p class='ocr_par' dir='ltr' id='par_1_79' title="bbox 1973 3085 3632 3159">
     <span class='ocr_line' id='line_1_79' title="bbox 1973 3085 3632 3159; baseline 0.002 -16"><span class='ocrx_word' id='word_1_542' title='bbox 1973 3086 2217 3143; x_wconf 90' lang='lat' dir='ltr'><strong>deberet</strong></span> <span class='ocrx_word' id='word_1_543' title='bbox 2268 3085 2505 3142; x_wconf 91' lang='lat' dir='ltr'><strong>deduci.</strong></span> <span class='ocrx_word' id='word_1_544' title='bbox 2576 3086 2749 3151; x_wconf 86' lang='lat' dir='ltr'><strong>Quod</strong></span> <span class='ocrx_word' id='word_1_545' title='bbox 2807 3092 2872 3142; x_wconf 91' lang='lat' dir='ltr'><strong>ut</strong></span> <span class='ocrx_word' id='word_1_546' title='bbox 2944 3087 3294 3159; x_wconf 87' lang='lat' dir='ltr'><strong>parentibus</strong></span> <span class='ocrx_word' id='word_1_547' title='bbox 3355 3089 3632 3158; x_wconf 89' lang='lat' dir='ltr'><strong>innotuit,</strong></span> 
     </span>
    </p>
   </div>
   <div class='ocr_carea' id='block_1_80' title="bbox 1974 3173 3636 3248">
    <p class='ocr_par' dir='ltr' id='par_1_80' title="bbox 1974 3173 3636 3248">
     <span class='ocr_line' id='line_1_80' title="bbox 1974 3173 3636 3248; baseline 0.002 -18"><span class='ocrx_word' id='word_1_548' title='bbox 1974 3190 2228 3248; x_wconf 89' lang='lat' dir='ltr'><strong>propere</strong></span> <span class='ocrx_word' id='word_1_549' title='bbox 2259 3190 2328 3230; x_wconf 91' lang='lat' dir='ltr'><strong>ac</strong></span> <span class='ocrx_word' id='word_1_550' title='bbox 2373 3173 2646 3230; x_wconf 87' lang='lat' dir='ltr'><strong>alacriter</strong></span> <span class='ocrx_word' id='word_1_551' title='bbox 2683 3173 2870 3230; x_wconf 85' lang='lat' dir='ltr'><strong>tiliam</strong></span> <span class='ocrx_word' id='word_1_552' title='bbox 2918 3181 3315 3244; x_wconf 89' lang='lat' dir='ltr'><strong>assumentes,</strong></span> <span class='ocrx_word' id='word_1_553' title='bbox 3361 3177 3510 3233; x_wconf 90' lang='lat' dir='ltr'><strong>dum</strong></span> <span class='ocrx_word' id='word_1_554' title='bbox 3557 3177 3636 3233; x_wconf 89' lang='lat' dir='ltr'><strong>ad</strong></span> 
     </span>
    </p>
   </div>
   <div class='ocr_carea' id='block_1_81' title="bbox 1975 3264 3636 3338">
    <p class='ocr_par' dir='ltr' id='par_1_81' title="bbox 1975 3264 3636 3338">
     <span class='ocr_line' id='line_1_81' title="bbox 1975 3264 3636 3338; baseline 0.002 -19"><span class='ocrx_word' id='word_1_555' title='bbox 1975 3264 2212 3333; x_wconf 90' lang='lat' dir='ltr'><strong>urbem,</strong></span> <span class='ocrx_word' id='word_1_556' title='bbox 2268 3279 2403 3336; x_wconf 70' lang='lat' dir='ltr'><strong>quae</strong></span> <span class='ocrx_word' id='word_1_557' title='bbox 2470 3279 2710 3319; x_wconf 90' lang='lat' dir='ltr'><strong>sacrum</strong></span> <span class='ocrx_word' id='word_1_558' title='bbox 2763 3264 2892 3335; x_wconf 88' lang='lat' dir='ltr'><strong>ejus</strong></span> <span class='ocrx_word' id='word_1_559' title='bbox 2950 3279 3169 3337; x_wconf 89' lang='lat' dir='ltr'><strong>corpus</strong></span> <span class='ocrx_word' id='word_1_560' title='bbox 3238 3266 3636 3338; x_wconf 88' lang='lat' dir='ltr'><strong>amplectitur,</strong></span> 
     </span>
    </p>
   </div>
   <div class='ocr_carea' id='block_1_82' title="bbox 1975 3351 3638 3427">
    <p class='ocr_par' dir='ltr' id='par_1_82' title="bbox 1975 3351 3638 3427">
     <span class='ocr_line' id='line_1_82' title="bbox 1975 3351 3638 3427; baseline 0.001 -18"><span class='ocrx_word' id='word_1_561' title='bbox 1975 3353 2276 3427; x_wconf 84' lang='lat' dir='ltr'><strong>proﬁcisci</strong></span> <span class='ocrx_word' id='word_1_562' title='bbox 2302 3352 2541 3422; x_wconf 90' lang='lat' dir='ltr'><strong>vellent,</strong></span> <span class='ocrx_word' id='word_1_563' title='bbox 2573 3351 2679 3408; x_wconf 86' lang='lat' dir='ltr'><strong>sed</strong></span> <span class='ocrx_word' id='word_1_564' title='bbox 2717 3352 2797 3408; x_wconf 92' lang='lat' dir='ltr'><strong>ob</strong></span> <span class='ocrx_word' id='word_1_565' title='bbox 2836 3353 3059 3409; x_wconf 88' lang='lat' dir='ltr'><strong>itineris</strong></span> <span class='ocrx_word' id='word_1_566' title='bbox 3108 3353 3505 3426; x_wconf 82' lang='lat' dir='ltr'><strong>prolixitatem</strong></span> <span class='ocrx_word' id='word_1_567' title='bbox 3553 3356 3638 3411; x_wconf 87' lang='lat' dir='ltr'><strong>ire</strong></span> 
     </span>
    </p>
   </div>
   <div class='ocr_carea' id='block_1_83' title="bbox 1975 3441 3641 3514">
    <p class='ocr_par' dir='ltr' id='par_1_83' title="bbox 1975 3441 3641 3514">
     <span class='ocr_line' id='line_1_83' title="bbox 1975 3441 3641 3514; baseline 0.002 -15"><span class='ocrx_word' id='word_1_568' title='bbox 1975 3442 2333 3507; x_wconf 77' lang='lat' dir='ltr'><strong>difﬁderent,</strong></span> <span class='ocrx_word' id='word_1_569' title='bbox 2367 3458 2573 3498; x_wconf 88' lang='lat' dir='ltr'><strong>secum</strong></span> <span class='ocrx_word' id='word_1_570' title='bbox 2620 3458 2755 3498; x_wconf 90' lang='lat' dir='ltr'><strong>eam</strong></span> <span class='ocrx_word' id='word_1_571' title='bbox 2781 3441 3013 3499; x_wconf 90' lang='lat' dir='ltr'><strong>ducunt</strong></span> <span class='ocrx_word' id='word_1_572' title='bbox 3050 3442 3129 3499; x_wconf 85' lang='lat' dir='ltr'><strong>ad</strong></span> <span class='ocrx_word' id='word_1_573' title='bbox 3156 3443 3379 3514; x_wconf 90' lang='lat' dir='ltr'><strong>locum,</strong></span> <span class='ocrx_word' id='word_1_574' title='bbox 3407 3445 3512 3501; x_wconf 88' lang='lat' dir='ltr'><strong>ubi</strong></span> <span class='ocrx_word' id='word_1_575' title='bbox 3560 3450 3641 3502; x_wconf 89' lang='lat' dir='ltr'><strong>te-</strong></span> 
     </span>
    </p>
   </div>
   <div class='ocr_carea' id='block_1_84' title="bbox 1978 3531 3635 3609">
    <p class='ocr_par' dir='ltr' id='par_1_84' title="bbox 1978 3531 3635 3609">
     <span class='ocr_line' id='line_1_84' title="bbox 1978 3531 3635 3609; baseline 0.001 -20"><span class='ocrx_word' id='word_1_576' title='bbox 1978 3533 2081 3589; x_wconf 90' lang='lat' dir='ltr'><strong>stis</strong></span> <span class='ocrx_word' id='word_1_577' title='bbox 2112 3531 2305 3589; x_wconf 79' lang='lat' dir='ltr'><strong>fidelis</strong></span> <span class='ocrx_word' id='word_1_578' title='bbox 2327 3537 2728 3605; x_wconf 90' lang='lat' dir='ltr'><strong>purpuratum</strong></span> <span class='ocrx_word' id='word_1_579' title='bbox 2749 3533 2979 3605; x_wconf 90' lang='lat' dir='ltr'><strong>accepit</strong></span> <span class='ocrx_word' id='word_1_580' title='bbox 2996 3533 3225 3589; x_wconf 90' lang='lat' dir='ltr'><strong>martiri</strong></span> <span class='ocrx_word' id='word_1_581' title='bbox 3246 3533 3635 3609; x_wconf 91' lang='lat' dir='ltr'><strong>triumphum.</strong></span> 
     </span>
    </p>
   </div>
   <div class='ocr_carea' id='block_1_85' title="bbox 1977 3620 3639 3697">
    <p class='ocr_par' dir='ltr' id='par_1_85' title="bbox 1977 3620 3639 3697">
     <span class='ocr_line' id='line_1_85' title="bbox 1977 3620 3639 3697; baseline 0.004 -22"><span class='ocrx_word' id='word_1_582' title='bbox 1977 3622 2043 3677; x_wconf 92' lang='lat' dir='ltr'><strong>In</strong></span> <span class='ocrx_word' id='word_1_583' title='bbox 2067 3638 2189 3695; x_wconf 91' lang='lat' dir='ltr'><strong>quo</strong></span> <span class='ocrx_word' id='word_1_584' title='bbox 2222 3626 2288 3677; x_wconf 90' lang='lat' dir='ltr'><strong>ut</strong></span> <span class='ocrx_word' id='word_1_585' title='bbox 2316 3620 2443 3677; x_wconf 91' lang='lat' dir='ltr'><strong>solo</strong></span> <span class='ocrx_word' id='word_1_586' title='bbox 2470 3624 2643 3676; x_wconf 87' lang='lat' dir='ltr'><strong>tenus</strong></span> <span class='ocrx_word' id='word_1_587' title='bbox 2668 3620 3004 3693; x_wconf 87' lang='lat' dir='ltr'><strong>humiliata,</strong></span> <span class='ocrx_word' id='word_1_588' title='bbox 3026 3638 3137 3696; x_wconf 92' lang='lat' dir='ltr'><strong>pro</strong></span> <span class='ocrx_word' id='word_1_589' title='bbox 3165 3639 3346 3697; x_wconf 88' lang='lat' dir='ltr'><strong>posse</strong></span> <span class='ocrx_word' id='word_1_590' title='bbox 3377 3629 3435 3681; x_wconf 92' lang='lat' dir='ltr'><strong>et</strong></span> <span class='ocrx_word' id='word_1_591' title='bbox 3462 3641 3639 3682; x_wconf 91' lang='lat' dir='ltr'><strong>nosse</strong></span> 
     </span>
    </p>
   </div>
   <div class='ocr_carea' id='block_1_86' title="bbox 1977 3710 3639 3787">
    <p class='ocr_par' dir='ltr' id='par_1_86' title="bbox 1977 3710 3639 3787">
     <span class='ocr_line' id='line_1_86' title="bbox 1977 3710 3639 3787; baseline 0.003 -21"><span class='ocrx_word' id='word_1_592' title='bbox 1977 3710 2187 3778; x_wconf 91' lang='lat' dir='ltr'><strong>oravit,</strong></span> <span class='ocrx_word' id='word_1_593' title='bbox 2243 3713 2440 3766; x_wconf 83' lang='lat' dir='ltr'><strong>erecta</strong></span> <span class='ocrx_word' id='word_1_594' title='bbox 2493 3710 2702 3780; x_wconf 90' lang='lat' dir='ltr'><strong>surgit,</strong></span> <span class='ocrx_word' id='word_1_595' title='bbox 2784 3726 3008 3784; x_wconf 89' lang='lat' dir='ltr'><strong>panem</strong></span> <span class='ocrx_word' id='word_1_596' title='bbox 3061 3713 3275 3784; x_wconf 91' lang='lat' dir='ltr'><strong>poscit,</strong></span> <span class='ocrx_word' id='word_1_597' title='bbox 3338 3714 3444 3787; x_wconf 91' lang='lat' dir='ltr'><strong>qui</strong></span> <span class='ocrx_word' id='word_1_598' title='bbox 3499 3731 3639 3771; x_wconf 91' lang='lat' dir='ltr'><strong>cum</strong></span> 
     </span>
    </p>
   </div>
   <div class='ocr_carea' id='block_1_87' title="bbox 1978 3798 3641 3871">
    <p class='ocr_par' dir='ltr' id='par_1_87' title="bbox 1978 3798 3641 3871">
     <span class='ocr_line' id='line_1_87' title="bbox 1978 3798 3641 3871; baseline 0.002 -17"><span class='ocrx_word' id='word_1_599' title='bbox 1978 3798 2171 3867; x_wconf 90' lang='lat' dir='ltr'><strong>adest,</strong></span> <span class='ocrx_word' id='word_1_600' title='bbox 2203 3802 2318 3854; x_wconf 89' lang='lat' dir='ltr'><strong>stat</strong></span> <span class='ocrx_word' id='word_1_601' title='bbox 2347 3814 2496 3854; x_wconf 89' lang='lat' dir='ltr'><strong>sana</strong></span> <span class='ocrx_word' id='word_1_602' title='bbox 2526 3803 2584 3855; x_wconf 90' lang='lat' dir='ltr'><strong>et</strong></span> <span class='ocrx_word' id='word_1_603' title='bbox 2607 3803 2714 3854; x_wconf 89' lang='lat' dir='ltr'><strong>est.</strong></span> <span class='ocrx_word' id='word_1_604' title='bbox 2751 3799 3066 3855; x_wconf 86' lang='lat' dir='ltr'><strong>Christiani</strong></span> <span class='ocrx_word' id='word_1_605' title='bbox 3094 3801 3199 3871; x_wconf 90' lang='lat' dir='ltr'><strong>qui</strong></span> <span class='ocrx_word' id='word_1_606' title='bbox 3228 3802 3498 3869; x_wconf 89' lang='lat' dir='ltr'><strong>aderant,</strong></span> <span class='ocrx_word' id='word_1_607' title='bbox 3531 3803 3641 3858; x_wconf 88' lang='lat' dir='ltr'><strong>mi-</strong></span> 
     </span>
    </p>
   </div>
   <div class='ocr_carea' id='block_1_88' title="bbox 1978 3884 3640 3955">
    <p class='ocr_par' dir='ltr' id='par_1_88' title="bbox 1978 3884 3640 3955">
     <span class='ocr_line' id='line_1_88' title="bbox 1978 3884 3640 3955; baseline 0.002 -14"><span class='ocrx_word' id='word_1_608' title='bbox 1978 3884 2193 3941; x_wconf 90' lang='lat' dir='ltr'><strong>rabilia</strong></span> <span class='ocrx_word' id='word_1_609' title='bbox 2241 3885 2450 3941; x_wconf 88' lang='lat' dir='ltr'><strong>Christi</strong></span> <span class='ocrx_word' id='word_1_610' title='bbox 2506 3885 2799 3952; x_wconf 90' lang='lat' dir='ltr'><strong>videntes,</strong></span> <span class='ocrx_word' id='word_1_611' title='bbox 2857 3885 3192 3941; x_wconf 88' lang='lat' dir='ltr'><strong>laudabant</strong></span> <span class='ocrx_word' id='word_1_612' title='bbox 3241 3902 3403 3955; x_wconf 88' lang='lat' dir='ltr'><strong>eum,</strong></span> <span class='ocrx_word' id='word_1_613' title='bbox 3460 3890 3640 3944; x_wconf 88' lang='lat' dir='ltr'><strong>etiam</strong></span> 
     </span>
    </p>
   </div>
   <div class='ocr_carea' id='block_1_89' title="bbox 1980 3973 3643 4047">
    <p class='ocr_par' dir='ltr' id='par_1_89' title="bbox 1980 3973 3643 4047">
     <span class='ocr_line' id='line_1_89' title="bbox 1980 3973 3643 4047; baseline 0.001 -17"><span class='ocrx_word' id='word_1_614' title='bbox 1980 3978 2122 4030; x_wconf 90' lang='lat' dir='ltr'><strong>tunc</strong></span> <span class='ocrx_word' id='word_1_615' title='bbox 2151 3973 2423 4029; x_wconf 88' lang='lat' dir='ltr'><strong>fortassis</strong></span> <span class='ocrx_word' id='word_1_616' title='bbox 2481 3973 2913 4041; x_wconf 89' lang='lat' dir='ltr'><strong>vociferantes;</strong></span> <span class='ocrx_word' id='word_1_617' title='bbox 2945 3989 3057 4028; x_wconf 92' lang='lat' dir='ltr'><strong>nos</strong></span> <span class='ocrx_word' id='word_1_618' title='bbox 3110 3990 3249 4029; x_wconf 89' lang='lat' dir='ltr'><strong>vero</strong></span> <span class='ocrx_word' id='word_1_619' title='bbox 3297 3974 3497 4047; x_wconf 90' lang='lat' dir='ltr'><strong>ipsum</strong></span> <span class='ocrx_word' id='word_1_620' title='bbox 3527 3976 3643 4031; x_wconf 93' lang='lat' dir='ltr'><strong>col-</strong></span> 
     </span>
    </p>
   </div>
   <div class='ocr_carea' id='block_1_90' title="bbox 1980 4060 3643 4123">
    <p class='ocr_par' dir='ltr' id='par_1_90' title="bbox 1980 4060 3643 4123">
     <span class='ocr_line' id='line_1_90' title="bbox 1980 4060 3643 4123; baseline 0.001 -3"><span class='ocrx_word' id='word_1_621' title='bbox 1980 4062 2303 4120; x_wconf 89' lang='lat' dir='ltr'><strong>laudamus</strong></span> <span class='ocrx_word' id='word_1_622' title='bbox 2328 4077 2491 4118; x_wconf 91' lang='lat' dir='ltr'><strong>nunc</strong></span> <span class='ocrx_word' id='word_1_623' title='bbox 2520 4061 2634 4117; x_wconf 90' lang='lat' dir='ltr'><strong>sub</strong></span> <span class='ocrx_word' id='word_1_624' title='bbox 2660 4060 2892 4117; x_wconf 89' lang='lat' dir='ltr'><strong>silentio</strong></span> <span class='ocrx_word' id='word_1_625' title='bbox 2916 4062 3045 4117; x_wconf 63' lang='lat' dir='ltr'><strong>haec</strong></span> <span class='ocrx_word' id='word_1_626' title='bbox 3070 4062 3518 4120; x_wconf 88' lang='lat' dir='ltr'><strong>reminiscentes</strong></span> <span class='ocrx_word' id='word_1_627' title='bbox 3548 4066 3643 4123; x_wconf 89' lang='lat' dir='ltr'><strong>vel</strong></span> 
     </span>
    </p>
   </div>
   <div class='ocr_carea' id='block_1_91' title="bbox 1980 4149 3644 4227">
    <p class='ocr_par' dir='ltr' id='par_1_91' title="bbox 1980 4149 3644 4227">
     <span class='ocr_line' id='line_1_91' title="bbox 1980 4149 3644 4227; baseline 0.001 -19"><span class='ocrx_word' id='word_1_628' title='bbox 1980 4150 2437 4226; x_wconf 87' lang='lat' dir='ltr'><strong>pronunciantis</strong></span> <span class='ocrx_word' id='word_1_629' title='bbox 2489 4149 2687 4206; x_wconf 81' lang='lat' dir='ltr'><strong>oﬂicio</strong></span> <span class='ocrx_word' id='word_1_630' title='bbox 2713 4150 2995 4219; x_wconf 88' lang='lat' dir='ltr'><strong>legentes.</strong></span> <span class='ocrx_word' id='word_1_631' title='bbox 3048 4154 3131 4208; x_wconf 88' lang='lat' dir='ltr'><strong>Tu</strong></span> <span class='ocrx_word' id='word_1_632' title='bbox 3181 4157 3384 4209; x_wconf 88' lang='lat' dir='ltr'><strong>autem</strong></span> <span class='ocrx_word' id='word_1_633' title='bbox 3413 4156 3644 4227; x_wconf 88' lang='lat' dir='ltr'><strong>martyr</strong></span> 
     </span>
    </p>
   </div>
   <div class='ocr_carea' id='block_1_92' title="bbox 204 4239 3642 4340">
    <p class='ocr_par' dir='ltr' id='par_1_92' title="bbox 204 4239 3642 4340">
     <span class='ocr_line' id='line_1_92' title="bbox 204 4239 3642 4340; baseline 0 -39"><span class='ocrx_word' id='word_1_634' title='bbox 204 4243 413 4301; x_wconf 89' lang='lat' dir='ltr'><strong>multis</strong></span> <span class='ocrx_word' id='word_1_635' title='bbox 457 4241 727 4299; x_wconf 74' lang='lat' dir='ltr'><strong>validum</strong></span> <span class='ocrx_word' id='word_1_636' title='bbox 776 4245 1124 4315; x_wconf 91' lang='lat' dir='ltr'><strong>patronum,</strong></span> <span class='ocrx_word' id='word_1_637' title='bbox 1297 4239 1871 4313; x_wconf 88' lang='lat' dir='ltr'><strong>interpellationibus</strong></span> <span class='ocrx_word' id='word_1_638' title='bbox 1909 4284 1955 4340; x_wconf 70' lang='grc' dir='ltr'><strong>Β</strong></span> <span class='ocrx_word' id='word_1_639' title='bbox 1986 4241 2163 4309; x_wconf 90' lang='lat' dir='ltr'><strong>alme,</strong></span> <span class='ocrx_word' id='word_1_640' title='bbox 2223 4240 2462 4314; x_wconf 90' lang='lat' dir='ltr'><strong>piorum</strong></span> <span class='ocrx_word' id='word_1_641' title='bbox 2512 4240 2661 4296; x_wconf 91' lang='lat' dir='ltr'><strong>votis</strong></span> <span class='ocrx_word' id='word_1_642' title='bbox 2719 4242 3159 4299; x_wconf 88' lang='lat' dir='ltr'><strong>Emmeramme</strong></span> <span class='ocrx_word' id='word_1_643' title='bbox 3216 4242 3485 4313; x_wconf 90' lang='lat' dir='ltr'><strong>colende,</strong></span> <span class='ocrx_word' id='word_1_644' title='bbox 3530 4260 3642 4318; x_wconf 91' lang='lat' dir='ltr'><strong>pro</strong></span> 
     </span>
    </p>
   </div>
   <div class='ocr_carea' id='block_1_93' title="bbox 206 4328 1638 4406">
    <p class='ocr_par' dir='ltr' id='par_1_93' title="bbox 206 4328 1638 4406">
     <span class='ocr_line' id='line_1_93' title="bbox 206 4328 1638 4406; baseline -0.003 -17"><span class='ocrx_word' id='word_1_645' title='bbox 206 4334 368 4406; x_wconf 89' lang='lat' dir='ltr'><strong>ejus,</strong></span> <span class='ocrx_word' id='word_1_646' title='bbox 401 4332 496 4387; x_wconf 77' lang='lat' dir='ltr'><strong>hic</strong></span> <span class='ocrx_word' id='word_1_647' title='bbox 523 4336 581 4388; x_wconf 92' lang='lat' dir='ltr'><strong>et</strong></span> <span class='ocrx_word' id='word_1_648' title='bbox 609 4331 671 4387; x_wconf 92' lang='lat' dir='ltr'><strong>in</strong></span> <span class='ocrx_word' id='word_1_649' title='bbox 699 4334 989 4387; x_wconf 73' lang='lat' dir='ltr'><strong>aeternum</strong></span> <span class='ocrx_word' id='word_1_650' title='bbox 1021 4329 1102 4385; x_wconf 92' lang='lat' dir='ltr'><strong>sis</strong></span> <span class='ocrx_word' id='word_1_651' title='bbox 1129 4328 1304 4385; x_wconf 91' lang='lat' dir='ltr'><strong>nobis</strong></span> <span class='ocrx_word' id='word_1_652' title='bbox 1328 4329 1638 4402; x_wconf 88' lang='lat' dir='ltr'><strong>propitius.</strong></span> 
     </span>
    </p>
   </div>
   <div class='ocr_carea' id='block_1_94' title="bbox 286 4418 1871 4494">
    <p class='ocr_par' dir='ltr' id='par_1_94' title="bbox 286 4418 1871 4494">
     <span class='ocr_line' id='line_1_94' title="bbox 286 4418 1871 4494; baseline -0.002 -16"><span class='ocrx_word' id='word_1_653' title='bbox 286 4425 339 4478; x_wconf 76' lang='grc'><strong>4.</strong></span> <span class='ocrx_word' id='word_1_654' title='bbox 373 4424 508 4479; x_wconf 85' lang='lat' dir='ltr'><strong>Erat</strong></span> <span class='ocrx_word' id='word_1_655' title='bbox 532 4420 818 4494; x_wconf 58' lang='lat' dir='ltr'><strong>quaedam</strong></span> <span class='ocrx_word' id='word_1_656' title='bbox 862 4418 1065 4493; x_wconf 89' lang='lat' dir='ltr'><strong>puella</strong></span> <span class='ocrx_word' id='word_1_657' title='bbox 1093 4418 1155 4474; x_wconf 95' lang='lat' dir='ltr'><strong>in</strong></span> <span class='ocrx_word' id='word_1_658' title='bbox 1187 4418 1577 4488; x_wconf 87' lang='lat' dir='ltr'><strong>Frisingensis</strong></span> <span class='ocrx_word' id='word_1_659' title='bbox 1611 4418 1871 4477; x_wconf 80' lang='lat' dir='ltr'><strong>ecclesiae</strong></span> 
     </span>
    </p>
   </div>
   <div class='ocr_carea' id='block_1_95' title="bbox 213 4506 1872 4579">
    <p class='ocr_par' dir='ltr' id='par_1_95' title="bbox 213 4506 1872 4579">
     <span class='ocr_line' id='line_1_95' title="bbox 213 4506 1872 4579; baseline -0.002 -13"><span class='ocrx_word' id='word_1_660' title='bbox 213 4509 458 4567; x_wconf 75' lang='lat' dir='ltr'><strong>dimcesi</strong></span> <span class='ocrx_word' id='word_1_661' title='bbox 530 4508 872 4565; x_wconf 90' lang='lat' dir='ltr'><strong>constituta.</strong></span> <span class='ocrx_word' id='word_1_662' title='bbox 948 4507 1086 4563; x_wconf 76' lang='lat' dir='ltr'><strong>Haec</strong></span> <span class='ocrx_word' id='word_1_663' title='bbox 1159 4508 1295 4579; x_wconf 82' lang='lat'><strong>(56),</strong></span> <span class='ocrx_word' id='word_1_664' title='bbox 1352 4511 1417 4563; x_wconf 92' lang='lat' dir='ltr'><strong>ut</strong></span> <span class='ocrx_word' id='word_1_665' title='bbox 1484 4506 1657 4563; x_wconf 90' lang='lat' dir='ltr'><strong>solita</strong></span> <span class='ocrx_word' id='word_1_666' title='bbox 1725 4512 1872 4578; x_wconf 90' lang='lat' dir='ltr'><strong>erat,</strong></span> 
     </span>
    </p>
   </div>
   <div class='ocr_carea' id='block_1_96' title="bbox 211 4596 1874 4674">
    <p class='ocr_par' dir='ltr' id='par_1_96' title="bbox 211 4596 1874 4674">
     <span class='ocr_line' id='line_1_96' title="bbox 211 4596 1874 4674; baseline -0.001 -19"><span class='ocrx_word' id='word_1_667' title='bbox 211 4598 411 4674; x_wconf 85' lang='lat' dir='ltr'><strong>primo</strong></span> <span class='ocrx_word' id='word_1_668' title='bbox 476 4597 741 4654; x_wconf 84' lang='lat' dir='ltr'><strong>diluculo</strong></span> <span class='ocrx_word' id='word_1_669' title='bbox 802 4596 1183 4671; x_wconf 89' lang='lat' dir='ltr'><strong>progreditur</strong></span> <span class='ocrx_word' id='word_1_670' title='bbox 1236 4596 1316 4652; x_wconf 91' lang='lat' dir='ltr'><strong>ad</strong></span> <span class='ocrx_word' id='word_1_671' title='bbox 1390 4596 1874 4654; x_wconf 81' lang='lat' dir='ltr'><strong>exercitationem</strong></span> 
     </span>
    </p>
   </div>
   <div class='ocr_carea' id='block_1_97' title="bbox 211 4686 1876 4763">
    <p class='ocr_par' dir='ltr' id='par_1_97' title="bbox 211 4686 1876 4763">
     <span class='ocr_line' id='line_1_97' title="bbox 211 4686 1876 4763; baseline -0.002 -16"><span class='ocrx_word' id='word_1_672' title='bbox 211 4706 372 4747; x_wconf 66' lang='lat' dir='ltr'><strong>cura:</strong></span> <span class='ocrx_word' id='word_1_673' title='bbox 402 4686 875 4763; x_wconf 89' lang='lat' dir='ltr'><strong>pastoralis,quo</strong></span> <span class='ocrx_word' id='word_1_674' title='bbox 902 4686 1125 4742; x_wconf 90' lang='lat' dir='ltr'><strong>scilicet</strong></span> <span class='ocrx_word' id='word_1_675' title='bbox 1144 4686 1220 4742; x_wconf 89' lang='lat' dir='ltr'><strong>ad</strong></span> <span class='ocrx_word' id='word_1_676' title='bbox 1247 4702 1479 4758; x_wconf 89' lang='lat' dir='ltr'><strong>pascua</strong></span> <span class='ocrx_word' id='word_1_677' title='bbox 1509 4686 1751 4743; x_wconf 88' lang='lat' dir='ltr'><strong>duceret</strong></span> <span class='ocrx_word' id='word_1_678' title='bbox 1778 4703 1876 4761; x_wconf 90' lang='lat' dir='ltr'><strong>pe-</strong></span> 
     </span>
    </p>
   </div>
   <div class='ocr_carea' id='block_1_98' title="bbox 1985 4329 3643 4404">
    <p class='ocr_par' dir='ltr' id='par_1_98' title="bbox 1985 4329 3643 4404">
     <span class='ocr_line' id='line_1_98' title="bbox 1985 4329 3643 4404; baseline 0.002 -16"><span class='ocrx_word' id='word_1_679' title='bbox 1985 4332 2158 4403; x_wconf 91' lang='lat' dir='ltr'><strong>cujus</strong></span> <span class='ocrx_word' id='word_1_680' title='bbox 2211 4329 2590 4387; x_wconf 87' lang='lat' dir='ltr'><strong>veneratione</strong></span> <span class='ocrx_word' id='word_1_681' title='bbox 2644 4330 2821 4404; x_wconf 89' lang='lat' dir='ltr'><strong>panis</strong></span> <span class='ocrx_word' id='word_1_682' title='bbox 2891 4330 3060 4388; x_wconf 90' lang='lat' dir='ltr'><strong>vivus</strong></span> <span class='ocrx_word' id='word_1_683' title='bbox 3115 4332 3475 4390; x_wconf 88' lang='lat' dir='ltr'><strong>miraculum</strong></span> <span class='ocrx_word' id='word_1_684' title='bbox 3527 4333 3643 4391; x_wconf 90' lang='lat' dir='ltr'><strong>hoc</strong></span> 
     </span>
    </p>
   </div>
   <div class='ocr_carea' id='block_1_99' title="bbox 1980 4419 3642 4494">
    <p class='ocr_par' dir='ltr' id='par_1_99' title="bbox 1980 4419 3642 4494">
     <span class='ocr_line' id='line_1_99' title="bbox 1980 4419 3642 4494; baseline 0 -16"><span class='ocrx_word' id='word_1_685' title='bbox 1980 4421 2119 4479; x_wconf 87' lang='lat' dir='ltr'><strong>fecit</strong></span> <span class='ocrx_word' id='word_1_686' title='bbox 2146 4420 2208 4477; x_wconf 93' lang='lat' dir='ltr'><strong>in</strong></span> <span class='ocrx_word' id='word_1_687' title='bbox 2252 4435 2429 4493; x_wconf 89' lang='lat' dir='ltr'><strong>pane,</strong></span> <span class='ocrx_word' id='word_1_688' title='bbox 2462 4419 2629 4494; x_wconf 88' lang='lat' dir='ltr'><strong>apud</strong></span> <span class='ocrx_word' id='word_1_689' title='bbox 2659 4436 2801 4477; x_wconf 91' lang='lat' dir='ltr'><strong>eum</strong></span> <span class='ocrx_word' id='word_1_690' title='bbox 2845 4421 3023 4478; x_wconf 90' lang='lat' dir='ltr'><strong>nobis</strong></span> <span class='ocrx_word' id='word_1_691' title='bbox 3072 4422 3277 4480; x_wconf 89' lang='lat' dir='ltr'><strong>obtine</strong></span> <span class='ocrx_word' id='word_1_692' title='bbox 3317 4427 3383 4478; x_wconf 90' lang='lat' dir='ltr'><strong>ut</strong></span> <span class='ocrx_word' id='word_1_693' title='bbox 3404 4423 3553 4479; x_wconf 91' lang='lat' dir='ltr'><strong>illud</strong></span> <span class='ocrx_word' id='word_1_694' title='bbox 3580 4423 3642 4478; x_wconf 92' lang='lat' dir='ltr'><strong>in</strong></span> 
     </span>
    </p>
   </div>
   <div class='ocr_carea' id='block_1_100' title="bbox 1981 4510 3645 4585">
    <p class='ocr_par' dir='ltr' id='par_1_100' title="bbox 1981 4510 3645 4585">
     <span class='ocr_line' id='line_1_100' title="bbox 1981 4510 3645 4585; baseline -0.001 -16"><span class='ocrx_word' id='word_1_695' title='bbox 1981 4527 2169 4583; x_wconf 90' lang='lat' dir='ltr'><strong>regno</strong></span> <span class='ocrx_word' id='word_1_696' title='bbox 2200 4526 2381 4584; x_wconf 87' lang='lat' dir='ltr'><strong>super</strong></span> <span class='ocrx_word' id='word_1_697' title='bbox 2408 4527 2685 4568; x_wconf 89' lang='lat' dir='ltr'><strong>mensam</strong></span> <span class='ocrx_word' id='word_1_698' title='bbox 2733 4510 2891 4568; x_wconf 90' lang='lat' dir='ltr'><strong>illius</strong></span> <span class='ocrx_word' id='word_1_699' title='bbox 2917 4529 3058 4569; x_wconf 91' lang='lat' dir='ltr'><strong>cum</strong></span> <span class='ocrx_word' id='word_1_700' title='bbox 3100 4513 3277 4585; x_wconf 90' lang='lat' dir='ltr'><strong>justis</strong></span> <span class='ocrx_word' id='word_1_701' title='bbox 3306 4511 3559 4568; x_wconf 88' lang='lat' dir='ltr'><strong>edamus</strong></span> <span class='ocrx_word' id='word_1_702' title='bbox 3588 4516 3645 4567; x_wconf 88' lang='lat' dir='ltr'><strong>et</strong></span> 
     </span>
    </p>
   </div>
   <div class='ocr_carea' id='block_1_101' title="bbox 1980 4600 2287 4658">
    <p class='ocr_par' dir='ltr' id='par_1_101' title="bbox 1980 4600 2287 4658">
     <span class='ocr_line' id='line_1_101' title="bbox 1980 4600 2287 4658; baseline -0.003 -2"><span class='ocrx_word' id='word_1_703' title='bbox 1980 4600 2287 4658; x_wconf 88' lang='lat' dir='ltr'><strong>bibamus.</strong></span> 
     </span>
    </p>
   </div>
   <div class='ocr_carea' id='block_1_102' title="bbox 2054 4689 3645 4765">
    <p class='ocr_par' dir='ltr' id='par_1_102' title="bbox 2054 4689 3645 4765">
     <span class='ocr_line' id='line_1_102' title="bbox 2054 4689 3645 4765; baseline -0.002 -18"><span class='ocrx_word' id='word_1_704' title='bbox 2054 4696 2105 4747; x_wconf 91' lang='lat'><strong>6.</strong></span> <span class='ocrx_word' id='word_1_705' title='bbox 2140 4694 2375 4758; x_wconf 89' lang='lat' dir='ltr'><strong>Quanto</strong></span> <span class='ocrx_word' id='word_1_706' title='bbox 2403 4692 2631 4749; x_wconf 92' lang='lat' dir='ltr'><strong>honore</strong></span> <span class='ocrx_word' id='word_1_707' title='bbox 2660 4696 2718 4749; x_wconf 92' lang='lat' dir='ltr'><strong>et</strong></span> <span class='ocrx_word' id='word_1_708' title='bbox 2746 4708 2871 4765; x_wconf 89' lang='lat' dir='ltr'><strong>qua</strong></span> <span class='ocrx_word' id='word_1_709' title='bbox 2900 4689 3250 4762; x_wconf 89' lang='lat' dir='ltr'><strong>reverentia,</strong></span> <span class='ocrx_word' id='word_1_710' title='bbox 3273 4706 3397 4763; x_wconf 89' lang='lat' dir='ltr'><strong>quo</strong></span> <span class='ocrx_word' id='word_1_711' title='bbox 3428 4689 3645 4745; x_wconf 85' lang='lat' dir='ltr'><strong>attectu</strong></span> 
     </span>
    </p>
   </div>
   <div class='ocr_carea' id='block_1_103' title="bbox 211 4775 3647 4856">
    <p class='ocr_par' dir='ltr' id='par_1_103' title="bbox 211 4775 3647 4856">
     <span class='ocr_line' id='line_1_103' title="bbox 211 4775 3647 4856; baseline -0.001 -21"><span class='ocrx_word' id='word_1_712' title='bbox 211 4795 359 4836; x_wconf 88' lang='lat' dir='ltr'><strong>cora</strong></span> <span class='ocrx_word' id='word_1_713' title='bbox 384 4778 472 4835; x_wconf 90' lang='lat' dir='ltr'><strong>sui</strong></span> <span class='ocrx_word' id='word_1_714' title='bbox 503 4776 763 4848; x_wconf 85' lang='lat' dir='ltr'><strong>genitris.</strong></span> <span class='ocrx_word' id='word_1_715' title='bbox 806 4775 1062 4846; x_wconf 89' lang='lat' dir='ltr'><strong>Contigit</strong></span> <span class='ocrx_word' id='word_1_716' title='bbox 1104 4779 1306 4832; x_wconf 87' lang='lat' dir='ltr'><strong>autem</strong></span> <span class='ocrx_word' id='word_1_717' title='bbox 1348 4792 1485 4832; x_wconf 90' lang='lat' dir='ltr'><strong>eam</strong></span> <span class='ocrx_word' id='word_1_718' title='bbox 1529 4775 1764 4833; x_wconf 90' lang='lat' dir='ltr'><strong>occulto</strong></span> <span class='ocrx_word' id='word_1_719' title='bbox 1796 4776 1878 4833; x_wconf 92' lang='lat' dir='ltr'><strong>ibi</strong></span> <span class='ocrx_word' id='word_1_720' title='bbox 1981 4781 2288 4856; x_wconf 90' lang='lat' dir='ltr'><strong>principes</strong></span> <span class='ocrx_word' id='word_1_721' title='bbox 2311 4780 2560 4838; x_wconf 90' lang='lat' dir='ltr'><strong>beatum</strong></span> <span class='ocrx_word' id='word_1_722' title='bbox 2591 4784 3108 4838; x_wconf 87' lang='lat' dir='ltr'><strong>Emmerammum</strong></span> <span class='ocrx_word' id='word_1_723' title='bbox 3152 4778 3463 4847; x_wconf 89' lang='lat' dir='ltr'><strong>coluerint,</strong></span> <span class='ocrx_word' id='word_1_724' title='bbox 3494 4778 3647 4835; x_wconf 91' lang='lat' dir='ltr'><strong>inter</strong></span> 
     </span>
    </p>
   </div>
   <div class='ocr_carea' id='block_1_104' title="bbox 214 4865 1875 4940">
    <p class='ocr_par' dir='ltr' id='par_1_104' title="bbox 214 4865 1875 4940">
     <span class='ocr_line' id='line_1_104' title="bbox 214 4865 1875 4940; baseline -0.001 -16"><span class='ocrx_word' id='word_1_725' title='bbox 214 4867 317 4924; x_wconf 91' lang='lat' dir='ltr'><strong>Dei</strong></span> <span class='ocrx_word' id='word_1_726' title='bbox 342 4865 571 4940; x_wconf 90' lang='lat' dir='ltr'><strong>judicio</strong></span> <span class='ocrx_word' id='word_1_727' title='bbox 602 4866 798 4922; x_wconf 87' lang='lat' dir='ltr'><strong>subito</strong></span> <span class='ocrx_word' id='word_1_728' title='bbox 848 4865 1027 4922; x_wconf 89' lang='lat' dir='ltr'><strong>talem</strong></span> <span class='ocrx_word' id='word_1_729' title='bbox 1082 4865 1324 4938; x_wconf 90' lang='lat' dir='ltr'><strong>spiritus</strong></span> <span class='ocrx_word' id='word_1_730' title='bbox 1356 4865 1626 4938; x_wconf 90' lang='lat' dir='ltr'><strong>accipere</strong></span> <span class='ocrx_word' id='word_1_731' title='bbox 1655 4865 1875 4923; x_wconf 78' lang='lat' dir='ltr'><strong>immu—</strong></span> 
     </span>
    </p>
   </div>
   <div class='ocr_carea' id='block_1_105' title="bbox 1984 4867 3649 4943">
    <p class='ocr_par' dir='ltr' id='par_1_105' title="bbox 1984 4867 3649 4943">
     <span class='ocr_line' id='line_1_105' title="bbox 1984 4867 3649 4943; baseline -0.002 -14"><span class='ocrx_word' id='word_1_732' title='bbox 1984 4876 2179 4929; x_wconf 90' lang='lat' dir='ltr'><strong>cetera</strong></span> <span class='ocrx_word' id='word_1_733' title='bbox 2208 4871 2321 4928; x_wconf 90' lang='lat' dir='ltr'><strong>sibi</strong></span> <span class='ocrx_word' id='word_1_734' title='bbox 2350 4871 2428 4926; x_wconf 90' lang='lat' dir='ltr'><strong>ab</strong></span> <span class='ocrx_word' id='word_1_735' title='bbox 2458 4871 2550 4926; x_wconf 87' lang='lat' dir='ltr'><strong>his</strong></span> <span class='ocrx_word' id='word_1_736' title='bbox 2572 4870 2789 4927; x_wconf 90' lang='lat' dir='ltr'><strong>collata</strong></span> <span class='ocrx_word' id='word_1_737' title='bbox 2804 4870 3014 4943; x_wconf 87' lang='lat' dir='ltr'><strong>predia</strong></span> <span class='ocrx_word' id='word_1_738' title='bbox 3043 4886 3151 4926; x_wconf 90' lang='lat' dir='ltr'><strong>seu</strong></span> <span class='ocrx_word' id='word_1_739' title='bbox 3171 4868 3445 4942; x_wconf 88' lang='lat' dir='ltr'><strong>preciosa</strong></span> <span class='ocrx_word' id='word_1_740' title='bbox 3462 4867 3649 4925; x_wconf 89' lang='lat' dir='ltr'><strong>dona-</strong></span> 
     </span>
    </p>
   </div>
   <div class='ocr_carea' id='block_1_106' title="bbox 212 4953 3648 5030">
    <p class='ocr_par' dir='ltr' id='par_1_106' title="bbox 212 4953 3648 5030">
     <span class='ocr_line' id='line_1_106' title="bbox 212 4953 3648 5030; baseline 0 -17"><span class='ocrx_word' id='word_1_741' title='bbox 212 4956 524 5027; x_wconf 88' lang='lat' dir='ltr'><strong>tationem,</strong></span> <span class='ocrx_word' id='word_1_742' title='bbox 573 4958 636 5011; x_wconf 92' lang='lat' dir='ltr'><strong>ut</strong></span> <span class='ocrx_word' id='word_1_743' title='bbox 666 4954 749 5010; x_wconf 91' lang='lat' dir='ltr'><strong>nil</strong></span> <span class='ocrx_word' id='word_1_744' title='bbox 799 4953 1065 5012; x_wconf 89' lang='lat' dir='ltr'><strong>alimenti</strong></span> <span class='ocrx_word' id='word_1_745' title='bbox 1120 4953 1180 5010; x_wconf 93' lang='lat' dir='ltr'><strong>in</strong></span> <span class='ocrx_word' id='word_1_746' title='bbox 1219 4970 1399 5010; x_wconf 90' lang='lat' dir='ltr'><strong>usum</strong></span> <span class='ocrx_word' id='word_1_747' title='bbox 1448 4954 1582 5011; x_wconf 67' lang='lat' dir='ltr'><strong>vita:</strong></span> <span class='ocrx_word' id='word_1_748' title='bbox 1629 4956 1877 5013; x_wconf 92' lang='lat' dir='ltr'><strong>omnino</strong></span> <span class='ocrx_word' id='word_1_749' title='bbox 1983 4960 2075 5017; x_wconf 89' lang='lat' dir='ltr'><strong>ria</strong></span> <span class='ocrx_word' id='word_1_750' title='bbox 2105 4962 2420 5017; x_wconf 79' lang='lat' dir='ltr'><strong>testantur:</strong></span> <span class='ocrx_word' id='word_1_751' title='bbox 2455 4958 2533 5014; x_wconf 88' lang='lat' dir='ltr'><strong>ad</strong></span> <span class='ocrx_word' id='word_1_752' title='bbox 2562 4957 2849 5015; x_wconf 91' lang='lat' dir='ltr'><strong>orientem</strong></span> <span class='ocrx_word' id='word_1_753' title='bbox 2879 4957 3200 5030; x_wconf 60' lang='lat' dir='ltr'><strong>provinciae</strong></span> <span class='ocrx_word' id='word_1_754' title='bbox 3230 4957 3412 5028; x_wconf 90' lang='lat' dir='ltr'><strong>hujus</strong></span> <span class='ocrx_word' id='word_1_755' title='bbox 3444 4959 3648 5013; x_wconf 59' lang='lat' dir='ltr'><strong>Luna;-</strong></span> 
     </span>
    </p>
   </div>
   <div class='ocr_carea' id='block_1_107' title="bbox 214 5043 1876 5116">
    <p class='ocr_par' dir='ltr' id='par_1_107' title="bbox 214 5043 1876 5116">
     <span class='ocr_line' id='line_1_107' title="bbox 214 5043 1876 5116; baseline 0 -14"><span class='ocrx_word' id='word_1_756' title='bbox 214 5061 456 5102; x_wconf 91' lang='lat' dir='ltr'><strong>sumere</strong></span> <span class='ocrx_word' id='word_1_757' title='bbox 510 5043 702 5101; x_wconf 89' lang='lat' dir='ltr'><strong>vellet.</strong></span> <span class='ocrx_word' id='word_1_758' title='bbox 765 5047 893 5110; x_wconf 89' lang='lat' dir='ltr'><strong>Quo</strong></span> <span class='ocrx_word' id='word_1_759' title='bbox 926 5047 1201 5116; x_wconf 87' lang='lat' dir='ltr'><strong>parentes</strong></span> <span class='ocrx_word' id='word_1_760' title='bbox 1248 5043 1395 5112; x_wconf 91' lang='lat' dir='ltr'><strong>viso,</strong></span> <span class='ocrx_word' id='word_1_761' title='bbox 1449 5060 1557 5101; x_wconf 89' lang='lat' dir='ltr'><strong>nec</strong></span> <span class='ocrx_word' id='word_1_762' title='bbox 1605 5059 1728 5101; x_wconf 89' lang='lat' dir='ltr'><strong>non</strong></span> <span class='ocrx_word' id='word_1_763' title='bbox 1777 5062 1876 5102; x_wconf 91' lang='lat' dir='ltr'><strong>co-</strong></span> 
     </span>
    </p>
   </div>
   <div class='ocr_carea' id='block_1_108' title="bbox 1984 5044 3646 5121">
    <p class='ocr_par' dir='ltr' id='par_1_108' title="bbox 1984 5044 3646 5121">
     <span class='ocr_line' id='line_1_108' title="bbox 1984 5044 3646 5121; baseline -0.004 -13"><span class='ocrx_word' id='word_1_764' title='bbox 1984 5050 2153 5108; x_wconf 90' lang='lat' dir='ltr'><strong>lacus</strong></span> <span class='ocrx_word' id='word_1_765' title='bbox 2177 5049 2285 5121; x_wconf 78' lang='lat'><strong>(57)</strong></span> <span class='ocrx_word' id='word_1_766' title='bbox 2319 5046 2547 5120; x_wconf 90' lang='lat' dir='ltr'><strong>optimo</strong></span> <span class='ocrx_word' id='word_1_767' title='bbox 2575 5047 2742 5120; x_wconf 78' lang='lat' dir='ltr'><strong>pisce</strong></span> <span class='ocrx_word' id='word_1_768' title='bbox 2767 5045 3024 5116; x_wconf 90' lang='lat' dir='ltr'><strong>vividus,</strong></span> <span class='ocrx_word' id='word_1_769' title='bbox 3043 5044 3205 5101; x_wconf 90' lang='lat' dir='ltr'><strong>unde</strong></span> <span class='ocrx_word' id='word_1_770' title='bbox 3225 5044 3425 5116; x_wconf 88' lang='lat' dir='ltr'><strong>regius</strong></span> <span class='ocrx_word' id='word_1_771' title='bbox 3454 5045 3646 5116; x_wconf 91' lang='lat' dir='ltr'><strong>cibus,</strong></span> 
     </span>
    </p>
   </div>
   <div class='ocr_carea' id='block_1_109' title="bbox 215 5132 3648 5207">
    <p class='ocr_par' dir='ltr' id='par_1_109' title="bbox 215 5132 3648 5207">
     <span class='ocr_line' id='line_1_109' title="bbox 215 5132 3648 5207; baseline -0 -15"><span class='ocrx_word' id='word_1_772' title='bbox 215 5134 383 5207; x_wconf 88' lang='lat' dir='ltr'><strong>gnati</strong></span> <span class='ocrx_word' id='word_1_773' title='bbox 406 5133 640 5202; x_wconf 86' lang='lat' dir='ltr'><strong>rescito,</strong></span> <span class='ocrx_word' id='word_1_774' title='bbox 673 5133 787 5190; x_wconf 87' lang='lat' dir='ltr'><strong>sub</strong></span> <span class='ocrx_word' id='word_1_775' title='bbox 835 5137 1078 5205; x_wconf 88' lang='lat' dir='ltr'><strong>stupore</strong></span> <span class='ocrx_word' id='word_1_776' title='bbox 1120 5146 1257 5188; x_wconf 88' lang='lat' dir='ltr'><strong>eam</strong></span> <span class='ocrx_word' id='word_1_777' title='bbox 1304 5139 1749 5203; x_wconf 87' lang='lat' dir='ltr'><strong>convenerunt;</strong></span> <span class='ocrx_word' id='word_1_778' title='bbox 1808 5152 1879 5193; x_wconf 90' lang='lat' dir='ltr'><strong>ac</strong></span> <span class='ocrx_word' id='word_1_779' title='bbox 1987 5137 2069 5194; x_wconf 86' lang='lat' dir='ltr'><strong>ad</strong></span> <span class='ocrx_word' id='word_1_780' title='bbox 2096 5136 2470 5193; x_wconf 90' lang='lat' dir='ltr'><strong>occidentem</strong></span> <span class='ocrx_word' id='word_1_781' title='bbox 2497 5149 2639 5191; x_wconf 87' lang='lat' dir='ltr'><strong>vero</strong></span> <span class='ocrx_word' id='word_1_782' title='bbox 2667 5133 2875 5190; x_wconf 89' lang='lat' dir='ltr'><strong>vinifer</strong></span> <span class='ocrx_word' id='word_1_783' title='bbox 2897 5148 3104 5206; x_wconf 90' lang='lat' dir='ltr'><strong>cespes</strong></span> <span class='ocrx_word' id='word_1_784' title='bbox 3132 5132 3430 5206; x_wconf 89' lang='lat' dir='ltr'><strong>Spalticus</strong></span> <span class='ocrx_word' id='word_1_785' title='bbox 3460 5135 3591 5206; x_wconf 85' lang='lat'><strong>(58),</strong></span> <span class='ocrx_word' id='word_1_786' title='bbox 3616 5151 3648 5191; x_wconf 92' lang='lat' dir='ltr'><strong>e</strong></span> 
     </span>
    </p>
   </div>
   <div class='ocr_carea' id='block_1_110' title="bbox 1824 5282 2049 5339">
    <p class='ocr_par' dir='ltr' id='par_1_110' title="bbox 1824 5282 2049 5339">
     <span class='ocr_line' id='line_1_110' title="bbox 1824 5282 2049 5339; baseline -0.009 -2"><span class='ocrx_word' id='word_1_787' title='bbox 1824 5282 2049 5339; x_wconf 75' lang='grc' dir='ltr'><strong>ΝΟΤᾸΞ.</strong></span> 
     </span>
    </p>
   </div>
   <div class='ocr_carea' id='block_1_111' title="bbox 315 5388 1376 5538">
    <p class='ocr_par' dir='ltr' id='par_1_111' title="bbox 315 5388 1376 5538">
     <span class='ocr_line' id='line_1_111' title="bbox 316 5388 1376 5466; baseline -0.007 -15"><span class='ocrx_word' id='word_1_788' title='bbox 316 5398 382 5451; x_wconf 87' lang='lat'><strong>56</strong></span> <span class='ocrx_word' id='word_1_789' title='bbox 431 5393 623 5450; x_wconf 85' lang='lat' dir='ltr'><strong>Etiam</strong></span> <span class='ocrx_word' id='word_1_790' title='bbox 651 5394 766 5450; x_wconf 92' lang='lat' dir='ltr'><strong>hoc</strong></span> <span class='ocrx_word' id='word_1_791' title='bbox 791 5394 973 5466; x_wconf 89' lang='lat' dir='ltr'><strong>caput</strong></span> <span class='ocrx_word' id='word_1_792' title='bbox 993 5405 1066 5447; x_wconf 86' lang='lat' dir='ltr'><strong>ex</strong></span> <span class='ocrx_word' id='word_1_793' title='bbox 1097 5388 1376 5448; x_wconf 82' lang='lat' dir='ltr'><strong>Aribone.</strong></span> 
     </span>
     <span class='ocr_line' id='line_1_112' title="bbox 315 5395 1376 5538; baseline -0.005 -16"><span class='ocrx_word' id='word_1_794' title='bbox 315 5395 405 5538; x_wconf 52' lang='lat' dir='ltr'><strong>57g</strong></span> <span class='ocrx_word' id='word_1_795' title='bbox 436 5468 667 5523; x_wconf 81' lang='lat' dir='ltr'><strong>Monsee</strong></span> <span class='ocrx_word' id='word_1_796' title='bbox 691 5483 706 5533; x_wconf 89' lang='lat'><strong>;</strong></span> <span class='ocrx_word' id='word_1_797' title='bbox 760 5481 796 5521; x_wconf 85' lang='lat' dir='ltr'><strong>a</strong></span> <span class='ocrx_word' id='word_1_798' title='bbox 843 5461 1162 5520; x_wconf 85' lang='lat' dir='ltr'><strong>Ludowico</strong></span> <span class='ocrx_word' id='word_1_799' title='bbox 1211 5465 1376 5518; x_wconf 88' lang='lat' dir='ltr'><strong>Germ</strong></span> 
     </span>
    </p>
   </div>
   <div class='ocr_carea' id='block_1_112' title="bbox 515 5660 973 5718">
    <p class='ocr_par' dir='ltr' id='par_1_112' title="bbox 515 5660 973 5718">
     <span class='ocr_line' id='line_1_113' title="bbox 515 5660 973 5718; baseline -0.002 -3"><span class='ocrx_word' id='word_1_800' title='bbox 515 5661 757 5718; x_wconf 58' lang='lat' dir='ltr'><strong>Panos.</strong></span> <span class='ocrx_word' id='word_1_801' title='bbox 802 5660 973 5716; x_wconf 80' lang='lat' dir='ltr'><strong>CXLI.</strong></span> 
     </span>
    </p>
   </div>
   <div class='ocr_carea' id='block_1_113' title="bbox 436 5461 1879 5539">
    <p class='ocr_par' dir='ltr' id='par_1_113' title="bbox 436 5461 1879 5539">
     <span class='ocr_line' id='line_1_114' title="bbox 436 5461 1879 5539; baseline 0 -17"><span class='ocrx_word' id='word_1_802' title='bbox 436 5468 706 5533; x_wconf 81' lang='lat' dir='ltr'><strong>Monsee;</strong></span> <span class='ocrx_word' id='word_1_803' title='bbox 760 5481 796 5521; x_wconf 85' lang='lat' dir='ltr'><strong>a</strong></span> <span class='ocrx_word' id='word_1_804' title='bbox 843 5461 1162 5520; x_wconf 73' lang='lat' dir='ltr'><strong>Eudowico</strong></span> <span class='ocrx_word' id='word_1_805' title='bbox 1211 5461 1592 5539; x_wconf 57' lang='lat' dir='ltr'><strong>Germanjcq</strong></span> <span class='ocrx_word' id='word_1_806' title='bbox 1625 5468 1879 5539; x_wconf 79' lang='lat' dir='ltr'><strong>ejusque</strong></span> 
     </span>
    </p>
   </div>
   <div class='ocr_carea' id='block_1_114' title="bbox 216 5534 1879 5595">
    <p class='ocr_par' dir='ltr' id='par_1_114' title="bbox 216 5534 1879 5595">
     <span class='ocr_line' id='line_1_115' title="bbox 216 5534 1879 5595; baseline 0.001 -1"><span class='ocrx_word' id='word_1_807' title='bbox 216 5534 406 5595; x_wconf 81' lang='lat' dir='ltr'><strong>uxore</strong></span> <span class='ocrx_word' id='word_1_808' title='bbox 432 5540 681 5595; x_wconf 90' lang='lat' dir='ltr'><strong>Hemma</strong></span> <span class='ocrx_word' id='word_1_809' title='bbox 726 5552 780 5592; x_wconf 89' lang='lat' dir='ltr'><strong>a.</strong></span> <span class='ocrx_word' id='word_1_810' title='bbox 812 5540 908 5592; x_wconf 82' lang='grc'><strong>831</strong></span> <span class='ocrx_word' id='word_1_811' title='bbox 950 5549 1326 5591; x_wconf 87' lang='lat' dir='ltr'><strong>concessum.</strong></span> <span class='ocrx_word' id='word_1_812' title='bbox 1360 5551 1418 5589; x_wconf 93' lang='lat' dir='ltr'><strong>v.</strong></span> <span class='ocrx_word' id='word_1_813' title='bbox 1455 5534 1597 5593; x_wconf 82' lang='lat' dir='ltr'><strong>Ried</strong></span> <span class='ocrx_word' id='word_1_814' title='bbox 1627 5534 1879 5595; x_wconf 49' lang='lat' dir='ltr'><strong>cedfdi-</strong></span> 
     </span>
    </p>
   </div>
   <div class='ocr_carea' id='block_1_115' title="bbox 1991 5392 2721 5468">
    <p class='ocr_par' dir='ltr' id='par_1_115' title="bbox 1991 5392 2721 5468">
     <span class='ocr_line' id='line_1_116' title="bbox 1991 5392 2721 5468; baseline 0 -18"><span class='ocrx_word' id='word_1_815' title='bbox 1991 5393 2177 5468; x_wconf 87' lang='lat' dir='ltr'><strong>plom.</strong></span> <span class='ocrx_word' id='word_1_816' title='bbox 2206 5392 2432 5468; x_wconf 63' lang='lat' dir='ltr'><strong>Batisb.</strong></span> <span class='ocrx_word' id='word_1_817' title='bbox 2462 5396 2504 5463; x_wconf 90' lang='grc' dir='ltr'><strong>Ι,</strong></span> <span class='ocrx_word' id='word_1_818' title='bbox 2518 5409 2597 5468; x_wconf 70' lang='lat' dir='ltr'><strong>p.</strong></span> <span class='ocrx_word' id='word_1_819' title='bbox 2629 5397 2721 5468; x_wconf 54' lang='lat'><strong>_29:</strong></span> 
     </span>
    </p>
   </div>
   <div class='ocr_carea' id='block_1_116' title="bbox 2065 5463 3650 5547">
    <p class='ocr_par' dir='ltr' id='par_1_116' title="bbox 2065 5463 3650 5547">
     <span class='ocr_line' id='line_1_117' title="bbox 2065 5463 3650 5547; baseline 0 -26"><span class='ocrx_word' id='word_1_820' title='bbox 2065 5466 2479 5547; x_wconf 70' lang='lat' dir='ltr'><strong>(56)_F_&#39;ortasse</strong></span> <span class='ocrx_word' id='word_1_821' title='bbox 2510 5463 2916 5547; x_wconf 37' lang='lat' dir='ltr'><strong>Spalthforum,</strong></span> <span class='ocrx_word' id='word_1_822' title='bbox 2945 5464 3259 5539; x_wconf 88' lang='lat' dir='ltr'><strong>oppidum,</strong></span> <span class='ocrx_word' id='word_1_823' title='bbox 3310 5465 3475 5539; x_wconf 89' lang='lat' dir='ltr'><strong>quod</strong></span> <span class='ocrx_word' id='word_1_824' title='bbox 3510 5464 3650 5523; x_wconf 80' lang='lat' dir='ltr'><strong>Ried</strong></span> 
     </span>
    </p>
   </div>
   <div class='ocr_carea' id='block_1_117' title="bbox 1995 5541 2733 5611">
    <p class='ocr_par' dir='ltr' id='par_1_117' title="bbox 1995 5541 2733 5611">
     <span class='ocr_line' id='line_1_118' title="bbox 1995 5541 2733 5611; baseline -0.008 -16"><span class='ocrx_word' id='word_1_825' title='bbox 1995 5556 2033 5606; x_wconf 89' lang='grc' dir='ltr'><strong>ι,</strong></span> <span class='ocrx_word' id='word_1_826' title='bbox 2059 5556 2116 5611; x_wconf 89' lang='lat' dir='ltr'><strong>p.</strong></span> <span class='ocrx_word' id='word_1_827' title='bbox 2147 5543 2272 5606; x_wconf 76' lang='lat'><strong>5&#39;26,</strong></span> <span class='ocrx_word' id='word_1_828' title='bbox 2302 5541 2427 5601; x_wconf 75' lang='lat'><strong>656,</strong></span> <span class='ocrx_word' id='word_1_829' title='bbox 2459 5541 2733 5593; x_wconf 86' lang='lat' dir='ltr'><strong>occurrit.</strong></span> 
     </span>
    </p>
   </div>
   <div class='ocr_carea' id='block_1_118' title="bbox 3298 5665 3365 5717">
    <p class='ocr_par' dir='ltr' id='par_1_118' title="bbox 3298 5665 3365 5717">
     <span class='ocr_line' id='line_1_119' title="bbox 3298 5665 3365 5717; baseline 0 0"><span class='ocrx_word' id='word_1_830' title='bbox 3298 5665 3365 5717; x_wconf 81' lang='lat'><strong>3&#39;2</strong></span> 
     </span>
    </p>
   </div>
  </div>
