3996 6178
474 133 612 188 1003
1030 144 1033 145 ⁷
1517 124 1825 180 ABNOLDl
1867 120 2459 179 EMMERAIMENSIS
2497 124 2808 180 MONACHI
3717 140 3809 194 qm

474 273 597 330 quo
621 253 822 325 regius
876 254 1075 324 potus.
1134 251 1452 305 Attestatur
1479 264 1723 322 quoque
1766 245 2125 311 territorium
2163 251 2209 303 Α
2236 244 2315 299 do
2345 247 2673 302 Marahensi
2698 246 2855 302 bello
2891 247 3158 303 interfuit
3185 250 3319 319 (60).
3378 250 3458 305 lbi
3491 252 3656 320 enim,
3696 263 3747 312 ut
3762 260 3816 315 le-

475 344 901 417 Ratisponense
932 343 989 396 et
1032 338 1329 411 praedium
1359 338 1577 409 regale,
1610 336 1778 411 quod
1832 351 1868 391 a
1896 334 2130 405 fastigio
2239 335 2393 405 gisse
2415 353 2510 391 me
2541 336 2808 404 memini,
2841 336 3035 408 primo
3062 352 3420 409 congressu,
3470 342 3820 414 crepitantibus

474 433 694 490 montis
744 428 1059 487 meridiani
1117 429 1268 484 inter
1317 428 1447 484 vias
1500 426 1775 500 publicas
1826 440 2015 497 usque
2053 422 2131 477 ad
2237 424 2446 493 hastis,
2480 426 2582 497 qui
2612 432 2782 481 erant
2826 428 3158 498 tyrannicae
3190 427 3380 501 partis
3422 429 3676 487 viderunt
3710 438 3820 492 acies

474 537 678 579 muros
705 518 895 592 ipsius
924 516 1275 575 monasterii
1301 534 1338 573 a
1368 517 1577 574 Carolo
1608 519 1817 585 Magno
1848 512 2130 569 traditum
2237 513 2613 587 imperatoris
2653 515 2731 571 ab
2779 516 2999 585 ignotis
3049 522 3106 571 et
3137 517 3553 589 pulcherrimis
3599 522 3823 581 defensari

472 616 560 669 est
585 610 762 667 beato
795 611 1239 664 Emmerammo
1282 610 1341 662 et
1367 606 1682 662 monachis
1725 605 1855 675 ejus
1881 602 1993 658 sub
2022 603 2131 657 im-
2236 603 2398 671 viris,
2431 605 2554 677 qui,
2588 605 2673 659 uti
2720 605 2922 675 dignis
2961 605 3297 661 revelatum
3322 613 3429 675 est,
3485 615 3640 666 erant
3670 616 3822 683 sancti,

469 700 679 776 periali
706 701 1068 755 testamento
1098 698 1232 769 (.9).
1267 696 1369 751 Hic
1399 697 1550 752 inter
1573 698 1786 750 caetera
1815 709 1949 764 quae
1975 690 2131 760 regis
2236 709 2497 764 quorum
2544 693 2893 766 patrociniis
2967 695 3065 751 illo
3122 696 3501 767 profecturus
3561 698 3749 755 intente
3785 720 3824 757 se

469 807 638 847 more
664 805 733 846 ac
757 786 1054 861 imperiali
1077 785 1347 859 potentia
1381 784 1685 840 constituit
1718 787 1774 838 et
1809 782 2127 847 ordinavit,
2237 784 2703 839 commendavit.
2736 786 2958 839 Horum
2988 784 3219 857 quippe
3258 784 3391 841 visu
3436 788 3725 858 perteiritis
3760 792 3825 846 hc

470 881 689 937 ducem
734 876 1107 934 Tassilonem
1157 890 1343 944 regno
1381 874 1646 947 privans,
1689 888 1827 928 cum
1851 870 1973 926 tilio
2002 869 2130 924 Dio-
2202 872 2421 949 istium
2453 873 2679 938 cunei,
2713 872 3076 929 lentescebat
3108 890 3324 945 pugna
3351 875 3411 930 in
3438 883 3595 947 parte
3620 878 3823 934 adversa

471 974 610 1026 tone
653 965 1026 1023 monachum
1069 980 1197 1019 esse
1238 962 1562 1036 compulit;
1604 977 1713 1017 nec
1760 976 1881 1015 non
1926 959 2130 1014 sedem
2238 962 2408 1027 Quod
2434 979 2588 1033 aegre
2615 963 2812 1017 ferens
2842 980 2999 1019 unus
3028 963 3287 1019 militum
3338 966 3585 1037 tyranni,
3612 967 3825 1041 clypeum

472 1054 917 1114 Ratisbonensis
959 1052 1227 1126 episcopi
1255 1068 1291 1107 a
1336 1051 1594 1107 ducibus
1637 1049 1935 1122 prioribus
1963 1052 2130 1103 extra
2237 1051 2506 1123 arripuit,
2539 1056 2596 1106 et
2624 1051 2977 1123 primarium
3012 1052 3258 1121 signum
3287 1052 3611 1122 legionibus
3633 1060 3822 1127 pretulit;

470 1146 685 1203 urbem
714 1142 1081 1209 translatam,
1133 1140 1212 1197 ad
1266 1140 1546 1211 martyris
1594 1138 1866 1194 videlicet
1912 1140 1965 1193 S.
1999 1140 2130 1192 Em-
2237 1141 2497 1211 superbe
2554 1140 2667 1195 has
2715 1140 3061 1213 conpellans
3108 1146 3169 1196 et
3223 1143 3563 1213 exhortans,
3622 1161 3726 1217 quo
3763 1149 3823 1201 sui

470 1231 786 1291 merammi
826 1229 1163 1287 basilicam.
1207 1229 1363 1285 infra
1394 1228 1559 1284 urbis
1606 1228 1878 1298 ejusdem
1921 1240 2130 1280 muros
2237 1228 2516 1300 exemplo
2541 1229 2780 1284 animos
2809 1235 3181 1284 resumerent
3213 1231 3292 1285 ad
3323 1246 3602 1303 pugnam.
3620 1235 3823 1306 Cumque

468 1322 817 1389 constitutae,
847 1319 1006 1375 beati
1045 1322 1194 1374 Petri
1222 1319 1479 1391 apostoli
1525 1317 1639 1373 sub
1681 1317 1973 1388 Simperto
2002 1313 2128 1386 epi-
2235 1317 2469 1390 prepeti
2496 1334 2676 1372 cursu
2721 1318 2780 1373 in
2824 1320 3022 1390 ipsum
3066 1334 3225 1391 pene
3255 1319 3580 1393 principem
3621 1322 3820 1393 irrueret,

467 1427 652 1485 scopo
698 1408 949 1466 restituit
991 1407 1288 1463 Ecclesiae.
1345 1411 1566 1463 Locum
1598 1410 1798 1462 autem
1848 1404 2129 1475 martyris
2235 1407 2488 1461 obvium
2544 1407 2760 1463 habuit
2811 1424 3014 1463 senem
3041 1408 3260 1463 canitie
3315 1411 3708 1477 venerabilem,
3750 1412 3816 1466 sed

462 1502 525 1557 in
554 1499 955 1574 patrocinium
985 1497 1077 1553 sui
1100 1497 1438 1553 honestavit
1460 1495 1873 1552 muniﬁcentia
1918 1492 2126 1562 regali,
2235 1494 2447 1549 habitu
2473 1495 2816 1563 terribilem,
2867 1497 2970 1568 qui
3025 1497 3076 1551 ei
3118 1502 3486 1570 protestatus
3532 1500 3820 1555 Emmeraur

466 1589 733 1646 subdens
763 1604 902 1643 eum
941 1586 1024 1642 illi
1048 1586 1153 1661 qui
1182 1585 1267 1641 ibi
1307 1585 1734 1640 intrhonizatus
1764 1583 1957 1637 fuerat
1985 1581 2126 1636 sede
2166 1620 2209 1672 Β
2238 1599 2409 1638 mum
2441 1584 2552 1639 sibi
2604 1585 2897 1651 resistere,
2933 1586 3187 1641 umboni
3244 1603 3496 1643 manum
3524 1589 3747 1655 inseruit,
3772 1606 3816 1644 ac

462 1676 808 1753 pontiﬁcali.
861 1679 1047 1732 Duces
1073 1690 1233 1745 vero,
1283 1674 1388 1747 qui
1415 1678 1551 1730 ante
1600 1673 1761 1728 hunc
1789 1670 2125 1744 principem
2167 1670 2201 1672 “
2238 1676 2363 1728 tam
2394 1673 2498 1728 diu
2528 1672 2752 1729 frustra
2781 1677 2825 1710 ιθ
2852 1676 3208 1731 renitentem
3240 1678 3286 1711 ¹⁸
3318 1677 3564 1743 vexavit,
3578 1694 3816 1750 quousque

462 1767 579 1825 sub
608 1766 850 1838 regibus
878 1767 1249 1822 Francorum
1290 1763 1576 1835 Bajoariae
1624 1762 1913 1831 regebant
1944 1760 2126 1815 duca-
2234 1762 2317 1826 hi,
2344 1763 2448 1834 qui
2488 1764 2617 1833 ejus
2661 1764 2944 1821 instinctu
2990 1764 3131 1821 facti
3178 1771 3321 1822 sunt
3364 1767 3628 1837 audaces,
3668 1767 3814 1823 ﬁerent

463 1864 609 1925 tum,
638 1872 775 1930 quae
817 1856 982 1912 bona
1025 1855 1202 1911 beato
1245 1856 1691 1909 Emmerammo
1746 1849 2122 1913 contulerint.
2234 1867 2446 1906 omnes
2476 1852 2614 1907 inde
2645 1852 2907 1923 fugaces.
2941 1857 3071 1909 Haec
3102 1870 3233 1910 non
3253 1856 3413 1922 ficta,
3441 1856 3541 1910 sed
3568 1871 3678 1911 esse
3702 1872 3813 1910 vera-

459 1946 677 2022 pitacla
704 1961 915 2001 eorum
940 1949 999 2001 et
1025 1947 1382 2000 testamenta
1413 1959 1596 2016 penes
1650 1957 1763 1997 nos
1796 1940 1938 1995 satis
1966 1938 2121 1993 indi-
2233 1940 2378 1996 citer
2405 1941 2562 1997 facta
2590 1946 2646 1997 et
2698 1943 2875 2009 dicta,
2918 1943 3010 1998 his
3044 1944 3155 2016 qui
3216 1944 3364 2001 vidit
3392 1950 3445 2001 et
3492 1945 3713 2017 pertulit,
3748 1962 3812 2017 po-

460 2040 600 2095 cant
639 2035 901 2092 inventa.
963 2034 1148 2105 Hujus
1192 2038 1395 2090 autem
1420 2032 1600 2099 ﬁlius,
1660 2031 1773 2103 piae
1812 2028 2122 2085 memoriae
2232 2034 2359 2087 stea
2378 2031 2725 2087 humiliatus
2752 2032 3078 2103 {conﬁtetur
3104 2039 3166 2089 et
3194 2035 3414 2107 prodit.
3445 2035 3579 2090 Hinc
3605 2034 3810 2107 princeps

454 2125 779 2198 imperator
825 2122 1210 2193 Hludovicus,
1258 2126 1315 2179 et
1360 2122 1466 2194 qui
1493 2121 1575 2176 illi
1600 2121 1835 2175 fuerant
1887 2134 2120 2173 succcs-
2232 2119 2526 2189 gloriosus
2584 2121 2829 2177 victoria
2854 2122 2953 2177 tali
3001 2123 3235 2194 oppido
3264 2123 3456 2193 laetus,
3502 2123 3806 2179 Ratisbonam

457 2230 620 2271 sores
640 2214 703 2270 in
732 2228 940 2285 regno,
972 2212 1218 2268 comites
1246 2227 1493 2285 quoque
1524 2227 1592 2265 ac
1639 2208 1977 2281 optimates,
2008 2222 2120 2261 nec
2227 2208 2558 2278 revertitur,
2611 2208 2714 2263 ubi
2762 2210 3044 2265 consonis
3099 2212 3384 2266 omnium
3408 2212 3465 2267 in
3510 2228 3575 2267 ea
3607 2211 3806 2266 ecclesia-

454 2303 778 2361 nonetiam
801 2302 1134 2375 judiciarim
1176 2300 1480 2372 dignitatis
1505 2298 1834 2373 perplures,
1877 2296 2120 2370 quantis
2226 2314 2362 2353 rum
2418 2298 2730 2370 campanis
2784 2300 3126 2371 suscipitur,
3198 2287 3493 2374 simulque
3548 2300 3804 2372 triumphus

453 2392 751 2468 quibusve
780 2392 961 2448 rebus
986 2390 1325 2467 predictum
1354 2390 1642 2446 ditaverin
1688 2388 1911 2453 locum,
1939 2391 2117 2442 testa-
2226 2402 2366 2443 cum
2414 2387 2708 2443 miraculo
2756 2389 3101 2460 prcdicatur
3133 2395 3193 2445 et
3239 2391 3542 2446 extollitur.
3583 2393 3712 2445 Tunc
3747 2405 3804 2441 sa-

454 2487 550 2539 tur
573 2499 715 2556 pars
772 2498 896 2538 non
941 2481 1138 2537 solum
1190 2480 1387 2551 major
1426 2478 1531 2535 sed
1556 2479 1735 2534 etiam
1764 2476 1973 2533 melior
1998 2474 2119 2547 epi-
2224 2477 2407 2549 pienti
2439 2495 2584 2533 usus
2614 2479 2881 2544 consilio,
2915 2484 2973 2535 et
2996 2480 3147 2536 illud
3182 2486 3378 2537 macte
3405 2481 3680 2536 ruminans
3702 2479 3800 2549 {61):

456 2578 739 2647 scopatus
768 2571 1005 2642 Reginae
1046 2569 1316 2627 civitatis.
1364 2571 1445 2624 Ex
1475 2568 1567 2624 his
1592 2572 1795 2624 autem
1833 2564 2118 2621 omnibus
2222 2569 2295 2623 In
2321 2569 2417 2623 die
2444 2569 2729 2624 bonorum
2752 2585 2873 2624 non
2904 2571 3218 2627 immemor
3245 2572 3324 2627 sis
3349 2572 3687 2638 matorum,et
3705 2568 3800 2639 quia

453 2661 559 2736 qui
584 2660 791 2719 Christi
815 2664 1146 2732 martyrem
1175 2661 1509 2715 reverenter
1530 2656 1807 2712 colebant
1837 2670 1946 2710 seu
1976 2670 2116 2709 cum
2222 2656 2655 2729 displicuerunt
2711 2674 2928 2713 novem
2987 2659 3244 2715 minime
3302 2660 3663 2729 gloriﬁcantes
3705 2670 3797 2711 eum

452 2751 787 2808 reverentia
815 2749 1164 2820 diligebant,
1184 2764 1255 2804 eo
1284 2747 1453 2820 quod
1476 2762 1580 2819 pre
1606 2744 1813 2801 ceteris
1842 2743 2115 2814 ejusdem
2222 2745 2395 2815 cujus
2451 2750 2539 2800 est
2610 2745 2995 2801 benedictum
3064 2748 3420 2803 mternaliter
3466 2761 3673 2815 nomen,
3728 2758 3797 2815 per

453 2840 638 2897 cultui
691 2839 928 2895 deditus
986 2842 1158 2904 esset,
1216 2835 1644 2908 excipiendum
1698 2833 1848 2889 mihi
1899 2833 2115 2887 rectius
2223 2838 2439 2889 cuncta
2466 2834 2677 2889 Norica
2705 2835 3073 2892 monasteria
3122 2837 3286 2892 misit
3311 2835 3563 2907 gratiﬁca
3596 2846 3793 2889 munera.

452 2933 600 3001 puto
638 2927 954 3001 persuavis
979 2925 1287 2981 memoriae
1317 2924 1654 2991 Arnolfum,
1690 2920 2115 2979 Carolomanni
2156 2977 2192 3001 ρ
2225 2922 2477 2995 Speciali
2536 2928 2738 2979 autem
2798 2941 2907 2980 suo
2960 2930 3225 2997 patrono
3284 2929 3680 2982 Emmerammo
3720 2934 3792 2993 pm

905 2977 1204 3086 iiaj—oariae
1217 2977 1463 3080 ducem,
1737 2977 2001 3067 Francius
2031 3026 2119 3065 re-
2156 2977 2194 3032 C
2225 2977 2570 3081 gratiarum:
2585 2977 2817 3068 actgue
2837 2977 3130 3070 'coniuli—t'
3143 2977 3791 3088 totumjialaﬁibrnahim.

454 3102 945 3176 gem,novissime
972 3107 1175 3160 autem
1208 3103 1254 3138 ¹⁶
1284 3101 1363 3159 ob
1388 3100 1549 3157 beati
1578 3100 1727 3156 Petri
1752 3102 1797 3136 ίπ
1823 3099 2119 3156 defensio—
2226 3106 2290 3157 In
2316 3118 2438 3173 quo
2464 3107 2591 3157 erat
2639 3102 2931 3157 ciborium
2963 3104 3356 3175 quadratum,
3404 3103 3561 3173 cujus
3585 3116 3700 3156 auro
3741 3102 3788 3151 te

450 3209 614 3263 nem,
639 3197 779 3267 post
806 3191 1087 3249 victorias
1113 3190 1399 3248 miriﬁcus
1448 3196 1572 3261 (an.
1605 3192 1883 3261 887-899),
1914 3192 2115 3244 Romm
2226 3196 2390 3246 ctum
2419 3189 2776 3261 tabulatum,
2804 3191 3111 3261 fastigium
3149 3197 3304 3249 serto
3335 3206 3668 3263 gemmarum
3689 3184 3788 3241 redi

450 3282 679 3339 factum
706 3281 1163 3354 imperatorem;
1190 3278 1305 3335 sub
1336 3294 1460 3351 quo
1489 3278 1672 3335 etiam
1697 3278 1877 3333 veluti
1901 3277 2115 3333 funda-
2225 3280 2460 3336 mitum.
2479 3284 2708 3352 Corpus
2734 3297 2875 3335 vero
2907 3282 2986 3336 ad
3008 3282 3269 3351 geminae
3300 3280 3580 3354 specimen
3603 3274 3785 3333 dilectio-

450 3375 725 3428 mentum
768 3370 1084 3443 quoddam
1131 3367 1393 3424 martiris
1443 3367 1587 3423 almi
1630 3365 1936 3421 miraculis
1979 3365 2117 3421 scri-
2225 3369 2338 3437 nis,
2373 3368 2824 3424 similitudinem
2866 3369 3098 3425 habens
3135 3371 3453 3444 superioris
3481 3374 3531 3424 et
3554 3363 3782 3423 inferioris,

448 3460 665 3518 bendis
694 3475 918 3532 ponere
953 3459 1133 3527 volo;
1165 3457 1311 3530 quia
1333 3456 1472 3512 hinc
1498 3456 1814 3513 exordium
1846 3471 2113 3526 sumens,
2226 3461 2592 3513 sustentatur
2648 3459 2844 3514 aureis
2874 3463 3009 3514 octo
3055 3459 3451 3519 columnellis.
3478 3474 3594 3531 quae
3615 3458 3659 3510 et
3684 3452 3778 3524 ipse

448 3553 656 3622 utpote
711 3563 785 3603 ex
813 3552 958 3604 noto
1009 3551 1067 3603 et
1113 3547 1271 3602 circa
1318 3546 1600 3601 eumdem
1647 3545 1747 3601 Dei
1809 3544 2113 3599 martirem
2224 3551 2309 3602 tot
2365 3547 2651 3602 virtutum
2700 3564 2805 3603 seu
2860 3549 3309 3605 beatitudinum
3354 3549 3527 3605 instar
3560 3544 3780 3616 exponunt

448 3637 715 3694 maxime
741 3635 1307 3708 devoto,pulchram
1335 3633 1413 3689 ad
1440 3639 1670 3689 ceteros
1696 3632 1995 3705 principes
2022 3634 2114 3688 his
2224 3636 2360 3705 (62).
2421 3638 2601 3690 Erant
2652 3634 2833 3691 etiam
2883 3636 2944 3691 in
2992 3652 3065 3691 eo
3089 3637 3532 3708 evangeliorum
3570 3631 3674 3688 libri
3696 3626 3774 3700 ple

449 3726 833 3785 annotandos
856 3724 1304 3799 processionem
1344 3721 1539 3781 facere
1584 3725 1810 3793 potero.
1866 3725 1917 3777 ls
1946 3737 2114 3778 nam-
2222 3723 2397 3793 narii,
2449 3740 2599 3780 auro
2662 3730 2719 3780 et
2776 3725 3031 3795 gemmis
3105 3727 3268 3795 tecti,
3340 3725 3543 3797 scripti,
3595 3717 3697 3794 picti
3730 3729 3774 3769 ac

448 3831 569 3889 que
596 3831 848 3889 sperans
877 3817 1067 3871 Deum
1117 3812 1229 3869 sibi
1261 3828 1346 3867 sic
1378 3810 1503 3866 fore
1552 3811 1901 3884 propitium,
1939 3812 2117 3883 elegit
2223 3829 2293 3869 ac
2342 3812 2709 3869 omnimodis
2771 3815 2983 3870 ornati.
3043 3817 3082 3869 E
3111 3815 3342 3888 quibus
3390 3828 3558 3870 unum
3583 3802 3775 3865 estcubi-

446 3904 695 3963 beatum
724 3908 1240 3962 Emmerammum
1280 3902 1415 3957 vitae
1447 3917 1571 3957 sua:
1605 3918 1676 3957 ac
1704 3918 1891 3973 regno
1915 3907 2113 3976 patro-
2224 3902 2375 3970 talis,
2429 3918 2630 3975 opere,
2684 3904 2905 3977 precio,
2959 3904 3236 3978 pondere
3285 3904 3555 3977 siquidem
3595 3897 3708 3959 talis,
3735 3894 3775 3945 ιιί

446 4009 617 4063 num,
648 3994 922 4066 adeoque
972 3992 1057 4048 illi
1088 3991 1342 4059 adhesit,
1401 3994 1467 4046 ut
1490 3990 1551 4045 in
1576 3990 1876 4047 vicinitate
1907 4007 2114 4047 mona—
2221 3991 2275 4045 ei
2295 4006 2419 4046 non
2444 3990 2619 4048 facile
2648 3991 2902 4048 inveniri
2932 3993 3123 4066 possit
3177 3993 3420 4067 aequalis
3442 3991 3554 4063 (63).
3581 3978 3775 4055 Cujusin

449 4083 609 4139 sterii
678 4082 846 4154 regio
918 4082 1101 4139 cultui
1162 4085 1375 4155 aptum
1450 4084 1818 4137 construeret
1883 4081 2111 4152 grande
2219 4080 2430 4136 dextra
2456 4085 2624 4153 parte
2655 4082 2966 4154 dispositio
2996 4099 3440 4154 gemmmarum
3467 4070 3773 4135 centenarium

446 4171 757 4243 palatium.
819 4175 966 4229 Cum
1045 4186 1188 4242 ergo
1244 4172 1426 4243 hujus
1482 4170 1885 4244 patrocinium
1945 4170 2112 4226 duris
2218 4168 2399 4224 etiam
2431 4169 2691 4242 complet
2720 4186 3062 4243 numerum,
3115 4188 3379 4244 quarum
3415 4165 3641 4242 quaedam
3666 4155 3773 4213 ιάοο

446 4259 509 4313 in
538 4260 803 4330 negociis
842 4265 898 4315 et
925 4263 988 4315 in
1039 4259 1241 4332 preliis
1287 4258 1488 4316 multis
1518 4259 1666 4315 satis
1717 4258 1966 4315 haberet
2012 4276 2108 4314 ex—
2218 4258 2551 4330 quantitate
2608 4258 2969 4332 preminent,
3022 4266 3087 4316 ut
3113 4265 3380 4333 quatuor
3412 4275 3477 4314 ex
3511 4254 3581 4311 his
3613 4245 3767 4304 ωυοεε

447 4353 704 4422 pertum,
751 4349 1123 4408 manifestius
1150 4350 1268 4406 hoc
1296 4350 1411 4406 sibi
1436 4349 1647 4405 adesse
1677 4351 1878 4417 sensit,
1911 4365 2104 4421 quan-
2142 4352 2184 4403 υ
2215 4347 2490 4419 operiant
2512 4348 2794 4416 sedecim,
2842 4349 2904 4405 in
2934 4350 3201 4420 ﬁguram
3248 4356 3455 4408 sanctae
3487 4338 3645 4405 crucis.
3684 4342 3763 4403 Ρετ

1818 4481 2057 4538 VARUS
2099 4479 2500 4538 LECTIONES.

521 4588 568 4622 ιθ
612 4589 685 4644 In
733 4587 933 4644 codice
974 4588 1258 4660 quadam,
1278 4603 1452 4645 erasa
1493 4594 1655 4659 sunt,
1703 4604 1955 4660 quorum
2010 4590 2136 4645 loco
2169 4588 2278 4659 (ita
2306 4588 2641 4660 Foﬁnger:
2690 4587 2758 4660 in"
2800 4586 2943 4660 (gibt.
2986 4589 3250 4646 Emmer.
3301 4589 3369 4657 (υ.
3400 4581 3554 4660 gRied.
3602 4568 3768 4660 1.115

448 4660 529 4716 ad
551 4661 819 4732 spacium
873 4646 1127 4717 vac‘uum
1152 4659 1487 4732 Aadscﬁpta
1539 4646 1871 4732 dicantur)
1899 4674 2113 4732 manus
2144 4646 2296 4732 εἶρε.Δ
2310 4660 2377 4732 _X
2387 4646 2523 4732 V11:
2574 4659 2700 4732 (two
2720 4658 3009 4732 fabulosa
3041 4646 3312 4729 adjecit
3352 4658 3440 4714 Hic
3464 4657 3587 4732 inter
3609 4646 3764 4732 cetera“.

494 4722 798 4809 uie-legio
830 4745 997 4785 more
1024 4746 1125 4809 ac-
1145 4722 1439 4809 imperiali
1467 4730 1749 4809 potentia
1781 4722 2083 4786 constituit
2107 4735 2165 4786 et
2193 4722 2535 4809 ordinavit,_
2564 4722 2783 4809 ducem
2814 4722 3189 4809 Tassilonem
3222 4722 3765 4809 regnqpl‘ivttﬁ»

444 4747 583 4857 ἓῧω
634 4747 798 4799 regio
830 4747 997 4785 more
1024 4747 1094 4785 ac
1145 4747 1439 4809 imperiam
1467 4747 1732 4803 porenua
1781 4747 2083 4786 consuluit
2107 4747 2165 4786 et
2193 4747 2509 4799 oramavn,
2564 4747 2783 4785 ducem
2825 4747 3189 4787 iassuonem
3222 4747 3401 4802 regno
3427 4747 3645 4800 privam?»
3669 4747 3765 4792 ξυιυ

515 4802 568 4883 ’ρ
597 4802 845 4883 Diotone
889 4803 1259 4883 monachum
1307 4817 1438 4883 esse
1468 4801 1759 4883 compulit
1775 4820 1802 4883 ;‘
1821 4817 1931 4883 nec
1957 4818 2081 4883 non
2126 4801 2331 4883 sedem
2362 4801 3155 4883 Ratisbonensisuepiscopi,‘
3191 4819 3227 4858 a
3270 4799 3502 4883 ducibus

446 4880 613 4930 extra
640 4873 854 4929 urbem
884 4873 1241 4945 translatam
1259 4874 1349 4945 ad
1396 4865 1687 4945 martyris
1703 4865 1979 4945 videlicet
2022 4874 2214 4929 sancti
2240 4873 2668 4945 Emmerammi
2692 4865 3029 4945 basilicam,
3058 4865 3218 4929 infra
3249 4872 3404 4928 urbis
3427 4865 3763 4945 ejusdem}:

446 4962 545 5001 ros
569 4945 904 5018 constitutae
931 4944 1093 5018 beati
1118 4944 1273 5000 Petri
1295 4933 1574 5018 apostoli
1596 4944 1715 5018 sub
1745 4944 2353 5018 Simpertoepiscopo
2396 4942 2972 5018 restituit__eccle_siae._
3007 4933 3227 5018 Locum
3255 4933 3467 5018 autem
3477 4933 3763 5018 martyri-“:32

444 5016 849 5089 patrocinium
881 5016 972 5071 sui
1023 4989 1376 5089 honestavif
1414 4989 1822 5073 munificentia
1870 4989 2078 5088 Fegali,
2103 4989 2371 5073 subdens
2401 5032 2541 5071 eum
2592 5014 2695 5082 illi,
2750 5015 2857 5089 qui
2894 5015 2978 5071 ibi
3008 5015 3421 5073 inthronizatus
3470 5005 3628 5065 fuerat
3668 4989 3761 5050 sed?

444 5086 792 5160 pontiﬁcali.
876 5088 918 5122 1"
946 5093 1077 5158 post
1107 5087 1248 5145 add.
1281 5087 1333 5144 ι.
1415 5088 1460 5122 ¹³
1486 5093 1622 5158 post
1645 5089 1788 5145 add.
1824 5088 1870 5143 l.

538 5300 628 5375 59)
657 5300 721 5375 Υ.
755 5299 948 5375 Caroli
975 5300 1246 5375 diploma
1275 5317 1373 5375 ap.
1403 5299 1565 5357 Ried.
1600 5304 1642 5373 l,
1674 5317 1736 5375 p.
1769 5305 1822 5358 8.
2211 5299 2484 5375 scribit;
2536 5373 2569 5375 ς
2736 5370 2753 5375 _
2813 5373 2849 5375 _
2967 5371 2987 5375 Α
3039 5371 3048 5375 _
3144 5374 3147 5375 ,
3206 5370 3249 5375 γ,
3400 5365 3487 5375 η--
3532 5350 3653 5375 "-1..-

534 5347 627 5462 (ξρξ
653 5347 721 5462 ,ἀί
753 5347 857 5462 ξξῖὲ
871 5347 948 5426 ῖΓ
972 5347 1246 5462 :rwm
1275 5347 1373 5375 ’τ’
1403 5347 1565 5357 “’”“’
1600 5347 1642 5373 ”
1674 5347 1736 5375 τ’
1769 5347 1822 5358 ”’
2532 5370 2900 5462 Bactriana
2954 5370 3267 5462 Orient.‘lI,
3289 5383 3371 5462 Δξ.
3397 5347 3755 5462 agamagam;

536 5425 625 5516 61)
658 5425 1098 5516 redamas
1771 5514 1781 5516 ῃ
1923 5514 1938 5516 _
2205 5442 2246 5498 1.
2277 5425 2318 5497 1‘.
2347 5425 2516 5516 p29.
2547 5425 2903 5516 insessa...
2959 5425 3238 5516 mssast,
3256 5425 3267 5437 ’
3284 5425 3371 5516 ea,
3403 5439 3463 5516 ft,
3497 5425 3751 5516 sum}

514 5482 630 5639 ira?
658 5482 1104 5597 nisainsa
1152 5517 1264 5572 ιιειι
1319 5517 1512 5572 Gem.
1576 5514 1807 5585 (Αηηαι.
1870 5514 1989 5595 qd,
2042 5518 2095 5580 ρ,
2205 5482 2516 5639 arma;
2543 5482 3590 5589 ιιξξιῑίῇῖξοιηῖξλξῖιᾟέεεῖιεάδηῖω
3623 5482 3754 5551 sum

537 5590 602 5639 lO
652 5601 757 5639 am
784 5588 901 5639 hoc
932 5590 1224 5639 tanquam
1252 5586 1436 5639 altare
1466 5602 1722 5639 parvum
1747 5584 1970 5639 mobile
1994 5584 2098 5639 de-
2244 5589 2368 5639 786.
2401 5588 2502 5639 4ιο.

440 5600 502 5656 p.
537 5584 623 5657 lO)
652 5586 757 5659 qui
784 5588 901 5645 hoc
932 5590 1224 5658 tanquam
1252 5586 1436 5644 altare
1465 5602 1722 5658 parvum
1747 5584 1979 5643 mobile
1994 5584 2098 5640 de-
2213 5584 2368 5653 l786,
2401 5588 2502 5642 4ιο.
