3996 6178
230 143 375 199 10015

1018 138 1107 191 ne
1140 136 1517 194 MIRACULIS
1559 141 1616 196 s.
1660 140 2076 199 EMMEBAIII
2117 141 2300 198 unm
2342 145 2505 203 nuo.
2557 118 2785 203 Qun.
2828 148 2872 203 1.

3549 158 3681 212 1006

227 261 498 334 singulos
524 258 828 333 quaternis
852 257 1058 315 ordine
1107 257 1307 314 medio
1359 260 1711 335 dispertitis.
1768 262 1898 318 lnti-
1937 267 1984 320 A
2014 264 2259 320 Arnoldi
2286 266 2518 324 addens
2538 268 2613 325 de
2639 286 2747 327 suo
2776 273 3080 343 quantum
3108 275 3320 346 potuit,
3345 275 3527 333 beato
3553 280 3684 335 Em-

225 370 367 410 mus
391 356 592 408 autem
622 348 769 406 ordo
793 349 1147 405 contractior
1177 347 1395 403 calices
1429 351 1615 409 habet
1661 352 1901 421 triginta

222 442 402 510 duos,
474 437 816 507 singulatim
873 436 1126 506 gemmis
1208 436 1558 496 minoribus
1636 446 1899 513 opertos,

222 530 451 605 quibus
518 532 767 585 venuste
821 527 1141 599 respondet
1182 526 1433 596 extimo,
1505 530 1903 603 amplioribus

225 634 332 692 per
359 616 609 674 castella
633 615 931 688 dispositis
961 631 1068 670 nec
1100 630 1221 670 non
1246 618 1600 685 margaritis
1632 635 1738 691 per
1768 634 1902 690 pro-

225 706 579 781 pugnacula
637 705 863 761 insertis
928 703 1379 762 deliciosissime
1438 714 1703 779 compto.
1768 707 1904 761 Hzec

230 801 433 853 autem
493 811 633 850 cum
690 792 974 863 largiﬂuae
1028 792 1315 865 principis
1367 795 1675 852 devotioni
1742 799 1904 850 tanto

234 891 512 960 patromo
564 883 812 940 minime
867 882 1222 947 sufﬁcerent,
1283 899 1398 954 pro
1458 885 1622 941 dono
1674 884 1909 941 addidit

240 982 584 1044 argenteam
615 973 957 1030 carticulam
985 972 1252 1045 predicto
1294 972 1527 1030 ciborio
1567 976 1909 1047 subponen-

243 1067 405 1123 dam.
433 1063 658 1135 Adjecit
682 1069 737 1118 et
765 1063 944 1134 pallia
981 1062 1249 1118 coloratu
1290 1064 1469 1134 paria
1495 1070 1550 1120 et
1582 1064 1768 1129 varia,
1824 1065 1908 1118 in-

244 1158 328 1209 ter
353 1171 487 1226 quae
517 1170 707 1210 unum
736 1154 908 1209 unius
932 1158 1177 1210 texturae
1204 1153 1646 1224 longitudinem
1696 1154 1910 1210 habuit

244 1244 583 1300 cubitorum
625 1243 881 1311 triginta.
936 1246 1152 1297 Verum
1196 1243 1291 1298 his
1319 1244 1473 1315 quid
1518 1244 1742 1300 diutius
1794 1243 1907 1299 im.

238 1333 605 1390 morandum
636 1333 647 1386 Ι
684 1335 933 1389 Demum
964 1332 1189 1404 quippe
1222 1333 1389 1404 apud
1442 1336 1725 1389 Sanctum
1778 1337 1909 1388 Em-

232 1439 644 1480 merammum
672 1421 785 1476 sibi
804 1422 981 1491 jussit
1008 1421 1317 1493 preparari
1349 1422 1751 1490 mausoleum,
1785 1438 1910 1494 quo

233 1517 495 1569 mortem
522 1510 794 1566 obiturus
827 1526 964 1565 eum
1006 1509 1328 1578 benignius
1355 1510 1416 1565 in
1447 1510 1612 1565 caelis
1660 1510 1911 1565 haberet

2012 370 2350 412 merammo
2402 373 2653 415 aureum
2706 360 2890 416 altare
2945 363 3203 433 paravit,
3260 366 3685 423 venustissima

2013 442 2210 500 forma
2240 445 2560 516 decoravit,
2589 448 2750 505 mille
2774 451 3031 519 gemmis
3074 453 3323 511 ornavit.
3358 455 3463 510 Hic
3514 456 3683 530 atqui

2015 539 2271 589 caacatus
2301 552 2569 609 corpore,
2602 537 3089 596 sediliuminatus
3127 546 3345 611 mente,
3372 544 3683 616 castigatae

2014 621 2375 680 inﬁrmitatis
2405 628 2826 685 necessitatem
2850 629 3024 686 vertit
3042 630 3103 686 in
3132 632 3315 688 animi
3355 639 3683 703 augustam

2014 713 2296 770 virtutem
2322 734 2335 783 ;
2367 722 2422 772 et
2452 734 2840 791 nequaquam
2868 720 3044 776 valde
3092 721 3436 793 depensans
3483 724 3684 797 priva-

2018 806 2145 857 tum
2178 819 2239 859 se
2269 804 2532 874 luminis,
2587 809 2751 879 quod
2796 808 2907 865 sibi
2952 825 3275 866 commune
3329 817 3487 868 esset
3544 830 3685 872 cum

2016 894 2263 963 muscis,
2294 894 2471 950 talem
2517 896 2759 968 spiritus
2812 898 3025 954 habuit
3074 899 3571 971 consolationem,
3622 906 3688 960 ut

2017 998 2126 1053 per
2151 999 2291 1037 eum
2324 990 2573 1040 ventura
2603 985 2954 1057 previderet,
2981 1004 3049 1044 ac
3080 1003 3151 1045 ea
3182 988 3405 1061 quibus
3434 989 3685 1046 minime

2018 1070 2300 1128 intererat
2319 1072 2475 1130 facta
2502 1078 2772 1145 patenter
2814 1075 3087 1133 ediceret.
3128 1078 3494 1135 Constitutus
3544 1096 3686 1153 ergo

2019 1161 2185 1232 apud
2243 1162 2642 1230 Lunaelacum,
2696 1164 2932 1234 triginta
2962 1165 3147 1222 ferme
3196 1168 3370 1223 rastis
3409 1184 3447 1224 a
3496 1170 3685 1225 Ratis-

2018 1250 2185 1307 bona
2204 1252 2543 1315 distantem,
2578 1255 2806 1321 grande
2832 1254 2892 1310 in
2923 1271 2993 1311 ea
3025 1256 3296 1328 quadam
3333 1257 3430 1314 die
3458 1258 3686 1317 factum

2021 1340 2145 1394 suis
2198 1341 2482 1396 indicavit
2548 1342 2892 1399 incendium
2956 1346 3088 1417 (64).
3174 1348 3360 1419 Hujus
3425 1348 3510 1405 rei
3562 1365 3686 1407 non

2022 1429 2221 1484 solum
2276 1429 2533 1502 probato
2580 1447 2685 1486 seu
2738 1432 2918 1488 etiam
2970 1434 3152 1490 totius
3190 1435 3252 1490 in
3315 1452 3385 1492 eo
3449 1437 3685 1510 pietatis

2020 1518 2385 1586 testimonio,
2445 1525 2760 1592 exemptus
2805 1537 2837 1577 e
2881 1522 3102 1590 medio,
3153 1524 3240 1579 uti
3278 1524 3453 1581 nobis
3503 1525 3690 1582 dictat

233 1602 738 1676 patrocinantem,
771 1615 951 1671 quem
979 1599 1039 1654 in
1068 1599 1236 1655 terris
1265 1602 1591 1670 utcumque
1622 1599 1826 1654 vivens
1853 1604 1907 1654 et
1948 1619 1991 1672 Β
2020 1606 2186 1661 bona
2226 1623 2384 1678 spes,
2412 1607 2691 1676 migravit
2715 1609 2795 1665 ad
2823 1610 3051 1666 caelicas
3082 1612 3288 1680 sedes;
3343 1613 3444 1682 ibi,
3502 1630 3686 1688 quem

231 1692 445 1749 valens
502 1689 596 1745 sui
644 1704 1010 1760 suorumque
1065 1688 1316 1761 optavit,
1370 1687 1557 1743 immo
1606 1688 1739 1743 fecit
1782 1688 1908 1743 fore

234 1784 569 1854 potentem.
603 1777 792 1848 Hujus
823 1777 909 1833 tui
937 1776 1427 1832 ministeriarchis
1471 1776 1709 1843 animis,
1744 1781 1797 1831 et
1828 1777 1915 1832 ni-

235 1869 574 1927 hilominus
600 1866 797 1922 adhuc
853 1866 954 1922 tibi
1000 1865 1430 1921 famulantium
1479 1872 1749 1935 catervae,
1801 1882 1909 1939 po-

239 1958 388 2015 tenti
416 1971 593 2029 prece
640 1955 802 2027 apud
851 1954 1337 2028 Omnipotentem
1388 1970 1685 2021 succurre,
1738 1954 1911 2011 beate

244 2049 685 2103 Emmeramme
714 2045 725 2098 Ι

318 2140 372 2191 6.
405 2134 526 2192 Sub
554 2132 781 2206 prefato
812 2132 1015 2205 itaque
1045 2132 1318 2205 principe
1343 2134 1489 2188 Tuto
1536 2133 1724 2188 sancti
1774 2136 1910 2189 Em-

235 2223 565 2280 merammi
620 2221 957 2277 monachus
1010 2220 1431 2276 Ratisbonensi
1492 2220 1912 2293 presulabatur

234 2311 527 2377 ecclesiae,
556 2309 658 2382 qui
683 2325 718 2365 a
749 2309 1005 2381 septimo
1037 2324 1201 2363 anno
1230 2309 1465 2381 imperii
1512 2309 1665 2363 illius
1721 2326 1911 2381 usque

232 2400 323 2458 ad
379 2398 803 2455 duodecimum
858 2398 1027 2468 regni
1081 2397 1340 2452 Heinrici
1389 2398 1641 2454 Saxonis
1690 2399 1802 2454 hac
1850 2398 1913 2454 in

234 2491 365 2547 vita
394 2488 720 2562 permansit
746 2490 866 2559 (an.
914 2491 1195 2553 894-930).
1244 2488 1434 2557 Hujus
1477 2504 1620 2556 ergo
1651 2493 1915 2544 anteces-

237 2596 349 2636 sor
416 2578 810 2635 Cliounrabus
877 2594 1005 2645 rex,
1068 2576 1450 2645 exigentibus
1499 2576 1754 2648 publicae
1830 2578 1915 2633 rei

236 2667 622 2729 utilitatibus,
676 2668 753 2723 ad
804 2666 1078 2737 reginam
1137 2665 1436 2720 civitatem
1492 2666 1732 2722 devenit
1786 2669 1912 2738 (an.

239 2762 396 2830 918).
440 2758 503 2812 In
528 2773 649 2829 qua
686 2757 885 2825 rebus,
936 2772 1199 2828 quarum
1231 2755 1423 2823 gratia
1469 2760 1731 2823 venerat,
1781 2773 1917 2830 pro-

242 2848 491 2920 ﬂigatis,
531 2863 602 2903 ex
650 2846 896 2919 antiqua
945 2862 1158 2915 regum
1200 2845 1635 2902 consuetudine
1676 2862 1916 2919 premo-

244 2943 439 3010 nitus,
484 2940 731 2996 accessit
760 2940 837 2995 ad
876 2939 1193 2995 ecclesiam
1245 2937 1405 2993 beati
1468 2939 1916 3007 Emmerammi,

244 3032 436 3104 quasi
465 3029 764 3085 licentiam
814 3032 1173 3099 accepturus
1234 3028 1542 3083 Franciam
1588 3028 1917 3083 remeandi.

248 3120 367 3177 Ubi
398 3118 734 3191 principum
765 3117 1085 3189 sepulchra
1114 3115 1396 3177 visitanti,
1426 3118 1647 3173 Arnolti
1705 3118 1925 3173 scilicet

246 3208 633 3282 imperatoris
672 3224 781 3263 nec
810 3223 933 3262 non
971 3209 1013 3241 ¹⁹
1047 3206 1435 3271 Hluoduwici,
1484 3207 1587 3278 qui
1617 3224 1766 3281 puer
1808 3209 1922 3263 im-

250 3304 497 3357 matura
568 3303 759 3353 morte
812 3314 843 3352 e
903 3297 1104 3352 medio
1176 3297 1446 3362 excessit,
1505 3314 1541 3353 a
1597 3298 1924 3370 capellanis

250 3390 417 3448 male
475 3393 824 3458 suggestum
865 3392 972 3456 est,
1033 3391 1095 3441 ut
1137 3386 1301 3455 regio
1333 3388 1465 3457 jure
1510 3404 1579 3443 ac
1609 3392 1922 3460 potestate,

254 3494 511 3537 suorum
542 3482 742 3549 utpote
788 3476 893 3549 qui
938 3475 1112 3530 fuerit
1151 3481 1617 3541 antecessorum,
1661 3476 1771 3533 sibi
1802 3477 1926 3532 vin-

258 3569 489 3626 dicaret
535 3566 934 3639 prescriptum
974 3564 1182 3633 magni
1225 3565 1407 3637 prerii
1455 3565 1695 3622 librum.
1738 3570 1924 3630 Quem

260 3676 405 3716 cum
454 3657 910 3731 prenominatus
966 3656 1289 3728 episcopus
1346 3656 1489 3711 dare
1538 3658 1762 3728 jussus,
1823 3658 1927 3713 sed

264 3750 384 3806 hoc
410 3745 602 3803 facere
624 3745 883 3801 martiris
914 3745 1126 3800 timore
1152 3744 1492 3800 nullatenus
1522 3751 1679 3801 esset
1720 3762 1924 3812 ausus,

264 3836 444 3893 minis
471 3836 714 3892 tandem
753 3836 830 3892 ad
878 3835 940 3890 id
981 3839 1221 3890 ventum
1250 3837 1356 3892 est.
1403 3839 1468 3889 ut
1502 3834 1722 3890 librum
1765 3850 1930 3889 eum-

264 3927 408 3983 dem
461 3942 667 3982 coram
706 3925 973 3998 principe
1016 3925 1233 3980 invitus
1262 3924 1323 3979 in
1372 3923 1542 3980 altari
1585 3927 1925 3998 exponeret.

266 4015 375 4073 Cui
408 4019 613 4071 tamen
654 4014 1019 4086 imprecatus
1048 4016 1160 4084 est,
1209 4012 1414 4067 dicens
1448 4030 1460 4066 :
1520 4015 1724 4069 Debita
1778 4012 1935 4067 beati

264 4105 698 4161 Emmerammi
728 4105 803 4159 sit
856 4105 918 4158 in
959 4103 1053 4157 die
1089 4102 1330 4171 judicii,
1381 4103 1486 4173 qui
1532 4103 1693 4158 hunc
1728 4102 1931 4157 usibus

266 4198 398 4265 ejus
425 4195 799 4250 subtraxerit
841 4193 1086 4249 servitii.
1140 4191 1313 4257 Quod
1352 4195 1650 4263 quantum
1686 4190 1929 4255 valeret,

267 4285 386 4342 cito
415 4286 765 4356 experturus
792 4298 895 4337 rex
925 4282 993 4347 ³ο,
1018 4281 1285 4354 precepit
1308 4297 1447 4335 eum
1478 4285 1697 4336 temere
1730 4279 1849 4337 tolli
1876 4284 1931 4335 et

267 4372 483 4431 efferri.
514 4375 783 4444 Cumque
808 4371 1173 4427 ascendisset
1206 4386 1451 4444 equum,
1492 4386 1679 4443 prope
1723 4385 1929 4426 mona-

272 4462 519 4517 sterium
548 4460 794 4516 incurrit
817 4460 1169 4531 dysenteriae
1197 4459 1498 4515 morbum.
1525 4464 1648 4524 Quo
1666 4459 1936 4515 tremefa-

2020 1696 2117 1750 hic
2146 1695 2369 1763 dilexit,
2403 1701 2727 1768 patronum
2767 1715 2948 1754 suum
2990 1716 3228 1772 semper
3266 1702 3504 1759 visurus
3553 1706 3687 1761 Em-

2020 1802 2449 1842 merammum.
2504 1788 2686 1857 Cujus
2742 1789 3003 1861 propitia
3053 1789 3398 1848 intercessio
3446 1792 3687 1850 famulis

2022 1874 2288 1929 obtineat
2316 1874 2481 1947 apud
2509 1874 2713 1931 lumen
2755 1893 2965 1934 verum
3012 1877 3511 1938 illuminationem
3539 1897 3685 1937 ocu~

2020 1963 2220 2019 lorum
2262 1968 2625 2032 nostrorum,
2658 1981 2735 2022 ne
2776 1982 3049 2040 unquam
3078 1969 3288 2024 mortis
3335 1968 3685 2027 obdormia-

2020 2070 2160 2109 mus
2189 2054 2251 2108 in
2270 2053 2457 2126 portis
2477 2054 2490 2109 l

2093 2150 2145 2199 7.
2205 2146 2534 2215 Postquam
2579 2146 3019 2202 monasterium
3050 2145 3383 2204 beatissimi
3423 2148 3686 2206 martiris

2022 2232 2469 2300 Emmerammi,
2503 2233 2669 2305 quod
2690 2234 2856 2305 prius
2885 2238 3052 2291 extra
3089 2234 3300 2305 fuerat,
3333 2236 3513 2308 coepit
3554 2253 3687 2294 esse

2019 2324 2175 2379 intra
2204 2337 2411 2376 muros
2443 2320 2966 2379 Ratisbonensium
2997 2322 3267 2395 civitatis,
3293 2339 3448 2396 quos
3477 2326 3685 2382 Arnol-

2022 2414 2117 2468 fus
2148 2411 2292 2477 dux,
2333 2410 2485 2466 inter
2511 2412 2828 2484 optimates
2878 2428 3058 2484 opere
3113 2412 3329 2483 diviso,
3375 2413 3490 2471 cito
3528 2431 3676 2473 con-

2023 2504 2317 2557 struxerat
2372 2502 2484 2570 (65)
2540 2500 2654 2556 sub
2702 2517 2840 2571 rege
2889 2500 3164 2570 Henrico,
3219 2501 3379 2558 ﬁlius
3427 2504 3558 2575 ejus
3599 2504 3681 2564 de

2025 2595 2197 2662 gente
2228 2590 2536 2645 Saxonum
2578 2590 2811 2662 primus
2855 2590 3185 2663 imperator
3227 2593 3361 2649 Otto
3409 2593 3489 2650 ad
3525 2595 3691 2653 hanc

2024 2680 2303 2737 eamdem
2329 2679 2591 2751 probum
2620 2680 2790 2735 duxit
2816 2680 3020 2736 venire
3049 2680 3345 2737 civitatem
3365 2682 3600 2753 (an.954
3612 2685 3686 2757 ‘2).

2025 2772 2090 2827 In
2117 2785 2243 2843 qua
2267 2768 2435 2825 factis
2468 2773 2526 2825 et
2566 2769 2876 2825 celebratis
2924 2786 3061 2842 quin
3101 2775 3271 2828 erant
3320 2772 3693 2843 imperatorii

2022 2862 2193 2935 juris,
2233 2860 2480 2915 beatum
2514 2862 3030 2917 Emmerammum
3078 2867 3241 2919 curte
3286 2863 3450 2933 regio
3499 2863 3693 2922 dona-

1960 2979 2000 3033 C
2028 2956 2196 3007 verat
2225 2950 2352 3020 (66),
2375 2966 2562 3023 quam
2593 2954 2889 3005 Germana
2915 2950 3125 3021 lingua
3156 2952 3506 3010 llalfandorf
3531 2955 3692 3012 voci-

2032 3046 2133 3106 tat,
2168 3039 2441 3094 Romana
2466 3055 2606 3094 vero
2638 3039 3157 3110 Adjutorii-vicum
3200 3041 3496 3111 latinizat;
3546 3048 3692 3100 tunc

2032 3128 2317 3187 Michahel
2351 3129 2852 3202 Hiatospolitanus
2881 3129 3124 3185 antistes
3166 3131 3228 3187 in
3265 3132 3535 3204 quodam
3565 3148 3695 3189 mo-

2031 3218 2272 3275 nasterii
2337 3218 2559 3290 palatio
2618 3218 2962 3290 imperatori
3018 3219 3274 3291 parabat
3323 3220 3691 3293 convivium,

2031 3325 2155 3384 quo
2206 3307 2539 3381 principem
2578 3324 2717 3362 cum
2769 3307 3127 3380 primatibus
3156 3308 3292 3365 fecit
3341 3309 3693 3368 recumbere

2034 3414 2258 3455 secum.
2293 3400 2562 3468 Cumque
2592 3397 2708 3452 ritu
2733 3395 3106 3469 epulantium
3131 3412 3284 3471 pene
3315 3397 3508 3455 forent
3553 3414 3694 3455 con-

2034 3486 2252 3543 ﬁrmati
2282 3490 2335 3541 et
2364 3485 2505 3541 vino
2534 3486 2736 3556 laetati,
2776 3486 3102 3558 imperator
3144 3503 3246 3544 ore
3283 3487 3557 3559 jucunde
3603 3504 3695 3546 sa-

2034 3576 2320 3632 xonizans
2359 3574 2541 3630 dicit:
2587 3576 2851 3633 Siceram
2901 3578 3073 3646 cujus
3112 3579 3246 3649 quis
3288 3577 3470 3648 bibat,
3514 3579 3695 3647 hujus

2035 3673 2090 3724 et
2120 3680 2362 3722 carmen
2393 3672 2592 3723 canat.
2641 3667 2817 3722 Beati
2864 3667 3291 3724 Emmerammi
3339 3668 3493 3726 bona
3530 3683 3697 3726 mau-

2036 3756 2386 3811 ducavimus
2417 3770 2489 3810 ac
2521 3754 2788 3821 bibimus,
2824 3753 2962 3809 inde
2980 3754 3131 3811 mihi
3154 3756 3394 3812 videtur
3438 3772 3696 3828 aequum,
3768 3772 3771 3777 '

2038 3844 2299 3899 [caritate
2340 3846 2469 3913 ejus
2513 3843 2683 3911 ﬁniri
2716 3843 3052 3897 convivium
3093 3843 3224 3913 (67).
3276 3846 3405 3900 Mox
3449 3845 3701 3901 aderant

2036 3934 2358 4007 pincernae,
2390 3932 2776 4005 propinantes
2805 3930 3053 4000 singulis
3082 3933 3156 3988 ad
3196 3936 3411 3988 nutum
3436 3933 3698 4005 impera.

2038 4021 2180 4077 toris
2209 4020 2527 4076 karitatem
2575 4018 2857 4075 martiris.
2891 4019 2979 4075 Ob
3031 4021 3205 4092 cujus
3255 4021 3699 4077 venerationem

2038 4111 2190 4166 inter
2206 4124 2266 4163 se
2298 4109 2530 4164 cunctis
2572 4108 2848 4164 osculum
2890 4108 3176 4166 dantibus
3218 4115 3274 4166 et
3314 4108 3573 4167 invicem
3620 4110 3700 4167 ad

2038 4199 2250 4268 potum
2263 4192 2533 4249 karitatis
2547 4210 2608 4248 se
2622 4193 2997 4249 cohortantib
3008 4211 3261 4261 us,unus
3273 4195 3429 4251 hanc
3441 4195 3702 4269 superbe

2042 4299 2330 4357 respuens
2360 4283 2507 4339 dixit
2535 4300 2546 4336 :
2579 4283 2852 4339 Heitram
2882 4283 2941 4354 [f.
2969 4284 3099 4342 [uec
3128 4284 3380 4360 karitas]
3413 4287 3477 4342 iu
3497 4291 3704 4343 ventre

2042 4389 2168 4431 meo
2198 4389 2317 4428 non
2350 4373 2525 4429 habet
2557 4373 2771 4440 locum,
2798 4374 2941 4444 quia
2970 4375 3134 4431 cibus
3164 4380 3217 4432 et
3242 4380 3422 4443 potus
3456 4378 3588 4445 jam
3616 4375 3703 4431 in-

2046 4468 2271 4520 trantes
2280 4468 2832 4533 preoccupaverant
2846 4464 3043 4520 illum.
3059 4465 3268 4521 Adhuc
3289 4464 3495 4533 lingua
3510 4462 3703 4534 palpi-

274 4556 426 4621 ctus,
483 4568 554 4608 ac
597 4551 659 4606 in
717 4567 779 4606 se
841 4550 983 4606 facti
1029 4551 1448 4606 commertium
1520 4550 1778 4606 sentiens
1832 4565 1938 4622 per
2046 4558 2266 4609 tansex
2291 4552 2610 4608 emissione
2633 4551 3192 4619 verbimovebatur,
3215 4550 3584 4623 etepariete,
3608 4549 3706 4605 cui

270 4641 593 4708 cruciatus,
624 4641 837 4696 eodem
866 4646 1174 4697 momento
1202 4640 1454 4696 restituit
1496 4640 1718 4695 librum
1761 4640 1938 4695 beato
2047 4642 2585 4715 amphipendulato
2611 4641 2796 4699 dorso
2824 4645 2998 4698 tenus
3023 4640 3253 4698 inuisus
3275 4638 3705 4707 adhesit,oola-

270 4734 744 4798 Emmerammo,
777 4730 915 4785 inde
946 4746 1149 4785 secum
1179 4730 1374 4785 ferens
1402 4729 1695 4796 dolorem,
1727 4745 1849 4801 quo
1878 4729 1939 4784 in
2047 4734 2239 4806 phum
2262 4738 2385 4788 tam
2406 4733 2598 4788 valide
2617 4732 2973 4804 conplosum
2992 4730 3238 4803 accepit,
3258 4734 3323 4785 ut
3343 4746 3374 4785 e
3397 4744 3710 4801 sessupro—

269 4820 527 4877 Francia
554 4819 834 4874 ultimum
859 4818 1070 4874 clausit
1099 4819 1259 4874 diem
1286 4820 1448 4889 (Dec.
1478 4823 1590 4875 23).
1637 4821 1797 4874 Tunc
1848 4834 1941 4874 ve-
2043 4822 2237 4892 jectus
2267 4821 2327 4877 in
2358 4822 2625 4877 medium
2646 4820 2849 4892 palatii
2877 4835 3127 4892 preceps
3178 4822 3391 4885 rueret,
3433 4833 3544 4873 nec
3585 4832 3709 4872 non

269 4909 586 4969 nerandus
613 4909 857 4965 antistes
884 4908 1035 4963 Tuto
1067 4908 1295 4964 Christo
1333 4910 1631 4965 adherens
1677 4908 1737 4963 in
1781 4924 1941 4964 mar-
2050 4909 2229 4965 simul
2246 4925 2457 4965 omnes
2475 4909 2652 4964 timor
2667 4912 2725 4964 et
2743 4907 2898 4963 altus
2915 4910 3124 4978 stupor
3145 4908 3567 4977 caperet.Tunc
3582 4904 3713 4961 reli-

271 5002 364 5058 ire
392 5016 523 5067 suo,
552 4998 791 5056 coronis
848 4997 1191 5070 principum
1235 4998 1448 5065 Caroli,
1497 4997 1941 5066 Carolomanni,
2052 4999 2220 5068 gioso
2234 4997 2564 5053 monarcha
2580 5012 2719 5052 cum
2735 4994 3032 5069 episcopis
3047 4993 3511 5067 etoptimatibus
3527 4994 3711 5051 eccle-

1666 5125 1894 5179 νΑΒΙΑῑ
1933 5123 2224 5180 LECTION
2234 5123 2334 5179 ES.

359 5232 405 5267 ¹⁹
426 5247 487 5289 n.
516 5230 574 5286 h.
608 5246 669 5303 q.
702 5246 761 5303 p.
804 5229 841 5285 i.
868 5246 948 5285 m.
983 5245 1013 5285 e
1045 5245 1128 5286 m.
1158 5230 1445 5285 successit
1464 5245 1620 5286 corr.
1650 5231 1901 5288 excessit
1930 5231 1993 5286 in
2027 5230 2154 5286 loco
2176 5244 2312 5285 raso
2348 5233 2396 5284 1.
2426 5230 2475 5263 ²⁰
2496 5233 2635 5299 post
2658 5227 2799 5284 add.
2837 5231 2885 5282 t.

1901 5337 2124 5394 NOTAs‘.

356 5427 470 5500 (es)
496 5431 562 5484 A.
581 5430 705 5484 eos.
734 5428 984 5500 V.Ann.
1008 5424 1255 5500 Ratisb.,
1286 5428 1436 5500 Men.
1473 5426 1574 5500 ss.
1600 5430 1840 5500 1.13.94.

360 5495 474 5571 (65⁷)
507 5500 589 5556 Cf.
618 5497 896 5569 Zirngibl.
931 5501 1084 5553 Neve
1115 5497 1249 5552 hist.
1279 5496 1431 5552 Abh.
1464 5495 1524 5552 d.
1558 5495 1736 5567 Baiia,
1765 5499 1949 5553 Acad.

284 5569 549 5648 Vo_l._lll,_
580 5574 758 5648 l'Z9l_.,
792 5586 852 5643 p.
880 5573 1010 5648 _32l,
1044 5585 1175 5648 sqq.
1255 5643 1264 5648 _
1616 5638 1675 5648 ω

360 5642 475 5714 (66)
498 5642 569 5698 ν.
603 5640 934 5713 diplomata
972 5656 1027 5696 a.
1070 5640 1175 5696 940
1213 5643 1271 5696 et
1307 5644 1430 5708 950,
1465 5656 1564 5711 ap.
1616 5640 1758 5696 Ried
1796 5643 1835 5707 Ι,
1891 5656 1950 5712 p.

2061 5428 2151 5493 96,
2184 5430 2287 5491 97;
2314 5440 2449 5497 quae
2480 5428 2679 5480 tamen
2713 5440 2835 5479 non
2860 5422 3205 5497 Batisbonie
3230 5423 3374 5480 data
3398 5426 3556 5491 sunt,
3598 5436 3721 5497 quo

2061 5513 2165 5554 rex
2194 5512 2315 5551 non
2332 5494 2484 5551 ante
2514 5512 2569 5552 a.
2603 5499 2707 5551 954
2736 5495 2969 5551 venisse
2994 5494 3245 5551 videtur.

2136 5568 2242 5640 (67)
2272 5567 2385 5640 Qui
2410 5569 2474 5640 AS.
2520 5568 3032 5623 Emmerammum
3081 5565 3386 5633 interfecit,
3429 5566 3505 5624 de
3553 5564 3725 5637 cujus

2063 5638 2316 5711 posueris
2348 5638 2548 5703 etiam,
2577 5654 2627 5693 c.
2666 5643 2754 5705 l2,
2795 5655 2993 5695 sermo
3022 5645 3127 5695 est.
