3996 6178
339 152 357 198 l
368 148 470 201 007

1385 133 1694 189 ABNOLDI
1736 128 2330 187 EMMERAMMENSIS
2370 131 2694 189 MONACHI.

3638 144 3772 195 {008

328 269 482 325 siam
493 262 1135 332 festinanteringresso,
1156 256 1629 315 consonantibus
1645 252 1983 327 campanis,
2020 252 2067 305 A
2106 252 2261 308 adeo
2288 252 2629 312 infestatum
2657 255 2994 330 praestigiis,
3015 260 3078 311 ut
3092 256 3438 315 nullatenus
3461 259 3785 320 dormiens

324 359 445 412 Deo
470 360 526 411 et
554 350 779 410 martiri
813 366 923 423 pro
951 347 1278 417 gratiarum
1311 344 1543 402 actione
1584 344 1793 400 laudes
1843 345 1987 397 cele-

321 446 570 502 brantur
597 460 666 499 ac
694 440 946 497 letaniaa.
980 438 1094 496 Sed
1123 454 1198 493 ne
1222 437 1367 493 forte
1395 435 1571 491 alicui
1599 433 1755 490 istud
1785 433 1985 489 videa-

320 539 413 589 tur
440 529 806 597 incredibile,
839 529 986 585 sciat
1009 526 1264 600 quisque
1308 525 1522 592 fidelis,
1575 523 1636 578 id
1665 538 1761 578 me
1800 520 1987 577 nulla-

316 638 490 688 tenus
534 621 783 690 ﬁngere,
836 617 939 673 sed
996 632 1032 672 a
1085 614 1354 688 quodam
1404 613 1531 668 viro
1558 611 1748 667 rﬁdeli
1805 615 1983 682 atque

312 727 474 779 sene,
494 708 798 781 Sigibaldo
830 706 1094 771 nomine,
1129 704 1279 760 sicut
1304 702 1513 775 scripsi
1532 700 1857 797 accepi-sse,
1880 698 1984 797 qui

311 817 420 873 per
440 800 623 855 ﬁdem
656 796 863 854 Christi
894 794 1244 859 testabatur,
1277 792 1416 849 huic
1466 807 1528 846 se
1577 788 1852 846 convivio
1900 788 1985 842 in-

314 890 584 946 terfuisse
616 892 672 943 et
702 884 1091 942 nihilominus
1148 898 1283 937 vera
1335 880 1578 937 dixisse.
1625 882 1710 935 Tu
1759 882 1980 947 autem,

312 983 515 1036 sancte
565 981 1029 1043 Emmeramme,
1075 987 1259 1044 quem
1314 969 1706 1042 Omnipotens
1764 967 1877 1022 hoc
1920 966 1982 1022 in

311 1069 507 1139 signo,
538 1072 604 1121 ut
632 1066 691 1120 in
718 1063 944 1127 ceteris,
979 1060 1166 1117 voluit
1188 1060 1507 1130 honorare,
1536 1073 1743 1131 preces
1771 1055 1851 1111 illi
1871 1070 1981 1128 pro

310 1157 486 1213 nobis
518 1152 936 1227 peccatoribus
967 1150 1172 1216 funde,
1204 1163 1328 1221 quo
1358 1164 1462 1220 per
1506 1163 1716 1202 veram
1760 1144 1979 1201 karita-

308 1251 429 1303 tem
453 1244 736 1313 angelum
767 1246 991 1297 satana:
1040 1238 1456 1295 colaﬁzantem
1498 1253 1611 1293 nos
1670 1235 1979 1308 possimus

309 1340 572 1391 avertere
606 1334 618 1387 ι

378 1425 431 1479 8.
464 1426 597 1479 Erat
641 1421 891 1495 quidam
935 1418 1047 1473 sub
1095 1415 1514 1490 prenominato
1563 1412 1815 1483 angelici
1868 1428 1976 1467 no-

309 1512 487 1568 minis
515 1510 798 1584 episcopo
827 1507 987 1563 beati
1009 1504 1434 1561 Emmerammi
1472 1503 1835 1571 monachus,
1865 1516 1975 1556 nec

2097 342 2193 398 vel
2222 343 2477 413 vigilans
2504 346 2772 420 requiem
2798 347 3022 422 habere
3069 353 3290 420 posset,
3323 349 3443 405 nisi
3475 368 3542 407 se
3573 354 3785 410 cucul-

2097 431 2288 488 latum
2314 435 2478 506 apud
2510 440 2788 492 sanctum
2818 440 3333 494 Emmerammum
3355 440 3626 498 fecisset.
3649 444 3784 509 Quo

2095 526 2456 593 perpetrato,
2507 524 2855 581 daemonum
2904 526 3156 582 cessavit
3198 526 3528 595 infestatio,
3578 536 3639 587 et
3687 532 3782 589 di-

2096 626 2271 667 versa
2299 611 2546 683 maligni
2593 614 3046 687 impedimenta,
3093 617 3360 689 Martyris
3401 634 3591 691 prece
3637 627 3784 678 sunt

2096 700 2310 771 sopita.
2370 704 2583 757 Verum
2630 703 2725 759 ille
2775 703 2956 759 miser
2993 709 3048 761 et
3098 704 3298 761 infelix
3342 712 3491 779 post
3544 709 3782 782 aliquot

2094 788 2244 857 dies,
2292 789 2620 847 defensoris
2673 792 2919 865 oblitus,
2973 796 3465 865 suggestionibus
3523 799 3778 856 occultis

2093 879 2400 935 consensit
2427 879 2605 946 illius,
2635 882 2741 955 qui
2769 883 2832 938 in
2864 898 2925 938 se
2968 889 3167 957 aperte
3196 884 3552 943 dominium
3578 890 3778 961 perdi-

2090 966 2177 1021 dit
2235 967 2476 1025 invitus.
2529 972 2780 1036 Questus
2837 988 2980 1043 ergo
3036 990 3144 1046 pro
3188 974 3477 1031 carnium
3535 978 3660 1034 olla
3712 980 3774 1037 in

2090 1060 2343 1131 Egypto
2372 1059 2572 1116 relicta
2595 1067 2649 1117 et
2678 1062 2976 1134 paenitens
3005 1065 3401 1137 quorundam
3443 1084 3510 1123 se
3540 1072 3775 1142 perpeti

2089 1149 2405 1219 penuriam
2437 1150 2497 1205 in
2520 1153 2904 1219 monasterio,
2945 1170 3205 1227 quorum
3253 1172 3521 1228 parvam
3572 1159 3773 1216 abun-

2087 1237 2355 1293 dantiam
2390 1238 2541 1295 falso
2571 1240 2807 1313 reliquit
2834 1242 2894 1297 in
2924 1244 3160 1314 saeculo,
3216 1246 3644 1304 monasticum
3672 1249 3773 1305 de-

2086 1325 2287 1397 posuit
2313 1327 2590 1383 habitum
2642 1346 2779 1385 cum
2832 1330 2932 1386 illo
2980 1331 3262 1399 ludibrio,
3320 1335 3497 1407 quod
3547 1337 3771 1407 vulgus

2079 1409 2209 1479 jam
2239 1410 2424 1467 habet
2446 1411 2508 1467 in
2534 1414 2853 1484 proverbio
2888 1432 2901 1469 :
2940 1415 3084 1472 Hinc
3115 1417 3253 1473 hinc
3287 1419 3768 1487 cucullum,non

2085 1498 2239 1554 ultra
2265 1500 2545 1569 gravabis
2575 1502 2796 1558 collum
2824 1521 2836 1571 ;
2869 1504 2949 1559 ob
2978 1510 3405 1579 paupertatem
3435 1512 3770 1567 monacho—

308 1617 431 1658 non
484 1600 661 1656 etiam
704 1596 970 1653 ecclesia:
1025 1599 1225 1650 custos
1281 1598 1337 1648 et
1386 1592 1665 1658 trdituus,
1726 1590 1973 1646 nomine
2013 1606 2054 1660 Β
2083 1604 2221 1643 rum
2252 1588 2515 1645 celeriter
2543 1591 2689 1646 mihi
2715 1594 3134 1651 revertendum
3166 1596 3246 1651 ad
3275 1596 3556 1669 lapidem
3583 1600 3770 1656 corio—

304 1691 678 1763 Adalpertus.
705 1692 757 1743 Is
786 1692 1060 1742 locorum
1088 1688 1434 1739 sanctorum
1457 1681 1754 1737 desiderio
1786 1684 1974 1735 trans-

307 1780 605 1836 marinam
631 1792 953 1847 aggressus
984 1778 1074 1828 est
1104 1770 1665 1845 peregrinationem.
1688 1772 1814 1832 Qua
1845 1767 1973 1824 Hie-

306 1866 660 1923 rosolimam
688 1868 896 1936 petens
926 1864 982 1916 et
1002 1865 1197 1916 cetera
1226 1859 1475 1915 caelestis
1532 1857 1791 1913 thesauri
1835 1872 1968 1929 per—

306 1955 569 2010 lustrans
596 1968 669 2008 ea
706 1951 820 2006 loci
873 1948 1154 2017 sacraria,
1202 1947 1456 2002 millenis
1505 1944 1967 2001 adversitatibus

306 2045 591 2109 atteritur,
624 2045 778 2096 terra
802 2044 859 2094 et
886 2037 1037 2093 mari
1064 2041 1406 2109 temptatur,
1435 2052 1505 2091 ex
1551 2034 1695 2107 ipsis
1726 2049 1967 2106 quoque

304 2132 578 2188 faucibus
629 2128 838 2185 mortis
876 2126 1111 2200 patroni
1159 2126 1251 2180 sui
1299 2125 1576 2199 precibus
1630 2123 1970 2194 frequenter

303 2226 540 2295 ereptus
561 2219 869 2293 probatur.
902 2215 1076 2282 Quod
1098 2215 1281 2270 semel
1302 2231 1490 2286 quam
1512 2212 1768 2269 evidenti
1792 2212 1966 2281 signo

301 2312 529 2367 factum
558 2308 753 2374 fuerit,
780 2306 988 2362 relatio
1026 2305 1215 2378 ipsius
1256 2304 1351 2359 hic
1401 2304 1621 2358 inserta
1665 2299 1963 2373 patefacit.

303 2400 577 2467 Quadam
606 2398 701 2454 die
733 2397 840 2453 iter
869 2396 930 2450 in
956 2410 1120 2450 mare
1152 2393 1403 2449 fecimus
1434 2390 1665 2458 navale,
1705 2406 1814 2463 pro
1843 2405 1967 2461 qua

298 2490 475 2545 nobis
516 2487 741 2543 tristem
785 2484 1052 2541 densitas
1091 2482 1367 2549 nubium,
1396 2481 1626 2537 collisio
1648 2480 1961 2546 ﬂuctuum,

299 2579 537 2652 spiritus
564 2576 964 2650 procellarum
993 2576 1354 2647 pepererunt
1386 2575 1643 2627 noctem.
1692 2573 1962 2641 Cumque

295 2669 489 2725 ventis
545 2672 601 2723 et
657 2666 835 2722 undis
886 2665 1026 2720 hinc
1084 2662 1223 2718 inde
1275 2661 1543 2735 quassati
1594 2661 1962 2732 jactaremur

296 2764 474 2832 atque
505 2755 770 2830 pericula
798 2758 1053 2809 mortem
1076 2751 1467 2817 minarentur,
1497 2754 1848 2823 perventum
1872 2752 1958 2805 est

296 2847 373 2903 ad
397 2848 535 2914 hoc,
581 2848 647 2899 ut
675 2846 873 2899 nautae
921 2840 1447 2897 conclamitarent:
1497 2862 1521 2885 ‹‹
1559 2838 1805 2894 Domine
1832 2853 1953 2892 non

295 2939 401 2991 est.
438 2958 465 2983 »
498 2935 564 2989 Et
593 2930 911 2987 nauclerus
941 2928 1163 2984 diceret
1203 2926 1492 2983 tremulus
1527 2945 1538 2981 :
1602 2950 1626 2974 ‹‹
1656 2925 1889 2982 Defecit.
1927 2948 1953 2973 »

294 3027 441 3079 Tum
499 3037 612 3091 ego
684 3020 865 3075 miser
916 3018 990 3074 de
1042 3016 1357 3091 profundis
1421 3016 1754 3085 ruminans,
1822 3014 1954 3070 vitze

294 3110 630 3184 absumptis
663 3108 935 3165 omnium
968 3107 1194 3182 spebus
1240 3122 1360 3179 prae
1411 3105 1642 3161 tristitia
1674 3121 1811 3160 sum
1865 3120 1958 3159 so-

292 3201 560 3275 poratiis.
596 3203 659 3254 In
688 3197 1045 3254 dormiendo
1077 3200 1279 3252 autem
1299 3194 1582 3249 videbam
1629 3192 1801 3266 quasi
1846 3192 1954 3247 do-

294 3290 437 3345 mini
468 3289 586 3344 mei
627 3286 906 3357 martyris
938 3283 1367 3340 Emmerammi
1415 3299 1537 3355 prae
1578 3281 1765 3336 oculis
1809 3297 1954 3353 pen-

290 3382 430 3438 dere
450 3378 816 3454 pastoralem
842 3379 1097 3446 virgam,
1130 3391 1317 3446 quam
1360 3373 1541 3441 vulgo
1562 3372 1768 3427 dicunt
1798 3388 1955 3425 cam-

290 3470 498 3526 botam
528 3467 619 3522 vel
649 3465 921 3521 ferulam.
956 3464 1138 3533 Cujus
1166 3478 1324 3517 unco
1356 3461 1432 3517 ad
1484 3462 1701 3516 faciem
1754 3476 1953 3515 meam

290 3572 605 3621 converso,
635 3553 896 3609 sentiens
930 3552 1145 3607 adesse
1190 3550 1336 3604 mihi
1384 3549 1677 3605 beneﬁcia
1715 3547 1953 3620 patroni

290 3662 449 3718 saepe
480 3642 728 3715 experti,
756 3656 1009 3696 manum
1040 3638 1349 3694 tentabam
1379 3637 1457 3692 illi
1490 3637 1766 3702 inserere,
1795 3640 1857 3690 ut
1878 3636 1952 3691 de

286 3733 590 3807 profundo
633 3729 832 3805 pelagi
862 3732 998 3801 post
1029 3744 1090 3783 se
1140 3727 1222 3782 sic
1268 3742 1364 3781 me
1409 3726 1816 3781 adhaerentem
1866 3724 1951 3780 di-

287 3827 571 3895 gnaretur
594 3820 921 3878 extrahere.
950 3820 1111 3873 Tunc
1142 3821 1295 3872 certe
1324 3815 1387 3870 in
1417 3815 1548 3888 ipsa
1576 3831 1794 3870 manus
1818 3832 1951 3888 por-

283 3914 564 3983 rectione,
592 3927 783 3985 quam
813 3908 993 3965 veluti
1018 3907 1275 3978 vigilans
1322 3905 1624 3975 levabam,
1671 3922 1951 3979 experge-

283 4004 474 4059 factus
514 4003 637 4059 vidi
678 4004 915 4056 noctem
967 3998 1083 4067 die,
1130 3996 1277 4052 laetis
1326 3995 1574 4065 tristitia,
1626 3996 1777 4050 aeris
1824 4000 1948 4050 tur-

281 4091 447 4160 bida,
478 4090 791 4146 serenitate
821 4092 1071 4143 mutata.
1099 4086 1185 4141 Ad
1215 4086 1387 4156 cujus
1416 4085 1758 4158 spectacula
1787 4084 1947 4140 exhi-

280 4179 505 4234 laratus
537 4177 804 4234 mirabar
843 4193 982 4233 cum
1011 4175 1370 4232 mirantibus
1415 4179 1537 4230 tam
1585 4174 1846 4229 subitam
1892 4179 1947 4231 et

281 4268 606 4341 perniciem
659 4266 877 4321 dextrae
926 4265 1141 4321 excelsi
1192 4264 1692 4321 immutationem.
1746 4267 1945 4320 Nautes

278 4374 421 4414 vero
449 4357 679 4414 viribus
698 4356 1017 4429 resumptis
1043 4354 1263 4425 gratias
1288 4355 1625 4411 referebant
1652 4357 1770 4408 Deo
1792 4354 1944 4426 pari-

279 4452 364 4503 ter
393 4451 449 4504 et
478 4462 587 4519 pro
619 4443 807 4500 salute
837 4460 946 4501 nec
972 4459 1097 4500 non
1123 4442 1397 4499 miraculi
1441 4442 1790 4515 quantitate.
1823 4444 1943 4511 Ego

279 4543 478 4593 autem
530 4535 898 4606 gratiﬁcatus
933 4534 1208 4591 omnium
1245 4533 1546 4589 bonorum
1577 4531 1743 4601 fonti,
1778 4532 1943 4605 quod

277 4627 499 4682 meritis
527 4624 748 4681 nostris
770 4639 1159 4697 nequaquam
1188 4621 1381 4695 potuit
1400 4621 1547 4689 fieri,
1572 4620 1942 4692 deputabam

273 4715 617 4789 patrociniis
647 4713 973 4769 beatissimi
1018 4712 1297 4783 martyris
1337 4709 1785 4765 Emmerammi.
1836 4713 1942 4765 Per

273 4822 456 4877 quem
489 4802 728 4860 somnia
748 4806 806 4857 et
827 4799 1147 4866 insomnia,
1181 4798 1285 4872 qui
1311 4814 1434 4853 non
1482 4797 1702 4854 dormit
1744 4814 1940 4872 neque

273 4893 557 4950 dormitat
580 4890 798 4948 efﬁciat
827 4890 1002 4946 nobis
1031 4888 1296 4955 innoxia,
1330 4891 1385 4943 et
1427 4887 1717 4943 concedat
1761 4904 1938 4959 posse

272 4983 519 5053 vigilare
550 4982 629 5039 ad
660 4997 845 5054 opera
873 4982 1053 5035 bona.

344 5072 396 5124 9.
429 5066 741 5139 Superiore
788 5064 1034 5137 quidem
1088 5061 1348 5136 capitulo
1379 5060 1718 5133 prescripsi,
1771 5060 1939 5132 quod

275 5157 571 5213 cucullato
621 5159 679 5211 et
716 5154 1017 5210 monacho
1050 5157 1176 5207 erat
1203 5149 1619 5217 consolationi,
1649 5149 1763 5204 hoc
1792 5165 1936 5206 vero

272 5246 568 5301 innectere
592 5244 752 5309 libet,
785 5261 920 5317 quae
952 5244 1069 5299 sint
1092 5240 1387 5314 perversis
1433 5240 1633 5296 timori
1661 5256 1729 5296 ac
1759 5240 1934 5296 nihil-

273 5334 513 5391 ominus
542 5333 829 5407 apostatis
861 5332 1088 5388 terrori.
1122 5332 1246 5387 Fuit
1290 5330 1351 5386 in
1380 5330 1704 5387 Ratisbona
1750 5330 1935 5387 homo

270 5424 543 5497 quidam,
573 5422 818 5479 nomine
851 5421 1196 5491 Sigibertus.
1225 5420 1353 5490 lege
1376 5419 1645 5475 humana
1671 5436 1775 5475 seu
1797 5436 1935 5475 con-

272 5514 490 5571 ditione
518 5512 833 5570 mundana
860 5510 1029 5580 liber,
1061 5510 1168 5566 sed
1198 5509 1533 5565 christianaz
1561 5512 1836 5582 verasque
1860 5509 1931 5565 li-

268 5602 512 5661 bertatis
537 5603 775 5673 indigus
805 5603 862 5655 et
907 5615 1080 5667 aeger.
1132 5600 1303 5656 Hunc
1346 5598 1550 5671 accepi
1603 5599 1930 5656 fantasticis

2081 1692 2238 1732 rum.
2270 1677 2393 1732 Hoc
2423 1683 2622 1734 autem
2652 1679 2821 1748 dixit,
2853 1682 2999 1754 quia
3043 1684 3206 1754 prius
3257 1691 3391 1742 erat
3443 1688 3763 1756 coriarius,

2084 1779 2190 1819 seu
2228 1765 2772 1824 calceamentorum
2824 1776 2989 1826 sutor
3034 1772 3305 1831 dolosus.
3362 1777 3479 1832 Sed
3532 1793 3764 1852 nequa-

2079 1870 2270 1926 quam
2314 1855 2419 1911 diu
2444 1858 2690 1927 gavisus
2716 1864 2804 1915 est
2833 1876 2894 1915 se
2948 1863 3287 1932 monachis,
3341 1865 3428 1922 ita
3475 1866 3761 1923 illusisse.

2080 1944 2227 1998 Nam
2260 1959 2381 2000 non
2413 1945 2600 2002 multo
2630 1953 2767 2018 post
2793 1949 3061 2020 maligno
3092 1951 3325 2024 spiritui
3357 1958 3453 2010 est
3483 1956 3759 2012 traditus.

2080 2033 2209 2097 Quo
2252 2040 2494 2103 urgente
2524 2036 2701 2091 nimis
2728 2037 3110 2110 furibundus,
3161 2045 3217 2096 et
3259 2042 3391 2112 jam
3443 2049 3761 2100 catenatus

2078 2121 2158 2176 ad
2188 2128 2464 2179 sanctum
2496 2127 3007 2183 Emmerammum
3056 2130 3331 2199 trahitur,
3372 2148 3447 2188 ac
3475 2133 3541 2189 in
3574 2136 3757 2191 choro

2077 2211 2157 2265 ad
2184 2211 2530 2269 columnam
2560 2214 2797 2284 ligatur,
2829 2218 2952 2289 quo
2988 2234 3129 2274 cum
3176 2219 3390 2276 fratres
3435 2225 3756 2279 convenis-

2078 2305 2230 2366 sent,
2262 2307 2319 2357 et
2345 2319 2453 2374 pro
2485 2320 2554 2359 eo
2606 2304 2878 2361 ﬂebiliter
2929 2313 3225 2377 orassent,
3278 2310 3591 2368 interdum
3643 2313 3759 2370 cla-

2075 2405 2243 2445 more
2267 2391 2575 2448 adstantes
2602 2396 2989 2467 perterrendo
3014 2397 3291 2469 saltabat,
3316 2399 3631 2458 interdum
3660 2420 3757 2459 su—

2074 2478 2253 2550 pinus
2273 2480 2531 2550 jaccbat.
2565 2484 2895 2540 Novissime
2925 2502 3063 2541 eum
3093 2486 3378 2544 diabolus
3407 2489 3469 2545 in
3502 2506 3645 2547 aere
3664 2509 3758 2548 su-

2074 2584 2365 2640 spensum
2397 2574 2518 2626 tam
2548 2571 2650 2627 diu
2678 2574 2886 2632 tenuit.
2916 2592 3235 2649 quousque
3273 2577 3554 2635 ﬁdelium
3599 2582 3754 2637 votis

2072 2660 2128 2712 et
2157 2658 2418 2714 maxime
2451 2662 2509 2714 B.
2544 2662 2968 2718 Emmerammi
2996 2665 3346 2736 patrociniis
3371 2666 3423 2722 ei
3439 2684 3755 2725 succurre-

2071 2749 2158 2800 ret
2189 2748 2474 2818 majestas
2501 2748 2717 2805 divinae
2748 2750 3000 2822 pietatis.
3038 2755 3200 2809 Tunc
3255 2753 3511 2812 demum
3561 2758 3754 2832 relap-

2074 2852 2178 2889 sus
2203 2835 2264 2891 in
2303 2837 2717 2909 pavimentum
2748 2856 2857 2912 per
2899 2841 3339 2899 (lzemoniacam
3390 2846 3750 2921 discerptio-

2070 2940 2212 2981 nem
2236 2931 2431 2982 erecto
2460 2927 2614 2984 collo
2644 2929 2821 3002 ccepit
2841 2946 3115 2988 evomere
3146 2949 3429 2990 cruorem
3458 2953 3604 2993 cum
3658 2955 3748 2995 sa-

2069 3012 2185 3069 nie.
2221 3016 2351 3079 Qua
2379 3031 2517 3070 cum
2538 3015 2834 3089 plastrum
2854 3018 3212 3076 horribiliter
3234 3028 3395 3079 esset
3418 3024 3745 3096 pollutum,

2069 3118 2423 3175 spurcorum
2441 3106 2722 3179 princeps
2742 3108 2939 3164 subito
2961 3125 3206 3177 omnem
3229 3113 3590 3184 spurcitiam
3604 3117 3745 3173 inde

2066 3192 2364 3263 auferens,
2416 3211 2621 3251 secum
2669 3196 2745 3251 ad
2785 3197 3035 3253 vitream
3090 3198 3420 3257 fenestram
3479 3206 3738 3271 sustulit,

2064 3298 2251 3354 quam
2277 3284 2356 3339 ob
2387 3285 2577 3340 exitus
2605 3285 2846 3354 signum
2865 3288 3237 3355 comminuit,
3254 3296 3313 3347 et
3338 3292 3424 3348 sic
3443 3293 3602 3350 inter
3628 3295 3745 3369 spi-

2063 3372 2264 3428 ritales
2287 3374 2608 3446 nequitias,
2636 3376 2895 3432 evanuit.
2933 3378 3027 3433 llle
3058 3384 3260 3435 autem
3290 3380 3485 3438 homo
3517 3386 3740 3442 multos

2063 3459 2199 3515 fecit
2227 3476 2419 3516 annos
2448 3461 2509 3517 in
2538 3464 2703 3532 gravi
2734 3466 3104 3537 paenitentia,
3137 3483 3430 3525 exercens
3480 3473 3740 3547 nudipe-

2061 3548 2242 3616 dalia,
2276 3550 2335 3604 in
2378 3568 2617 3609 summa
2659 3570 2862 3609 rerum
2920 3554 3182 3612 miseria.
3229 3559 3448 3616 Sancte
3502 3565 3738 3619 Emme-

2060 3640 2292 3694 ramme
2318 3655 2354 3695 a
2380 3646 2586 3697 sancta
2625 3642 2901 3700 Trinitate
2934 3645 3145 3717 triplici
3192 3647 3497 3706 miraculo
3549 3653 3730 3708 hono-

2059 3733 2203 3797 rate,
2222 3745 2331 3801 pro
2354 3730 2569 3786 nostris
2591 3734 2889 3789 intercede
2916 3735 3308 3805 negligentiis,
3370 3742 3545 3813 apud
3577 3759 3735 3809 eum,

2060 3817 2233 3887 cujus
2253 3817 2630 3875 clementiam
2643 3820 2809 3877 nulla
2826 3822 3169 3879 mortalium
3187 3829 3735 3899 superantdelicta.

2132 3909 2215 3960 l0.
2278 3910 2431 3962 Inter
2485 3907 2803 3966 innumera
2858 3927 3113 3967 casuum
3166 3914 3588 3973 humanorum
3640 3919 3740 3975 in-

2057 3992 2315 4051 fortunia
2369 3996 2541 4052 valde
2571 3999 2909 4056 miserabile
2957 4017 3026 4056 ac
3072 4003 3267 4073 magis
3314 4004 3514 4062 ﬂebile
3572 4007 3741 4064 vide~

2055 4086 2150 4137 tur
2179 4088 2371 4151 etest,
2419 4085 2583 4157 quod
2629 4086 2691 4141 in
2738 4089 3031 4157 homines,
3082 4107 3347 4164 quorum
3403 4111 3740 4167 possessor

2055 4185 2181 4226 esse
2215 4171 2394 4228 debet
2423 4176 2598 4243 Deus,
2647 4180 2710 4231 ut
2747 4177 2989 4249 propria
3038 4178 3344 4236 domicilia
3390 4182 3567 4238 intrat
3611 4183 3737 4239 bu-

2052 4261 2217 4315 mani
2246 4262 2477 4329 generis
2506 4262 2805 4320 inimicus.
2861 4266 2973 4322 Sed
3017 4267 3078 4322 id
3125 4284 3337 4326 revera
3377 4270 3598 4326 occulto
3653 4276 3721 4327 et

2046 4348 2208 4418 justo
2235 4351 2300 4406 ﬁt
2326 4351 2428 4406 Dei
2452 4352 2699 4422 judicio.
2732 4355 3070 4411 Traduntur
3098 4357 3265 4414 enim
3290 4358 3571 4415 interdum
3595 4357 3717 4413 hu-

2045 4439 2314 4511 jusmodi
2341 4447 2583 4514 propter
2608 4448 2856 4516 peccata
2887 4446 3082 4502 carnis
3113 4448 3174 4503 in
3226 4449 3521 4505 interitum
3545 4452 3732 4506 sata-

2050 4545 2158 4596 nae,
2194 4536 2257 4586 ut
2287 4531 2435 4586 salvi
2467 4531 2582 4587 sint
2612 4532 2857 4605 spiritus
2877 4534 2937 4590 in
2965 4534 3060 4591 die
3087 4536 3375 4593 dominici
3401 4536 3734 4595 adventus.

2051 4621 2092 4673 E
2141 4636 2402 4692 quorum
2458 4637 2614 4677 unus
2672 4624 2954 4681 Gestiliub
3011 4627 3329 4694 vocitatus,
3376 4628 3739 4701 hospitibus

2049 4709 2325 4780 pessimis
2375 4711 2727 4783 permissus,
2783 4713 2998 4770 nobilis
3039 4730 3278 4785 genere,
3333 4716 3439 4773 sed
3491 4717 3735 4791 ubique

2049 4798 2231 4854 miser
2285 4800 2596 4873 multiplici
2671 4802 2968 4873 daemone,
3030 4805 3191 4861 intus
3257 4806 3503 4873 diaboli,
3576 4808 3740 4866 foris

2050 4892 2263 4943 catena
2317 4887 2534 4958 ligatus
2577 4889 2732 4957 ferri,
2793 4907 2902 4964 per
2951 4893 3126 4965 plura
3182 4896 3541 4951 Sanctorum
3586 4895 3742 4955 loca

2047 4976 2440 5033 mundandus
2469 4978 2802 5050 deducitur,
2831 4982 2937 5037 sed
2965 4981 3215 5039 minime
3266 4983 3581 5040 absolutus
3632 5004 3741 5045 re-

2046 5064 2301 5121 ducitur.
2338 5069 2589 5123 Demum
2620 5067 2825 5124 divina
2852 5069 3236 5127 miseratione
3266 5072 3380 5128 hoc
3396 5072 3478 5127 uti
3505 5072 3737 5147 voluit,

2046 5154 2326 5224 dictante,
2346 5156 2575 5212 venitur
2595 5156 2673 5213 ad
2690 5158 2744 5213 S.
2767 5160 3306 5228 Emmerammum,
3326 5160 3539 5217 talium
3551 5161 3737 5221 dono

2047 5243 2269 5301 cmlesti
2296 5244 2673 5303 liberatorem
2706 5249 3118 5318 magniﬁcum.
3153 5251 3264 5306 Ubi
3313 5250 3571 5320 geminis
3616 5254 3737 5310 de-

2045 5332 2274 5389 vinctus
2301 5335 2545 5406 catenis,
2579 5336 2730 5392 adeo
2755 5337 2941 5394 extitit
2985 5337 3252 5396 bestialis
3302 5344 3359 5396 et
3403 5339 3733 5409 immanis,

2042 5425 2109 5476 ut
2138 5437 2173 5477 a
2198 5422 2377 5480 trium
2409 5424 2547 5480 viris
2568 5425 2777 5482 dextra
2804 5426 3075 5499 laevaque
3102 5429 3237 5501 pari
3284 5444 3543 5486 numero
3574 5430 3739 5489 divi-

2044 5511 2142 5578 sis,
2198 5513 2296 5568 vix
2340 5513 2418 5568 ab
2466 5513 2703 5570 interitu
2755 5515 2866 5583 sui,
2927 5531 3035 5571 nec
3087 5532 3214 5573 non
3259 5518 3520 5573 aliorum
3578 5536 3738 5593 pos-

2042 5605 2129 5657 set
2154 5602 2439 5660 cohiberi.
2482 5605 2749 5679 Cumque
2798 5605 2904 5663 diu
2952 5607 3189 5664 oratum
3245 5613 3403 5665 esset
3456 5624 3573 5682 pro
3626 5627 3733 5679 eo,
