3984 6180
268 236 406 292 1009

1050 238 1142 292 DE
1180 238 1550 296 MIRACULIS
1589 238 1645 293 S.
1686 236 2105 295 EMMERAMMI
2144 240 2327 295 LIBRI
2365 240 2530 297 DUO.
2570 270 2641 279 -——
2682 240 2809 295 LIB.
2850 244 2894 295 Ι.

3556 246 3691 295 mm

260 362 321 414 et
348 358 554 414 multis
576 357 726 414 foret
750 358 980 414 horrori
1024 364 1080 415 et
1108 361 1407 434 exemplo,
1444 366 1580 416 ante
1606 359 1925 416 confessio—
1962 366 2006 417 Λ
2035 361 2234 418 liceret
2259 363 2344 419 eis
2390 363 2624 436 absque
2651 363 2895 436 publica
2926 363 3272 420 confusione
3320 365 3687 421 domicilium

256 464 401 504 nem
431 447 761 503 beatissimi
788 449 1069 521 martyris
1106 450 1330 522 hospes
1353 450 1627 523 hispidus
1656 455 1712 505 et
1739 450 1929 506 horri-

258 536 377 594 dus
406 551 633 592 nomen
663 536 974 591 confessus
1002 537 1276 608 legionis,
1308 540 1532 610 ejectus
1564 542 1654 595 est
1680 539 1758 594 ab
1787 540 1928 595 hos-

259 626 379 700 pite
405 629 583 681 antea
612 624 725 679 sibi
768 626 974 696 charo,
1009 627 1116 682 sed
1144 633 1284 683 tunc
1318 629 1597 700 martyris
1645 628 1929 701 precibus

263 714 597 772 admodum
622 718 1015 771 amaro.Tum
1044 715 1300 785 videres,
1315 717 1536 773 mirum
1560 718 1621 772 in
1652 718 1925 779 modum,

266 804 317 859 si
342 803 603 869 adesses,
643 802 954 859 hominem
983 804 1166 877 paulo
1202 809 1339 862 ante
1376 821 1485 879 per
1515 805 1740 862 alienas
1770 805 1927 861 vires

261 892 502 949 ossibus
527 896 583 947 et
606 893 805 947 nervis
830 892 1177 959 distentum,
1211 893 1411 950 subito
1439 895 1729 950 mediocri
1759 899 1930 964 gestu

260 981 530 1054 corporis
557 985 924 1049 contentum,
957 998 1080 1038 uno
1105 983 1441 1056 eodemque
1464 988 1770 1039 momento
1801 984 1930 1039 des-

259 1070 497 1126 titutum
527 1070 784 1142 propriis
810 1070 1039 1126 viribus
1065 1076 1122 1127 et
1146 1073 1502 1127 restitutum.
1538 1076 1589 1127 ls
1610 1088 1752 1142 ergo
1787 1074 1928 1130 San-

260 1163 517 1226 ctorum,
572 1174 727 1231 quos
777 1175 886 1231 pro
942 1160 1184 1215 miseria
1239 1161 1562 1217 relevanda
1615 1162 1925 1233 petiverat,

265 1249 569 1316 charitate,
612 1248 790 1305 beato
838 1252 1283 1306 Emmerammo
1312 1251 1593 1321 donatus,
1634 1267 1743 1324 per
1788 1268 1929 1307 eun-

265 1338 403 1395 dem
453 1337 873 1394 dulcissimum
921 1345 1246 1412 patronum
1286 1341 1654 1410 gratiﬁcatur
1699 1345 1816 1398 Deo
1849 1342 1926 1397 si-

262 1427 511 1500 mulque
526 1428 724 1483 omnis
742 1428 915 1500 plebs
926 1431 1417 1499 Hiatospolitana
1440 1431 1571 1501 conj
1582 1431 1769 1487 ubilat
1786 1448 1924 1487 cum

261 1532 352 1573 eo.
388 1520 496 1573 Pro
524 1518 660 1584 hoc,
690 1517 938 1575 Domine
962 1519 1371 1587 dominorum,
1405 1525 1461 1575 et
1490 1520 1621 1576 aliis
1651 1520 1926 1593 potentiae

262 1610 378 1662 tuaa
412 1607 739 1675 miraculis,
769 1608 1071 1677 generatio
1113 1624 1377 1680 praesens
1407 1614 1464 1666 et
1491 1610 1692 1666 futura
1719 1610 1928 1666 lauda-

2033 452 2416 523 requietionis
2446 453 2577 525 ejus
2600 453 2841 508 intrare.
2877 454 3050 519 Quod
3079 470 3219 509 cum
3253 454 3545 509 videretur
3582 454 3689 509 im-

2036 544 2355 611 petratum,
2397 546 2462 598 ut
2484 542 2756 598 venirent
2786 542 2947 597 bona
2979 542 3092 598 sub
3143 559 3269 615 spe,
3303 543 3377 597 ad
3427 542 3555 597 illos
3603 548 3690 597 est

2033 629 2349 701 perlatum.
2381 632 2489 697 Qui
2516 632 2816 688 venientes
2834 649 2974 687 cum
2994 632 3325 688 humilitate
3352 649 3421 687 ac
3440 636 3689 687 tremore

2037 723 2180 774 sunt
2206 718 2533 775 intromissi
2564 726 2618 776 et
2660 737 2784 776 non
2814 720 3181 777 infructuose
3213 720 3484 777 admissi.
3544 725 3690 777 Nam

2035 807 2233 879 capita
2275 824 2413 863 cum
2443 810 2723 865 manibus
2762 809 3033 880 religiose
3074 810 3245 865 altari
3286 810 3688 882 impoucntes,

2033 895 2288 967 professi
2318 902 2456 953 sunt
2484 914 2545 953 se
2572 898 2794 954 martiri
2808 903 3126 972 perpetuos
3155 899 3691 971 censuales.Aliqui

2032 984 2409 1041 tradiderunt
2431 1002 2635 1041 servos
2658 992 2713 1042 et
2733 988 2997 1055 ancillas,
3022 992 3084 1043 ut
3104 988 3164 1043 in
3194 992 3519 1061 conspectu
3544 988 3690 1044 tanti

2033 1074 2273 1145 patroni
2310 1074 2643 1130 invenirent
2683 1076 2927 1145 gratias.
2974 1077 3087 1131 Alii
3129 1093 3270 1133 vero
3314 1076 3692 1133 contulerunt

2031 1162 2453 1234 possessiones
2480 1163 2848 1236 prediorum,
2880 1181 2954 1220 ne
3000 1165 3152 1220 ultra
3184 1170 3406 1221 starent
3433 1166 3493 1220 in
3523 1169 3689 1237 parte

2030 1266 2294 1306 reorum.
2330 1252 2495 1308 Alius
2543 1252 2637 1307 hic
2690 1252 2925 1325 reliquit
2975 1252 3265 1308 triennem
3313 1253 3689 1323 languorem,

2032 1338 2185 1393 alius
2209 1339 2490 1411 deposuit
2512 1339 2743 1395 bimam
2774 1339 3163 1409 debilitatem,
3196 1340 3347 1395 alius
3372 1341 3580 1410 jugem
3604 1357 3695 1395 su-

2032 1426 2261 1501 peravit
2289 1427 2538 1495 maligni
2564 1428 2804 1500 spiritus
2834 1428 3291 1484 infestationem.
3326 1428 3423 1483 His
3455 1429 3695 1483 tandem

2032 1521 2087 1573 et
2119 1517 2466 1588 hujusmodi
2512 1517 2819 1573 beneﬁciis
2862 1518 3083 1585 refecti,
3123 1518 3265 1589 quia
3313 1522 3489 1574 antea
3525 1518 3697 1573 malis

2032 1605 2363 1661 innumeris
2404 1611 2572 1661 erant
2620 1607 2835 1672 affecti,
2886 1607 2946 1661 in
2988 1608 3232 1679 propria
3279 1611 3417 1662 sunt
3458 1607 3695 1662 reversi.

258 1692 347 1749 bit
393 1710 583 1767 opera
636 1699 757 1750 tua.
800 1695 1299 1765 Magniﬁcentiam
1346 1697 1549 1767 gloriae
1602 1698 1927 1754 sanctitatis
1957 1718 1996 1770 Β
2036 1697 2198 1750 Unus
2230 1701 2431 1750 autem
2460 1695 2736 1766 ejusdem
2776 1695 2974 1767 stirpis
3000 1695 3273 1767 perdura?
3304 1696 3569 1765 cervicis,
3596 1712 3698 1750 no-

260 1785 375 1837 tuae
406 1782 751 1855 loquentur,
792 1789 847 1839 et
879 1784 1178 1841 mirabilia
1214 1790 1318 1841 tua
1345 1787 1683 1842 narrabunt
1716 1792 1771 1843 et
1819 1787 1927 1842 vir-

256 1875 449 1927 tutem
480 1872 832 1928 terribilium
882 1879 1123 1929 tuorum
1154 1874 1371 1931 dicent.
1426 1878 1575 1932 Cum
1618 1876 1840 1948 quibus
1871 1880 1928 1931 et

255 1976 370 2015 nos
423 1962 727 2017 humiliter
757 1978 827 2017 ac
855 1963 1245 2036 supplicative
1271 1964 1527 2020 dicimus
1562 1983 1575 2020 :
1628 1988 1651 2013 ‹‹
1690 1968 1925 2020 Emme-

254 2064 497 2105 rammo
530 2051 663 2106 testi
712 2057 813 2107 tuo
842 2050 1004 2107 ﬁdeli
1048 2051 1308 2107 concede
1359 2052 1610 2109 salutem
1651 2054 1925 2111 omnium

263 2138 473 2193 nostri.

332 2230 415 2281 Η.
449 2228 648 2282 Merita
672 2226 827 2282 beati
854 2230 1283 2285 Emmerammi
1308 2232 1591 2304 martyris
1621 2238 1924 2305 quantum

250 2313 494 2370 valeant
510 2314 569 2369 in
588 2315 884 2387 presentia
906 2317 1621 2390 0mnipotentis,testatur
1637 2322 1766 2392 jam
1787 2322 1924 2394 plus

250 2419 439 2476 quam
477 2420 587 2477 per
626 2409 921 2461 trecentos
952 2422 1147 2463 annos
1178 2410 1474 2481 Lautperti
1499 2410 1718 2466 misera
1749 2426 1925 2479 gene-

252 2492 406 2551 ratio
455 2497 714 2567 tyranni.
764 2495 947 2565 Cujus
998 2512 1029 2551 e
1088 2496 1271 2569 stirpe
1321 2514 1480 2553 unus
1528 2498 1624 2554 die
1653 2499 1925 2571 quadam

250 2598 392 2639 cum
419 2582 550 2639 aliis
581 2585 820 2655 patroni
845 2585 1033 2640 nostri
1066 2590 1275 2657 petens
1306 2586 1640 2656 ecclesiam,
1671 2605 1811 2644 cum
1840 2588 1927 2644 in-

252 2676 407 2728 trare
447 2676 763 2739 tentarent,
806 2672 867 2728 in
905 2673 1095 2745 ipsius
1126 2674 1259 2729 atrii
1292 2675 1459 2747 quod
1488 2676 1628 2731 huic
1667 2676 1927 2733 adhaeret

249 2762 590 2830 medietate,
622 2762 819 2819 subita
856 2763 1198 2836 prohibitus
1228 2781 1292 2820 es
1330 2766 1614 2837 caecitate,
1645 2766 1727 2821 ibi
1778 2767 1926 2823 dum

250 2852 555 2908 deviando
576 2852 858 2908 manibus
884 2853 1179 2926 palparet,
1203 2871 1273 2911 ac
1295 2855 1552 2928 pedibus
1574 2856 1921 2925 offenderet,

251 2959 289 2997 a
314 2941 766 2998 transeuntibus
792 2942 928 3015 quis
957 2948 1131 3014 esset,
1162 2944 1308 3017 quid
1334 2950 1655 3018 pateretur,
1680 2946 1927 3002 interro-

2035 1783 2195 1838 mine
2226 1783 2672 1851 Adalrammus,
2715 1784 2851 1839 fecit
2892 1784 3057 1857 quod
3110 1783 3301 1839 noluit
3330 1784 3541 1840 beatus
3571 1788 3703 1839 Em-

2032 1890 2330 1929 meramm
2340 1890 2426 1928 us.
2456 1874 2883 1929 Vendicaverat
2898 1874 3059 1929 enim
3080 1874 3192 1929 sibi
3214 1874 3430 1944 injuste
3451 1875 3702 1946 praedio-

2031 1976 2168 2015 rum
2198 1966 2450 2033 partem,
2484 1977 2619 2032 quae
2651 1976 2839 2032 nepos
2862 1962 2992 2031 ejus
3025 1960 3253 2016 martiri
3286 1961 3399 2016 sub
3454 1961 3700 2016 testibus

2031 2049 2195 2105 dedit
2224 2050 2283 2104 in
2313 2049 2723 2106 hereditatem.
2759 2053 2868 2106 Pro
2907 2066 3028 2122 qua
3054 2055 3386 2106 conventus
3410 2066 3445 2105 a
3471 2050 3697 2124 primo-

2031 2139 2198 2195 ribus
2228 2144 2285 2196 et
2310 2139 2717 2213 interpellatus
2748 2156 2784 2196 a
2813 2140 3340 2208 defensoril)us,ob
3364 2141 3559 2196 cordis
3585 2142 3698 2196 du-

2030 2229 2228 2285 ritiam
2281 2229 2521 2301 penitus
2550 2229 2788 2284 rennuit
2818 2229 3009 2285 facere
3056 2229 3384 2300 justiciam.
3429 2233 3699 2285 Ceterum

2032 2319 2246 2375 beatus
2275 2322 3058 2383 Emmeran1mus,«suorum
3108 2318 3387 2373 defensor
3415 2319 3697 2390 optimus,

2034 2421 2215 2479 super
2242 2407 2568 2462 temeritate
2617 2423 2686 2462 ac
2727 2406 2953 2462 malitia
3001 2406 3154 2461 adeo
3208 2422 3346 2461 eum
3379 2405 3605 2472 afﬂixit,
3639 2411 3702 2462 ut

2033 2510 2141 2566 per
2180 2494 2408 2566 aliquot
2453 2494 2819 2566 septimanas
2868 2494 3159 2564 aegritudo
3206 2494 3337 2565 ejus
3386 2494 3621 2551 sibimet
3646 2502 3702 2553 et

2034 2586 2188 2638 esset
2213 2598 2409 2654 poenae
2442 2588 2621 2654 atque
2652 2582 2905 2652 horrori,
2938 2583 3149 2638 amicis
3181 2600 3324 2639 vero
3361 2584 3698 2641 inconsola-

2032 2670 2139 2725 bili
2181 2672 2443 2727 mmrori.
2480 2670 2643 2726 Unde
2675 2671 2937 2742 contigit,
2974 2676 3037 2727 ut
3079 2672 3418 2744 frequenter
3448 2677 3700 2727 mortem

2034 2764 2286 2834 optaret,
2317 2761 2422 2816 sed
2467 2765 2672 2835 optata
2701 2761 2949 2817 minime
2979 2763 3225 2818 veniret.
3259 2766 3420 2819 Tunc
3451 2762 3698 2817 domum

2032 2851 2245 2924 procul
2273 2851 2460 2907 dubio
2507 2852 2641 2925 ipsa
2690 2867 2891 2907 rerum
2933 2852 3081 2909 facie
3136 2852 3507 2926 perdiscens,
3556 2852 3700 2925 quia

2033 2940 2198 2996 illum
2231 2941 2478 2997 haberet
2492 2942 3001 3013 offensum,cujus
3042 2943 3348 2999 martirem
3379 2943 3699 2998 inhonora-

253 3034 449 3100 gatus,
484 3035 541 3086 et
567 3046 756 3100 genus
780 3030 1185 3099 infcelix,cum
1210 3050 1357 3089 casu
1379 3033 1923 3106 professus,eorum
1959 3070 1999 3125 Ο
2034 3034 2198 3085 verat
2258 3030 2727 3099 sanctissimum,
2788 3047 2971 3103 seque
3027 3032 3237 3087 dolens
3294 3031 3698 3087 infelicissime

254 3118 508 3175 consilio
548 3123 604 3174 et
646 3119 870 3175 ducatu
901 3121 1120 3176 atrium
1168 3125 1257 3178 est
1286 3138 1580 3193 egressus.
1618 3123 1728 3189 Qui
1779 3140 1923 3180 mox

244 3209 444 3263 visum
486 3208 801 3281 recipiens,
856 3225 966 3265 nec
1012 3225 1138 3266 non
1168 3226 1278 3283 pro
1308 3228 1380 3267 eo
1409 3212 1574 3285 quod
1606 3212 1718 3267 sibi
1766 3214 1920 3269 acci-

246 3298 440 3365 derat,
490 3298 637 3353 haut
668 3297 811 3354 satis
861 3298 1175 3368 diligenter
1213 3315 1274 3355 se
1301 3300 1645 3367 discutiens,
1689 3306 1753 3357 ut
1781 3305 1919 3374 pote

250 3387 509 3458 alicujus
560 3387 758 3442 oneris
805 3388 1137 3460 expeditus,
1194 3389 1547 3445 intrantium
1596 3391 1784 3446 turbis
1836 3396 1925 3447 est

251 3472 649 3543 conjunctus:
700 3476 842 3527 tunc
896 3472 1062 3528 miris
1112 3474 1267 3530 mira
1324 3475 1804 3546 succedentibus,
1859 3475 1921 3530 in

248 3561 384 3634 ipso
416 3564 729 3633 portarum
759 3560 1002 3616 introitu
1050 3562 1251 3618 denuo
1281 3564 1541 3619 caacitate
1569 3580 1916 3636 percussus.

251 3650 419 3706 Unde
447 3654 505 3706 et
542 3666 577 3705 a
606 3650 834 3723 populo
881 3651 1173 3707 honorem
1200 3652 1381 3709 dante
1413 3656 1533 3709 Deo
1571 3653 1802 3727 absque
1833 3654 1925 3709 di-

247 3738 468 3793 latione
534 3737 697 3794 foras
764 3738 1014 3809 ejicitur,
1082 3740 1187 3812 qui
1244 3756 1351 3813 per
1402 3741 1918 3798 evidentissimum

251 3827 491 3896 signum
537 3843 574 3883 a
617 3828 845 3883 cunctis
876 3828 1153 3885 inimicus
1196 3830 1357 3886 testis
1397 3846 1529 3886 esse
1583 3832 1915 3901 conjicitur.

246 3918 436 3988 Hujus
465 3919 547 3973 rei
578 3919 985 3975 testimonium
1031 3936 1170 3975 cum
1208 3920 1451 3991 publico
1482 3920 1703 3977 rubore
1731 3922 1917 3977 homo

245 4011 499 4080 portans
544 4024 770 4074 secum,
814 4014 870 4064 et
897 4008 1073 4064 valde
1103 4009 1352 4065 miratus
1398 4027 1460 4065 se
1490 4010 1585 4065 bis
1627 4017 1918 4066 caecatum

245 4101 429 4169 atque
472 4096 897 4164 illuminatum,
929 4097 1241 4170 repedavit
1280 4098 1359 4154 ad
1394 4099 1662 4171 propria,
1707 4100 1917 4170 hujus-

243 4184 414 4242 modi
445 4202 720 4242 sermone
752 4187 903 4243 inter
950 4186 1284 4243 conrivales
1328 4193 1386 4243 et
1432 4190 1918 4259 consanguineos

244 4278 521 4331 exeunte.
552 4275 832 4331 Noverint
860 4290 1093 4346 omnes,
1112 4275 1259 4330 nulli
1277 4292 1349 4331 ex
1369 4276 1714 4348 posteritate
1742 4278 1916 4334 Lam-

236 4365 407 4435 ρονῑὶ
453 4380 771 4419 accessum
814 4364 981 4436 apud
1015 4366 1069 4420 S.
1105 4366 1622 4421 Emmerammum
1669 4366 1739 4422 iri
1770 4382 1913 4422 con-

247 4468 504 4519 cessum,
561 4453 675 4509 nisi
724 4470 862 4509 cum
908 4470 1135 4524 magna
1177 4455 1509 4511 humilitate
1555 4460 1614 4512 et
1655 4456 1914 4513 multum

249 4541 481 4599 valente
534 4542 921 4616 impetratum
994 4543 1170 4599 fuerit
1210 4560 1406 4617 prece.
1456 4548 1540 4601 Tu
1586 4561 1752 4614 vero,
1783 4562 1912 4602 ma-

245 4629 468 4702 gniﬁca
520 4630 624 4687 lux
675 4630 907 4698 mundi,
967 4647 1075 4704 per
1127 4632 1581 4689 intercessiones
1633 4634 1914 4705 martyris

245 4718 334 4775 tui
372 4719 647 4776 illumina
688 4720 962 4776 tenebras
1006 4721 1203 4777 cordis
1256 4722 1463 4789 nostri,
1521 4739 1595 4778 ne
1649 4728 1912 4779 extorres

246 4808 435 4864 simus
474 4808 726 4864 caelestis
772 4809 961 4881 regni,
1012 4810 1119 4866 sed
1173 4811 1641 4868 intromittamur
1690 4812 1914 4885 nuptiis

244 4897 409 4967 agni.

323 4989 407 5041 12.
440 4986 677 5043 Nobiles
692 4987 943 5059 quidam
959 4988 1091 5058 viri,
1116 4991 1469 5058 cognatione
1484 4990 1660 5046 nobis
1690 4994 1746 5047 et
1767 4995 1911 5049 tem-

241 5090 391 5149 pore
416 5076 560 5139 noti,
594 5093 853 5149 quorum
880 5077 1129 5133 nomina
1161 5078 1423 5149 silemus,
1456 5081 1599 5152 quia
1627 5097 1912 5137 verecun-

241 5164 423 5220 datur
452 5165 710 5238 quisque
735 5167 1047 5239 proximus
1076 5166 1156 5222 ob
1190 5167 1463 5223 timorem
1487 5171 1705 5241 pariter
1727 5176 1783 5227 et
1807 5160 1909 5227 an—

242 5268 455 5323 gorem
476 5255 842 5311 calamitosa:
872 5256 1078 5329 pestis,
1101 5271 1237 5327 quae
1268 5255 1372 5311 diu
1400 5258 1775 5333 multumque
1797 5276 1907 5315 sae-

238 5342 401 5399 vitin
438 5344 789 5400 hominibus
820 5344 1143 5416 tyrannicae
1175 5345 1556 5417 posteritatis,
1588 5363 1694 5419 per
1718 5349 1909 5404 diver-

240 5447 344 5488 sas
380 5448 581 5488 rerum
613 5449 860 5489 suarum
911 5433 1247 5490 oblationes
1300 5437 1480 5506 atque
1525 5436 1905 5493 sacerdotum

238 5522 544 5579 orationes
588 5526 997 5580 ceterorumve
1040 5518 1510 5598 supplicationes
1550 5527 1667 5580 Deo
1713 5525 1907 5583 famu-

235 5610 495 5669 lantium
525 5612 818 5669 miserunt
842 5612 922 5669 ad
941 5612 1188 5669 beatum
1216 5616 1752 5684 Emmerammum,
1780 5631 1903 5692 quo

314 5701 432 5773 (68)
454 5703 533 5757 De
560 5701 695 5774 ipso
719 5717 775 5757 v.
809 5701 1064 5759 Thietm.
1097 5702 1277 5771 IL”;
1312 5701 1401 5769 ΙΙΙ,
1433 5708 1485 5757 7.

1942 4418 1985 4474 D

2031 3118 2252 3188 vivere,
2268 3123 2324 3173 et
2348 3119 2736 3174 nihilominus
2766 3119 3119 3191 hujusmodi
3148 3121 3270 3176 vita
3292 3126 3481 3176 morte
3500 3121 3697 3176 saltim

2031 3206 2197 3262 haud
2224 3222 2406 3279 posse
2444 3207 2635 3273 ﬁnire,
2670 3207 2917 3263 consilio
2944 3223 3096 3274 sero,
3129 3208 3235 3263 sed
3283 3212 3483 3263 tamen
3512 3208 3694 3275 bono,

2032 3311 2284 3350 uxorem
2316 3295 2429 3350 sub
2468 3294 2841 3351 festinatione
2890 3311 3029 3350 cum
3077 3295 3260 3351 filiolo
3288 3296 3366 3351 ad
3394 3296 3699 3351 martirem

2032 3384 2215 3453 misit,
2245 3387 2486 3456 neptem
2539 3384 2757 3439 scilicet
2786 3400 2987 3440 meam
3016 3401 3157 3439 cum
3206 3389 3422 3457 nepote
3454 3384 3591 3440 illuc
3622 3385 3699 3439 ad

2031 3472 2397 3528 restituenda
2427 3472 2637 3545 predia
2667 3488 2902 3528 currere
2943 3472 3094 3528 fecit.
3131 3473 3239 3538 Qui
3271 3477 3443 3528 nocte
3473 3471 3699 3543 vigilia—

2029 3579 2161 3617 rum
2193 3563 2325 3634 ejus
2345 3562 2666 3629 venientes,
2700 3568 2757 3618 et
2785 3578 2964 3618 mane
3008 3562 3281 3619 ordinem
3307 3563 3391 3618 rei
3421 3562 3568 3619 mihi
3593 3580 3694 3618 ex-

2028 3656 2341 3724 ponentes,
2365 3668 2401 3707 a
2418 3667 2514 3707 me
2532 3656 2778 3724 accepto
2802 3652 2968 3724 quod
2995 3652 3073 3707 ad
3104 3652 3358 3708 salutem
3379 3653 3545 3725 pueri
3569 3668 3699 3725 per-

2028 3740 2201 3796 tinuit
2230 3740 2478 3796 consilio
2504 3740 2655 3796 hora
2693 3739 2812 3795 diei
2836 3740 3049 3797 natalis
3078 3741 3409 3797 beatissimi
3437 3742 3697 3797 martiris

2028 3829 2203 3901 quasi
2242 3829 2509 3885 secunda
2546 3834 2742 3885 mater
2763 3830 2841 3885 ad
2880 3830 3065 3885 altare
3114 3830 3387 3897 accessit,
3419 3834 3476 3884 et
3497 3831 3694 3901 primo

2029 3917 2290 3973 ﬁliorum
2323 3922 2534 3973 sancto
2575 3920 3023 3972 Emmerammo
3050 3916 3281 3970 solvere
3309 3916 3529 3971 faciens
3562 3931 3695 3969 cen-

2029 4022 2188 4073 sum,
2214 4006 2430 4060 deinde
2460 4022 2600 4060 cum
2631 4004 2903 4074 ejusdem
2934 4003 3220 4058 manibus
3245 4002 3507 4058 attractis
3526 4018 3694 4058 more

2028 4095 2340 4166 Bajoarico
2368 4093 2618 4149 testibus
2643 4092 2953 4148 retradidit
2990 4092 3219 4164 predia,
3254 4092 3331 4147 uti
3361 4096 3535 4149 antea
3565 4092 3692 4149 fuc-

2028 4189 2163 4240 rant
2199 4184 2434 4250 tradita,
2481 4168 2855 4254 domumque
2905 4186 2996 4237 est
3043 4197 3298 4238 reversa.
3348 4182 3489 4238 Inde
3544 4183 3692 4240 mihi

2026 4277 2238 4346 postea
2257 4271 2504 4327 nuntius
2523 4270 2702 4337 venit,
2717 4270 2821 4343 qui
2838 4270 3060 4342 juravit
3074 4287 3182 4345 per
3200 4271 3445 4328 beatum
3460 4274 3691 4329 Emme-

2026 4379 2353 4427 rammum,
2398 4360 2906 4435 prtenominatum
2961 4361 3419 4419 Adalrammum
3476 4363 3688 4419 eadem

2024 4454 2177 4509 hora
2225 4450 2545 4524 tranquilla
2591 4451 2944 4524 pausatione
2982 4450 3333 4508 defunctim
3363 4468 3510 4520 esse,
3566 4467 3689 4522 qua

2024 4544 2152 4599 haec
2198 4540 2434 4598 traditio
2473 4540 2631 4597 facta
2679 4544 2767 4596 est
2821 4541 3179 4597 Ratisbonee.
3242 4545 3357 4595 Nos
3410 4539 3682 4610 proinde,

2021 4637 2319 4707 quotquot
2365 4648 2575 4687 sumus
2604 4631 2748 4688 tanti
2788 4632 3024 4705 patroni
3067 4631 3342 4695 cultores,
3377 4630 3494 4683 Deo
3524 4630 3580 4682 et
3604 4626 3686 4683 illi

2022 4723 2323 4794 gratificas
2354 4721 2746 4779 concinamus
2783 4720 2994 4776 laudes
3023 4721 3035 4773 !

2099 4818 2182 4869 l3.
2212 4812 2502 4883 Magnalia
2529 4810 2628 4866 Dei
2654 4811 3037 4866 vehementer
3057 4811 3196 4863 sunt
3216 4804 3678 4873 consideranda,

2020 4908 2076 4960 et
2106 4908 2452 4960 sanctorum
2490 4900 2579 4955 ira
2610 4916 2715 4955 seu
2742 4898 3031 4971 patientia
3061 4895 3239 4951 nimis
3261 4893 3548 4950 timenda.
3582 4894 3680 4949 His

2019 4993 2239 5049 etenim
2267 4987 3072 5063 patrocinantibus,clemens
3088 4983 3263 5039 nobis
3285 4982 3681 5039 eritAltithro-

2017 5098 2154 5148 nus,
2180 5078 2424 5136 oﬂensis
2454 5092 2593 5131 vero
2618 5081 2674 5131 et
2699 5075 2932 5148 spretis,
2966 5090 3073 5146 per
3097 5073 3347 5142 longum
3375 5077 3479 5128 aut
3500 5072 3679 5129 breve

2017 5185 2140 5225 non
2173 5167 2352 5222 stabit
2366 5165 2621 5220 inultum
2644 5168 2701 5219 et
2718 5162 3047 5228 1eve.Quod
3068 5161 3233 5234 apud
3254 5166 3529 5218 sanctum
3551 5164 3680 5217 Em-

2018 5272 2423 5313 merammum
2441 5253 2556 5309 sub
2569 5251 2887 5310 Michahele
2906 5251 3188 5324 episcopo
3201 5251 3342 5307 satis
3353 5250 3677 5324 probatum

2017 5345 2280 5401 seniores
2308 5343 2635 5399 retulerunt
2652 5340 2848 5409 nobis,
2876 5340 2980 5415 qui
3004 5340 3499 5396 memorabantur
3521 5339 3678 5395 illius

2017 5432 2319 5505 temporis.
2357 5436 2406 5487 Is
2433 5446 2576 5501 ergo
2602 5447 2712 5504 pro
2741 5429 2923 5485 rebus
2955 5429 3236 5498 martiris,
3259 5428 3676 5485 defensoribus

2018 5522 2369 5596 assumptis,
2383 5538 2523 5578 cum
2549 5520 2818 5577 Pertoldo
2848 5520 3193 5577 marchione
3210 5520 3320 5591 t68)
3332 5518 3675 5575 conﬂictum

2015 5613 2229 5677 habuit
2247 5610 2837 5685 magnum.Cumque
2859 5609 2962 5667 diu
2984 5614 3273 5667 certatum
3295 5612 3449 5665 esset
3469 5608 3672 5664 utrim-
