3984 6180
330 249 457 301 1011

1376 236 1690 295 ARNOLDI
1729 232 2319 294 EMMERAHMENSIS
2358 240 2694 296 MONACHI.

3622 238 3750 291 £0?!

324 386 464 442 que,
495 368 737 425 tandem
768 365 827 419 in
866 364 928 419 id
954 364 1215 436 partium
1244 363 1415 437 paria
1441 364 1866 424 convenerunt,
1920 363 1983 414 ut
2020 364 2065 414 A
2095 363 2306 417 scerni.
2342 364 2409 419 Hi
2437 369 2500 420 ut
2527 363 2628 418 ﬁlii
2661 362 2885 420 diaboli
2915 378 3055 418 cum
3083 362 3376 434 perversis
3406 376 3476 416 ac
3508 359 3765 416 scelera-

325 457 644 513 duodecim
675 454 942 509 virorum
972 452 1268 508 nobilium
1292 454 1655 524 juramento,
1678 450 1843 523 quod
1866 448 1982 503 exi-

324 547 500 615 gebat
522 542 839 617 prefcctus,
865 540 1093 599 tolleret
1108 542 1289 599 beato
1319 542 1983 610 Emmerammo.Super

322 635 495 706 cujus
537 632 720 689 altare
750 632 1034 689 cambota
1071 632 1206 703 (68‘)
1232 632 1423 705 ipsius
1460 631 1673 705 posita,
1706 629 1982 684 homines

320 722 554 781 numeri
591 722 925 795 praescripti
945 721 1297 778 accedentes
1321 722 1694 793 juraverunt.
1738 718 1853 775 Sed
1898 717 1982 772 ul-

322 814 478 871 tione
522 812 727 869 divina
771 802 1061 885 percussi,
1113 811 1340 881 grande
1390 826 1593 866 secum
1640 809 1982 864 recedentes

319 902 551 959 malum
572 904 976 974 portaverunt.
1004 901 1187 972 Cujus
1214 899 1432 957 talione
1464 898 1888 956 saumatizatus
1910 912 1980 951 ex

318 994 487 1066 patre
509 1009 659 1049 avus
686 1008 857 1048 meus
874 990 1192 1061 Arnoldus,
1207 991 1419 1047 eodem
1444 994 1751 1045 momento
1772 988 1979 1042 (lextro

319 1082 659 1138 debilitatus
687 1081 955 1151 brachio,
995 1085 1133 1153 post
1162 1084 1392 1153 p‘aucos
1422 1095 1615 1135 annos
1646 1079 1705 1133 in
1732 1076 1980 1133 flumine

320 1172 483 1229 Naba
515 1171 699 1237 solus,
726 1171 1011 1227 comitatu
1040 1170 1225 1241 salvo,
1261 1170 1460 1226 subita
1486 1173 1674 1225 morte
1703 1169 1888 1223 vitam
1918 1167 1984 1220 ﬁ-

320 1261 486 1317 nivit.
507 1261 694 1317 Ceteri
714 1278 876 1328 vero,
895 1260 999 1333 qui
1027 1261 1159 1331 conj
1171 1265 1508 1327 uraverant,
1538 1259 1683 1332 quid
1715 1257 1981 1330 perpessi

280 1356 285 1359 “
319 1351 454 1423 sint,
487 1350 743 1406 breviter
773 1354 1043 1419 tangam.
1076 1349 1237 1405 Alius
1283 1349 1447 1422 atqui
1498 1354 1773 1416 crecatus,
1830 1346 1979 1402 alius

318 1439 906 1511 strangulatus,alius
919 1439 1438 1506 insensatus,alius
1453 1437 1714 1512 paralysi
1730 1436 1979 1505 solutus,

264 1594 273 1603 κ
318 1529 468 1586 alius
521 1529 903 1600 evisceratus,
959 1527 1111 1584 alius
1168 1528 1416 1584 fulmine
1468 1531 1786 1593 ustulatus,
1830 1525 1982 1581 alius

316 1618 593 1675 incendio
610 1619 868 1692 propriae
895 1617 1113 1673 domus
1127 1623 1541 1689 consumptus,
1559 1617 1708 1672 alius
1730 1632 1981 1671 mancus

317 1712 373 1764 et
402 1706 915 1779 monophtalmus,
951 1705 1102 1761 alius
1145 1707 1344 1761 cancri
1374 1705 1587 1761 morbo
1636 1720 1978 1778 percussus,

317 1796 468 1853 alius
524 1794 814 1852 elefantiae
871 1799 1038 1868 peste
1098 1794 1379 1865 foedatus,
1436 1793 1588 1849 alius
1646 1793 1981 1865 hydropica

316 1884 621 1941 inﬂatione
662 1887 961 1955 gravatus,
995 1882 1281 1937 miseram
1330 1883 1510 1938 vitam
1541 1882 1761 1937 misera
1794 1884 1980 1936 morte

316 1973 616 2030 ﬁnierunt.
639 1972 802 2029 Unde
825 1989 996 2028 meus
1026 1988 1098 2028 ex
1129 1976 1316 2027 matre
1347 1971 1981 2045 avus,prenominatus

318 2063 539 2119 scilicet
563 2078 765 2118 comes
796 2059 1209 2130 Peratholdus,
1231 2061 1485 2116 terriﬁca
1515 2058 1981 2115 commonitione

318 2152 730 2219 tactus,beato
764 2154 1206 2207 Emmerammo
1229 2151 1505 2223 predium
1538 2149 1979 2217 suburbanum,

318 2241 483 2314 quod
515 2241 729 2297 dicitur
778 2239 1058 2309 lsininga,
1087 2255 1196 2312 per
1221 2241 1270 2274 ²⁰
1308 2238 1713 2295 venerabilem
1746 2239 1794 2273 ²⁰
1828 2237 1907 2310 pii
1935 2238 1982 2270 2°

318 2329 552 2386 abbatis
568 2331 615 2364 ²ο
632 2328 953 2385 Ramuoldi
967 2331 1015 2364 ²⁰
1038 2328 1499 2384 ordinationem.
1512 2370 1522 2382 .
1536 2371 1546 2382 .
1560 2330 1623 2382 .²¹
1641 2327 1914 2398 ejusdem
1933 2327 1982 2360 ²⁰

316 2418 509 2492 predii
530 2419 600 2487 ²⁰,
632 2418 881 2474 donavit
914 2418 1047 2489 (69),
1089 2416 1245 2472 illius
1288 2417 1593 2472 ascribens
1622 2415 1984 2488 obsequium

318 2506 639 2563 duodecies
651 2506 923 2562 dandum
941 2507 1255 2563 karitativo
1270 2506 1407 2562 usui
1421 2506 1856 2561 monachorum
1875 2519 1983 2559 nec

319 2610 443 2654 non
491 2596 796 2654 refectioni
834 2596 1219 2653 duodenariae
1259 2596 1468 2653 Christi
1502 2594 1983 2652 elcemosinario-

317 2703 481 2745 rum.
509 2687 596 2742 Tu
628 2691 853 2756 autem,
888 2686 1261 2743 sanctissime
1282 2685 1488 2742 martir
1522 2687 1982 2749 Emmeramme,

316 2776 690 2834 duodenario
702 2774 994 2830 miraculo
1017 2774 1355 2839 clariﬁcate,
1383 2790 1492 2844 pro
1511 2772 1686 2827 nobis
1713 2776 1985 2845 peccato-

315 2868 507 2936 ribus,
538 2866 830 2920 hactenus
852 2863 1057 2918 abusis
1079 2863 1399 2918 duodecim
1428 2861 1982 2932 irreligiositatibus,

316 2970 525 3029 preces
556 2954 755 3021 largas
785 2950 968 3006 funde
985 2965 1191 3005 coram
1220 2949 1459 3022 illo,qui
1480 2950 1641 3005 hunc
1663 2966 1984 3005 numerum

319 3039 649 3116 apostolico
679 3038 1060 3095 dedicaverat
1089 3038 1305 3093 choro!

396 3134 478 3188 14.
495 3134 643 3189 Cum
660 3130 775 3186 hoc
799 3128 1198 3186 certissimum
1217 3127 1438 3184 habeat
1454 3127 1788 3185 Christiana
1810 3127 1980 3196 ﬁdes,
2007 3146 2015 3154 ·

319 3220 464 3296 quia
489 3219 551 3277 hi
572 3219 675 3292 qui
701 3217 763 3274 in
792 3218 1036 3274 nomine
1070 3217 1305 3274 Domini
1332 3217 1482 3286 largi
1507 3221 1644 3272 sunt
1672 3217 1733 3272 in
1762 3232 1986 3290 paupe-

318 3326 437 3379 res,
468 3310 528 3367 in
561 3312 749 3366 Deum
789 3308 907 3364 dici
938 3308 1198 3363 debeant
1224 3323 1293 3363 ac
1326 3307 1441 3363 sint
1471 3323 1578 3380 per
1608 3307 1812 3362 omnia
1843 3306 1986 3362 divi-

321 3405 408 3458 tes
434 3419 447 3467 ;
480 3403 537 3456 et
561 3400 705 3473 quia
732 3398 861 3471 ipse
892 3396 1059 3453 dives
1098 3400 1188 3452 est
1214 3396 1277 3452 in
1307 3413 1538 3466 omnes,
1570 3396 1986 3467 universisque

323 3489 404 3546 ad
425 3488 843 3545 sufﬁcientiam
874 3484 1132 3541 tribuere
1148 3488 1364 3557 potest,
1384 3488 1585 3541 tamen
1612 3501 1685 3540 ne
1712 3485 1904 3539 desint
1927 3485 1988 3540 in

323 3578 575 3644 mundo,
606 3575 668 3632 in
692 3575 915 3648 quibus
935 3573 1221 3644 fragilitas
1250 3574 1520 3629 humana
1551 3591 1659 3630 sua
1688 3573 1880 3646 possit
1902 3591 1988 3630 re-

325 3664 552 3722 dimere
580 3667 847 3737 peccata,
876 3661 1000 3717 suis
1028 3661 1315 3717 membris
1340 3662 1404 3716 in
1429 3661 1694 3716 minimis
1725 3661 1989 3734 quotidie

327 3752 575 3810 sustinet
598 3767 754 3809 onus
780 3749 1151 3824 paupertatis
1177 3750 1414 3819 (Ephes.
1448 3755 1528 3815 ιι).
1565 3751 1789 3811 Quibus
1817 3750 1877 3806 id
1906 3751 1988 3808 le-

325 3841 507 3900 vandi
553 3840 766 3914 gratia,
814 3838 1348 3914 percursitantibus
1376 3838 1645 3895 ﬁdelium
1688 3840 1906 3896 domus
1935 3847 1992 3897 et

325 3932 605 4006 hospitia,
637 3931 790 3988 adeo
834 3929 1222 4003 quorundam
1268 3928 1528 4001 parcitas
1570 3929 1904 3986 obduratur
1935 3935 1991 3985 et

326 4022 613 4097 nequitia,
646 4024 708 4078 ut
753 4036 877 4093 prae
907 4018 1083 4075 famis
1114 4033 1183 4075 ac
1223 4017 1458 4089 frigoris
1504 4019 1803 4087 angustia,
1844 4019 1990 4076 inci-

328 4113 470 4170 dere
494 4115 787 4182 cogantur
816 4124 1021 4165 amare
1060 4108 1267 4164 mortis
1298 4109 1626 4177 gurgustia.
1663 4111 1824 4180 Quae,
1854 4126 1992 4165 con-

329 4202 551 4259 ditione
577 4200 689 4256 sub
720 4200 852 4267 hac,
872 4214 996 4271 quo
1020 4198 1223 4271 plures
1243 4197 1660 4254 miserabiliter
1687 4199 1988 4265 absumat,

330 4290 648 4348 multitudo
697 4288 985 4345 falsorum
1022 4286 1276 4343 fratrum
1324 4287 1611 4343 violenter
1641 4288 1993 4345 sententiam

331 4383 533 4439 dictat.
569 4381 636 4436 Hi
668 4378 965 4449 siquidem
995 4394 1118 4457 non
1152 4378 1359 4451 spiritu
1380 4379 1657 4449 humiles,
1692 4380 1793 4434 sed
1814 4379 1991 4435 rebus

331 4476 389 4530 et
426 4471 576 4528 vitiis
617 4484 939 4542 pauperes,
986 4484 1093 4541 per
1133 4467 1533 4524 clandestinas
1578 4486 1648 4524 ac
1689 4469 1991 4527 evidentes

330 4561 577 4635 rapinas
625 4559 834 4617 Christi
866 4557 1239 4631 praepediunt
1268 4557 1635 4630 pauperibus
1663 4574 1739 4612 ne
1783 4559 1994 4617 solatia

332 4650 631 4724 accipiant
658 4647 987 4721 aliquando
1016 4646 1195 4703 etiam
1225 4662 1261 4701 a
1280 4646 1457 4701 bonis
1478 4645 1777 4717 ﬁdelibus,
1805 4664 1841 4703 a
1865 4649 1993 4721 qui-

334 4739 451 4795 bus
481 4736 626 4794 boni
650 4734 950 4810 pauperes
989 4739 1047 4791 et
1068 4733 1213 4790 mali
1252 4734 1417 4790 haud
1449 4733 1620 4790 facile
1649 4741 1876 4807 queunt
1901 4737 1991 4794 di-

2091 450 2163 506 tis
2189 452 2457 510 fcederati
2494 454 2715 528 partim
2754 457 3029 509 exercent
3055 451 3367 508 latrocinia
3390 451 3453 506 in
3484 450 3661 507 silvis
3714 456 3771 505 et

2091 541 2241 597 villis
2271 543 2447 598 nimis
2470 543 2751 610 crudelia,
2783 542 3001 616 partim
3031 558 3137 615 per
3159 542 3295 597 loca
3322 540 3614 609 sacraria,
3640 555 3780 595 mo-

2089 630 2314 687 liuntur
2362 650 2497 705 quae
2543 634 2781 707 penitus
2831 631 3075 689 nefaria.
3137 631 3397 697 Quidam
3452 646 3606 686 vero
3664 629 3774 703 qui

2089 721 2241 777 inter
2267 738 2369 777 eos
2401 723 2678 779 videntur
2722 723 2897 796 quasi
2927 721 3274 790 sanctiores,
3322 719 3627 776 Ecclesias
3660 734 3773 791 per

2089 811 2478 884 bypocrysim
2510 813 3059 886 frequentantes,ac
3091 811 3390 882 sacrilegis
3419 810 3503 865 ibi
3524 809 3773 865 lucellis

2088 900 2405 967 inhiantes,
2455 904 2654 970 velint,
2710 903 2919 973 nolint,
2970 901 3249 958 evolvunt
3299 901 3360 956 in
3417 899 3769 972 publicum,

2089 1005 2275 1061 quam
2302 992 2472 1046 vacui
2500 992 2615 1047 sint
2644 992 2989 1047 divitiarum
3018 1007 3316 1046 verarum.
3352 989 3504 1056 Quid
3536 988 3773 1061 plura?

2091 1079 2257 1136 Locis
2287 1079 2348 1135 in
2379 1081 2598 1137 sanctis
2657 1080 2769 1152 ipsi
2796 1095 2919 1135 non
2947 1081 3071 1134 sine
3096 1078 3387 1134 miraculo
3418 1093 3585 1150 saepe
3614 1076 3773 1131 vidi-

2091 1186 2226 1224 mus
2258 1169 2686 1241 deprehensos,
2736 1185 2995 1241 quorum
3028 1168 3184 1223 furta
3214 1184 3317 1223 seu
3348 1173 3563 1223 catera
3597 1165 3775 1236 ﬂagi-

2093 1259 2172 1315 tia
2201 1259 2315 1313 hoc
2347 1259 2486 1314 satis
2514 1259 2923 1327 declarabant,
2965 1258 3133 1329 quod
3162 1273 3284 1312 non
3329 1258 3391 1312 in
3437 1256 3664 1329 spiritu
3714 1260 3773 1311 et

2089 1349 2333 1404 veritate
2364 1348 2485 1403 veri
2514 1347 2863 1404 advenerint
2885 1348 3247 1411 adoratores,
3283 1346 3367 1401 sel
3398 1345 3631 1401 falsarii
3663 1360 3773 1399 seu

2090 1437 2414 1509 deceptorii
2435 1436 2773 1492 adulatores
2804 1438 2996 1506 (Joan.
3025 1438 3119 1505 ιν).
3143 1435 3366 1489 Horum
3396 1434 3497 1489 alii
3524 1434 3772 1488 miseri-

2092 1527 2295 1583 cordia
2321 1527 2547 1592 donati,
2573 1532 2627 1581 et
2656 1526 2740 1581 sic
2772 1530 2909 1581 sunt
2927 1526 2987 1579 in
3016 1524 3499 1597 spiritulenitatis
3524 1523 3767 1578 salvati.

2092 1616 2253 1671 Alios
2284 1617 2565 1688 vero,qui
2597 1615 2957 1671 videbantur
2981 1613 3159 1669 corde
3189 1612 3767 1686 duriores,publicae

2092 1704 2503 1761 emendabant
2518 1704 2958 1773 castigationes,
2979 1719 3053 1758 ne
3074 1702 3401 1774 impunitas
3420 1702 3571 1756 tales
3608 1701 3767 1756 face-

2090 1799 2177 1850 ret
2225 1795 2565 1850 deteriores.
2625 1798 2765 1850 Pars
2798 1798 2998 1848 autcm
3048 1791 3406 1848 abscondita
3454 1792 3766 1864 patientia!

2095 1886 2449 1938 Sanctorum
2497 1882 2936 1946 reservabatur,
2966 1882 3110 1954 quia
3149 1880 3399 1937 omnino
3428 1898 3467 1936 a
3497 1879 3765 1935 mortali-

2091 1973 2227 2038 bus,
2259 1972 2363 2043 qui
2395 1977 2450 2027 ct
2479 1972 2688 2044 quales
2719 1972 2958 2026 fuerunt
2988 1970 3460 2040 ignorabantur:
3496 1971 3765 2041 exceptis

2091 2061 2205 2123 his,
2226 2061 2329 2133 qui
2361 2061 2473 2115 sibi
2497 2065 2664 2116 erant
2691 2060 2911 2116 conscii
2945 2058 3295 2131 hujusmodi
3318 2058 3761 2123 facti.Quorum

2093 2166 2165 2204 ex
2204 2165 2457 2204 numero
2513 2149 2794 2220 quaedam
2835 2147 3185 2203 muliercula
3237 2146 3473 2217 Reginae
3507 2146 3761 2201 civitatis

2092 2240 2396 2310 indigena,
2432 2239 2510 2294 ad
2531 2238 2973 2294 confessionem
2995 2238 3203 2294 Christi
3224 2237 3508 2308 martyris
3532 2239 3759 2292 Emme-

2091 2330 2330 2395 rammi,
2364 2329 2459 2384 cui
2488 2328 2854 2384 vocabulum
2885 2332 2970 2383 cst
3014 2328 3087 2382 de
3121 2326 3397 2400 pedibus,
3438 2326 3641 2398 ipsius
3672 2326 3761 2381 die

2094 2420 2361 2493 quadam
2392 2418 2566 2491 quasi
2607 2419 2929 2474 adoratura
2959 2417 3224 2473 accessit.
3260 2416 3340 2472 lbi
3381 2432 3532 2487 ergo
3564 2416 3761 2471 calicis

2094 2513 2271 2580 raptu
2301 2507 2517 2562 furtivo
2548 2523 2730 2581 quem
2755 2523 2936 2579 super
2957 2506 3138 2562 altare
3162 2507 3223 2561 B.
3249 2508 3502 2561 Joannis
3525 2505 3758 2578 reperit,

2094 2603 2159 2654 ut
2183 2598 2692 2669 circumspectans
2725 2612 2786 2651 se
2834 2596 3024 2651 solam
3077 2595 3240 2664 vidit,
3293 2594 3473 2651 saluti
3508 2611 3637 2649 suae
3685 2595 3763 2650 ni-

2095 2689 2286 2744 mium
2318 2687 2542 2742 invidit.
2598 2688 2725 2752 Quo
2756 2691 2819 2740 ut
2869 2701 3076 2740 secum
3102 2684 3266 2740 domi
3298 2684 3626 2754 occultato,
3658 2701 3762 2740 nec

2096 2793 2217 2832 non
2249 2776 2377 2847 ejus
2410 2779 2657 2844 argento
2684 2774 2936 2845 plumbo
2967 2773 3193 2845 peccati
3226 2779 3761 2846 commutato,pro-

2094 2866 2256 2937 prios
2286 2866 2346 2920 in
2378 2881 2523 2919 usus
2553 2864 2744 2919 abusa
2773 2867 2879 2929 est,
2914 2862 3229 2919 manifesto
3261 2863 3361 2917 Dei
3410 2862 3648 2932 judicio
3668 2878 3762 2935 pa-

2093 2953 2311 3026 ralysis
2340 2952 2556 3007 morbo
2581 2951 2774 3007 soluta
2803 2957 2908 3007 est.
2945 2952 3125 3021 Cujus
3157 2950 3431 3006 molestia
3461 2966 3575 3023 per
3606 2951 3760 3006 bien—

2022 3069 2064 3127 ρ
2096 3044 2264 3099 nium
2296 3045 2563 3112 gravata,
2603 3040 2841 3096 tandem
2870 3040 3185 3112 protractis
3215 3044 3271 3094 et
3312 3040 3623 3095 continuis
3665 3040 3761 3095 do-

2088 3128 2528 3195 loribus,discit
2555 3144 2737 3199 quem
2770 3128 2829 3182 in
2853 3128 2985 3183 loco
3008 3128 3288 3201 martyris
3316 3127 3659 3195 offenderit;
3688 3128 3762 3183 ob

2093 3222 2265 3292 cujus
2314 3219 2663 3291 despectam
2711 3218 3147 3273 confessionem
3190 3218 3319 3288 jam
3366 3218 3678 3273 evidenter
3702 3219 3761 3272 in

2093 3326 2341 3383 corpore
2400 3323 2508 3363 suo
2559 3306 2795 3379 pertulit
2841 3307 3275 3362 confusionem.
3306 3307 3471 3363 Unde
3510 3314 3569 3362 et
3611 3308 3669 3363 in
3701 3324 3762 3363 se

2092 3416 2351 3469 reversa,
2399 3403 2577 3469 atque
2634 3413 2741 3470 per
2783 3396 3077 3470 paenitens
3121 3413 3224 3452 cor
3272 3398 3392 3452 suis
3422 3397 3761 3467 angoribus

2095 3488 2402 3546 consulere
2428 3488 2659 3555 annisa,
2676 3486 3045 3559 pauperculo
3063 3492 3506 3558 sumptu,quem
3529 3485 3751 3538 ammi-

2095 3578 2305 3635 niculis
2322 3576 2737 3649 proximorum
2756 3575 3027 3643 colligere
3046 3573 3480 3647 potuit,calicem
3501 3587 3739 3626 novum

2094 3682 2308 3740 parare
2352 3664 2598 3720 curavit.
2648 3668 2792 3720 Tum
2841 3664 3253 3719 sacerdotibus
3292 3660 3549 3717 confessa
3592 3660 3743 3715 deli-

2098 3762 2278 3821 ctum,
2313 3754 2456 3827 quia
2494 3754 2774 3810 dcstituta
2803 3758 2959 3809 esset
2988 3752 3187 3809 ofﬁcio
3233 3752 3666 3815 membrorum,
3695 3750 3759 3805 in

2098 3845 2280 3919 qualo
2318 3844 2665 3917 deportatur
2698 3844 2772 3899 ad
2818 3846 2870 3899 S.
2910 3846 3441 3898 Emmerammum.
3476 3841 3585 3896 Cui
3614 3840 3761 3895 dum

2097 3933 2342 4009 propria
2374 3933 2763 4005 manu,altius
2792 3937 2991 3988 tamen
3015 3932 3277 4002 suffulta,
3310 3932 3563 3988 calicem
3595 3931 3764 3986 resti-

2098 4025 2355 4092 tuissset,
2395 4028 2573 4096 atque
2603 4023 2843 4077 intimas
2880 4038 3082 4094 preces
3113 4039 3252 4079 cum
3287 4023 3600 4078 lachrimis
3628 4021 3766 4077 εῦρ-

2098 4114 2300 4179 disset,
2317 4111 2514 4166 subito
2543 4110 2773 4166 reddita
2806 4111 3045 4167 sanitati
3070 4111 3231 4166 exilit
3251 4110 3327 4165 de
3349 4110 3647 4181 sportatio
3672 4126 3765 4165 cu-

2099 4203 2293 4270 bili,et
2316 4201 2535 4271 gratias
2561 4200 2781 4255 clamat
2806 4201 2924 4255 Deo
2955 4218 3024 4255 ac
3052 4201 3225 4255 beato
3253 4199 3607 4271 martyri.Et
3627 4199 3765 4271 quia

2100 4292 2353 4347 libenter
2399 4304 2585 4361 quam
2637 4287 2929 4353 attulerat,
2990 4288 3111 4342 imo
3160 4303 3281 4359 qua
3337 4286 3525 4342 allata
3557 4287 3764 4355 fuerat,

2106 4380 2326 4436 chorbe
2345 4395 2482 4434 cum
2495 4377 2800 4433 doloribus
2825 4377 3061 4432 carebat
3073 4392 3225 4441 ,cam
3237 4376 3367 4432 laeta
3380 4392 3558 4433 secus
3574 4378 3767 4433 basim

2106 4469 2306 4526 altaris
2318 4467 2854 4539 reliquerat.Quam
2876 4466 3174 4539 extemplo
3192 4466 3403 4521 ﬁdeles
3422 4472 3564 4522 ante
3582 4467 3773 4523 Eccle-

2102 4561 2253 4615 siam
2277 4574 2387 4630 pro
2401 4556 2772 4612 monimento
2794 4557 3254 4629 suspendere,ac
3280 4573 3527 4612 summo
3546 4558 3773 4627 gaudio

2098 4648 2317 4719 legioni
2366 4647 2674 4717 signorum
2730 4661 2800 4701 ea
2838 4645 2952 4700 loci
2982 4645 3371 4718 pendentium
3422 4646 3542 4701 hoc
3596 4647 3776 4702 inter-

2101 4735 2536 4793 miscuere.Sed
2557 4735 2786 4791 coalitus
2814 4735 3146 4791 ministrato
3178 4738 3299 4791 tam
3343 4734 3563 4804 grandi
3591 4736 3773 4791 mira-

1718 4869 1948 4928 V'ARLE
1986 4871 2375 4931 LECTIONES.

410 4981 460 5018 ³ο
486 4982 631 5036 Post
654 4979 795 5037 add.
830 4980 881 5034 Ι.
957 4978 1003 5015 ἰ
1036 4977 1110 5034 de
1137 4976 1248 5034 hoc
1274 4977 1564 5034 vocabulo
1588 4994 1711 5035 non
1742 4985 2017 5053 constat;
2042 4982 2339 5050 Foringer
2367 4979 2626 5049 fortasse
2654 4976 2941 5034 addicens
2974 4978 3091 5048 legi
3117 4978 3367 5034 monuit.

1959 5108 2000 5161 N
2007 5106 2139 5162 01E.

412 5209 558 5293 (68Ἱ
583 5207 717 5293 Ιξύἱῐ
734 5208 1003 5293 baculus
1032 5208 1128 5275 cui
1147 5206 1853 5293 “innitebanturvclaud‘i.
1892 5209 2000 5293 __Sic

341 5278 501 5336 enim
523 5278 720 5336 Petrus
734 5278 1028 5336 Diaconus
1048 5297 1059 5334 :
1092 5302 1119 5329 ‹‹
1147 5280 1426 5338 Eiusdem
1443 5280 1640 5335 claudi
1663 5282 1998 5338 cambuttas

320 5356 480 5426 .ante
492 5351 648 5407 fores
663 5350 922 5426 ecclesiae
946 5350 1444 5426 suspenderuntng
1473 5351 1586 5408 Sed
1617 5353 1870 5426 sumitur
1889 5369 1998 5426 pro

342 5423 501 5498 pado
511 5421 816 5498 pastorali:
835 5421 1000 5498 illam
1022 5423 1244 5498 quippe
1263 5423 1577 5498 gestabant
1598 5428 1722 5479 tum
1735 5421 2001 5498 episcopi

343 5492 472 5568 tum
502 5492 776 5568 abbates,
801 5492 1149 5568 mittebatur
1171 5492 1537 5568 absentibus,
1561 5492 1793 5568 hocque
1820 5492 1999 5568 veluti

346 5565 517 5636 signo
530 5566 796 5637 regimen
810 5565 1080 5619 Ecclesiae
1097 5565 1621 5637 suscipiebantﬁic
1640 5565 1794 5621 enim
1821 5566 1997 5622 Orde-

344 5636 503 5711 ricus
543 5636 737 5711 vitalis
770 5640 810 5705 Ι,
836 5651 905 5711 in
936 5653 948 5690 :
992 5651 1097 5711 per
1117 5636 1473 5711 cambutam
1509 5638 1698 5692 lvonis
1729 5638 1998 5711 episcopi

349 5707 648 5778 Sagiensis
669 5706 1018 5764 exteriorem
1036 5706 1291 5764 abbatiae
1310 5712 1660 5780 potestatem
1688 5706 1994 5765 tradidit?»

2111 5208 2434 5282 Utebantur
2458 5207 2636 5265 etiam
2648 5208 2933 5282 cambuta
2945 5208 3025 5282 ad
3033 5205 3216 5282 ﬁdem
3230 5208 3774 5282 jurapientumque

2108 5280 2519 5354 praestandum
2540 5286 2596 5336 et
2611 5279 2953 5354 exemplum
2970 5279 3063 5334 hic
3080 5278 3635 5354 habeturDenique
3656 5278 3776 5354 s'us-

2108 5350 2483 5426 pendebatur
2498 5351 2771 5426 sepulcro
2787 5350 3228 5426 defunctorum;
3248 5350 3330 5426 sic
3351 5350 3510 5426 enim
3532 5350 3772 5426 legasin

2110 5420 2235 5479 Vita
2268 5420 2976 5494 Desiderii'Cadurcensis
3006 5420 3293 5494 episcopi,
3323 5439 3375 5478 c.
3406 5424 3504 5476 l9:
3554 5443 3584 5473 ς
3616 5424 3773 5494 Dum

2106 5495 2359 5551 baculus
2391 5498 2450 5551 Β.
2479 5495 2608 5562 viri,
2637 5494 2741 5558 qui
2767 5510 2801 5549 a
2828 5493 3008 5550 Gallis
3042 5491 3378 5550 Cam6ucca
3394 5498 3676 5561 vocatur,
3695 5491 3772 5549 ad

2108 5571 2287 5648 caput
2310 5564 2563 5648 sepulcri
2589 5566 2743 5648 illius
2769 5566 2970 5647 sedule
3000 5564 3320 5648 penderet.
3340 5564 3772 5648 nﬁC'ambuca,

2110 5634 2402 5696 Cdmbuté
2424 5640 2482 5692 et
2510 5638 2795 5694 Cambota
2816 5636 2977 5693 enim
2997 5634 3157 5692 idem
3190 5639 3346 5693 sunt.
3380 5634 3555 5692 Bssn.

2179 5708 2289 5783 (69)
2319 5712 2380 5763 V.
2409 5708 2646 5766 chartas
2669 5724 2767 5782 ap.
2796 5710 2901 5765 Pez
2931 5712 2969 5776 l,
3005 5712 3054 5776 3,
3090 5723 3148 5780 p.
3182 5711 3365 5777 92,99.
