3996 6178
188 221 335 275 1013

998 216 1086 269 DE
1126 213 1512 272 MIRACULIS
1550 218 1606 272 S.
1651 214 2067 273 EMMERAMMI
2108 216 2285 283 LIBRI
2327 219 2489 275 DUO.
2525 250 2595 264 -η
2624 221 2752 275 LIB.
2795 220 2837 275 Ι.

3510 225 3647 280 4014

181 341 352 409 eulo,
380 344 468 397 est
496 338 668 395 valde
683 337 1064 411 pensandum
1082 337 1229 394 tanti
1255 342 1550 413 martyris
1573 340 1876 408 meritum,
1989 337 2353 396 Christianos
2375 347 2626 409 constat,
2648 343 2816 400 factis
2835 343 3165 414 majorum,
3193 349 3249 399 et
3272 345 3443 407 dictis
3471 344 3648 405 valde

182 431 297 503 qui
331 430 648 486 mulierem
703 428 928 501 absque
981 427 1310 484 ministerio
1363 446 1620 487 suorum
1646 429 1875 503 pedum

182 518 394 577 venire
426 518 618 575 voluit
646 518 722 574 ad
755 533 918 573 aram
944 533 1065 573 suae
1087 516 1486 588 requietionis
1518 518 1875 592 antipodam

185 626 261 667 eo
287 608 515 665 scilicet
544 612 765 673 tenore,
784 611 848 662 ut
875 605 978 661 ubi
998 610 1176 662 antea
1196 606 1518 667 tenebrata
1545 609 1872 681 impietate,

186 698 604 756 conticescens
635 695 970 752 occultabat
1007 695 1312 763 delictum,
1371 697 1457 753 ibi
1489 702 1702 772 postea
1759 696 1874 752 sub

184 787 322 844 luce
350 786 465 860 pias
497 785 912 851 confessionis,
938 801 1009 841 ac
1038 786 1500 856 recuperatione
1526 787 1730 843 salutis
1744 786 1875 858 ipsa

189 895 333 934 cum
363 876 597 933 caeteris
626 875 874 931 disceret
907 875 1213 948 scriptum,
1245 875 1395 947 quia
1426 878 1717 933 Dominus
1751 891 1873 930 ser-

190 967 366 1024 vabit
383 967 571 1041 pedes
598 971 940 1025 sanctorum
972 982 1240 1022 suorum.
1274 968 1340 1022 Et
1370 967 1520 1023 illud
1544 967 1706 1023 lsaite
1738 982 1875 1039 pro-

198 1056 442 1129 phetaa:
496 1057 751 1120 «Quam
803 1054 1055 1126 speciosi
1082 1054 1268 1126 pedes
1328 1056 1873 1126 cvangelizantium

199 1162 440 1219 pacem,
474 1144 1012 1214 evangelizantium
1068 1143 1231 1199 bona
1287 1146 1455 1215 (lsaz‘.
1499 1147 1613 1217 LII).
1648 1170 1676 1195 ››
1712 1148 1871 1211 Quo-

194 1251 337 1292 rum
369 1250 483 1290 nos
513 1233 833 1307 participes
890 1249 996 1306 per
1052 1233 1396 1290 charissimi
1439 1236 1532 1291 sui
1590 1235 1871 1306 martyris

194 1340 410 1397 preces
442 1322 676 1380 efﬁcere
706 1323 1005 1393 dignetur,
1037 1322 1143 1395 qui
1182 1322 1402 1379 sedens
1437 1342 1617 1396 super
1655 1324 1871 1381 Cheru-

190 1413 300 1470 bin
333 1413 599 1486 abyssos
631 1413 887 1468 intuetur
916 1414 1095 1483 (Dan.
1124 1418 1226 1481 in).
1262 1418 1472 1469 Amen.

265 1507 357 1557 15.
394 1501 547 1567 Quia
568 1500 858 1557 beneﬁcia
890 1500 1094 1557 divina
1146 1517 1341 1572 usque
1372 1500 1433 1557 in
1462 1503 1647 1557 ﬁnem
1673 1501 1873 1557 saeculi

190 1590 532 1648 multorum
561 1590 677 1645 sint
725 1590 1077 1645 resurrectio
1106 1595 1163 1646 et
1194 1590 1389 1660 ruina,
1423 1590 1687 1663 quotidie
1713 1608 1874 1648 crea-

1985 427 2335 486 certiﬁcatos
2364 430 2424 487 in
2456 432 2595 501 tide,
2643 434 2738 489 cui
2793 433 2994 489 adhuc
3043 434 3221 493 etiam
3251 433 3402 491 inter
3431 439 3649 493 caetera
3720 466 3725 475 ι

1982 516 2245 574 veritatis
2281 519 2522 589 indicia,
2550 521 2807 582 multum
2857 521 3298 594 adstipulantur
3352 522 3649 582 miracula

1984 606 2215 662 caelitus
2240 609 2317 665 ad
2367 612 2722 667 Sanctorum
2777 611 3101 669 memorias
3128 611 3431 671 declarata
3459 630 3473 667 :
3507 627 3647 684 quae

1983 711 2095 767 pro
2119 697 2208 752 sui
2238 700 2650 767 magnitudine
2680 716 2750 756 ac
2780 698 3149 767 assiduitate,
3208 716 3317 757 nec
3365 700 3646 757 inimicos

1983 784 2165 854 hujus
2194 787 2454 842 nominis
2485 791 2542 843 et
2591 787 2895 857 religionis
2941 787 3302 847 arbitramur
3328 803 3508 860 posse
3561 787 3649 845 la-

1984 877 2123 929 tere.
2162 898 2189 925 ››
2223 876 2450 942 Quibus
2493 880 2702 935 nostra
2729 880 2898 950 parte
2952 876 3220 951 prolatis,
3268 876 3519 933 obviare
3550 893 3651 934 co-

1983 968 2197 1019 nantes
2224 966 2411 1021 ,ιιιᾱωὶ
2464 966 2683 1022 duritia
2735 966 2933 1023 cordis
2990 965 3230 1038 lapidei,
3290 965 3560 1022 clamant
3596 969 3653 1022 et

1983 1059 2364 1126 prestrepunt
2391 1056 2655 1111 dicentes
2685 1073 2696 1109 :
2733 1078 2761 1104 «
2796 1055 3029 1127 Optime
3060 1056 3346 1111 novimus
3372 1071 3500 1128 quo
3531 1059 3656 1111 ten-

1982 1141 2068 1198 dit
2087 1150 2279 1200 vester
2308 1146 2601 1217 epilogus.
2658 1150 2719 1201 In
2779 1144 3027 1202 ecclesia
3074 1145 3322 1218 quidem
3368 1144 3653 1217 martyris

1982 1232 2159 1287 vestri
2193 1235 2638 1302 Emmerammi,
2667 1233 2812 1307 quia
2840 1238 3052 1291 notum
3093 1237 3184 1289 est
3212 1234 3498 1290 omnibus
3546 1236 3654 1291 Ra-

1982 1320 2235 1376 tisbonae
2288 1323 2724 1391 habitantibus,
2782 1322 3031 1380 claudos
3083 1327 3413 1395 reparatos,
3469 1326 3652 1396 atque

1982 1412 2211 1467 caeteris
2240 1412 2526 1467 molestiis
2573 1414 2842 1481 affectos,
2876 1428 2913 1469 a
2957 1429 3098 1470 vero
3125 1412 3364 1469 medico
3390 1416 3651 1483 curatos,

1980 1500 2231 1555 minime
2258 1499 2602 1558 difﬁtemur.
2656 1502 2769 1558 Sed
2797 1518 2903 1574 per
2923 1501 3218 1572 Messiam,
3242 1518 3427 1574 quem
3456 1501 3652 1559 nomi-

1979 1588 2136 1644 natis
2159 1588 2475 1656 Christum,
2499 1595 2555 1646 et
2580 1606 2721 1647 eum
2743 1607 2926 1665 quem
2957 1590 3149 1647 dicitis
3168 1596 3493 1664 patronum
3521 1607 3651 1647 ves-

192 1679 339 1736 toris
372 1678 715 1734 declaratur
743 1679 1201 1749 omnipotentia,
1228 1695 1365 1750 quae
1397 1678 1662 1735 ﬁdelium
1684 1680 1871 1737 corda
1909 1691 1952 1744 Β
1980 1682 2163 1747 trum,
2194 1678 2413 1732 horum
2464 1678 2692 1751 aliquid
2743 1680 2969 1737 factum
2999 1695 3317 1752 nunquam
3371 1680 3646 1739 fatemur.

187 1768 466 1837 dirigens
491 1766 917 1823 mandatorum
953 1784 1204 1823 suorum
1224 1767 1283 1823 in
1318 1768 1547 1835 semita,
1575 1769 1871 1842 populum

188 1856 491 1913 humilem
525 1855 733 1924 salvat,
766 1859 821 1911 et
860 1856 1068 1912 oculos
1122 1856 1522 1929 superborum
1572 1857 1868 1916 humiliat-

190 1946 463 2014 Castigat
504 1960 647 2013 ergo
685 1943 823 1999 ﬁdei
855 1960 1042 2000 sacras
1080 1945 1238 2001 ﬁlios
1296 1945 1751 2002 misericorditer
1809 1953 1873 2006 ut

191 2034 476 2104 corrigat,
503 2031 842 2088 incredulos
872 2038 1073 2089 autem
1099 2038 1157 2088 et
1179 2032 1399 2105 impios
1430 2032 1510 2088 ob
1526 2033 1747 2090 durum
1769 2052 1872 2091 cor

192 2125 255 2177 et
280 2121 661 2194 impmnitens
712 2122 874 2191 justa
918 2122 1214 2178 sententia
1268 2121 1541 2178 damnat.
1604 2124 1767 2179 Unde
1816 2130 1873 2182 et

188 2209 370 2283 plebs
402 2210 725 2267 Christiana
754 2211 851 2266 Dei
870 2226 929 2266 in
953 2210 1630 2282 omnipotentislaetatur
1657 2213 1868 2285 gratia,

187 2300 272 2356 de
305 2314 495 2356 manu
548 2299 803 2356 ﬁliorum
836 2300 1171 2356 alienarum
1226 2306 1557 2370 segregata,
1606 2318 1869 2375 quorum

189 2388 303 2444 ﬁlii
329 2389 483 2444 sicut
513 2388 908 2461 plantationes
939 2388 1211 2455 novellae,
1232 2390 1368 2445 ﬁliae
1391 2392 1866 2461 circumornatte,

183 2478 614 2553 promptuaria
642 2479 819 2551 plena
850 2496 924 2535 ex
955 2480 1071 2536 hoc
1100 2480 1161 2536 in
1208 2478 1353 2536 illud
1386 2483 1736 2553 eructantia,
1768 2484 1869 2540 fce-

188 2574 346 2625 tosas
382 2585 547 2637 oves,
580 2585 789 2625 crassae
828 2569 1037 2627 boves.
1072 2574 1201 2626 Non
1229 2574 1318 2626 est
1372 2572 1549 2627 ruina
1596 2574 1868 2630 maceriae

186 2674 402 2731 neque
444 2658 719 2715 transitus
774 2675 972 2732 neque
1004 2658 1236 2715 clamor
1289 2660 1350 2716 in
1397 2661 1607 2735 plateis
1656 2678 1867 2720 eorum

182 2749 391 2819 (Psal.
444 2748 648 2819 cum).
700 2748 822 2805 Hac
876 2748 1057 2818 igitur
1102 2747 1255 2804 falsa
1300 2749 1574 2808 felicitate
1620 2753 1866 2822 deliniti,

184 2836 555 2895 Christianis
583 2837 994 2912 improperare
1053 2837 1248 2893 solent
1292 2839 1515 2910 Pagani
1555 2847 1611 2898 et
1657 2842 1866 2909 Judaei,

180 2925 369 2999 quod
426 2941 563 2981 cum
593 2925 652 2981 hi
702 2926 1063 2983 multimoda
1120 2931 1389 2983 terantur
1440 2934 1497 2985 et
1546 2936 1868 3000 graventur

181 3030 505 3090 pressura,
536 3014 647 3089 ipsi
676 3032 707 3071 e
733 3015 1035 3072 contrario
1089 3016 1563 3075 consolationem
1602 3021 1869 3085 habeant

179 3110 254 3163 et
283 3104 558 3161 levamen
586 3104 643 3160 in
676 3106 881 3161 omnia
909 3121 1038 3161 sua.
1092 3108 1331 3161 Nostros
1384 3108 1541 3165 velut
1573 3126 1869 3182 pauperes

179 3211 271 3251 ac
300 3194 510 3250 inanes
542 3193 804 3251 afﬁciant
824 3193 1175 3267 pestilentiae
1204 3211 1274 3250 ac
1298 3195 1489 3253 fames
1521 3217 1533 3266 ;
1570 3198 1701 3255 illos
1728 3216 1868 3256 vero

183 3281 452 3351 reﬁciat,
482 3282 669 3343 immo
699 3282 1004 3339 distendat
1053 3283 1361 3355 superﬂua
1413 3302 1614 3344 rerum
1647 3304 1867 3358 conge-

180 3374 336 3442 ries,
369 3372 426 3428 in
450 3388 572 3446 qua
600 3377 690 3433 est
719 3371 995 3429 omnium
1044 3371 1348 3431 malorum
1400 3376 1698 3435 materies.
1759 3382 1868 3437 Pro

179 3477 461 3537 quorum
492 3461 654 3519 inani
670 3460 960 3533 jactantia
1006 3461 1352 3520 consolatur
1376 3480 1487 3521 nos
1513 3466 1783 3539 pleniter,
1817 3467 1868 3525 si

180 3551 369 3622 digni
402 3567 633 3622 sumus,
667 3550 914 3624 spiritali
954 3550 1331 3610 abundantia
1364 3573 1376 3610 :
1411 3572 1442 3611 e
1490 3557 1662 3627 cujus
1694 3557 1868 3631 copia

184 3640 391 3699 David
423 3644 700 3696 eructans
730 3645 787 3696 et
812 3656 916 3695 cor
944 3638 1255 3696 laboribus
1301 3642 1684 3702 humiliatum
1728 3662 1869 3702 con-

187 3728 427 3795 solans,
459 3727 636 3785 dicit:
663 3751 689 3777 «
721 3727 912 3786 Multa
939 3727 1350 3786 tribulationes
1374 3732 1677 3802 justorum
1717 3739 1772 3792 et
1791 3735 1867 3793 de

184 3819 298 3878 bis
330 3818 608 3875 omnibus
627 3818 901 3875 liberavit
926 3834 1029 3874 eos
1055 3819 1343 3876 Dominus
1359 3822 1541 3893 (Psal.
1580 3830 1799 3893 χχχιιι).
1838 3849 1866 3876 ››

184 3912 354 3969 Mors
412 3913 609 3965 autem
668 3911 1055 3980 peccatorum
1107 3908 1375 3980 pessima
1432 3914 1621 3983 (Psal.
1665 3918 1865 3986 LXXII),

184 4015 357 4074 quos
390 3998 575 4055 tenuit
606 3997 886 4070 superbia
921 4016 933 4065 ;
967 3997 1110 4070 quia
1163 4016 1301 4055 cum
1338 4001 1685 4069 hominibus
1742 4022 1867 4067 non

184 4086 685 4157 ﬂagellabuntur.
711 4085 940 4152 Quibus
970 4103 1110 4142 cum
1135 4087 1394 4146 dicimus
1430 4110 1442 4147 :
1468 4113 1495 4143 ι(
1526 4095 1717 4161 Quare
1742 4109 1866 4150 non

185 4175 438 4233 creditis
494 4175 555 4232 in
604 4175 947 4237 Dominum.
1004 4176 1177 4247 cujus
1217 4178 1368 4249 juga
1413 4180 1554 4238 ﬁdei
1586 4200 1765 4256 super
1803 4199 1867 4239 se

179 4265 451 4333 levasse,
491 4264 621 4335 jam
651 4268 809 4319 totus
856 4262 1122 4319 mundus
1172 4267 1559 4334 gratulatur?
1607 4274 1866 4345 Respon-

185 4355 362 4421 dent,
396 4353 456 4410 in
486 4370 687 4410 rerum
718 4353 1108 4426 prosperitate
1153 4371 1259 4411 seu
1287 4357 1645 4418 adversitate
1683 4361 1865 4418 utrin-

186 4458 323 4515 que
352 4441 732 4514 probandam
770 4442 896 4498 fore
949 4443 1361 4502 executionem
1414 4446 1554 4504 ﬁdei
1584 4455 1778 4517 recten,
1810 4456 1868 4508 et

190 4531 343 4605 quis
371 4532 428 4587 in
459 4532 690 4588 mundo
720 4530 994 4587 videatur
1024 4532 1334 4603 subjacere
1366 4538 1705 4596 maledicto.
1758 4544 1867 4595 N0-

189 4622 296 4679 bis
325 4626 521 4679 autem
552 4639 584 4677 e
614 4626 823 4678 contra
850 4621 1299 4695 resultantibus,
1330 4628 1474 4700 quia
1527 4629 1865 4687 maledictio

189 4711 417 4769 mundi
434 4711 763 4768 mutabitur
802 4711 1219 4770 benedictione
1248 4716 1495 4780 cmlesti,
1523 4719 1747 4775 esuries
1774 4734 1865 4775 sa-

188 4802 456 4867 turitate,
488 4801 684 4858 luctus
709 4800 1135 4859 exhilaratione
1170 4822 1182 4871 ;
1216 4810 1447 4878 oportet
1475 4824 1588 4864 nos
1614 4808 1866 4865 adversa

188 4891 415 4951 mundi
456 4891 748 4964 patienter
796 4890 1065 4947 tolerare.
1102 4896 1286 4961 «Vos,
1336 4896 1633 4970 inquiunt,
1690 4897 1865 4954 solito

188 4997 366 5038 more
398 4981 623 5039 incerta
652 4996 762 5052 pro
794 4980 969 5035 certis
1021 4997 1259 5055 semper
1310 4986 1546 5043 habetis
1581 5005 1594 5055 ;
1636 4991 1693 5043 et
1728 4987 1865 5044 ideo

187 5071 470 5146 quadam
494 5070 769 5128 facilitate
792 5069 869 5126 ad
897 5070 1025 5127 haec
1058 5088 1170 5128 nos
1226 5076 1558 5133 conducere
1606 5077 1861 5134 tentatis.

190 5189 219 5217 «
257 5166 425 5230 Quos
471 5161 787 5219 occasione
840 5162 1043 5235 aliqua
1090 5165 1151 5221 in
1194 5166 1436 5222 nomine
1481 5167 1715 5224 Domini
1768 5183 1866 5224 cu-

186 5259 426 5332 pientes
491 5259 743 5328 lucrari,
814 5259 1105 5316 docemus
1180 5256 1376 5313 verbis
1439 5256 1790 5327 hujusmodi
1846 5272 1860 5313 :

1907 3047 1948 3103 C

1905 4403 1950 4461 D

1984 1770 2135 1822 Nam
2164 1766 2546 1838 omnipotens
2572 1767 2633 1823 in
2662 1768 2831 1825 omni
2850 1769 2985 1826 loco
3033 1768 3463 1826 dominationis
3520 1769 3651 1841 ejus

1981 1871 2363 1928 quiscunque
2412 1855 2662 1913 voluerit
2690 1857 2831 1914 facit
2855 1861 2923 1914 ut
2948 1858 3124 1914 Deus.
3156 1859 3353 1914 Potest
3378 1856 3558 1915 etiam
3587 1856 3650 1913 in

1981 1944 2196 2017 plateis
2221 1944 2487 2001 conferre
2519 1944 2838 2002 sanitatem
2890 1945 3166 2012 inﬁrmis,
3199 1948 3257 2001 et
3285 1944 3480 2002 facere
3509 1943 3652 2001 talia

1980 2033 2042 2089 in
2069 2033 2400 2105 synagogis
2423 2033 2542 2089 sive
2568 2034 2786 2090 nostris
2802 2033 2864 2091 in
2887 2031 3340 2108 scholis,qualia
3358 2031 3421 2089 in
3436 2031 3648 2090 vestris

1980 2121 2320 2193 gloriamini
2348 2121 2505 2181 facta
2531 2122 2815 2180 ecclesiis.
2834 2146 2865 2174 s
2887 2126 3034 2179 Tum
3052 2139 3120 2180 os
3149 2138 3359 2179 eorum
3384 2120 3650 2195 quasiad

1981 2211 2113 2267 coeli
2135 2227 2440 2268 cameram
2478 2228 2870 2284 suspensum,
2925 2215 2984 2268 et
3019 2211 3291 2282 linguam
3319 2208 3651 2284 procaciter

1978 2304 2387 2361 transeuntem
2414 2301 2477 2358 in
2524 2306 2762 2369 terram,
2820 2300 3221 2374 oppilavimus
3262 2314 3539 2361 sermone
3583 2299 3650 2357 in

1978 2392 2141 2449 hunc
2164 2389 2416 2451 modum
2441 2405 2505 2447 se
2521 2391 2861 2449 continente
2888 2407 2902 2446 :
2934 2412 2963 2439 «
2983 2389 3134 2457 Quia
3162 2388 3417 2447 Domino
3437 2391 3648 2447 nostro

1976 2483 2117 2536 Jesu
2145 2478 2375 2541 Christo
2401 2479 2787 2552 corporaliter
2819 2495 2958 2535 cum
3007 2477 3359 2537 hominibus
3404 2492 3650 2537 conver-

1980 2574 2130 2640 sato,
2164 2585 2233 2629 ac
2264 2585 2518 2629 munera
2561 2584 2684 2627 suae
2717 2568 2951 2642 pietatis
2975 2568 3132 2626 intra
3161 2572 3219 2625 et
3272 2573 3438 2626 extra
3467 2584 3648 2641 syna-

1980 2675 2221 2731 gogam,
2254 2659 2527 2731 patribus
2554 2658 2766 2715 vestris
2789 2658 3111 2728 magniﬁce
3148 2658 3470 2732 impertita,
3520 2674 3644 2715 non

1980 2748 2177 2807 solum
2206 2764 2345 2804 cum
2376 2748 2461 2804 eis
2495 2748 2710 2818 ingrati
2765 2746 3091 2815 exstitistis,
3147 2746 3255 2804 sed
3307 2746 3648 2805 miserrima

1978 2836 2380 2909 vosmetipsos
2417 2837 2836 2894 interﬁcientes
2861 2835 3165 2895 dementia
3194 2836 3375 2894 etiam
3410 2834 3527 2892 hoc
3581 2835 3646 2897 in

1978 2926 2208 2983 malum
2238 2931 2504 2983 vestrum
2544 2924 2971 2983 accumulastis
3022 2941 3203 3000 super
3227 2922 3646 2998 iniquitatibus

1978 3032 2209 3081 eorum,
2242 3019 2309 3071 ut
2331 3015 2391 3071 in
2420 3032 2491 3072 eo
2517 3016 2695 3089 capiti
2725 3016 3000 3073 omnium
3025 3015 3349 3083 bonorum,
3381 3029 3492 3072 nec
3518 3028 3645 3071 non

1976 3106 2131 3163 illius
2161 3106 2450 3162 membris
2505 3107 2704 3167 electis
2733 3105 3138 3174 detraheretis,
3194 3105 3357 3163 unde
3387 3103 3644 3161 salutem

1978 3196 2159 3267 gratis
2190 3195 2455 3252 oblatam
2482 3196 2777 3253 attrahere
2807 3194 3097 3251 debuistis
3122 3213 3135 3262 ;
3167 3210 3305 3251 ecce
3352 3193 3642 3250 converti-

1976 3301 2114 3341 mur
2133 3284 2211 3341 ad
2243 3289 2472 3355 gentes,
2490 3301 2628 3357 quae
2656 3283 2979 3345 Dominum
2999 3281 3062 3338 in
3094 3283 3323 3340 Sanctis
3343 3286 3647 3341 noverunt

1975 3374 2223 3431 laudare
2244 3372 2475 3442 ﬁdeles,
2507 3379 2565 3431 et
2591 3373 2736 3447 quia
2758 3371 3042 3442 indignos
3072 3387 3183 3429 vos
3204 3372 3305 3428 Dei
3326 3370 3643 3442 judioastis

1978 3463 2186 3535 gratia,
2220 3479 2290 3520 ac
2318 3479 2499 3520 omne
2520 3464 2753 3521 bonum
2781 3477 2978 3535 usque
3015 3461 3198 3519 hodie
3223 3478 3261 3519 a
3290 3460 3481 3519 salute
3509 3476 3641 3517 ves-

1977 3558 2067 3611 tra
2092 3552 2372 3623 negativa
2409 3552 2777 3610 dissessione
2832 3550 3158 3623 repulistis,
3217 3550 3310 3609 his
3338 3549 3642 3608 fructuosa

1974 3641 2373 3716 proponimus
2422 3642 2800 3713 margaritas,
2856 3640 2963 3714 qui
3011 3640 3208 3700 sciunt
3236 3656 3377 3698 cum
3411 3640 3642 3698 honore

1976 3732 2280 3804 suscipere
2308 3731 2459 3789 illas.
2492 3732 2677 3788 Vobis
2707 3735 2908 3788 autem
2940 3734 3049 3787 erit
3092 3735 3318 3789 aeterna
3345 3729 3638 3799 confusio,

1973 3825 2230 3877 testante
2257 3821 2486 3878 Christo
2511 3825 2570 3878 in
2618 3837 2728 3877 suo
2775 3821 3096 3891 Evangelia
3126 3838 3140 3877 :
3175 3843 3204 3873 κ
3237 3819 3390 3885 Quia
3413 3819 3517 3876 ﬁlii
3546 3834 3640 3875 re-

1977 3909 2079 3981 gni
2102 3909 2162 3965 in
2189 3908 2465 3966 tenebras
2520 3909 2839 3966 exteriores
2868 3912 3044 3969 erunt
3088 3907 3391 3977 trudendi,
3422 3912 3481 3964 et
3509 3908 3639 3964 sine

1974 3998 2095 4055 ﬁne
2127 3998 2415 4072 puniendi
2443 3999 2685 4070 (Matth.
2710 4002 2851 4065 vni).
2882 4020 2912 4048 »ι
2957 4000 3248 4057 Caeterum
3296 4000 3364 4052 ut
3388 3999 3641 4053 reverta-

1976 4106 2114 4147 mur
2143 4088 2223 4146 ad
2251 4087 2603 4146 humilitatis
2635 4091 2855 4144 nostra:
2892 4087 3295 4160 propositum,
3325 4100 3364 4141 ο
3389 4085 3639 4142 lectores

1976 4184 2035 4236 et
2063 4177 2386 4247 auditores,
2418 4176 2520 4250 qui
2546 4192 2698 4233 verm
2722 4174 2864 4233 ﬁdei
2904 4175 3045 4231 estis
3075 4174 3469 4243 confessores,
3499 4189 3639 4247 quas

1976 4270 2051 4326 de
2079 4268 2288 4327 Christi
2327 4267 2518 4338 gratia
2566 4270 3034 4339 sanctorumque
3090 4264 3279 4337 gloria
3312 4264 3533 4322 Iudaeis
3557 4263 3640 4321 vi-

1976 4375 2112 4417 sum
2141 4362 2229 4414 est
2257 4356 2532 4424 dubium,
2560 4354 2861 4413 dilectioni
2888 4358 3101 4411 vestrm
3145 4369 3466 4411 monemus
3513 4368 3638 4411 non

1975 4448 2252 4514 dubium,
2277 4447 2383 4503 sed
2409 4462 2649 4519 semper
2677 4449 2925 4502 maneat
2971 4449 3221 4513 certum,
3244 4444 3390 4517 quia
3417 4444 3637 4501 ostium

1976 4538 2098 4607 Dei,
2129 4537 2295 4609 quod
2326 4535 2458 4592 aliis
2488 4541 2578 4592 est
2605 4535 2901 4603 clausum,
2933 4533 3064 4591 aliis
3095 4535 3261 4607 justo
3290 4534 3392 4590 Dei
3410 4533 3637 4606 judicio

1975 4627 2083 4684 erit
2139 4629 2432 4699 apertum.
2486 4626 2636 4683 Ante
2691 4640 2877 4698 quem
2931 4629 2991 4681 et
3015 4625 3079 4681 in
3128 4640 3255 4699 quo
3281 4624 3639 4683 oordetenus

1975 4714 2298 4783 orandum,
2356 4729 2432 4771 ne
2489 4730 2629 4770 cum
2684 4713 2801 4770 hoc
2828 4713 3062 4770 mundo
3090 4714 3475 4787 damnamur,
3531 4711 3634 4770 sed

1974 4803 2388 4878 Redemptoris
2443 4803 2636 4874 gratia
2685 4801 2911 4875 potenti
2963 4802 3287 4860 salvemur.
3341 4805 3526 4877 Cujus
3576 4806 3638 4861 in

1976 4896 2259 4952 charitate
2289 4908 2427 4966 spes
2481 4895 2688 4948 nostra
2737 4891 3025 4965 ponenda
3049 4908 3191 4949 cum
3218 4891 3359 4965 ﬁde,
3404 4909 3477 4951 ne
3501 4909 3638 4966 per-

1973 4984 2167 5041 mittat
2189 4984 2264 5041 de
2290 4986 2460 5057 parte
2475 4983 2776 5053 justorum
2800 4981 3015 5054 perire,
3045 4997 3158 5055 pro
3176 4981 3401 5053 quibus
3427 4982 3640 5053 digna-

1974 5079 2070 5133 tus
2095 5077 2183 5130 est
2205 5076 2463 5129 mortem
2492 5070 2687 5128 crucis
2717 5070 2939 5127 subire.

2048 5168 2132 5219 16.
2159 5164 2295 5219 Erat
2317 5161 2568 5234 quidam
2589 5160 2679 5218 vir
2696 5159 3346 5231 ingenuus,Burchardi
3375 5158 3635 5215 marchi-

1974 5250 2206 5310 comitis
2229 5251 2336 5323 (70)
2359 5255 2416 5309 et
2432 5250 2676 5325 preteeti
2705 5249 3152 5308 Batisbonensis
3173 5247 3637 5308 vesallusﬂuno

1815 5378 2037 5435 ΝΟΤᾸΞ.

265 5494 380 5565 (70)
432 5492 744 5565 orientalis
789 5490 1051 5565 marches
1085 5509 1097 5557 ;
1150 5483 1652 5565 ﬁliusBertholdi
1680 5501 1732 5540 c.
1797 5489 1865 5565 _l_3
1977 5460 2322 5565 .Au‘gustani
2364 5487 2618 5565 patrem,
2648 5482 2930 5539 eumdem
2960 5479 3166 5538 habui.
3341 5482 3498 5565 certe
3534 5477 3635 5565 ‘vir

190 5548 551 5636 memorati,
570 5580 755 5636 quem
786 5548 1155 5636 Thietmarus
1184 5564 1246 5625 V,
1276 5561 1366 5629 21,
1406 5559 1755 5636 Bucconem
1971 5548 2857 5636 fuit'majorisfaetatis,neque_
2876 5569 3017 5636 cum
3031 5568 3183 5636 eum
3200 5548 3631 5636 .‘Widukinfius

192 5637 294 5704 cit,
328 5630 790 5692 fuisse'vi'detur.
820 5634 1007 5692 Minus
1035 5636 1190 5689 recte
1209 5637 1412 5704 tamen
1435 5643 1620 5704 supra
1648 5642 1705 5704 p_.
1733 5630 1859 5704 415,

1971 5627 2133 5701 dicat
2160 5620 2270 5701 (lli,
2303 5632 2394 5701 36)
2423 5620 2750 5685 mediocris
2769 5624 3114 5701 substantiae
3132 5621 3405 5701 militem.
3418 5620 3499 5683 ad
3514 5620 3630 5680 hoc

191 5724 257 5766 n.
280 5696 381 5766 '66.
415 5705 714 5780 Arnulphi
742 5704 912 5763 ducis
938 5719 1247 5777 generum,
1297 5696 1552 5761 Heinriéi
1600 5696 1864 5772 episcopi
1970 5696 2176 5755 nobile
2204 5696 2493 5759 comitum
2522 5714 2715 5771 genus
2742 5696 2946 5757 referri
2968 5699 3180 5771 potest.
