  <div class='ocr_page' id='page_1' title='image "/cluster/home/n/w/nwhite01/storage/ocr_20150623/141/hvd.32044054760012/511.png"; bbox 0 0 3984 6180; ppageno 0'>
   <div class='ocr_carea' id='block_1_1' title="bbox 382 218 518 274">
    <p class='ocr_par' dir='ltr' id='par_1_1' title="bbox 382 218 518 274">
     <span class='ocr_line' id='line_1_1' title="bbox 382 218 518 274; baseline 0 0"><span class='ocrx_word' id='word_1_1' title='bbox 382 218 518 274; x_wconf 76' lang='grc'>1015</span> 
     </span>
    </p>
   </div>
   <div class='ocr_carea' id='block_1_2' title="bbox 1425 210 2734 270">
    <p class='ocr_par' dir='ltr' id='par_1_2' title="bbox 1425 210 2734 270">
     <span class='ocr_line' id='line_1_2' title="bbox 1425 210 2734 270; baseline 0 -2"><span class='ocrx_word' id='word_1_2' title='bbox 1425 215 1730 270; x_wconf 83' lang='lat' dir='ltr'>ARNOLDI</span> <span class='ocrx_word' id='word_1_3' title='bbox 1772 210 2360 269; x_wconf 72' lang='lat' dir='ltr'>EMMERAMMENSIS</span> <span class='ocrx_word' id='word_1_4' title='bbox 2400 211 2734 269; x_wconf 78' lang='lat' dir='ltr'>MONACHI.</span> 
     </span>
    </p>
   </div>
   <div class='ocr_carea' id='block_1_3' title="bbox 3678 215 3811 269">
    <p class='ocr_par' dir='ltr' id='par_1_3' title="bbox 3678 215 3811 269">
     <span class='ocr_line' id='line_1_3' title="bbox 3678 215 3811 269; baseline 0.023 -3"><span class='ocrx_word' id='word_1_5' title='bbox 3678 215 3811 269; x_wconf 56' lang='lat' dir='ltr'>1M6</span> 
     </span>
    </p>
   </div>
   <div class='ocr_carea' id='block_1_4' title="bbox 374 333 3817 411">
    <p class='ocr_par' dir='ltr' id='par_1_4' title="bbox 374 333 3817 411">
     <span class='ocr_line' id='line_1_4' title="bbox 374 333 3817 411; baseline -0.002 -11"><span class='ocrx_word' id='word_1_6' title='bbox 374 342 581 400; x_wconf 86' lang='lat' dir='ltr'>divina</span> <span class='ocrx_word' id='word_1_7' title='bbox 609 357 647 397; x_wconf 92' lang='lat' dir='ltr'>a</span> <span class='ocrx_word' id='word_1_8' title='bbox 671 343 789 395; x_wconf 91' lang='lat' dir='ltr'>Deo</span> <span class='ocrx_word' id='word_1_9' title='bbox 819 337 1235 411; x_wconf 88' lang='lat' dir='ltr'>corripuerunt</span> <span class='ocrx_word' id='word_1_10' title='bbox 1272 338 1528 411; x_wconf 84' lang='lat' dir='ltr'>ﬂagella,</span> <span class='ocrx_word' id='word_1_11' title='bbox 1558 342 1626 395; x_wconf 91' lang='lat' dir='ltr'>ut</span> <span class='ocrx_word' id='word_1_12' title='bbox 1650 337 1848 395; x_wconf 89' lang='lat' dir='ltr'>nervis</span> <span class='ocrx_word' id='word_1_13' title='bbox 1888 352 2023 391; x_wconf 85' lang='lat' dir='ltr'>con-</span> <span class='ocrx_word' id='word_1_14' title='bbox 2062 338 2106 389; x_wconf 82' lang='lat' dir='ltr'><strong>A</strong></span> <span class='ocrx_word' id='word_1_15' title='bbox 2135 333 2377 406; x_wconf 84' lang='lat' dir='ltr'>prefecti</span> <span class='ocrx_word' id='word_1_16' title='bbox 2405 341 2461 391; x_wconf 89' lang='lat' dir='ltr'>et</span> <span class='ocrx_word' id='word_1_17' title='bbox 2489 337 2754 403; x_wconf 85' lang='lat' dir='ltr'>comites,</span> <span class='ocrx_word' id='word_1_18' title='bbox 2788 336 2892 410; x_wconf 88' lang='lat' dir='ltr'>qui</span> <span class='ocrx_word' id='word_1_19' title='bbox 2924 336 3150 393; x_wconf 82' lang='lat' dir='ltr'>mederi</span> <span class='ocrx_word' id='word_1_20' title='bbox 3178 336 3516 393; x_wconf 86' lang='lat' dir='ltr'>debuerant</span> <span class='ocrx_word' id='word_1_21' title='bbox 3544 342 3613 393; x_wconf 85' lang='lat' dir='ltr'>et</span> <span class='ocrx_word' id='word_1_22' title='bbox 3643 342 3817 409; x_wconf 76' lang='lat' dir='ltr'>pote-</span> 
     </span>
    </p>
   </div>
   <div class='ocr_carea' id='block_1_5' title="bbox 374 422 2027 499">
    <p class='ocr_par' dir='ltr' id='par_1_5' title="bbox 374 422 2027 499">
     <span class='ocr_line' id='line_1_5' title="bbox 374 422 2027 499; baseline -0.006 -11"><span class='ocrx_word' id='word_1_23' title='bbox 374 431 573 488; x_wconf 90' lang='lat' dir='ltr'>tractis</span> <span class='ocrx_word' id='word_1_24' title='bbox 601 426 873 484; x_wconf 88' lang='lat' dir='ltr'>omnium</span> <span class='ocrx_word' id='word_1_25' title='bbox 902 442 1056 499; x_wconf 91' lang='lat' dir='ltr'>pene</span> <span class='ocrx_word' id='word_1_26' title='bbox 1085 426 1504 483; x_wconf 78' lang='lat' dir='ltr'>destitueretur</span> <span class='ocrx_word' id='word_1_27' title='bbox 1532 427 1913 483; x_wconf 89' lang='lat' dir='ltr'>memborum</span> <span class='ocrx_word' id='word_1_28' title='bbox 1945 422 2027 478; x_wconf 89' lang='lat' dir='ltr'>of-</span> 
     </span>
    </p>
   </div>
   <div class='ocr_carea' id='block_1_6' title="bbox 372 514 2026 588">
    <p class='ocr_par' dir='ltr' id='par_1_6' title="bbox 372 514 2026 588">
     <span class='ocr_line' id='line_1_6' title="bbox 372 514 2026 588; baseline -0.004 -15"><span class='ocrx_word' id='word_1_29' title='bbox 372 518 539 573; x_wconf 89' lang='lat' dir='ltr'>ﬁciis.</span> <span class='ocrx_word' id='word_1_30' title='bbox 570 517 839 588; x_wconf 89' lang='lat' dir='ltr'>Cumque</span> <span class='ocrx_word' id='word_1_31' title='bbox 864 514 970 571; x_wconf 89' lang='lat' dir='ltr'>diu</span> <span class='ocrx_word' id='word_1_32' title='bbox 1017 515 1372 587; x_wconf 90' lang='lat' dir='ltr'>hujusmodi</span> <span class='ocrx_word' id='word_1_33' title='bbox 1402 515 1790 585; x_wconf 81' lang='lat' dir='ltr'>castigatione</span> <span class='ocrx_word' id='word_1_34' title='bbox 1822 517 2026 568; x_wconf 87' lang='lat' dir='ltr'>attere-</span> 
     </span>
    </p>
   </div>
   <div class='ocr_carea' id='block_1_7' title="bbox 370 601 2024 678">
    <p class='ocr_par' dir='ltr' id='par_1_7' title="bbox 370 601 2024 678">
     <span class='ocr_line' id='line_1_7' title="bbox 370 601 2024 678; baseline -0.004 -17"><span class='ocrx_word' id='word_1_35' title='bbox 370 609 551 674; x_wconf 88' lang='lat' dir='ltr'>retur,</span> <span class='ocrx_word' id='word_1_36' title='bbox 583 603 830 660; x_wconf 90' lang='lat' dir='ltr'>demum</span> <span class='ocrx_word' id='word_1_37' title='bbox 859 604 938 661; x_wconf 91' lang='lat' dir='ltr'>ad</span> <span class='ocrx_word' id='word_1_38' title='bbox 966 621 1121 678; x_wconf 92' lang='lat' dir='ltr'>opus</span> <span class='ocrx_word' id='word_1_39' title='bbox 1153 604 1254 661; x_wconf 89' lang='lat' dir='ltr'>Dei</span> <span class='ocrx_word' id='word_1_40' title='bbox 1282 605 1345 660; x_wconf 91' lang='lat' dir='ltr'>in</span> <span class='ocrx_word' id='word_1_41' title='bbox 1373 605 1474 660; x_wconf 93' lang='lat' dir='ltr'>illo</span> <span class='ocrx_word' id='word_1_42' title='bbox 1494 601 2024 670; x_wconf 86' lang='lat' dir='ltr'>manifestandum,</span> 
     </span>
    </p>
   </div>
   <div class='ocr_carea' id='block_1_8' title="bbox 372 693 2026 767">
    <p class='ocr_par' dir='ltr' id='par_1_8' title="bbox 372 693 2026 767">
     <span class='ocr_line' id='line_1_8' title="bbox 372 693 2026 767; baseline -0.002 -19"><span class='ocrx_word' id='word_1_43' title='bbox 372 693 485 750; x_wconf 89' lang='lat' dir='ltr'>sub</span> <span class='ocrx_word' id='word_1_44' title='bbox 513 709 619 767; x_wconf 85' lang='lat' dir='ltr'>spe</span> <span class='ocrx_word' id='word_1_45' title='bbox 639 709 764 750; x_wconf 89' lang='lat' dir='ltr'>non</span> <span class='ocrx_word' id='word_1_46' title='bbox 787 694 1222 750; x_wconf 85' lang='lat' dir='ltr'>confundunda</span> <span class='ocrx_word' id='word_1_47' title='bbox 1248 694 1326 751; x_wconf 90' lang='lat' dir='ltr'>ad</span> <span class='ocrx_word' id='word_1_48' title='bbox 1356 699 1632 751; x_wconf 82' lang='lat' dir='ltr'>sanctum</span> <span class='ocrx_word' id='word_1_49' title='bbox 1663 695 2026 748; x_wconf 87' lang='lat' dir='ltr'>Emmeram-</span> 
     </span>
    </p>
   </div>
   <div class='ocr_carea' id='block_1_9' title="bbox 370 781 2027 851">
    <p class='ocr_par' dir='ltr' id='par_1_9' title="bbox 370 781 2027 851">
     <span class='ocr_line' id='line_1_9' title="bbox 370 781 2027 851; baseline -0.003 -13"><span class='ocrx_word' id='word_1_50' title='bbox 370 798 541 838; x_wconf 89' lang='lat' dir='ltr'>mum</span> <span class='ocrx_word' id='word_1_51' title='bbox 571 781 834 838; x_wconf 79' lang='lat' dir='ltr'>defertur</span> <span class='ocrx_word' id='word_1_52' title='bbox 875 783 938 838; x_wconf 88' lang='lat' dir='ltr'>in</span> <span class='ocrx_word' id='word_1_53' title='bbox 985 799 1161 847; x_wconf 89' lang='lat' dir='ltr'>cuna,</span> <span class='ocrx_word' id='word_1_54' title='bbox 1193 782 1523 839; x_wconf 81' lang='lat' dir='ltr'>infantibus</span> <span class='ocrx_word' id='word_1_55' title='bbox 1557 781 1748 851; x_wconf 86' lang='lat' dir='ltr'>magis</span> <span class='ocrx_word' id='word_1_56' title='bbox 1780 784 2027 836; x_wconf 89' lang='lat' dir='ltr'>eatenus</span> 
     </span>
    </p>
   </div>
   <div class='ocr_carea' id='block_1_10' title="bbox 371 867 2027 944">
    <p class='ocr_par' dir='ltr' id='par_1_10' title="bbox 371 867 2027 944">
     <span class='ocr_line' id='line_1_10' title="bbox 371 867 2027 944; baseline -0.004 -16"><span class='ocrx_word' id='word_1_57' title='bbox 371 875 513 944; x_wconf 89' lang='lat' dir='ltr'>apta</span> <span class='ocrx_word' id='word_1_58' title='bbox 540 887 727 944; x_wconf 91' lang='lat' dir='ltr'>quam</span> <span class='ocrx_word' id='word_1_59' title='bbox 752 871 912 927; x_wconf 88' lang='lat' dir='ltr'>viris.</span> <span class='ocrx_word' id='word_1_60' title='bbox 948 872 1127 943; x_wconf 85' lang='lat' dir='ltr'><strong>Cujus</strong></span> <span class='ocrx_word' id='word_1_61' title='bbox 1148 871 1422 927; x_wconf 88' lang='lat' dir='ltr'>vehiculo</span> <span class='ocrx_word' id='word_1_62' title='bbox 1454 876 1516 927; x_wconf 91' lang='lat' dir='ltr'>ut</span> <span class='ocrx_word' id='word_1_63' title='bbox 1549 872 1626 926; x_wconf 88' lang='lat' dir='ltr'>ad</span> <span class='ocrx_word' id='word_1_64' title='bbox 1652 871 1836 926; x_wconf 83' lang='lat' dir='ltr'>altare</span> <span class='ocrx_word' id='word_1_65' title='bbox 1866 867 2027 925; x_wconf 90' lang='lat' dir='ltr'>testis</span> 
     </span>
    </p>
   </div>
   <div class='ocr_carea' id='block_1_11' title="bbox 369 959 2027 1035">
    <p class='ocr_par' dir='ltr' id='par_1_11' title="bbox 369 959 2027 1035">
     <span class='ocr_line' id='line_1_11' title="bbox 369 959 2027 1035; baseline -0.004 -17"><span class='ocrx_word' id='word_1_66' title='bbox 369 964 743 1035; x_wconf 82' lang='lat' dir='ltr'><strong>perventum,</strong></span> <span class='ocrx_word' id='word_1_67' title='bbox 796 960 998 1033; x_wconf 86' lang='lat' dir='ltr'>ibique</span> <span class='ocrx_word' id='word_1_68' title='bbox 1052 961 1481 1034; x_wconf 82' lang='lat' dir='ltr'>aliquantisper</span> <span class='ocrx_word' id='word_1_69' title='bbox 1534 965 1621 1016; x_wconf 89' lang='lat' dir='ltr'>est</span> <span class='ocrx_word' id='word_1_70' title='bbox 1672 964 1928 1024; x_wconf 88' lang='lat' dir='ltr'>oratum,</span> <span class='ocrx_word' id='word_1_71' title='bbox 1978 959 2027 1012; x_wconf 91' lang='lat' dir='ltr'>is</span> 
     </span>
    </p>
   </div>
   <div class='ocr_carea' id='block_1_12' title="bbox 372 1048 2028 1123">
    <p class='ocr_par' dir='ltr' id='par_1_12' title="bbox 372 1048 2028 1123">
     <span class='ocr_line' id='line_1_12' title="bbox 372 1048 2028 1123; baseline -0.002 -18"><span class='ocrx_word' id='word_1_72' title='bbox 372 1050 477 1123; x_wconf 89' lang='lat' dir='ltr'>qui</span> <span class='ocrx_word' id='word_1_73' title='bbox 502 1049 737 1104; x_wconf 71' lang='lat' dir='ltr'>cunulae</span> <span class='ocrx_word' id='word_1_74' title='bbox 764 1049 1016 1107; x_wconf 78' lang='lat' dir='ltr'>adhaesit</span> <span class='ocrx_word' id='word_1_75' title='bbox 1042 1054 1107 1105; x_wconf 92' lang='lat' dir='ltr'>ut</span> <span class='ocrx_word' id='word_1_76' title='bbox 1133 1050 1586 1123; x_wconf 82' lang='lat' dir='ltr'>pusio,repente</span> <span class='ocrx_word' id='word_1_77' title='bbox 1613 1050 1895 1105; x_wconf 89' lang='lat' dir='ltr'>robustus</span> <span class='ocrx_word' id='word_1_78' title='bbox 1922 1048 2028 1102; x_wconf 82' lang='lat' dir='ltr'>cri-</span> 
     </span>
    </p>
   </div>
   <div class='ocr_carea' id='block_1_13' title="bbox 373 1138 2026 1212">
    <p class='ocr_par' dir='ltr' id='par_1_13' title="bbox 373 1138 2026 1212">
     <span class='ocr_line' id='line_1_13' title="bbox 373 1138 2026 1212; baseline -0.002 -16"><span class='ocrx_word' id='word_1_79' title='bbox 373 1140 528 1209; x_wconf 80' lang='lat' dir='ltr'>gitur</span> <span class='ocrx_word' id='word_1_80' title='bbox 556 1154 625 1194; x_wconf 89' lang='lat' dir='ltr'>ac</span> <span class='ocrx_word' id='word_1_81' title='bbox 658 1138 880 1195; x_wconf 88' lang='lat' dir='ltr'>sistitur</span> <span class='ocrx_word' id='word_1_82' title='bbox 910 1144 975 1195; x_wconf 90' lang='lat' dir='ltr'>ut</span> <span class='ocrx_word' id='word_1_83' title='bbox 1016 1140 1220 1195; x_wconf 93' lang='lat' dir='ltr'>homo.</span> <span class='ocrx_word' id='word_1_84' title='bbox 1256 1143 1402 1195; x_wconf 87' lang='lat' dir='ltr'>Tum</span> <span class='ocrx_word' id='word_1_85' title='bbox 1430 1139 1694 1196; x_wconf 81' lang='lat' dir='ltr'>videntes</span> <span class='ocrx_word' id='word_1_86' title='bbox 1733 1139 1837 1212; x_wconf 89' lang='lat' dir='ltr'>qui</span> <span class='ocrx_word' id='word_1_87' title='bbox 1886 1139 2026 1194; x_wconf 86' lang='lat' dir='ltr'>ade-</span> 
     </span>
    </p>
   </div>
   <div class='ocr_carea' id='block_1_14' title="bbox 370 1225 2024 1301">
    <p class='ocr_par' dir='ltr' id='par_1_14' title="bbox 370 1225 2024 1301">
     <span class='ocr_line' id='line_1_14' title="bbox 370 1225 2024 1301; baseline 0.001 -20"><span class='ocrx_word' id='word_1_88' title='bbox 370 1225 576 1281; x_wconf 88' lang='lat' dir='ltr'>rantin</span> <span class='ocrx_word' id='word_1_89' title='bbox 600 1241 760 1283; x_wconf 91' lang='lat' dir='ltr'>novo</span> <span class='ocrx_word' id='word_1_90' title='bbox 782 1228 1060 1301; x_wconf 87' lang='lat' dir='ltr'>martyris</span> <span class='ocrx_word' id='word_1_91' title='bbox 1080 1228 1423 1299; x_wconf 89' lang='lat' dir='ltr'>mirigerulo</span> <span class='ocrx_word' id='word_1_92' title='bbox 1448 1229 1691 1301; x_wconf 84' lang='lat' dir='ltr'>plenam</span> <span class='ocrx_word' id='word_1_93' title='bbox 1715 1233 2024 1298; x_wconf 84' lang='lat' dir='ltr'>staturam,</span> 
     </span>
    </p>
   </div>
   <div class='ocr_carea' id='block_1_15' title="bbox 368 1314 2027 1389">
    <p class='ocr_par' dir='ltr' id='par_1_15' title="bbox 368 1314 2027 1389">
     <span class='ocr_line' id='line_1_15' title="bbox 368 1314 2027 1389; baseline 0.001 -21"><span class='ocrx_word' id='word_1_94' title='bbox 368 1314 820 1371; x_wconf 85' lang='lat' dir='ltr'>resurrectionis</span> <span class='ocrx_word' id='word_1_95' title='bbox 872 1316 949 1372; x_wconf 89' lang='lat' dir='ltr'>ad</span> <span class='ocrx_word' id='word_1_96' title='bbox 1002 1315 1191 1373; x_wconf 88' lang='lat' dir='ltr'>instar</span> <span class='ocrx_word' id='word_1_97' title='bbox 1236 1316 1546 1386; x_wconf 84' lang='lat' dir='ltr'>generalis,</span> <span class='ocrx_word' id='word_1_98' title='bbox 1593 1333 1927 1389; x_wconf 88' lang='lat' dir='ltr'>proceram.</span> <span class='ocrx_word' id='word_1_99' title='bbox 1965 1320 2027 1370; x_wconf 91' lang='lat' dir='ltr'>In</span> 
     </span>
    </p>
   </div>
   <div class='ocr_carea' id='block_1_16' title="bbox 371 1404 2027 1476">
    <p class='ocr_par' dir='ltr' id='par_1_16' title="bbox 371 1404 2027 1476">
     <span class='ocr_line' id='line_1_16' title="bbox 371 1404 2027 1476; baseline 0.001 -18"><span class='ocrx_word' id='word_1_100' title='bbox 371 1404 620 1460; x_wconf 89' lang='lat' dir='ltr'>ecclesia</span> <span class='ocrx_word' id='word_1_101' title='bbox 671 1405 944 1476; x_wconf 91' lang='lat' dir='ltr'>ejusdem</span> <span class='ocrx_word' id='word_1_102' title='bbox 981 1407 1142 1461; x_wconf 91' lang='lat' dir='ltr'>testis</span> <span class='ocrx_word' id='word_1_103' title='bbox 1172 1406 1571 1462; x_wconf 83' lang='lat' dir='ltr'>immolabant</span> <span class='ocrx_word' id='word_1_104' title='bbox 1617 1410 1736 1462; x_wconf 86' lang='lat' dir='ltr'>Deo</span> <span class='ocrx_word' id='word_1_105' title='bbox 1763 1405 2027 1461; x_wconf 87' lang='lat' dir='ltr'>hostiam</span> 
     </span>
    </p>
   </div>
   <div class='ocr_carea' id='block_1_17' title="bbox 370 1493 2022 1569">
    <p class='ocr_par' dir='ltr' id='par_1_17' title="bbox 370 1493 2022 1569">
     <span class='ocr_line' id='line_1_17' title="bbox 370 1493 2022 1569; baseline 0.001 -20"><span class='ocrx_word' id='word_1_106' title='bbox 370 1493 830 1565; x_wconf 79' lang='lat' dir='ltr'>vociferationis,</span> <span class='ocrx_word' id='word_1_107' title='bbox 872 1496 1209 1551; x_wconf 89' lang='lat' dir='ltr'>secundum</span> <span class='ocrx_word' id='word_1_108' title='bbox 1258 1495 1424 1561; x_wconf 88' lang='lat' dir='ltr'>illud,</span> <span class='ocrx_word' id='word_1_109' title='bbox 1456 1497 1621 1569; x_wconf 88' lang='lat' dir='ltr'>quod</span> <span class='ocrx_word' id='word_1_110' title='bbox 1676 1495 1861 1552; x_wconf 86' lang='lat' dir='ltr'>David</span> <span class='ocrx_word' id='word_1_111' title='bbox 1903 1495 2022 1551; x_wconf 89' lang='lat' dir='ltr'>ait:</span> 
     </span>
    </p>
   </div>
   <div class='ocr_carea' id='block_1_18' title="bbox 375 1584 2028 1655">
    <p class='ocr_par' dir='ltr' id='par_1_18' title="bbox 375 1584 2028 1655">
     <span class='ocr_line' id='line_1_18' title="bbox 375 1584 2028 1655; baseline 0.001 -17"><span class='ocrx_word' id='word_1_112' title='bbox 375 1586 550 1639; x_wconf 81' lang='lat' dir='ltr'>«Vox</span> <span class='ocrx_word' id='word_1_113' title='bbox 575 1584 953 1641; x_wconf 81' lang='lat' dir='ltr'>exultationis</span> <span class='ocrx_word' id='word_1_114' title='bbox 983 1590 1040 1640; x_wconf 91' lang='lat' dir='ltr'>et</span> <span class='ocrx_word' id='word_1_115' title='bbox 1070 1584 1274 1640; x_wconf 86' lang='lat' dir='ltr'>salutis</span> <span class='ocrx_word' id='word_1_116' title='bbox 1312 1585 1373 1640; x_wconf 91' lang='lat' dir='ltr'>in</span> <span class='ocrx_word' id='word_1_117' title='bbox 1420 1584 1818 1641; x_wconf 81' lang='lat' dir='ltr'>tabernaculis</span> <span class='ocrx_word' id='word_1_118' title='bbox 1843 1585 2028 1655; x_wconf 85' lang='lat' dir='ltr'>justo-</span> 
     </span>
    </p>
   </div>
   <div class='ocr_carea' id='block_1_19' title="bbox 370 1673 2025 1747">
    <p class='ocr_par' dir='ltr' id='par_1_19' title="bbox 370 1673 2025 1747">
     <span class='ocr_line' id='line_1_19' title="bbox 370 1673 2025 1747; baseline 0.002 -20"><span class='ocrx_word' id='word_1_119' title='bbox 370 1688 507 1728; x_wconf 90' lang='lat' dir='ltr'>rum</span> <span class='ocrx_word' id='word_1_120' title='bbox 533 1673 720 1744; x_wconf 90' lang='lat' dir='ltr'>(Psal.</span> <span class='ocrx_word' id='word_1_121' title='bbox 748 1674 940 1745; x_wconf 80' lang='lat' dir='ltr'>cxm).</span> <span class='ocrx_word' id='word_1_122' title='bbox 957 1697 984 1721; x_wconf 87' lang='grc'><strong>››</strong></span> <span class='ocrx_word' id='word_1_123' title='bbox 1008 1677 1156 1730; x_wconf 89' lang='lat' dir='ltr'>Cum</span> <span class='ocrx_word' id='word_1_124' title='bbox 1181 1674 1403 1747; x_wconf 88' lang='lat' dir='ltr'>quibus</span> <span class='ocrx_word' id='word_1_125' title='bbox 1427 1674 1586 1729; x_wconf 84' lang='lat' dir='ltr'>idem</span> <span class='ocrx_word' id='word_1_126' title='bbox 1608 1678 1896 1746; x_wconf 86' lang='lat' dir='ltr'>patronus</span> <span class='ocrx_word' id='word_1_127' title='bbox 1916 1690 2025 1730; x_wconf 86' lang='lat' dir='ltr'>no-</span> 
     </span>
    </p>
   </div>
   <div class='ocr_carea' id='block_1_20' title="bbox 373 1760 2029 1834">
    <p class='ocr_par' dir='ltr' id='par_1_20' title="bbox 373 1760 2029 1834">
     <span class='ocr_line' id='line_1_20' title="bbox 373 1760 2029 1834; baseline 0.002 -20"><span class='ocrx_word' id='word_1_128' title='bbox 373 1764 494 1817; x_wconf 88' lang='lat' dir='ltr'>ster</span> <span class='ocrx_word' id='word_1_129' title='bbox 530 1760 937 1829; x_wconf 69' lang='lat' dir='ltr'>dulcissimus,</span> <span class='ocrx_word' id='word_1_130' title='bbox 973 1766 1192 1818; x_wconf 69' lang='lat' dir='ltr'>aeterna</span> <span class='ocrx_word' id='word_1_131' title='bbox 1242 1778 1352 1834; x_wconf 91' lang='lat' dir='ltr'>pro</span> <span class='ocrx_word' id='word_1_132' title='bbox 1395 1763 1569 1818; x_wconf 79' lang='lat' dir='ltr'>exilio</span> <span class='ocrx_word' id='word_1_133' title='bbox 1622 1762 1787 1818; x_wconf 88' lang='lat' dir='ltr'>brevi</span> <span class='ocrx_word' id='word_1_134' title='bbox 1837 1762 2029 1834; x_wconf 88' lang='lat' dir='ltr'>patria</span> 
     </span>
    </p>
   </div>
   <div class='ocr_carea' id='block_1_21' title="bbox 371 1847 2031 1923">
    <p class='ocr_par' dir='ltr' id='par_1_21' title="bbox 371 1847 2031 1923">
     <span class='ocr_line' id='line_1_21' title="bbox 371 1847 2031 1923; baseline 0.001 -20"><span class='ocrx_word' id='word_1_135' title='bbox 371 1847 632 1903; x_wconf 89' lang='lat' dir='ltr'>donatus</span> <span class='ocrx_word' id='word_1_136' title='bbox 658 1853 714 1903; x_wconf 94' lang='lat' dir='ltr'>et</span> <span class='ocrx_word' id='word_1_137' title='bbox 732 1864 842 1920; x_wconf 91' lang='lat' dir='ltr'>pro</span> <span class='ocrx_word' id='word_1_138' title='bbox 859 1850 1123 1920; x_wconf 88' lang='lat' dir='ltr'>pondere</span> <span class='ocrx_word' id='word_1_139' title='bbox 1149 1849 1427 1905; x_wconf 88' lang='lat' dir='ltr'>laborum</span> <span class='ocrx_word' id='word_1_140' title='bbox 1452 1849 1853 1906; x_wconf 68' lang='lat' dir='ltr'>inaestimabili</span> <span class='ocrx_word' id='word_1_141' title='bbox 1882 1866 2031 1923; x_wconf 56' lang='lat' dir='ltr'>pra».-</span> 
     </span>
    </p>
   </div>
   <div class='ocr_carea' id='block_1_22' title="bbox 371 1935 2027 2011">
    <p class='ocr_par' dir='ltr' id='par_1_22' title="bbox 371 1935 2027 2011">
     <span class='ocr_line' id='line_1_22' title="bbox 371 1935 2027 2011; baseline 0.002 -20"><span class='ocrx_word' id='word_1_142' title='bbox 371 1935 563 1991; x_wconf 91' lang='lat' dir='ltr'>mium</span> <span class='ocrx_word' id='word_1_143' title='bbox 594 1936 854 2003; x_wconf 92' lang='lat' dir='ltr'>sortitus,</span> <span class='ocrx_word' id='word_1_144' title='bbox 886 1954 996 2010; x_wconf 90' lang='lat' dir='ltr'>pro</span> <span class='ocrx_word' id='word_1_145' title='bbox 1029 1942 1217 1994; x_wconf 91' lang='lat' dir='ltr'>morte</span> <span class='ocrx_word' id='word_1_146' title='bbox 1246 1940 1507 2011; x_wconf 89' lang='lat' dir='ltr'>pretiosa</span> <span class='ocrx_word' id='word_1_147' title='bbox 1535 1939 1819 1996; x_wconf 87' lang='lat' dir='ltr'>inusitato</span> <span class='ocrx_word' id='word_1_148' title='bbox 1848 1956 2027 2011; x_wconf 91' lang='lat' dir='ltr'>gene-</span> 
     </span>
    </p>
   </div>
   <div class='ocr_carea' id='block_1_23' title="bbox 369 2024 2027 2099">
    <p class='ocr_par' dir='ltr' id='par_1_23' title="bbox 369 2024 2027 2099">
     <span class='ocr_line' id='line_1_23' title="bbox 369 2024 2027 2099; baseline 0.003 -19"><span class='ocrx_word' id='word_1_149' title='bbox 369 2039 434 2080; x_wconf 91' lang='lat' dir='ltr'><strong>re</strong></span> <span class='ocrx_word' id='word_1_150' title='bbox 460 2024 730 2095; x_wconf 89' lang='lat' dir='ltr'>martyrii</span> <span class='ocrx_word' id='word_1_151' title='bbox 753 2025 1061 2098; x_wconf 87' lang='lat' dir='ltr'>acquisita,</span> <span class='ocrx_word' id='word_1_152' title='bbox 1087 2027 1146 2082; x_wconf 91' lang='lat' dir='ltr'>in</span> <span class='ocrx_word' id='word_1_153' title='bbox 1174 2030 1294 2095; x_wconf 88' lang='lat' dir='ltr'>tuo,</span> <span class='ocrx_word' id='word_1_154' title='bbox 1316 2028 1562 2098; x_wconf 83' lang='lat' dir='ltr'>Christe,</span> <span class='ocrx_word' id='word_1_155' title='bbox 1593 2045 1781 2099; x_wconf 89' lang='lat' dir='ltr'>regna</span> <span class='ocrx_word' id='word_1_156' title='bbox 1812 2028 2027 2098; x_wconf 86' lang='lat' dir='ltr'>gloria-</span> 
     </span>
    </p>
   </div>
   <div class='ocr_carea' id='block_1_24' title="bbox 372 2115 2029 2192">
    <p class='ocr_par' dir='ltr' id='par_1_24' title="bbox 372 2115 2029 2192">
     <span class='ocr_line' id='line_1_24' title="bbox 372 2115 2029 2192; baseline 0.005 -25"><span class='ocrx_word' id='word_1_157' title='bbox 372 2116 466 2168; x_wconf 89' lang='lat' dir='ltr'>tur</span> <span class='ocrx_word' id='word_1_158' title='bbox 495 2128 739 2183; x_wconf 88' lang='lat' dir='ltr'>corona,</span> <span class='ocrx_word' id='word_1_159' title='bbox 772 2130 962 2187; x_wconf 90' lang='lat' dir='ltr'>quam</span> <span class='ocrx_word' id='word_1_160' title='bbox 983 2115 1213 2171; x_wconf 88' lang='lat' dir='ltr'>elucere</span> <span class='ocrx_word' id='word_1_161' title='bbox 1239 2117 1380 2173; x_wconf 87' lang='lat' dir='ltr'>facit</span> <span class='ocrx_word' id='word_1_162' title='bbox 1405 2117 1678 2190; x_wconf 91' lang='lat' dir='ltr'>specialis</span> <span class='ocrx_word' id='word_1_163' title='bbox 1710 2118 1789 2172; x_wconf 91' lang='lat' dir='ltr'>tui</span> <span class='ocrx_word' id='word_1_164' title='bbox 1820 2122 1877 2174; x_wconf 92' lang='lat' dir='ltr'>et</span> <span class='ocrx_word' id='word_1_165' title='bbox 1900 2135 2029 2192; x_wconf 88' lang='lat' dir='ltr'>pro-</span> 
     </span>
    </p>
   </div>
   <div class='ocr_carea' id='block_1_25' title="bbox 268 2198 2028 2278">
    <p class='ocr_par' dir='ltr' id='par_1_25' title="bbox 268 2198 2028 2278">
     <span class='ocr_line' id='line_1_25' title="bbox 268 2198 2028 2278; baseline 0.003 -24"><span class='ocrx_word' id='word_1_166' title='bbox 268 2218 275 2227; x_wconf 55' lang='lat'>~</span> <span class='ocrx_word' id='word_1_167' title='bbox 370 2199 518 2255; x_wconf 87' lang='lat' dir='ltr'>ximi</span> <span class='ocrx_word' id='word_1_168' title='bbox 545 2198 876 2257; x_wconf 89' lang='lat' dir='ltr'>dilectionis</span> <span class='ocrx_word' id='word_1_169' title='bbox 907 2217 1168 2270; x_wconf 84' lang='lat' dir='ltr'>gemma.</span> <span class='ocrx_word' id='word_1_170' title='bbox 1205 2205 1332 2270; x_wconf 87' lang='lat' dir='ltr'>Qua</span> <span class='ocrx_word' id='word_1_171' title='bbox 1361 2208 1416 2260; x_wconf 90' lang='lat' dir='ltr'>et</span> <span class='ocrx_word' id='word_1_172' title='bbox 1464 2221 1595 2276; x_wconf 91' lang='lat' dir='ltr'>nos,</span> <span class='ocrx_word' id='word_1_173' title='bbox 1626 2220 1737 2278; x_wconf 90' lang='lat' dir='ltr'>pro</span> <span class='ocrx_word' id='word_1_174' title='bbox 1780 2204 2028 2261; x_wconf 90' lang='lat' dir='ltr'>modulo</span> 
     </span>
    </p>
   </div>
   <div class='ocr_carea' id='block_1_26' title="bbox 370 2288 2029 2368">
    <p class='ocr_par' dir='ltr' id='par_1_26' title="bbox 370 2288 2029 2368">
     <span class='ocr_line' id='line_1_26' title="bbox 370 2288 2029 2368; baseline 0.004 -24"><span class='ocrx_word' id='word_1_175' title='bbox 370 2293 596 2359; x_wconf 88' lang='lat' dir='ltr'>nostro,</span> <span class='ocrx_word' id='word_1_176' title='bbox 626 2288 942 2361; x_wconf 88' lang='lat' dir='ltr'>insignitos</span> <span class='ocrx_word' id='word_1_177' title='bbox 970 2293 1298 2349; x_wconf 86' lang='lat' dir='ltr'>vocationis</span> <span class='ocrx_word' id='word_1_178' title='bbox 1349 2294 1501 2351; x_wconf 88' lang='lat' dir='ltr'>hora</span> <span class='ocrx_word' id='word_1_179' title='bbox 1547 2295 1848 2351; x_wconf 89' lang='lat' dir='ltr'>humiliter</span> <span class='ocrx_word' id='word_1_180' title='bbox 1885 2294 2029 2368; x_wconf 86' lang='lat' dir='ltr'>peti-</span> 
     </span>
    </p>
   </div>
   <div class='ocr_carea' id='block_1_27' title="bbox 371 2380 2029 2459">
    <p class='ocr_par' dir='ltr' id='par_1_27' title="bbox 371 2380 2029 2459">
     <span class='ocr_line' id='line_1_27' title="bbox 371 2380 2029 2459; baseline 0.005 -26"><span class='ocrx_word' id='word_1_181' title='bbox 371 2394 508 2433; x_wconf 90' lang='lat' dir='ltr'>mus</span> <span class='ocrx_word' id='word_1_182' title='bbox 551 2395 588 2434; x_wconf 89' lang='lat' dir='ltr'>a</span> <span class='ocrx_word' id='word_1_183' title='bbox 632 2383 687 2435; x_wconf 91' lang='lat' dir='ltr'>te</span> <span class='ocrx_word' id='word_1_184' title='bbox 736 2380 1006 2451; x_wconf 88' lang='lat' dir='ltr'>inveniri,</span> <span class='ocrx_word' id='word_1_185' title='bbox 1039 2382 1212 2454; x_wconf 91' lang='lat' dir='ltr'>cujus</span> <span class='ocrx_word' id='word_1_186' title='bbox 1240 2384 1651 2441; x_wconf 86' lang='lat' dir='ltr'>misericordia</span> <span class='ocrx_word' id='word_1_187' title='bbox 1697 2401 1835 2459; x_wconf 66' lang='lat' dir='ltr'>quae</span> <span class='ocrx_word' id='word_1_188' title='bbox 1864 2385 2029 2441; x_wconf 91' lang='lat' dir='ltr'>bona</span> 
     </span>
    </p>
   </div>
   <div class='ocr_carea' id='block_1_28' title="bbox 371 2466 2029 2548">
    <p class='ocr_par' dir='ltr' id='par_1_28' title="bbox 371 2466 2029 2548">
     <span class='ocr_line' id='line_1_28' title="bbox 371 2466 2029 2548; baseline 0.005 -27"><span class='ocrx_word' id='word_1_189' title='bbox 371 2471 511 2522; x_wconf 90' lang='lat' dir='ltr'>sunt</span> <span class='ocrx_word' id='word_1_190' title='bbox 538 2466 599 2522; x_wconf 92' lang='lat' dir='ltr'>in</span> <span class='ocrx_word' id='word_1_191' title='bbox 632 2468 914 2525; x_wconf 80' lang='lat' dir='ltr'>cordibus</span> <span class='ocrx_word' id='word_1_192' title='bbox 944 2486 1079 2526; x_wconf 89' lang='lat' dir='ltr'>vere</span> <span class='ocrx_word' id='word_1_193' title='bbox 1107 2470 1380 2529; x_wconf 90' lang='lat' dir='ltr'>ﬁdelium</span> <span class='ocrx_word' id='word_1_194' title='bbox 1407 2488 1532 2529; x_wconf 90' lang='lat' dir='ltr'>non</span> <span class='ocrx_word' id='word_1_195' title='bbox 1558 2473 1845 2548; x_wconf 83' lang='lat' dir='ltr'>permittit</span> <span class='ocrx_word' id='word_1_196' title='bbox 1874 2473 2029 2547; x_wconf 88' lang='lat' dir='ltr'>sopi-</span> 
     </span>
    </p>
   </div>
   <div class='ocr_carea' id='block_1_29' title="bbox 369 2554 2030 2632">
    <p class='ocr_par' dir='ltr' id='par_1_29' title="bbox 369 2554 2030 2632">
     <span class='ocr_line' id='line_1_29' title="bbox 369 2554 2030 2632; baseline 0.005 -21"><span class='ocrx_word' id='word_1_197' title='bbox 369 2555 440 2624; x_wconf 90' lang='lat' dir='ltr'>ri,</span> <span class='ocrx_word' id='word_1_198' title='bbox 485 2554 609 2612; x_wconf 86' lang='lat' dir='ltr'>sed</span> <span class='ocrx_word' id='word_1_199' title='bbox 636 2557 816 2631; x_wconf 93' lang='lat' dir='ltr'>pleno</span> <span class='ocrx_word' id='word_1_200' title='bbox 862 2562 1324 2632; x_wconf 62' lang='lat' dir='ltr'>perseverantiae</span> <span class='ocrx_word' id='word_1_201' title='bbox 1382 2562 1579 2620; x_wconf 88' lang='lat' dir='ltr'>fructu</span> <span class='ocrx_word' id='word_1_202' title='bbox 1627 2579 1839 2621; x_wconf 89' lang='lat' dir='ltr'>eorum</span> <span class='ocrx_word' id='word_1_203' title='bbox 1889 2563 2030 2620; x_wconf 85' lang='lat' dir='ltr'>facit</span> 
     </span>
    </p>
   </div>
   <div class='ocr_carea' id='block_1_30' title="bbox 369 2645 760 2718">
    <p class='ocr_par' dir='ltr' id='par_1_30' title="bbox 369 2645 760 2718">
     <span class='ocr_line' id='line_1_30' title="bbox 369 2645 760 2718; baseline 0.01 -18"><span class='ocrx_word' id='word_1_204' title='bbox 369 2661 556 2718; x_wconf 89' lang='lat' dir='ltr'>opera</span> <span class='ocrx_word' id='word_1_205' title='bbox 583 2645 760 2704; x_wconf 90' lang='lat' dir='ltr'>ﬁniri.</span> 
     </span>
    </p>
   </div>
   <div class='ocr_carea' id='block_1_31' title="bbox 443 2736 2026 2814">
    <p class='ocr_par' dir='ltr' id='par_1_31' title="bbox 443 2736 2026 2814">
     <span class='ocr_line' id='line_1_31' title="bbox 443 2736 2026 2814; baseline 0.007 -24"><span class='ocrx_word' id='word_1_206' title='bbox 443 2740 526 2790; x_wconf 81' lang='lat' dir='ltr'>t7.</span> <span class='ocrx_word' id='word_1_207' title='bbox 572 2736 766 2793; x_wconf 82' lang='lat' dir='ltr'>Gloria</span> <span class='ocrx_word' id='word_1_208' title='bbox 814 2743 1161 2796; x_wconf 88' lang='lat' dir='ltr'>sanctorum</span> <span class='ocrx_word' id='word_1_209' title='bbox 1216 2741 1447 2799; x_wconf 85' lang='lat' dir='ltr'>Christo</span> <span class='ocrx_word' id='word_1_210' title='bbox 1506 2743 2026 2814; x_wconf 89' lang='lat' dir='ltr'>conregnantium,</span> 
     </span>
    </p>
   </div>
   <div class='ocr_carea' id='block_1_32' title="bbox 367 2826 2029 2907">
    <p class='ocr_par' dir='ltr' id='par_1_32' title="bbox 367 2826 2029 2907">
     <span class='ocr_line' id='line_1_32' title="bbox 367 2826 2029 2907; baseline 0.007 -28"><span class='ocrx_word' id='word_1_211' title='bbox 367 2829 569 2897; x_wconf 89' lang='lat' dir='ltr'>patres</span> <span class='ocrx_word' id='word_1_212' title='bbox 596 2829 654 2881; x_wconf 92' lang='lat' dir='ltr'>et</span> <span class='ocrx_word' id='word_1_213' title='bbox 676 2826 906 2895; x_wconf 87' lang='lat' dir='ltr'>fratres,</span> <span class='ocrx_word' id='word_1_214' title='bbox 935 2832 1023 2883; x_wconf 90' lang='lat' dir='ltr'>est</span> <span class='ocrx_word' id='word_1_215' title='bbox 1065 2830 1241 2886; x_wconf 88' lang='lat' dir='ltr'>valde</span> <span class='ocrx_word' id='word_1_216' title='bbox 1278 2832 1624 2901; x_wconf 88' lang='lat' dir='ltr'>reverenda,</span> <span class='ocrx_word' id='word_1_217' title='bbox 1658 2833 1747 2889; x_wconf 88' lang='lat' dir='ltr'>ira</span> <span class='ocrx_word' id='word_1_218' title='bbox 1784 2850 2029 2907; x_wconf 90' lang='lat' dir='ltr'>quoque</span> 
     </span>
    </p>
   </div>
   <div class='ocr_carea' id='block_1_33' title="bbox 356 2911 2029 2990">
    <p class='ocr_par' dir='ltr' id='par_1_33' title="bbox 356 2911 2029 2990">
     <span class='ocr_line' id='line_1_33' title="bbox 356 2911 2029 2990; baseline 0.008 -25"><span class='ocrx_word' id='word_1_219' title='bbox 356 2911 735 2968; x_wconf 86' lang='lat' dir='ltr'>omnimodis</span> <span class='ocrx_word' id='word_1_220' title='bbox 763 2916 1054 2983; x_wconf 89' lang='lat' dir='ltr'>cavenda,</span> <span class='ocrx_word' id='word_1_221' title='bbox 1073 2919 1360 2990; x_wconf 87' lang='lat' dir='ltr'>patientia</span> <span class='ocrx_word' id='word_1_222' title='bbox 1385 2937 1527 2976; x_wconf 89' lang='lat' dir='ltr'>vero</span> <span class='ocrx_word' id='word_1_223' title='bbox 1553 2921 1720 2977; x_wconf 88' lang='lat' dir='ltr'>omni</span> <span class='ocrx_word' id='word_1_224' title='bbox 1740 2923 1903 2978; x_wconf 86' lang='lat' dir='ltr'>sexui</span> <span class='ocrx_word' id='word_1_225' title='bbox 1923 2939 2029 2980; x_wconf 92' lang='lat' dir='ltr'>seu</span> 
     </span>
    </p>
   </div>
   <div class='ocr_carea' id='block_1_34' title="bbox 368 3000 2106 3105">
    <p class='ocr_par' dir='ltr' id='par_1_34' title="bbox 368 3000 2106 3105">
     <span class='ocr_line' id='line_1_34' title="bbox 368 3000 2106 3105; baseline 0.008 -51"><span class='ocrx_word' id='word_1_226' title='bbox 368 3000 565 3055; x_wconf 89' lang='lat' dir='ltr'>ordini</span> <span class='ocrx_word' id='word_1_227' title='bbox 580 3002 1092 3105; x_wconf 71' lang='lat' dir='ltr'>pertimescenda.</span> <span class='ocrx_word' id='word_1_228' title='bbox 1120 3007 1209 3062; x_wconf 88' lang='lat' dir='ltr'>Ad</span> <span class='ocrx_word' id='word_1_229' title='bbox 1234 3008 1345 3065; x_wconf 92' lang='lat' dir='ltr'>hos</span> <span class='ocrx_word' id='word_1_230' title='bbox 1374 3025 1641 3084; x_wconf 86' lang='lat' dir='ltr'>namque</span> <span class='ocrx_word' id='word_1_231' title='bbox 1670 3011 1813 3068; x_wconf 89' lang='lat' dir='ltr'>dicit</span> <span class='ocrx_word' id='word_1_232' title='bbox 1835 3013 2028 3069; x_wconf 89' lang='lat' dir='ltr'>Domi-</span> <span class='ocrx_word' id='word_1_233' title='bbox 2067 3050 2106 3105; x_wconf 66' lang='grc' dir='ltr'>Ο</span> 
     </span>
    </p>
   </div>
   <div class='ocr_carea' id='block_1_35' title="bbox 328 3092 2030 3171">
    <p class='ocr_par' dir='ltr' id='par_1_35' title="bbox 328 3092 2030 3171">
     <span class='ocr_line' id='line_1_35' title="bbox 328 3092 2030 3171; baseline 0.011 -29"><span class='ocrx_word' id='word_1_234' title='bbox 328 3105 519 3144; x_wconf 77' lang='lat' dir='ltr'>-nus:</span> <span class='ocrx_word' id='word_1_235' title='bbox 574 3092 689 3157; x_wconf 83' lang='lat' dir='ltr'>()ui</span> <span class='ocrx_word' id='word_1_236' title='bbox 735 3095 930 3165; x_wconf 82' lang='lat' dir='ltr'>tangit</span> <span class='ocrx_word' id='word_1_237' title='bbox 976 3112 1097 3166; x_wconf 85' lang='lat' dir='ltr'>ros,</span> <span class='ocrx_word' id='word_1_238' title='bbox 1132 3101 1327 3170; x_wconf 78' lang='lat' dir='ltr'>tangit</span> <span class='ocrx_word' id='word_1_239' title='bbox 1364 3103 1668 3171; x_wconf 86' lang='lat' dir='ltr'>pupillam</span> <span class='ocrx_word' id='word_1_240' title='bbox 1719 3105 1881 3160; x_wconf 87' lang='lat' dir='ltr'>oculi</span> <span class='ocrx_word' id='word_1_241' title='bbox 1916 3105 2030 3160; x_wconf 89' lang='lat' dir='ltr'>mei</span> 
     </span>
    </p>
   </div>
   <div class='ocr_carea' id='block_1_36' title="bbox 368 3178 2028 3263">
    <p class='ocr_par' dir='ltr' id='par_1_36' title="bbox 368 3178 2028 3263">
     <span class='ocr_line' id='line_1_36' title="bbox 368 3178 2028 3263; baseline 0.01 -31"><span class='ocrx_word' id='word_1_242' title='bbox 368 3178 571 3263; x_wconf 77' lang='lat' dir='ltr'>(zach.</span> <span class='ocrx_word' id='word_1_243' title='bbox 616 3198 674 3248; x_wconf 81' lang='grc' dir='ltr'>ιι,</span> <span class='ocrx_word' id='word_1_244' title='bbox 709 3182 792 3254; x_wconf 87' lang='lat'>8);</span> <span class='ocrx_word' id='word_1_245' title='bbox 824 3188 881 3239; x_wconf 92' lang='lat' dir='ltr'>et</span> <span class='ocrx_word' id='word_1_246' title='bbox 913 3184 968 3240; x_wconf 90' lang='lat' dir='ltr'>in</span> <span class='ocrx_word' id='word_1_247' title='bbox 1004 3187 1321 3257; x_wconf 83' lang='lat' dir='ltr'>Evangelio</span> <span class='ocrx_word' id='word_1_248' title='bbox 1349 3206 1361 3244; x_wconf 92' lang='lat'><strong>:</strong></span> <span class='ocrx_word' id='word_1_249' title='bbox 1396 3191 1512 3257; x_wconf 85' lang='lat' dir='ltr'>Qui</span> <span class='ocrx_word' id='word_1_250' title='bbox 1538 3206 1637 3247; x_wconf 88' lang='lat' dir='ltr'>vos</span> <span class='ocrx_word' id='word_1_251' title='bbox 1666 3194 1915 3263; x_wconf 79' lang='lat' dir='ltr'>spernit,</span> <span class='ocrx_word' id='word_1_252' title='bbox 1938 3208 2028 3249; x_wconf 91' lang='lat' dir='ltr'>me</span> 
     </span>
    </p>
   </div>
   <div class='ocr_carea' id='block_1_37' title="bbox 365 3257 2028 3352">
    <p class='ocr_par' dir='ltr' id='par_1_37' title="bbox 365 3257 2028 3352">
     <span class='ocr_line' id='line_1_37' title="bbox 365 3257 2028 3352; baseline 0.008 -29"><span class='ocrx_word' id='word_1_253' title='bbox 365 3257 593 3337; x_wconf 70' lang='lat' dir='ltr'>spernit</span> <span class='ocrx_word' id='word_1_254' title='bbox 616 3270 780 3341; x_wconf 86' lang='lat' dir='ltr'>(Luc.</span> <span class='ocrx_word' id='word_1_255' title='bbox 804 3289 863 3342; x_wconf 87' lang='lat' dir='ltr'>x,</span> <span class='ocrx_word' id='word_1_256' title='bbox 901 3273 1004 3345; x_wconf 81' lang='grc'>16).</span> <span class='ocrx_word' id='word_1_257' title='bbox 1030 3278 1166 3341; x_wconf 72' lang='grc' dir='ltr'>Οιιεε</span> <span class='ocrx_word' id='word_1_258' title='bbox 1190 3277 1450 3335; x_wconf 90' lang='lat' dir='ltr'>tonitrua</span> <span class='ocrx_word' id='word_1_259' title='bbox 1474 3278 1552 3334; x_wconf 89' lang='lat' dir='ltr'>ab</span> <span class='ocrx_word' id='word_1_260' title='bbox 1581 3257 1712 3352; x_wconf 83' lang='lat' dir='ltr'>ipso</span> <span class='ocrx_word' id='word_1_261' title='bbox 1740 3257 2028 3337; x_wconf 80' lang='lat' dir='ltr'>caelorum</span> 
     </span>
    </p>
   </div>
   <div class='ocr_carea' id='block_1_38' title="bbox 365 3356 2028 3433">
    <p class='ocr_par' dir='ltr' id='par_1_38' title="bbox 365 3356 2028 3433">
     <span class='ocr_line' id='line_1_38' title="bbox 365 3356 2028 3433; baseline 0.008 -20"><span class='ocrx_word' id='word_1_262' title='bbox 365 3356 582 3415; x_wconf 85' lang='lat' dir='ltr'>throno</span> <span class='ocrx_word' id='word_1_263' title='bbox 609 3362 994 3433; x_wconf 90' lang='lat' dir='ltr'>procedentia</span> <span class='ocrx_word' id='word_1_264' title='bbox 1008 3380 1119 3421; x_wconf 91' lang='lat' dir='ltr'>nec</span> <span class='ocrx_word' id='word_1_265' title='bbox 1138 3381 1263 3422; x_wconf 88' lang='lat' dir='ltr'>non</span> <span class='ocrx_word' id='word_1_266' title='bbox 1291 3367 1541 3424; x_wconf 85' lang='lat' dir='ltr'>terriﬂce</span> <span class='ocrx_word' id='word_1_267' title='bbox 1566 3368 1920 3425; x_wconf 89' lang='lat' dir='ltr'>mortalibus</span> <span class='ocrx_word' id='word_1_268' title='bbox 1943 3370 2028 3425; x_wconf 83' lang='lat' dir='ltr'>in-</span> 
     </span>
    </p>
   </div>
   <div class='ocr_carea' id='block_1_39' title="bbox 367 3448 2029 3526">
    <p class='ocr_par' dir='ltr' id='par_1_39' title="bbox 367 3448 2029 3526">
     <span class='ocr_line' id='line_1_39' title="bbox 367 3448 2029 3526; baseline 0.008 -26"><span class='ocrx_word' id='word_1_269' title='bbox 367 3448 637 3504; x_wconf 86' lang='lat' dir='ltr'>tonantia</span> <span class='ocrx_word' id='word_1_270' title='bbox 667 3450 820 3506; x_wconf 88' lang='lat' dir='ltr'>adeo</span> <span class='ocrx_word' id='word_1_271' title='bbox 846 3457 1234 3526; x_wconf 81' lang='lat' dir='ltr'>contempnit,</span> <span class='ocrx_word' id='word_1_272' title='bbox 1267 3456 1422 3511; x_wconf 85' lang='lat' dir='ltr'><strong>heu!</strong></span> <span class='ocrx_word' id='word_1_273' title='bbox 1458 3456 1614 3513; x_wconf 90' lang='lat' dir='ltr'>male</span> <span class='ocrx_word' id='word_1_274' title='bbox 1658 3457 1841 3514; x_wconf 87' lang='lat' dir='ltr'>surda</span> <span class='ocrx_word' id='word_1_275' title='bbox 1864 3475 2029 3515; x_wconf 79' lang='lat' dir='ltr'>secu~</span> 
     </span>
    </p>
   </div>
   <div class='ocr_carea' id='block_1_40' title="bbox 364 3534 2027 3609">
    <p class='ocr_par' dir='ltr' id='par_1_40' title="bbox 364 3534 2027 3609">
     <span class='ocr_line' id='line_1_40' title="bbox 364 3534 2027 3609; baseline 0.01 -21"><span class='ocrx_word' id='word_1_276' title='bbox 364 3534 582 3590; x_wconf 90' lang='lat' dir='ltr'>larium</span> <span class='ocrx_word' id='word_1_277' title='bbox 626 3537 867 3609; x_wconf 85' lang='lat' dir='ltr'>duritia,</span> <span class='ocrx_word' id='word_1_278' title='bbox 900 3545 965 3596; x_wconf 93' lang='lat' dir='ltr'>ut</span> <span class='ocrx_word' id='word_1_279' title='bbox 1017 3541 1313 3599; x_wconf 91' lang='lat' dir='ltr'>inhiantes</span> <span class='ocrx_word' id='word_1_280' title='bbox 1366 3545 1444 3601; x_wconf 88' lang='lat' dir='ltr'>ad</span> <span class='ocrx_word' id='word_1_281' title='bbox 1498 3545 1882 3602; x_wconf 89' lang='lat' dir='ltr'>ecclesiarum</span> <span class='ocrx_word' id='word_1_282' title='bbox 1924 3564 2027 3605; x_wconf 92' lang='lat' dir='ltr'>seu</span> 
     </span>
    </p>
   </div>
   <div class='ocr_carea' id='block_1_41' title="bbox 364 3628 2027 3708">
    <p class='ocr_par' dir='ltr' id='par_1_41' title="bbox 364 3628 2027 3708">
     <span class='ocr_line' id='line_1_41' title="bbox 364 3628 2027 3708; baseline 0.011 -33"><span class='ocrx_word' id='word_1_283' title='bbox 364 3636 705 3694; x_wconf 85' lang='lat' dir='ltr'>pauperum</span> <span class='ocrx_word' id='word_1_284' title='bbox 759 3642 880 3693; x_wconf 89' lang='lat' dir='ltr'>res,</span> <span class='ocrx_word' id='word_1_285' title='bbox 940 3628 1347 3687; x_wconf 70' lang='lat' dir='ltr'>haereditatem</span> <span class='ocrx_word' id='word_1_286' title='bbox 1401 3634 1635 3690; x_wconf 90' lang='lat' dir='ltr'>Domini</span> <span class='ocrx_word' id='word_1_287' title='bbox 1692 3635 2027 3708; x_wconf 90' lang='lat' dir='ltr'>diripiendo</span> 
     </span>
    </p>
   </div>
   <div class='ocr_carea' id='block_1_42' title="bbox 366 3710 2029 3796">
    <p class='ocr_par' dir='ltr' id='par_1_42' title="bbox 366 3710 2029 3796">
     <span class='ocr_line' id='line_1_42' title="bbox 366 3710 2029 3796; baseline 0.011 -33"><span class='ocrx_word' id='word_1_288' title='bbox 366 3723 541 3764; x_wconf 90' lang='lat' dir='ltr'>suam</span> <span class='ocrx_word' id='word_1_289' title='bbox 573 3710 815 3782; x_wconf 82' lang='lat' dir='ltr'>faciant,</span> <span class='ocrx_word' id='word_1_290' title='bbox 843 3713 1033 3771; x_wconf 90' lang='lat' dir='ltr'>immo</span> <span class='ocrx_word' id='word_1_291' title='bbox 1062 3733 1124 3771; x_wconf 88' lang='lat' dir='ltr'>se</span> <span class='ocrx_word' id='word_1_292' title='bbox 1156 3733 1226 3774; x_wconf 82' lang='lat' dir='ltr'>ac</span> <span class='ocrx_word' id='word_1_293' title='bbox 1258 3735 1367 3775; x_wconf 91' lang='lat' dir='ltr'>sua</span> <span class='ocrx_word' id='word_1_294' title='bbox 1397 3720 1625 3777; x_wconf 89' lang='lat' dir='ltr'>diaboli</span> <span class='ocrx_word' id='word_1_295' title='bbox 1654 3727 1887 3796; x_wconf 87' lang='lat' dir='ltr'>partem</span> <span class='ocrx_word' id='word_1_296' title='bbox 1908 3724 2029 3781; x_wconf 82' lang='lat' dir='ltr'>eﬂl-</span> 
     </span>
    </p>
   </div>
   <div class='ocr_carea' id='block_1_43' title="bbox 366 3795 2028 3886">
    <p class='ocr_par' dir='ltr' id='par_1_43' title="bbox 366 3795 2028 3886">
     <span class='ocr_line' id='line_1_43' title="bbox 366 3795 2028 3886; baseline 0.011 -33"><span class='ocrx_word' id='word_1_297' title='bbox 366 3795 544 3854; x_wconf 89' lang='lat' dir='ltr'>ciant.</span> <span class='ocrx_word' id='word_1_298' title='bbox 577 3799 798 3858; x_wconf 89' lang='lat' dir='ltr'>Contra</span> <span class='ocrx_word' id='word_1_299' title='bbox 821 3818 977 3876; x_wconf 88' lang='lat' dir='ltr'>quos</span> <span class='ocrx_word' id='word_1_300' title='bbox 1006 3804 1304 3863; x_wconf 84' lang='lat' dir='ltr'>invehitur</span> <span class='ocrx_word' id='word_1_301' title='bbox 1331 3795 1717 3869; x_wconf 87' lang='lat' dir='ltr'>maledictum</span> <span class='ocrx_word' id='word_1_302' title='bbox 1746 3829 1854 3886; x_wconf 90' lang='lat' dir='ltr'>per</span> <span class='ocrx_word' id='word_1_303' title='bbox 1880 3813 2028 3871; x_wconf 90' lang='lat' dir='ltr'>illud</span> 
     </span>
    </p>
   </div>
   <div class='ocr_carea' id='block_1_44' title="bbox 363 3887 2026 3974">
    <p class='ocr_par' dir='ltr' id='par_1_44' title="bbox 363 3887 2026 3974">
     <span class='ocr_line' id='line_1_44' title="bbox 363 3887 2026 3974; baseline 0.01 -31"><span class='ocrx_word' id='word_1_304' title='bbox 363 3887 823 3961; x_wconf 89' lang='lat' dir='ltr'>propheticum:</span> <span class='ocrx_word' id='word_1_305' title='bbox 869 3893 964 3950; x_wconf 63' lang='lat' dir='ltr'>Vw</span> <span class='ocrx_word' id='word_1_306' title='bbox 992 3896 1099 3966; x_wconf 86' lang='lat' dir='ltr'>qui</span> <span class='ocrx_word' id='word_1_307' title='bbox 1134 3898 1394 3968; x_wconf 85' lang='lat' dir='ltr'>jungitis</span> <span class='ocrx_word' id='word_1_308' title='bbox 1433 3915 1647 3970; x_wconf 84' lang='lat' dir='ltr'>agrum</span> <span class='ocrx_word' id='word_1_309' title='bbox 1703 3902 1783 3958; x_wconf 80' lang='lat' dir='ltr'>ad</span> <span class='ocrx_word' id='word_1_310' title='bbox 1811 3918 2026 3974; x_wconf 84' lang='lat' dir='ltr'>agrum</span> 
     </span>
    </p>
   </div>
   <div class='ocr_carea' id='block_1_45' title="bbox 364 3979 2029 4065">
    <p class='ocr_par' dir='ltr' id='par_1_45' title="bbox 364 3979 2029 4065">
     <span class='ocr_line' id='line_1_45' title="bbox 364 3979 2029 4065; baseline 0.01 -32"><span class='ocrx_word' id='word_1_311' title='bbox 364 3979 567 4049; x_wconf 88' lang='lat' dir='ltr'>inique</span> <span class='ocrx_word' id='word_1_312' title='bbox 590 3981 756 4047; x_wconf 87' lang='lat' dir='ltr'>(Isai.</span> <span class='ocrx_word' id='word_1_313' title='bbox 788 4000 844 4051; x_wconf 91' lang='lat' dir='ltr'>v,</span> <span class='ocrx_word' id='word_1_314' title='bbox 872 3983 946 4056; x_wconf 93' lang='lat'>8).</span> <span class='ocrx_word' id='word_1_315' title='bbox 982 3987 1023 4040; x_wconf 89' lang='lat' dir='ltr'><strong>E</strong></span> <span class='ocrx_word' id='word_1_316' title='bbox 1048 3986 1272 4058; x_wconf 90' lang='lat' dir='ltr'>quibus</span> <span class='ocrx_word' id='word_1_317' title='bbox 1292 3989 1568 4046; x_wconf 89' lang='lat' dir='ltr'>nonnulli</span> <span class='ocrx_word' id='word_1_318' title='bbox 1598 3992 1701 4065; x_wconf 91' lang='lat' dir='ltr'>qui</span> <span class='ocrx_word' id='word_1_319' title='bbox 1728 3993 2029 4049; x_wconf 87' lang='lat' dir='ltr'>honestio-</span> 
     </span>
    </p>
   </div>
   <div class='ocr_carea' id='block_1_46' title="bbox 361 4069 2027 4154">
    <p class='ocr_par' dir='ltr' id='par_1_46' title="bbox 361 4069 2027 4154">
     <span class='ocr_line' id='line_1_46' title="bbox 361 4069 2027 4154; baseline 0.011 -32"><span class='ocrx_word' id='word_1_320' title='bbox 361 4082 457 4123; x_wconf 88' lang='lat' dir='ltr'>res</span> <span class='ocrx_word' id='word_1_321' title='bbox 486 4072 542 4123; x_wconf 89' lang='lat' dir='ltr'>et</span> <span class='ocrx_word' id='word_1_322' title='bbox 571 4069 1031 4130; x_wconf 88' lang='lat' dir='ltr'>continentiores</span> <span class='ocrx_word' id='word_1_323' title='bbox 1055 4075 1335 4133; x_wconf 85' lang='lat' dir='ltr'>videntur</span> <span class='ocrx_word' id='word_1_324' title='bbox 1364 4077 1425 4134; x_wconf 89' lang='lat' dir='ltr'>in</span> <span class='ocrx_word' id='word_1_325' title='bbox 1464 4080 1720 4138; x_wconf 88' lang='lat' dir='ltr'>factione</span> <span class='ocrx_word' id='word_1_326' title='bbox 1751 4082 2027 4154; x_wconf 89' lang='lat' dir='ltr'>hujusce-</span> 
     </span>
    </p>
   </div>
   <div class='ocr_carea' id='block_1_47' title="bbox 364 4154 2026 4242">
    <p class='ocr_par' dir='ltr' id='par_1_47' title="bbox 364 4154 2026 4242">
     <span class='ocr_line' id='line_1_47' title="bbox 364 4154 2026 4242; baseline 0.012 -33"><span class='ocrx_word' id='word_1_327' title='bbox 364 4154 551 4242; x_wconf 89' lang='lat' dir='ltr'>modi,</span> <span class='ocrx_word' id='word_1_328' title='bbox 585 4173 724 4213; x_wconf 90' lang='lat' dir='ltr'>cum</span> <span class='ocrx_word' id='word_1_329' title='bbox 753 4158 1011 4217; x_wconf 90' lang='lat' dir='ltr'>viderint</span> <span class='ocrx_word' id='word_1_330' title='bbox 1037 4162 1272 4236; x_wconf 90' lang='lat' dir='ltr'>aliquos</span> <span class='ocrx_word' id='word_1_331' title='bbox 1296 4165 1376 4222; x_wconf 91' lang='lat' dir='ltr'>ad</span> <span class='ocrx_word' id='word_1_332' title='bbox 1405 4183 1496 4238; x_wconf 91' lang='lat' dir='ltr'>ea,</span> <span class='ocrx_word' id='word_1_333' title='bbox 1531 4184 1667 4242; x_wconf 75' lang='lat' dir='ltr'>quae</span> <span class='ocrx_word' id='word_1_334' title='bbox 1699 4185 1916 4242; x_wconf 91' lang='lat' dir='ltr'>parum</span> <span class='ocrx_word' id='word_1_335' title='bbox 1947 4176 2026 4228; x_wconf 89' lang='lat' dir='ltr'>te-</span> 
     </span>
    </p>
   </div>
   <div class='ocr_carea' id='block_1_48' title="bbox 365 4240 2021 4331">
    <p class='ocr_par' dir='ltr' id='par_1_48' title="bbox 365 4240 2021 4331">
     <span class='ocr_line' id='line_1_48' title="bbox 365 4240 2021 4331; baseline 0.013 -34"><span class='ocrx_word' id='word_1_336' title='bbox 365 4240 489 4312; x_wconf 88' lang='lat' dir='ltr'>tigi,</span> <span class='ocrx_word' id='word_1_337' title='bbox 521 4248 926 4318; x_wconf 85' lang='lat' dir='ltr'>perpetranda</span> <span class='ocrx_word' id='word_1_338' title='bbox 965 4251 1281 4324; x_wconf 91' lang='lat' dir='ltr'>proclives,</span> <span class='ocrx_word' id='word_1_339' title='bbox 1314 4255 1525 4314; x_wconf 89' lang='lat' dir='ltr'>callide</span> <span class='ocrx_word' id='word_1_340' title='bbox 1556 4240 1670 4315; x_wconf 77' lang='lat' dir='ltr'>eos</span> <span class='ocrx_word' id='word_1_341' title='bbox 1699 4240 1982 4331; x_wconf 82' lang='lat' dir='ltr'>instigant</span> <span class='ocrx_word' id='word_1_342' title='bbox 2009 4280 2021 4330; x_wconf 92' lang='lat'><strong>;</strong></span> 
     </span>
    </p>
   </div>
   <div class='ocr_carea' id='block_1_49' title="bbox 367 4333 2022 4421">
    <p class='ocr_par' dir='ltr' id='par_1_49' title="bbox 367 4333 2022 4421">
     <span class='ocr_line' id='line_1_49' title="bbox 367 4333 2022 4421; baseline 0.012 -34"><span class='ocrx_word' id='word_1_343' title='bbox 367 4333 549 4421; x_wconf 87' lang='lat' dir='ltr'>atque</span> <span class='ocrx_word' id='word_1_344' title='bbox 579 4336 641 4389; x_wconf 91' lang='lat' dir='ltr'>ut</span> <span class='ocrx_word' id='word_1_345' title='bbox 668 4333 762 4389; x_wconf 91' lang='lat' dir='ltr'>his</span> <span class='ocrx_word' id='word_1_346' title='bbox 790 4336 1005 4392; x_wconf 89' lang='lat' dir='ltr'>reculis</span> <span class='ocrx_word' id='word_1_347' title='bbox 1029 4340 1295 4398; x_wconf 89' lang='lat' dir='ltr'>tenacius</span> <span class='ocrx_word' id='word_1_348' title='bbox 1319 4344 1666 4414; x_wconf 89' lang='lat' dir='ltr'>adhereant,</span> <span class='ocrx_word' id='word_1_349' title='bbox 1693 4348 1912 4421; x_wconf 70' lang='lat' dir='ltr'>saepius</span> <span class='ocrx_word' id='word_1_350' title='bbox 1934 4349 2022 4407; x_wconf 89' lang='lat' dir='ltr'>in-</span> 
     </span>
    </p>
   </div>
   <div class='ocr_carea' id='block_1_50' title="bbox 2134 425 3820 499">
    <p class='ocr_par' dir='ltr' id='par_1_50' title="bbox 2134 425 3820 499">
     <span class='ocr_line' id='line_1_50' title="bbox 2134 425 3820 499; baseline 0.003 -21"><span class='ocrx_word' id='word_1_351' title='bbox 2134 428 2286 493; x_wconf 85' lang='lat' dir='ltr'>raut,</span> <span class='ocrx_word' id='word_1_352' title='bbox 2306 439 2427 480; x_wconf 91' lang='lat' dir='ltr'>non</span> <span class='ocrx_word' id='word_1_353' title='bbox 2445 425 2643 482; x_wconf 91' lang='lat' dir='ltr'>solum</span> <span class='ocrx_word' id='word_1_354' title='bbox 2667 426 2913 483; x_wconf 83' lang='lat' dir='ltr'>obviare</span> <span class='ocrx_word' id='word_1_355' title='bbox 2941 442 3009 483; x_wconf 90' lang='lat' dir='ltr'>ac</span> <span class='ocrx_word' id='word_1_356' title='bbox 3033 426 3301 483; x_wconf 87' lang='lat' dir='ltr'>resistere</span> <span class='ocrx_word' id='word_1_357' title='bbox 3327 431 3640 496; x_wconf 87' lang='lat' dir='ltr'>recusant,</span> <span class='ocrx_word' id='word_1_358' title='bbox 3666 426 3820 499; x_wconf 82' lang='lat' dir='ltr'>quin</span> 
     </span>
    </p>
   </div>
   <div class='ocr_carea' id='block_1_51' title="bbox 2135 511 3821 586">
    <p class='ocr_par' dir='ltr' id='par_1_51' title="bbox 2135 511 3821 586">
     <span class='ocr_line' id='line_1_51' title="bbox 2135 511 3821 586; baseline 0.002 -20"><span class='ocrx_word' id='word_1_359' title='bbox 2135 511 2314 567; x_wconf 89' lang='lat' dir='ltr'>etiam</span> <span class='ocrx_word' id='word_1_360' title='bbox 2342 512 2455 586; x_wconf 89' lang='lat' dir='ltr'>ipsi</span> <span class='ocrx_word' id='word_1_361' title='bbox 2483 514 2599 569; x_wconf 90' lang='lat' dir='ltr'>hoc</span> <span class='ocrx_word' id='word_1_362' title='bbox 2633 514 2792 570; x_wconf 87' lang='lat' dir='ltr'>idem</span> <span class='ocrx_word' id='word_1_363' title='bbox 2821 514 3225 585; x_wconf 88' lang='lat' dir='ltr'>accumulant,</span> <span class='ocrx_word' id='word_1_364' title='bbox 3259 530 3368 570; x_wconf 92' lang='lat' dir='ltr'>nec</span> <span class='ocrx_word' id='word_1_365' title='bbox 3394 530 3520 571; x_wconf 88' lang='lat' dir='ltr'>non</span> <span class='ocrx_word' id='word_1_366' title='bbox 3552 530 3821 570; x_wconf 79' lang='lat' dir='ltr'>omnem</span> 
     </span>
    </p>
   </div>
   <div class='ocr_carea' id='block_1_52' title="bbox 2130 600 3822 677">
    <p class='ocr_par' dir='ltr' id='par_1_52' title="bbox 2130 600 3822 677">
     <span class='ocr_line' id='line_1_52' title="bbox 2130 600 3822 677; baseline 0.002 -22"><span class='ocrx_word' id='word_1_367' title='bbox 2130 600 2381 671; x_wconf 78' lang='lat' dir='ltr'>justiciae</span> <span class='ocrx_word' id='word_1_368' title='bbox 2423 602 2952 675; x_wconf 88' lang='lat' dir='ltr'>pulchritudinem,</span> <span class='ocrx_word' id='word_1_369' title='bbox 2985 608 3281 677; x_wconf 89' lang='lat' dir='ltr'>quantum</span> <span class='ocrx_word' id='word_1_370' title='bbox 3326 604 3387 659; x_wconf 91' lang='lat' dir='ltr'>in</span> <span class='ocrx_word' id='word_1_371' title='bbox 3419 620 3504 667; x_wconf 88' lang='lat' dir='ltr'>se,</span> <span class='ocrx_word' id='word_1_372' title='bbox 3538 603 3822 659; x_wconf 87' lang='lat' dir='ltr'>dedeco-</span> 
     </span>
    </p>
   </div>
   <div class='ocr_carea' id='block_1_53' title="bbox 2135 689 3822 762">
    <p class='ocr_par' dir='ltr' id='par_1_53' title="bbox 2135 689 3822 762">
     <span class='ocr_line' id='line_1_53' title="bbox 2135 689 3822 762; baseline 0.002 -18"><span class='ocrx_word' id='word_1_373' title='bbox 2135 693 2289 749; x_wconf 86' lang='lat' dir='ltr'>rant.</span> <span class='ocrx_word' id='word_1_374' title='bbox 2322 706 2444 762; x_wconf 91' lang='lat' dir='ltr'>quo</span> <span class='ocrx_word' id='word_1_375' title='bbox 2472 689 2879 747; x_wconf 88' lang='lat' dir='ltr'>insatiabilem</span> <span class='ocrx_word' id='word_1_376' title='bbox 2907 691 3171 747; x_wconf 63' lang='lat' dir='ltr'>avaritiae</span> <span class='ocrx_word' id='word_1_377' title='bbox 3216 691 3414 747; x_wconf 90' lang='lat' dir='ltr'>lacum</span> <span class='ocrx_word' id='word_1_378' title='bbox 3455 707 3587 747; x_wconf 88' lang='lat' dir='ltr'>non</span> <span class='ocrx_word' id='word_1_379' title='bbox 3620 690 3822 747; x_wconf 88' lang='lat' dir='ltr'>modo</span> 
     </span>
    </p>
   </div>
   <div class='ocr_carea' id='block_1_54' title="bbox 2137 778 3823 853">
    <p class='ocr_par' dir='ltr' id='par_1_54' title="bbox 2137 778 3823 853">
     <span class='ocr_line' id='line_1_54' title="bbox 2137 778 3823 853; baseline 0.001 -21"><span class='ocrx_word' id='word_1_380' title='bbox 2137 780 2424 849; x_wconf 82' lang='lat' dir='ltr'>nequiter,</span> <span class='ocrx_word' id='word_1_381' title='bbox 2456 778 2558 834; x_wconf 87' lang='lat' dir='ltr'>sed</span> <span class='ocrx_word' id='word_1_382' title='bbox 2598 779 2779 835; x_wconf 88' lang='lat' dir='ltr'>etiam</span> <span class='ocrx_word' id='word_1_383' title='bbox 2819 781 3065 853; x_wconf 88' lang='lat' dir='ltr'>turpiter</span> <span class='ocrx_word' id='word_1_384' title='bbox 3107 779 3474 851; x_wconf 89' lang='lat' dir='ltr'>adiupleant.</span> <span class='ocrx_word' id='word_1_385' title='bbox 3509 781 3633 834; x_wconf 85' lang='lat' dir='ltr'>Pro</span> <span class='ocrx_word' id='word_1_386' title='bbox 3664 796 3823 851; x_wconf 83' lang='lat' dir='ltr'>quo-</span> 
     </span>
    </p>
   </div>
   <div class='ocr_carea' id='block_1_55' title="bbox 2136 867 3825 940">
    <p class='ocr_par' dir='ltr' id='par_1_55' title="bbox 2136 867 3825 940">
     <span class='ocr_line' id='line_1_55' title="bbox 2136 867 3825 940; baseline 0.001 -20"><span class='ocrx_word' id='word_1_387' title='bbox 2136 883 2268 920; x_wconf 90' lang='lat' dir='ltr'>rum</span> <span class='ocrx_word' id='word_1_388' title='bbox 2292 867 2672 923; x_wconf 78' lang='lat' dir='ltr'>contumacia</span> <span class='ocrx_word' id='word_1_389' title='bbox 2683 867 2949 924; x_wconf 88' lang='lat' dir='ltr'>celeriter</span> <span class='ocrx_word' id='word_1_390' title='bbox 2969 867 3288 924; x_wconf 87' lang='lat' dir='ltr'>sternenda</span> <span class='ocrx_word' id='word_1_391' title='bbox 3300 868 3522 924; x_wconf 89' lang='lat' dir='ltr'>clamat</span> <span class='ocrx_word' id='word_1_392' title='bbox 3542 868 3825 940; x_wconf 84' lang='lat' dir='ltr'>prophe-</span> 
     </span>
    </p>
   </div>
   <div class='ocr_carea' id='block_1_56' title="bbox 2137 955 3820 1030">
    <p class='ocr_par' dir='ltr' id='par_1_56' title="bbox 2137 955 3820 1030">
     <span class='ocr_line' id='line_1_56' title="bbox 2137 955 3820 1030; baseline 0.001 -20"><span class='ocrx_word' id='word_1_393' title='bbox 2137 960 2214 1021; x_wconf 88' lang='lat' dir='ltr'>ta,</span> <span class='ocrx_word' id='word_1_394' title='bbox 2229 955 2416 1011; x_wconf 87' lang='lat' dir='ltr'>immo</span> <span class='ocrx_word' id='word_1_395' title='bbox 2440 973 2579 1011; x_wconf 92' lang='lat' dir='ltr'>cum</span> <span class='ocrx_word' id='word_1_396' title='bbox 2600 972 2671 1013; x_wconf 91' lang='lat' dir='ltr'>eo</span> <span class='ocrx_word' id='word_1_397' title='bbox 2692 956 2911 1028; x_wconf 91' lang='lat' dir='ltr'>injuste</span> <span class='ocrx_word' id='word_1_398' title='bbox 2931 973 3357 1030; x_wconf 88' lang='lat' dir='ltr'>oppressorum</span> <span class='ocrx_word' id='word_1_399' title='bbox 3379 957 3690 1013; x_wconf 87' lang='lat' dir='ltr'>ultionem</span> <span class='ocrx_word' id='word_1_400' title='bbox 3712 973 3820 1029; x_wconf 85' lang='lat' dir='ltr'>po-</span> 
     </span>
    </p>
   </div>
   <div class='ocr_carea' id='block_1_57' title="bbox 2137 1045 3826 1119">
    <p class='ocr_par' dir='ltr' id='par_1_57' title="bbox 2137 1045 3826 1119">
     <span class='ocr_line' id='line_1_57' title="bbox 2137 1045 3826 1119; baseline 0.002 -20"><span class='ocrx_word' id='word_1_401' title='bbox 2137 1045 2313 1101; x_wconf 89' lang='lat' dir='ltr'>stulat</span> <span class='ocrx_word' id='word_1_402' title='bbox 2333 1062 2592 1118; x_wconf 84' lang='lat' dir='ltr'>persona</span> <span class='ocrx_word' id='word_1_403' title='bbox 2618 1064 2630 1102; x_wconf 92' lang='lat'><strong>:</strong></span> <span class='ocrx_word' id='word_1_404' title='bbox 2663 1048 2981 1114; x_wconf 75' lang='lat' dir='ltr'>Exaltare,</span> <span class='ocrx_word' id='word_1_405' title='bbox 3006 1049 3112 1119; x_wconf 90' lang='lat' dir='ltr'>qui</span> <span class='ocrx_word' id='word_1_406' title='bbox 3130 1050 3372 1116; x_wconf 83' lang='lat' dir='ltr'>judicas</span> <span class='ocrx_word' id='word_1_407' title='bbox 3395 1055 3660 1115; x_wconf 83' lang='lat' dir='ltr'>terram,</span> <span class='ocrx_word' id='word_1_408' title='bbox 3685 1048 3826 1103; x_wconf 78' lang='lat' dir='ltr'>red-</span> 
     </span>
    </p>
   </div>
   <div class='ocr_carea' id='block_1_58' title="bbox 2136 1135 3825 1209">
    <p class='ocr_par' dir='ltr' id='par_1_58' title="bbox 2136 1135 3825 1209">
     <span class='ocr_line' id='line_1_58' title="bbox 2136 1135 3825 1209; baseline 0.001 -19"><span class='ocrx_word' id='word_1_409' title='bbox 2136 1135 2209 1191; x_wconf 85' lang='lat' dir='ltr'>de</span> <span class='ocrx_word' id='word_1_410' title='bbox 2238 1136 2688 1192; x_wconf 77' lang='lat' dir='ltr'>retributionem</span> <span class='ocrx_word' id='word_1_411' title='bbox 2715 1137 2982 1206; x_wconf 77' lang='lat' dir='ltr'>superbis</span> <span class='ocrx_word' id='word_1_412' title='bbox 3013 1138 3197 1209; x_wconf 88' lang='lat' dir='ltr'>(Psal.</span> <span class='ocrx_word' id='word_1_413' title='bbox 3226 1154 3378 1207; x_wconf 81' lang='lat' dir='ltr'>xcm,</span> <span class='ocrx_word' id='word_1_414' title='bbox 3401 1140 3479 1203; x_wconf 83' lang='lat'>&#39;2).</span> <span class='ocrx_word' id='word_1_415' title='bbox 3508 1138 3691 1192; x_wconf 81' lang='lat' dir='ltr'>Hanc</span> <span class='ocrx_word' id='word_1_416' title='bbox 3712 1137 3825 1206; x_wconf 77' lang='lat' dir='ltr'>igi-</span> 
     </span>
    </p>
   </div>
   <div class='ocr_carea' id='block_1_59' title="bbox 2136 1226 3819 1299">
    <p class='ocr_par' dir='ltr' id='par_1_59' title="bbox 2136 1226 3819 1299">
     <span class='ocr_line' id='line_1_59' title="bbox 2136 1226 3819 1299; baseline 0.002 -21"><span class='ocrx_word' id='word_1_417' title='bbox 2136 1229 2229 1279; x_wconf 89' lang='lat' dir='ltr'>tur</span> <span class='ocrx_word' id='word_1_418' title='bbox 2254 1241 2501 1280; x_wconf 84' lang='lat' dir='ltr'>causam</span> <span class='ocrx_word' id='word_1_419' title='bbox 2526 1241 2649 1280; x_wconf 90' lang='lat' dir='ltr'>non</span> <span class='ocrx_word' id='word_1_420' title='bbox 2676 1241 2949 1294; x_wconf 87' lang='lat' dir='ltr'>causam,</span> <span class='ocrx_word' id='word_1_421' title='bbox 2974 1226 3081 1282; x_wconf 88' lang='lat' dir='ltr'>sed</span> <span class='ocrx_word' id='word_1_422' title='bbox 3109 1232 3333 1299; x_wconf 88' lang='lat' dir='ltr'>pestem</span> <span class='ocrx_word' id='word_1_423' title='bbox 3367 1226 3732 1289; x_wconf 85' lang='lat' dir='ltr'>dicendam,</span> <span class='ocrx_word' id='word_1_424' title='bbox 3757 1226 3819 1281; x_wconf 86' lang='lat' dir='ltr'>id</span> 
     </span>
    </p>
   </div>
   <div class='ocr_carea' id='block_1_60' title="bbox 2136 1313 3819 1384">
    <p class='ocr_par' dir='ltr' id='par_1_60' title="bbox 2136 1313 3819 1384">
     <span class='ocr_line' id='line_1_60' title="bbox 2136 1313 3819 1384; baseline 0.001 -17"><span class='ocrx_word' id='word_1_425' title='bbox 2136 1317 2225 1368; x_wconf 89' lang='lat' dir='ltr'>est</span> <span class='ocrx_word' id='word_1_426' title='bbox 2253 1318 2314 1367; x_wconf 88' lang='lat' dir='ltr'>ut</span> <span class='ocrx_word' id='word_1_427' title='bbox 2333 1313 2633 1370; x_wconf 87' lang='lat' dir='ltr'>diabolica</span> <span class='ocrx_word' id='word_1_428' title='bbox 2649 1314 3156 1371; x_wconf 86' lang='lat' dir='ltr'>commisceantur</span> <span class='ocrx_word' id='word_1_429' title='bbox 3176 1315 3481 1384; x_wconf 88' lang='lat' dir='ltr'>humanis,</span> <span class='ocrx_word' id='word_1_430' title='bbox 3506 1320 3565 1370; x_wconf 92' lang='lat' dir='ltr'>et</span> <span class='ocrx_word' id='word_1_431' title='bbox 3593 1314 3819 1370; x_wconf 86' lang='lat' dir='ltr'>nihilo-</span> 
     </span>
    </p>
   </div>
   <div class='ocr_carea' id='block_1_61' title="bbox 2136 1402 3817 1475">
    <p class='ocr_par' dir='ltr' id='par_1_61' title="bbox 2136 1402 3817 1475">
     <span class='ocr_line' id='line_1_61' title="bbox 2136 1402 3817 1475; baseline 0.002 -19"><span class='ocrx_word' id='word_1_432' title='bbox 2136 1402 2335 1457; x_wconf 90' lang='lat' dir='ltr'>minus</span> <span class='ocrx_word' id='word_1_433' title='bbox 2366 1402 2633 1458; x_wconf 84' lang='lat' dir='ltr'>humana</span> <span class='ocrx_word' id='word_1_434' title='bbox 2661 1404 3034 1475; x_wconf 85' lang='lat' dir='ltr'>preferantur</span> <span class='ocrx_word' id='word_1_435' title='bbox 3062 1403 3300 1473; x_wconf 89' lang='lat' dir='ltr'>divinis,</span> <span class='ocrx_word' id='word_1_436' title='bbox 3330 1404 3393 1460; x_wconf 93' lang='lat' dir='ltr'>in</span> <span class='ocrx_word' id='word_1_437' title='bbox 3420 1407 3676 1459; x_wconf 85' lang='lat' dir='ltr'>tantum</span> <span class='ocrx_word' id='word_1_438' title='bbox 3709 1404 3817 1459; x_wconf 87' lang='lat' dir='ltr'>ali-</span> 
     </span>
    </p>
   </div>
   <div class='ocr_carea' id='block_1_62' title="bbox 2135 1491 3813 1565">
    <p class='ocr_par' dir='ltr' id='par_1_62' title="bbox 2135 1491 3813 1565">
     <span class='ocr_line' id='line_1_62' title="bbox 2135 1491 3813 1565; baseline 0.002 -19"><span class='ocrx_word' id='word_1_439' title='bbox 2135 1491 2236 1563; x_wconf 89' lang='lat' dir='ltr'>qui</span> <span class='ocrx_word' id='word_1_440' title='bbox 2263 1507 2374 1563; x_wconf 86' lang='lat' dir='ltr'>pro</span> <span class='ocrx_word' id='word_1_441' title='bbox 2396 1492 2734 1548; x_wconf 90' lang='lat' dir='ltr'>commodis</span> <span class='ocrx_word' id='word_1_442' title='bbox 2763 1492 3045 1549; x_wconf 76' lang='lat' dir='ltr'>affectant</span> <span class='ocrx_word' id='word_1_443' title='bbox 3068 1493 3332 1560; x_wconf 86' lang='lat' dir='ltr'>terrenis,</span> <span class='ocrx_word' id='word_1_444' title='bbox 3352 1509 3477 1565; x_wconf 89' lang='lat' dir='ltr'>quo</span> <span class='ocrx_word' id='word_1_445' title='bbox 3503 1493 3583 1549; x_wconf 89' lang='lat' dir='ltr'>ad</span> <span class='ocrx_word' id='word_1_446' title='bbox 3594 1492 3813 1549; x_wconf 85' lang='lat' dir='ltr'>ulatio-</span> 
     </span>
    </p>
   </div>
   <div class='ocr_carea' id='block_1_63' title="bbox 2135 1580 3812 1656">
    <p class='ocr_par' dir='ltr' id='par_1_63' title="bbox 2135 1580 3812 1656">
     <span class='ocr_line' id='line_1_63' title="bbox 2135 1580 3812 1656; baseline 0.001 -20"><span class='ocrx_word' id='word_1_447' title='bbox 2135 1597 2282 1636; x_wconf 90' lang='lat' dir='ltr'>num</span> <span class='ocrx_word' id='word_1_448' title='bbox 2312 1580 2674 1638; x_wconf 88' lang='lat' dir='ltr'>liniamentis</span> <span class='ocrx_word' id='word_1_449' title='bbox 2696 1582 2817 1638; x_wconf 88' lang='lat' dir='ltr'>sive</span> <span class='ocrx_word' id='word_1_450' title='bbox 2843 1583 2972 1639; x_wconf 90' lang='lat' dir='ltr'>aliis</span> <span class='ocrx_word' id='word_1_451' title='bbox 2991 1584 3156 1656; x_wconf 88' lang='lat' dir='ltr'>pravi</span> <span class='ocrx_word' id='word_1_452' title='bbox 3182 1582 3411 1638; x_wconf 90' lang='lat' dir='ltr'>consilii</span> <span class='ocrx_word' id='word_1_453' title='bbox 3440 1583 3812 1638; x_wconf 86' lang='lat' dir='ltr'>incitamen-</span> 
     </span>
    </p>
   </div>
   <div class='ocr_carea' id='block_1_64' title="bbox 2068 1672 3809 1748">
    <p class='ocr_par' dir='ltr' id='par_1_64' title="bbox 2068 1672 3809 1748">
     <span class='ocr_line' id='line_1_64' title="bbox 2068 1672 3809 1748; baseline 0 -19"><span class='ocrx_word' id='word_1_454' title='bbox 2068 1693 2106 1746; x_wconf 78' lang='grc' dir='ltr'><strong>Β</strong></span> <span class='ocrx_word' id='word_1_455' title='bbox 2134 1673 2229 1740; x_wconf 90' lang='lat' dir='ltr'>tis,</span> <span class='ocrx_word' id='word_1_456' title='bbox 2253 1672 2475 1745; x_wconf 85' lang='lat' dir='ltr'>quibus</span> <span class='ocrx_word' id='word_1_457' title='bbox 2496 1673 2609 1746; x_wconf 92' lang='lat' dir='ltr'>ipsi</span> <span class='ocrx_word' id='word_1_458' title='bbox 2630 1673 3009 1743; x_wconf 87' lang='lat' dir='ltr'>habundant,</span> <span class='ocrx_word' id='word_1_459' title='bbox 3033 1681 3303 1748; x_wconf 88' lang='lat' dir='ltr'>pastores</span> <span class='ocrx_word' id='word_1_460' title='bbox 3324 1674 3509 1731; x_wconf 90' lang='lat' dir='ltr'>etiam</span> <span class='ocrx_word' id='word_1_461' title='bbox 3535 1674 3809 1731; x_wconf 71' lang='lat' dir='ltr'>ecclesiae</span> 
     </span>
    </p>
   </div>
   <div class='ocr_carea' id='block_1_65' title="bbox 2138 1763 3813 1837">
    <p class='ocr_par' dir='ltr' id='par_1_65' title="bbox 2138 1763 3813 1837">
     <span class='ocr_line' id='line_1_65' title="bbox 2138 1763 3813 1837; baseline 0.002 -19"><span class='ocrx_word' id='word_1_462' title='bbox 2138 1766 2426 1835; x_wconf 88' lang='lat' dir='ltr'>temptent</span> <span class='ocrx_word' id='word_1_463' title='bbox 2449 1763 2711 1830; x_wconf 88' lang='lat' dir='ltr'>inﬁcere,</span> <span class='ocrx_word' id='word_1_464' title='bbox 2731 1768 2911 1837; x_wconf 90' lang='lat' dir='ltr'>atque</span> <span class='ocrx_word' id='word_1_465' title='bbox 2932 1764 3127 1835; x_wconf 85' lang='lat' dir='ltr'>gregis</span> <span class='ocrx_word' id='word_1_466' title='bbox 3152 1763 3436 1821; x_wconf 90' lang='lat' dir='ltr'>dominici</span> <span class='ocrx_word' id='word_1_467' title='bbox 3466 1765 3699 1821; x_wconf 86' lang='lat' dir='ltr'>arietes</span> <span class='ocrx_word' id='word_1_468' title='bbox 3721 1781 3813 1821; x_wconf 81' lang='lat' dir='ltr'>eo-</span> 
     </span>
    </p>
   </div>
   <div class='ocr_carea' id='block_1_66' title="bbox 2136 1852 3808 1924">
    <p class='ocr_par' dir='ltr' id='par_1_66' title="bbox 2136 1852 3808 1924">
     <span class='ocr_line' id='line_1_66' title="bbox 2136 1852 3808 1924; baseline 0.002 -18"><span class='ocrx_word' id='word_1_469' title='bbox 2136 1856 2354 1907; x_wconf 90' lang='lat' dir='ltr'>nentur</span> <span class='ocrx_word' id='word_1_470' title='bbox 2376 1852 2551 1924; x_wconf 91' lang='lat' dir='ltr'>lupos</span> <span class='ocrx_word' id='word_1_471' title='bbox 2581 1852 2832 1909; x_wconf 81' lang='lat' dir='ltr'>efﬁcere.</span> <span class='ocrx_word' id='word_1_472' title='bbox 2854 1854 3121 1919; x_wconf 89' lang='lat' dir='ltr'>Quorum</span> <span class='ocrx_word' id='word_1_473' title='bbox 3148 1853 3451 1909; x_wconf 89' lang='lat' dir='ltr'>sintichias</span> <span class='ocrx_word' id='word_1_474' title='bbox 3478 1854 3598 1922; x_wconf 81' lang='lat' dir='ltr'>(7t)</span> <span class='ocrx_word' id='word_1_475' title='bbox 3630 1869 3808 1909; x_wconf 82' lang='lat' dir='ltr'>vene-</span> 
     </span>
    </p>
   </div>
   <div class='ocr_carea' id='block_1_67' title="bbox 2136 1940 3810 2014">
    <p class='ocr_par' dir='ltr' id='par_1_67' title="bbox 2136 1940 3810 2014">
     <span class='ocr_line' id='line_1_67' title="bbox 2136 1940 3810 2014; baseline 0.001 -20"><span class='ocrx_word' id='word_1_476' title='bbox 2136 1954 2319 1995; x_wconf 88' lang='lat' dir='ltr'>nosas</span> <span class='ocrx_word' id='word_1_477' title='bbox 2347 1940 2451 2012; x_wconf 86' lang='lat' dir='ltr'>qui</span> <span class='ocrx_word' id='word_1_478' title='bbox 2482 1956 2604 1996; x_wconf 88' lang='lat' dir='ltr'>non</span> <span class='ocrx_word' id='word_1_479' title='bbox 2631 1940 3058 2013; x_wconf 85' lang='lat' dir='ltr'>observaverit,</span> <span class='ocrx_word' id='word_1_480' title='bbox 3085 1940 3294 2014; x_wconf 90' lang='lat' dir='ltr'>procul</span> <span class='ocrx_word' id='word_1_481' title='bbox 3321 1940 3515 1996; x_wconf 92' lang='lat' dir='ltr'>dubio</span> <span class='ocrx_word' id='word_1_482' title='bbox 3536 1941 3688 1996; x_wconf 65' lang='lat' dir='ltr'>vitze</span> <span class='ocrx_word' id='word_1_483' title='bbox 3718 1958 3810 2014; x_wconf 79' lang='lat' dir='ltr'>pe-</span> 
     </span>
    </p>
   </div>
   <div class='ocr_carea' id='block_1_68' title="bbox 2134 2027 3808 2103">
    <p class='ocr_par' dir='ltr' id='par_1_68' title="bbox 2134 2027 3808 2103">
     <span class='ocr_line' id='line_1_68' title="bbox 2134 2027 3808 2103; baseline 0.002 -20"><span class='ocrx_word' id='word_1_484' title='bbox 2134 2027 2390 2084; x_wconf 88' lang='lat' dir='ltr'>riculum</span> <span class='ocrx_word' id='word_1_485' title='bbox 2419 2029 2686 2100; x_wconf 87' lang='lat' dir='ltr'>incurrit,</span> <span class='ocrx_word' id='word_1_486' title='bbox 2717 2028 2883 2103; x_wconf 93' lang='lat' dir='ltr'>quod</span> <span class='ocrx_word' id='word_1_487' title='bbox 2912 2030 2973 2085; x_wconf 91' lang='lat' dir='ltr'>in</span> <span class='ocrx_word' id='word_1_488' title='bbox 3002 2046 3063 2085; x_wconf 93' lang='lat' dir='ltr'>se</span> <span class='ocrx_word' id='word_1_489' title='bbox 3096 2030 3238 2086; x_wconf 89' lang='lat' dir='ltr'>satis</span> <span class='ocrx_word' id='word_1_490' title='bbox 3266 2034 3354 2085; x_wconf 91' lang='lat' dir='ltr'>est</span> <span class='ocrx_word' id='word_1_491' title='bbox 3393 2035 3692 2103; x_wconf 84' lang='lat' dir='ltr'>expertus</span> <span class='ocrx_word' id='word_1_492' title='bbox 3719 2032 3808 2087; x_wconf 75' lang='lat' dir='ltr'>Ili-</span> 
     </span>
    </p>
   </div>
   <div class='ocr_carea' id='block_1_69' title="bbox 2137 2116 3806 2193">
    <p class='ocr_par' dir='ltr' id='par_1_69' title="bbox 2137 2116 3806 2193">
     <span class='ocr_line' id='line_1_69' title="bbox 2137 2116 3806 2193; baseline 0.001 -20"><span class='ocrx_word' id='word_1_493' title='bbox 2137 2116 2370 2187; x_wconf 81' lang='lat' dir='ltr'>chahel,</span> <span class='ocrx_word' id='word_1_494' title='bbox 2423 2118 2659 2188; x_wconf 67' lang='lat' dir='ltr'>Reginse</span> <span class='ocrx_word' id='word_1_495' title='bbox 2705 2119 2952 2175; x_wconf 89' lang='lat' dir='ltr'>civitatis</span> <span class='ocrx_word' id='word_1_496' title='bbox 3009 2120 3328 2193; x_wconf 88' lang='lat' dir='ltr'>episcopus</span> <span class='ocrx_word' id='word_1_497' title='bbox 3385 2120 3508 2190; x_wconf 79' lang='lat' dir='ltr'>(an.</span> <span class='ocrx_word' id='word_1_498' title='bbox 3554 2123 3711 2190; x_wconf 77' lang='lat'>972).</span> <span class='ocrx_word' id='word_1_499' title='bbox 3760 2122 3806 2175; x_wconf 70' lang='grc' dir='ltr'>ιε</span> 
     </span>
    </p>
   </div>
   <div class='ocr_carea' id='block_1_70' title="bbox 2138 2208 3806 2282">
    <p class='ocr_par' dir='ltr' id='par_1_70' title="bbox 2138 2208 3806 2282">
     <span class='ocr_line' id='line_1_70' title="bbox 2138 2208 3806 2282; baseline 0.002 -20"><span class='ocrx_word' id='word_1_500' title='bbox 2138 2208 2304 2280; x_wconf 88' lang='lat' dir='ltr'>atqui</span> <span class='ocrx_word' id='word_1_501' title='bbox 2332 2224 2469 2263; x_wconf 88' lang='lat' dir='ltr'>cum</span> <span class='ocrx_word' id='word_1_502' title='bbox 2498 2224 2608 2280; x_wconf 92' lang='lat' dir='ltr'>pro</span> <span class='ocrx_word' id='word_1_503' title='bbox 2638 2209 2988 2282; x_wconf 89' lang='lat' dir='ltr'>episcopatu</span> <span class='ocrx_word' id='word_1_504' title='bbox 3037 2208 3279 2265; x_wconf 89' lang='lat' dir='ltr'>cuidam</span> <span class='ocrx_word' id='word_1_505' title='bbox 3333 2210 3539 2282; x_wconf 87' lang='lat' dir='ltr'>nepoti</span> <span class='ocrx_word' id='word_1_506' title='bbox 3591 2210 3806 2265; x_wconf 80' lang='lat' dir='ltr'>suoab</span> 
     </span>
    </p>
   </div>
   <div class='ocr_carea' id='block_1_71' title="bbox 2137 2296 3810 2372">
    <p class='ocr_par' dir='ltr' id='par_1_71' title="bbox 2137 2296 3810 2372">
     <span class='ocr_line' id='line_1_71' title="bbox 2137 2296 3810 2372; baseline 0.002 -20"><span class='ocrx_word' id='word_1_507' title='bbox 2137 2296 2494 2370; x_wconf 89' lang='lat' dir='ltr'>imperatore</span> <span class='ocrx_word' id='word_1_508' title='bbox 2511 2298 2875 2370; x_wconf 90' lang='lat' dir='ltr'>postulando</span> <span class='ocrx_word' id='word_1_509' title='bbox 2896 2298 3099 2372; x_wconf 82' lang='lat' dir='ltr'>palatii</span> <span class='ocrx_word' id='word_1_510' title='bbox 3125 2299 3444 2361; x_wconf 88' lang='lat' dir='ltr'>stationem</span> <span class='ocrx_word' id='word_1_511' title='bbox 3470 2305 3691 2372; x_wconf 89' lang='lat' dir='ltr'>petere</span> <span class='ocrx_word' id='word_1_512' title='bbox 3715 2300 3810 2356; x_wconf 90' lang='lat' dir='ltr'>de-</span> 
     </span>
    </p>
   </div>
   <div class='ocr_carea' id='block_1_72' title="bbox 2138 2386 3808 2461">
    <p class='ocr_par' dir='ltr' id='par_1_72' title="bbox 2138 2386 3808 2461">
     <span class='ocr_line' id='line_1_72' title="bbox 2138 2386 3808 2461; baseline 0.002 -19"><span class='ocrx_word' id='word_1_513' title='bbox 2138 2386 2434 2454; x_wconf 87' lang='lat' dir='ltr'>crevisset,</span> <span class='ocrx_word' id='word_1_514' title='bbox 2480 2387 2797 2460; x_wconf 80' lang='lat' dir='ltr'>xeniaque,</span> <span class='ocrx_word' id='word_1_515' title='bbox 2837 2388 3058 2461; x_wconf 89' lang='lat' dir='ltr'>quibus</span> <span class='ocrx_word' id='word_1_516' title='bbox 3103 2389 3218 2444; x_wconf 91' lang='lat' dir='ltr'>hoc</span> <span class='ocrx_word' id='word_1_517' title='bbox 3257 2404 3319 2444; x_wconf 88' lang='lat' dir='ltr'>se</span> <span class='ocrx_word' id='word_1_518' title='bbox 3356 2388 3808 2461; x_wconf 84' lang='lat' dir='ltr'>inpetraturum</span> 
     </span>
    </p>
   </div>
   <div class='ocr_carea' id='block_1_73' title="bbox 2141 2476 3809 2553">
    <p class='ocr_par' dir='ltr' id='par_1_73' title="bbox 2141 2476 3809 2553">
     <span class='ocr_line' id='line_1_73' title="bbox 2141 2476 3809 2553; baseline 0.001 -21"><span class='ocrx_word' id='word_1_519' title='bbox 2141 2476 2441 2550; x_wconf 90' lang='lat' dir='ltr'>sperabat,</span> <span class='ocrx_word' id='word_1_520' title='bbox 2475 2478 2830 2550; x_wconf 87' lang='lat' dir='ltr'>paravisset,</span> <span class='ocrx_word' id='word_1_521' title='bbox 2860 2493 3221 2552; x_wconf 87' lang='lat' dir='ltr'>persuasum</span> <span class='ocrx_word' id='word_1_522' title='bbox 3252 2483 3341 2535; x_wconf 89' lang='lat' dir='ltr'>est</span> <span class='ocrx_word' id='word_1_523' title='bbox 3364 2479 3417 2534; x_wconf 90' lang='lat' dir='ltr'>ei</span> <span class='ocrx_word' id='word_1_524' title='bbox 3447 2479 3533 2534; x_wconf 83' lang='lat' dir='ltr'>ab</span> <span class='ocrx_word' id='word_1_525' title='bbox 3563 2479 3688 2547; x_wconf 87' lang='lat' dir='ltr'>his,</span> <span class='ocrx_word' id='word_1_526' title='bbox 3713 2479 3809 2553; x_wconf 87' lang='lat' dir='ltr'>qui</span> 
     </span>
    </p>
   </div>
   <div class='ocr_carea' id='block_1_74' title="bbox 2137 2565 3808 2641">
    <p class='ocr_par' dir='ltr' id='par_1_74' title="bbox 2137 2565 3808 2641">
     <span class='ocr_line' id='line_1_74' title="bbox 2137 2565 3808 2641; baseline 0.002 -20"><span class='ocrx_word' id='word_1_527' title='bbox 2137 2565 2427 2639; x_wconf 89' lang='lat' dir='ltr'>optabant</span> <span class='ocrx_word' id='word_1_528' title='bbox 2453 2566 2619 2640; x_wconf 87' lang='lat' dir='ltr'>apud</span> <span class='ocrx_word' id='word_1_529' title='bbox 2647 2567 2946 2641; x_wconf 88' lang='lat' dir='ltr'>principes</span> <span class='ocrx_word' id='word_1_530' title='bbox 2974 2568 3410 2624; x_wconf 86' lang='lat' dir='ltr'>ecclesiasticas</span> <span class='ocrx_word' id='word_1_531' title='bbox 3444 2569 3705 2625; x_wconf 75' lang='lat' dir='ltr'>venales</span> <span class='ocrx_word' id='word_1_532' title='bbox 3729 2570 3808 2625; x_wconf 79' lang='lat' dir='ltr'>fo-</span> 
     </span>
    </p>
   </div>
   <div class='ocr_carea' id='block_1_75' title="bbox 2137 2655 3809 2731">
    <p class='ocr_par' dir='ltr' id='par_1_75' title="bbox 2137 2655 3809 2731">
     <span class='ocr_line' id='line_1_75' title="bbox 2137 2655 3809 2731; baseline 0.002 -21"><span class='ocrx_word' id='word_1_533' title='bbox 2137 2671 2198 2711; x_wconf 90' lang='lat' dir='ltr'>re</span> <span class='ocrx_word' id='word_1_534' title='bbox 2211 2655 2552 2726; x_wconf 87' lang='lat' dir='ltr'>dignitates,</span> <span class='ocrx_word' id='word_1_535' title='bbox 2572 2657 2854 2730; x_wconf 74' lang='lat' dir='ltr'>quatinus</span> <span class='ocrx_word' id='word_1_536' title='bbox 2874 2657 3239 2731; x_wconf 86' lang='lat' dir='ltr'>petitionem,</span> <span class='ocrx_word' id='word_1_537' title='bbox 3264 2673 3455 2730; x_wconf 89' lang='lat' dir='ltr'>quam</span> <span class='ocrx_word' id='word_1_538' title='bbox 3474 2657 3684 2714; x_wconf 85' lang='lat' dir='ltr'>facere</span> <span class='ocrx_word' id='word_1_539' title='bbox 3702 2659 3809 2714; x_wconf 62' lang='lat' dir='ltr'>vel</span> 
     </span>
    </p>
   </div>
   <div class='ocr_carea' id='block_1_76' title="bbox 2136 2745 3808 2816">
    <p class='ocr_par' dir='ltr' id='par_1_76' title="bbox 2136 2745 3808 2816">
     <span class='ocr_line' id='line_1_76' title="bbox 2136 2745 3808 2816; baseline 0.001 -15"><span class='ocrx_word' id='word_1_540' title='bbox 2136 2745 2234 2816; x_wconf 90' lang='lat' dir='ltr'>let,</span> <span class='ocrx_word' id='word_1_541' title='bbox 2263 2746 2559 2802; x_wconf 89' lang='lat' dir='ltr'>thesauris</span> <span class='ocrx_word' id='word_1_542' title='bbox 2591 2750 2709 2803; x_wconf 89' lang='lat' dir='ltr'>Deo</span> <span class='ocrx_word' id='word_1_543' title='bbox 2737 2747 2934 2803; x_wconf 90' lang='lat' dir='ltr'>dilecti</span> <span class='ocrx_word' id='word_1_544' title='bbox 2965 2747 3220 2804; x_wconf 89' lang='lat' dir='ltr'>martiris</span> <span class='ocrx_word' id='word_1_545' title='bbox 3242 2749 3690 2805; x_wconf 84' lang='lat' dir='ltr'>Emmerammi</span> <span class='ocrx_word' id='word_1_546' title='bbox 3721 2765 3808 2802; x_wconf 78' lang='lat' dir='ltr'>su-</span> 
     </span>
    </p>
   </div>
   <div class='ocr_carea' id='block_1_77' title="bbox 2135 2835 3807 2904">
    <p class='ocr_par' dir='ltr' id='par_1_77' title="bbox 2135 2835 3807 2904">
     <span class='ocr_line' id='line_1_77' title="bbox 2135 2835 3807 2904; baseline 0.002 -13"><span class='ocrx_word' id='word_1_547' title='bbox 2135 2835 2436 2892; x_wconf 88' lang='lat' dir='ltr'>bornaret.</span> <span class='ocrx_word' id='word_1_548' title='bbox 2473 2838 2633 2902; x_wconf 87' lang='lat' dir='ltr'>Quos</span> <span class='ocrx_word' id='word_1_549' title='bbox 2662 2836 2777 2904; x_wconf 91' lang='lat' dir='ltr'>ille,</span> <span class='ocrx_word' id='word_1_550' title='bbox 2812 2835 3161 2893; x_wconf 88' lang='lat' dir='ltr'>consiliariis</span> <span class='ocrx_word' id='word_1_551' title='bbox 3190 2837 3586 2893; x_wconf 88' lang='lat' dir='ltr'>consentiens</span> <span class='ocrx_word' id='word_1_552' title='bbox 3616 2838 3736 2894; x_wconf 87' lang='lat' dir='ltr'>reis</span> <span class='ocrx_word' id='word_1_553' title='bbox 3758 2843 3807 2893; x_wconf 85' lang='lat' dir='ltr'>et</span> 
     </span>
    </p>
   </div>
   <div class='ocr_carea' id='block_1_78' title="bbox 2135 2924 3808 3000">
    <p class='ocr_par' dir='ltr' id='par_1_78' title="bbox 2135 2924 3808 3000">
     <span class='ocr_line' id='line_1_78' title="bbox 2135 2924 3808 3000; baseline 0.001 -19"><span class='ocrx_word' id='word_1_554' title='bbox 2135 2924 2427 2999; x_wconf 87' lang='lat' dir='ltr'>perversis</span> <span class='ocrx_word' id='word_1_555' title='bbox 2446 2942 2634 2999; x_wconf 86' lang='lat' dir='ltr'>prope</span> <span class='ocrx_word' id='word_1_556' title='bbox 2651 2926 2811 2982; x_wconf 91' lang='lat' dir='ltr'>diem</span> <span class='ocrx_word' id='word_1_557' title='bbox 2834 2926 3168 2983; x_wconf 88' lang='lat' dir='ltr'>natalitium</span> <span class='ocrx_word' id='word_1_558' title='bbox 3188 2926 3463 2998; x_wconf 86' lang='lat' dir='ltr'>ejusdem</span> <span class='ocrx_word' id='word_1_559' title='bbox 3487 2928 3713 3000; x_wconf 63' lang='lat' dir='ltr'>(Sept)</span> <span class='ocrx_word' id='word_1_560' title='bbox 3738 2933 3808 2983; x_wconf 86' lang='lat' dir='ltr'>te-</span> 
     </span>
    </p>
   </div>
   <div class='ocr_carea' id='block_1_79' title="bbox 2137 3013 3805 3091">
    <p class='ocr_par' dir='ltr' id='par_1_79' title="bbox 2137 3013 3805 3091">
     <span class='ocr_line' id='line_1_79' title="bbox 2137 3013 3805 3091; baseline 0.003 -22"><span class='ocrx_word' id='word_1_561' title='bbox 2137 3014 2240 3070; x_wconf 91' lang='lat' dir='ltr'>stis</span> <span class='ocrx_word' id='word_1_562' title='bbox 2265 3013 2514 3071; x_wconf 87' lang='lat' dir='ltr'>domino</span> <span class='ocrx_word' id='word_1_563' title='bbox 2539 3033 2651 3071; x_wconf 90' lang='lat' dir='ltr'>suo</span> <span class='ocrx_word' id='word_1_564' title='bbox 2674 3015 2979 3085; x_wconf 83' lang='lat' dir='ltr'>subduxit,</span> <span class='ocrx_word' id='word_1_565' title='bbox 3005 3031 3117 3072; x_wconf 90' lang='lat' dir='ltr'>nec</span> <span class='ocrx_word' id='word_1_566' title='bbox 3140 3031 3263 3073; x_wconf 90' lang='lat' dir='ltr'>non</span> <span class='ocrx_word' id='word_1_567' title='bbox 3290 3016 3370 3071; x_wconf 91' lang='lat' dir='ltr'>ad</span> <span class='ocrx_word' id='word_1_568' title='bbox 3394 3016 3805 3091; x_wconf 84' lang='lat' dir='ltr'>episcopalem</span> 
     </span>
    </p>
   </div>
   <div class='ocr_carea' id='block_1_80' title="bbox 2134 3102 3808 3175">
    <p class='ocr_par' dir='ltr' id='par_1_80' title="bbox 2134 3102 3808 3175">
     <span class='ocr_line' id='line_1_80' title="bbox 2134 3102 3808 3175; baseline 0.002 -16"><span class='ocrx_word' id='word_1_569' title='bbox 2134 3102 2338 3160; x_wconf 89' lang='lat' dir='ltr'>villam</span> <span class='ocrx_word' id='word_1_570' title='bbox 2351 3104 2906 3161; x_wconf 87' lang='lat' dir='ltr'>Berabartashusun</span> <span class='ocrx_word' id='word_1_571' title='bbox 2926 3108 3035 3175; x_wconf 72' lang='lat'>{72)</span> <span class='ocrx_word' id='word_1_572' title='bbox 3057 3104 3279 3161; x_wconf 90' lang='lat' dir='ltr'>dictam</span> <span class='ocrx_word' id='word_1_573' title='bbox 3297 3121 3511 3163; x_wconf 90' lang='lat' dir='ltr'>secum</span> <span class='ocrx_word' id='word_1_574' title='bbox 3535 3106 3808 3163; x_wconf 85' lang='lat' dir='ltr'>transdu-</span> 
     </span>
    </p>
   </div>
   <div class='ocr_carea' id='block_1_81' title="bbox 2135 3194 3800 3268">
    <p class='ocr_par' dir='ltr' id='par_1_81' title="bbox 2135 3194 3800 3268">
     <span class='ocr_line' id='line_1_81' title="bbox 2135 3194 3800 3268; baseline 0.002 -18"><span class='ocrx_word' id='word_1_575' title='bbox 2135 3194 2369 3267; x_wconf 81' lang='lat' dir='ltr'>xit,quo</span> <span class='ocrx_word' id='word_1_576' title='bbox 2386 3211 2534 3251; x_wconf 92' lang='lat' dir='ltr'>suus</span> <span class='ocrx_word' id='word_1_577' title='bbox 2554 3195 2766 3252; x_wconf 91' lang='lat' dir='ltr'>eadem</span> <span class='ocrx_word' id='word_1_578' title='bbox 2787 3195 2882 3252; x_wconf 91' lang='lat' dir='ltr'>die</span> <span class='ocrx_word' id='word_1_579' title='bbox 2894 3195 3212 3252; x_wconf 89' lang='lat' dir='ltr'>comitatus</span> <span class='ocrx_word' id='word_1_580' title='bbox 3234 3196 3477 3268; x_wconf 81' lang='lat' dir='ltr'>pestifer</span> <span class='ocrx_word' id='word_1_581' title='bbox 3491 3197 3800 3253; x_wconf 73' lang='lat' dir='ltr'>conﬂuxit</span> 
     </span>
    </p>
   </div>
   <div class='ocr_carea' id='block_1_82' title="bbox 2136 3282 3801 3359">
    <p class='ocr_par' dir='ltr' id='par_1_82' title="bbox 2136 3282 3801 3359">
     <span class='ocr_line' id='line_1_82' title="bbox 2136 3282 3801 3359; baseline 0.002 -21"><span class='ocrx_word' id='word_1_582' title='bbox 2136 3282 2223 3339; x_wconf 92' lang='lat' dir='ltr'>lbi</span> <span class='ocrx_word' id='word_1_583' title='bbox 2250 3299 2495 3357; x_wconf 91' lang='lat' dir='ltr'>quoque</span> <span class='ocrx_word' id='word_1_584' title='bbox 2521 3283 2838 3342; x_wconf 85' lang='lat' dir='ltr'>subitanea</span> <span class='ocrx_word' id='word_1_585' title='bbox 2852 3284 3118 3358; x_wconf 90' lang='lat' dir='ltr'>corporis</span> <span class='ocrx_word' id='word_1_586' title='bbox 3150 3301 3474 3359; x_wconf 88' lang='lat' dir='ltr'>percussus</span> <span class='ocrx_word' id='word_1_587' title='bbox 3505 3286 3801 3351; x_wconf 79' lang='lat' dir='ltr'>molestia,</span> 
     </span>
    </p>
   </div>
   <div class='ocr_carea' id='block_1_83' title="bbox 2135 3376 3797 3449">
    <p class='ocr_par' dir='ltr' id='par_1_83' title="bbox 2135 3376 3797 3449">
     <span class='ocr_line' id='line_1_83' title="bbox 2135 3376 3797 3449; baseline 0.001 -20"><span class='ocrx_word' id='word_1_588' title='bbox 2135 3389 2244 3446; x_wconf 90' lang='lat' dir='ltr'>per</span> <span class='ocrx_word' id='word_1_589' title='bbox 2286 3377 2615 3431; x_wconf 82' lang='lat' dir='ltr'>extremam</span> <span class='ocrx_word' id='word_1_590' title='bbox 2668 3379 2888 3431; x_wconf 88' lang='lat' dir='ltr'>sortem</span> <span class='ocrx_word' id='word_1_591' title='bbox 2936 3376 3135 3446; x_wconf 88' lang='lat' dir='ltr'>urgeri</span> <span class='ocrx_word' id='word_1_592' title='bbox 3185 3376 3363 3449; x_wconf 66' lang='lat' dir='ltr'>coepit</span> <span class='ocrx_word' id='word_1_593' title='bbox 3399 3376 3459 3431; x_wconf 89' lang='lat' dir='ltr'>in</span> <span class='ocrx_word' id='word_1_594' title='bbox 3516 3382 3797 3433; x_wconf 87' lang='lat' dir='ltr'>mortem.</span> 
     </span>
    </p>
   </div>
   <div class='ocr_carea' id='block_1_84' title="bbox 2137 3462 3793 3524">
    <p class='ocr_par' dir='ltr' id='par_1_84' title="bbox 2137 3462 3793 3524">
     <span class='ocr_line' id='line_1_84' title="bbox 2137 3462 3793 3524; baseline 0.001 -7"><span class='ocrx_word' id='word_1_595' title='bbox 2137 3462 2330 3524; x_wconf 89' lang='lat' dir='ltr'>Quam</span> <span class='ocrx_word' id='word_1_596' title='bbox 2360 3478 2499 3519; x_wconf 92' lang='lat' dir='ltr'>cum</span> <span class='ocrx_word' id='word_1_597' title='bbox 2530 3462 2642 3519; x_wconf 89' lang='lat' dir='ltr'>sibi</span> <span class='ocrx_word' id='word_1_598' title='bbox 2671 3462 2975 3520; x_wconf 88' lang='lat' dir='ltr'>turbidam</span> <span class='ocrx_word' id='word_1_599' title='bbox 3004 3468 3061 3520; x_wconf 92' lang='lat' dir='ltr'>et</span> <span class='ocrx_word' id='word_1_600' title='bbox 3087 3480 3352 3521; x_wconf 87' lang='lat' dir='ltr'>amaram</span> <span class='ocrx_word' id='word_1_601' title='bbox 3382 3463 3672 3518; x_wconf 86' lang='lat' dir='ltr'>sensisset</span> <span class='ocrx_word' id='word_1_602' title='bbox 3698 3465 3793 3519; x_wconf 85' lang='lat' dir='ltr'>in-</span> 
     </span>
    </p>
   </div>
   <div class='ocr_carea' id='block_1_85' title="bbox 2136 3549 3783 3626">
    <p class='ocr_par' dir='ltr' id='par_1_85' title="bbox 2136 3549 3783 3626">
     <span class='ocr_line' id='line_1_85' title="bbox 2136 3549 3783 3626; baseline -0.002 -20"><span class='ocrx_word' id='word_1_603' title='bbox 2136 3550 2387 3622; x_wconf 91' lang='lat' dir='ltr'>minere,</span> <span class='ocrx_word' id='word_1_604' title='bbox 2406 3556 2585 3626; x_wconf 90' lang='lat' dir='ltr'>atque</span> <span class='ocrx_word' id='word_1_605' title='bbox 2595 3553 2724 3625; x_wconf 92' lang='lat' dir='ltr'>jam</span> <span class='ocrx_word' id='word_1_606' title='bbox 2739 3552 3084 3625; x_wconf 83' lang='lat' dir='ltr'>desperaret</span> <span class='ocrx_word' id='word_1_607' title='bbox 3100 3552 3249 3609; x_wconf 87' lang='lat' dir='ltr'>infra</span> <span class='ocrx_word' id='word_1_608' title='bbox 3258 3551 3488 3607; x_wconf 85' lang='lat' dir='ltr'>limitem</span> <span class='ocrx_word' id='word_1_609' title='bbox 3501 3549 3688 3620; x_wconf 84' lang='lat' dir='ltr'>hujus</span> <span class='ocrx_word' id='word_1_610' title='bbox 3701 3549 3783 3603; x_wconf 84' lang='lat' dir='ltr'>vi-</span> 
     </span>
    </p>
   </div>
   <div class='ocr_carea' id='block_1_86' title="bbox 2138 3639 3787 3715">
    <p class='ocr_par' dir='ltr' id='par_1_86' title="bbox 2138 3639 3787 3715">
     <span class='ocr_line' id='line_1_86' title="bbox 2138 3639 3787 3715; baseline -0.001 -20"><span class='ocrx_word' id='word_1_611' title='bbox 2138 3644 2209 3695; x_wconf 82' lang='lat' dir='ltr'>tae</span> <span class='ocrx_word' id='word_1_612' title='bbox 2234 3639 2458 3696; x_wconf 89' lang='lat' dir='ltr'>diutius</span> <span class='ocrx_word' id='word_1_613' title='bbox 2490 3641 2814 3698; x_wconf 87' lang='lat' dir='ltr'>consistere</span> <span class='ocrx_word' id='word_1_614' title='bbox 2843 3658 3041 3715; x_wconf 88' lang='lat' dir='ltr'>posse,</span> <span class='ocrx_word' id='word_1_615' title='bbox 3072 3641 3413 3699; x_wconf 85' lang='lat' dir='ltr'>vicedomno</span> <span class='ocrx_word' id='word_1_616' title='bbox 3444 3640 3787 3710; x_wconf 85' lang='lat' dir='ltr'>assumpto,</span> 
     </span>
    </p>
   </div>
   <div class='ocr_carea' id='block_1_87' title="bbox 2136 3728 3799 3797">
    <p class='ocr_par' dir='ltr' id='par_1_87' title="bbox 2136 3728 3799 3797">
     <span class='ocr_line' id='line_1_87' title="bbox 2136 3728 3799 3797; baseline -0.001 -12"><span class='ocrx_word' id='word_1_617' title='bbox 2136 3744 2247 3785; x_wconf 89' lang='lat' dir='ltr'>nec</span> <span class='ocrx_word' id='word_1_618' title='bbox 2276 3744 2401 3786; x_wconf 91' lang='lat' dir='ltr'>non</span> <span class='ocrx_word' id='word_1_619' title='bbox 2431 3730 2717 3786; x_wconf 90' lang='lat' dir='ltr'>militibus</span> <span class='ocrx_word' id='word_1_620' title='bbox 2744 3731 2945 3787; x_wconf 88' lang='lat' dir='ltr'>accitis</span> <span class='ocrx_word' id='word_1_621' title='bbox 2975 3731 3036 3786; x_wconf 89' lang='lat' dir='ltr'>in</span> <span class='ocrx_word' id='word_1_622' title='bbox 3067 3730 3493 3797; x_wconf 86' lang='lat' dir='ltr'>testimonium,</span> <span class='ocrx_word' id='word_1_623' title='bbox 3515 3745 3662 3785; x_wconf 87' lang='lat' dir='ltr'>eum</span> <span class='ocrx_word' id='word_1_624' title='bbox 3694 3728 3799 3785; x_wconf 84' lang='lat' dir='ltr'>ali-</span> 
     </span>
    </p>
   </div>
   <div class='ocr_carea' id='block_1_88' title="bbox 2137 3817 3798 3894">
    <p class='ocr_par' dir='ltr' id='par_1_88' title="bbox 2137 3817 3798 3894">
     <span class='ocr_line' id='line_1_88' title="bbox 2137 3817 3798 3894; baseline 0 -21"><span class='ocrx_word' id='word_1_625' title='bbox 2137 3817 2359 3891; x_wconf 89' lang='lat' dir='ltr'>quibus</span> <span class='ocrx_word' id='word_1_626' title='bbox 2386 3819 2694 3887; x_wconf 88' lang='lat' dir='ltr'>ministris,</span> <span class='ocrx_word' id='word_1_627' title='bbox 2726 3819 2862 3892; x_wconf 89' lang='lat' dir='ltr'>quis</span> <span class='ocrx_word' id='word_1_628' title='bbox 2894 3820 3050 3877; x_wconf 86' lang='lat' dir='ltr'>circa</span> <span class='ocrx_word' id='word_1_629' title='bbox 3080 3836 3221 3877; x_wconf 89' lang='lat' dir='ltr'>eum</span> <span class='ocrx_word' id='word_1_630' title='bbox 3252 3821 3387 3894; x_wconf 90' lang='lat' dir='ltr'>plus</span> <span class='ocrx_word' id='word_1_631' title='bbox 3420 3824 3549 3875; x_wconf 88' lang='lat' dir='ltr'>erat</span> <span class='ocrx_word' id='word_1_632' title='bbox 3579 3818 3798 3874; x_wconf 86' lang='lat' dir='ltr'>amoris</span> 
     </span>
    </p>
   </div>
   <div class='ocr_carea' id='block_1_89' title="bbox 2135 3908 3799 3984">
    <p class='ocr_par' dir='ltr' id='par_1_89' title="bbox 2135 3908 3799 3984">
     <span class='ocr_line' id='line_1_89' title="bbox 2135 3908 3799 3984; baseline -0.001 -19"><span class='ocrx_word' id='word_1_633' title='bbox 2135 3924 2322 3981; x_wconf 90' lang='lat' dir='ltr'>quam</span> <span class='ocrx_word' id='word_1_634' title='bbox 2351 3909 2604 3978; x_wconf 90' lang='lat' dir='ltr'>timoris,</span> <span class='ocrx_word' id='word_1_635' title='bbox 2635 3927 3016 3984; x_wconf 90' lang='lat' dir='ltr'>quorumque</span> <span class='ocrx_word' id='word_1_636' title='bbox 3048 3910 3371 3967; x_wconf 87' lang='lat' dir='ltr'>familiariti</span> <span class='ocrx_word' id='word_1_637' title='bbox 3412 3909 3627 3966; x_wconf 86' lang='lat' dir='ltr'>sedulo</span> <span class='ocrx_word' id='word_1_638' title='bbox 3655 3908 3799 3965; x_wconf 84' lang='lat' dir='ltr'>sole-</span> 
     </span>
    </p>
   </div>
   <div class='ocr_carea' id='block_1_90' title="bbox 2136 3997 3798 4072">
    <p class='ocr_par' dir='ltr' id='par_1_90' title="bbox 2136 3997 3798 4072">
     <span class='ocr_line' id='line_1_90' title="bbox 2136 3997 3798 4072; baseline 0.001 -19"><span class='ocrx_word' id='word_1_639' title='bbox 2136 3997 2241 4055; x_wconf 86' lang='lat' dir='ltr'>bat</span> <span class='ocrx_word' id='word_1_640' title='bbox 2264 3998 2459 4071; x_wconf 84' lang='lat' dir='ltr'>inniti,</span> <span class='ocrx_word' id='word_1_641' title='bbox 2491 3999 2709 4057; x_wconf 74' lang='lat' dir='ltr'>aﬂ‘atus</span> <span class='ocrx_word' id='word_1_642' title='bbox 2743 4004 2832 4056; x_wconf 93' lang='lat' dir='ltr'>est</span> <span class='ocrx_word' id='word_1_643' title='bbox 2867 4000 3050 4056; x_wconf 87' lang='lat' dir='ltr'>verba</span> <span class='ocrx_word' id='word_1_644' title='bbox 3091 4000 3489 4072; x_wconf 85' lang='lat' dir='ltr'>hujusmodi:</span> <span class='ocrx_word' id='word_1_645' title='bbox 3541 4001 3798 4069; x_wconf 83' lang='lat' dir='ltr'>Contigit</span> 
     </span>
    </p>
   </div>
   <div class='ocr_carea' id='block_1_91' title="bbox 2134 4090 3798 4160">
    <p class='ocr_par' dir='ltr' id='par_1_91' title="bbox 2134 4090 3798 4160">
     <span class='ocr_line' id='line_1_91' title="bbox 2134 4090 3798 4160; baseline -0.001 -15"><span class='ocrx_word' id='word_1_646' title='bbox 2134 4103 2229 4145; x_wconf 92' lang='lat' dir='ltr'>me</span> <span class='ocrx_word' id='word_1_647' title='bbox 2258 4090 2588 4160; x_wconf 83' lang='lat' dir='ltr'>aliquando</span> <span class='ocrx_word' id='word_1_648' title='bbox 2628 4105 2792 4146; x_wconf 88' lang='lat' dir='ltr'>secus</span> <span class='ocrx_word' id='word_1_649' title='bbox 2820 4091 3025 4145; x_wconf 83' lang='lat' dir='ltr'>Licum</span> <span class='ocrx_word' id='word_1_650' title='bbox 3052 4093 3277 4160; x_wconf 82' lang='lat' dir='ltr'>ﬂumen</span> <span class='ocrx_word' id='word_1_651' title='bbox 3306 4090 3422 4146; x_wconf 84' lang='lat' dir='ltr'>sub</span> <span class='ocrx_word' id='word_1_652' title='bbox 3455 4090 3675 4146; x_wconf 84' lang='lat' dir='ltr'>Ottone</span> <span class='ocrx_word' id='word_1_653' title='bbox 3700 4090 3798 4143; x_wconf 83' lang='lat' dir='ltr'>Sa-</span> 
     </span>
    </p>
   </div>
   <div class='ocr_carea' id='block_1_92' title="bbox 2134 4179 3821 4251">
    <p class='ocr_par' dir='ltr' id='par_1_92' title="bbox 2134 4179 3821 4251">
     <span class='ocr_line' id='line_1_92' title="bbox 2134 4179 3821 4251; baseline 0.001 -17"><span class='ocrx_word' id='word_1_654' title='bbox 2134 4179 2436 4250; x_wconf 73' lang='lat' dir='ltr'>xonigena</span> <span class='ocrx_word' id='word_1_655' title='bbox 2460 4180 2820 4249; x_wconf 83' lang='lat' dir='ltr'>imperatore</span> <span class='ocrx_word' id='word_1_656' title='bbox 2846 4181 3041 4250; x_wconf 86' lang='lat' dir='ltr'>primo</span> <span class='ocrx_word' id='word_1_657' title='bbox 3071 4182 3250 4251; x_wconf 80' lang='lat' dir='ltr'>gravi</span> <span class='ocrx_word' id='word_1_658' title='bbox 3292 4181 3646 4250; x_wconf 73' lang='lat' dir='ltr'>interfuisse</span> <span class='ocrx_word' id='word_1_659' title='bbox 3668 4192 3821 4249; x_wconf 42' lang='lat' dir='ltr'>prex</span> 
     </span>
    </p>
   </div>
   <div class='ocr_carea' id='block_1_93' title="bbox 2137 4269 3805 4341">
    <p class='ocr_par' dir='ltr' id='par_1_93' title="bbox 2137 4269 3805 4341">
     <span class='ocr_line' id='line_1_93' title="bbox 2137 4269 3805 4341; baseline 0 -17"><span class='ocrx_word' id='word_1_660' title='bbox 2137 4269 2215 4324; x_wconf 85' lang='lat' dir='ltr'>lio</span> <span class='ocrx_word' id='word_1_661' title='bbox 2245 4269 2380 4341; x_wconf 88' lang='lat'>(73).</span> <span class='ocrx_word' id='word_1_662' title='bbox 2419 4269 2532 4325; x_wconf 89' lang='lat' dir='ltr'>Ubi</span> <span class='ocrx_word' id='word_1_663' title='bbox 2550 4284 2683 4325; x_wconf 90' lang='lat' dir='ltr'>cum</span> <span class='ocrx_word' id='word_1_664' title='bbox 2707 4270 2867 4325; x_wconf 87' lang='lat' dir='ltr'>inter</span> <span class='ocrx_word' id='word_1_665' title='bbox 2882 4277 3116 4325; x_wconf 83' lang='lat' dir='ltr'>nostros</span> <span class='ocrx_word' id='word_1_666' title='bbox 3146 4275 3328 4341; x_wconf 82' lang='lat' dir='ltr'>atque</span> <span class='ocrx_word' id='word_1_667' title='bbox 3352 4284 3635 4339; x_wconf 80' lang='lat' dir='ltr'>paganos</span> <span class='ocrx_word' id='word_1_668' title='bbox 3652 4283 3805 4325; x_wconf 84' lang='lat' dir='ltr'>acer-</span> 
     </span>
    </p>
   </div>
   <div class='ocr_carea' id='block_1_94' title="bbox 2141 4358 3805 4431">
    <p class='ocr_par' dir='ltr' id='par_1_94' title="bbox 2141 4358 3805 4431">
     <span class='ocr_line' id='line_1_94' title="bbox 2141 4358 3805 4431; baseline -0.001 -19"><span class='ocrx_word' id='word_1_669' title='bbox 2141 4358 2290 4413; x_wconf 86' lang='lat' dir='ltr'>rime</span> <span class='ocrx_word' id='word_1_670' title='bbox 2314 4359 2526 4427; x_wconf 86' lang='lat' dir='ltr'>fuisset</span> <span class='ocrx_word' id='word_1_671' title='bbox 2544 4365 2908 4431; x_wconf 87' lang='lat' dir='ltr'>pugnatum,</span> <span class='ocrx_word' id='word_1_672' title='bbox 2934 4365 2992 4415; x_wconf 88' lang='lat' dir='ltr'>et</span> <span class='ocrx_word' id='word_1_673' title='bbox 3013 4359 3252 4415; x_wconf 83' lang='lat' dir='ltr'>Christo</span> <span class='ocrx_word' id='word_1_674' title='bbox 3279 4359 3553 4429; x_wconf 85' lang='lat' dir='ltr'>propitio</span> <span class='ocrx_word' id='word_1_675' title='bbox 3583 4373 3621 4414; x_wconf 92' lang='lat' dir='ltr'>a</span> <span class='ocrx_word' id='word_1_676' title='bbox 3652 4358 3805 4413; x_wconf 69' lang='lat' dir='ltr'>clari-</span> 
     </span>
    </p>
   </div>
   <div class='ocr_carea' id='block_1_95' title="bbox 367 4403 2024 4519">
    <p class='ocr_par' dir='ltr' id='par_1_95' title="bbox 367 4403 2023 4509">
     <span class='ocr_line' id='line_1_95' title="bbox 367 4403 2023 4509; baseline 0.011 -35"><span class='ocrx_word' id='word_1_677' title='bbox 367 4418 640 4489; x_wconf 90' lang='lat' dir='ltr'>culcant;</span> <span class='ocrx_word' id='word_1_678' title='bbox 672 4423 1060 4494; x_wconf 69' lang='lat' dir='ltr'>pervicaciter</span> <span class='ocrx_word' id='word_1_679' title='bbox 1090 4443 1151 4484; x_wconf 88' lang='lat' dir='ltr'>se</span> <span class='ocrx_word' id='word_1_680' title='bbox 1184 4430 1531 4502; x_wconf 87' lang='lat' dir='ltr'>pollicentes</span> <span class='ocrx_word' id='word_1_681' title='bbox 1562 4435 1645 4491; x_wconf 92' lang='lat' dir='ltr'>eis</span> <span class='ocrx_word' id='word_1_682' title='bbox 1675 4403 1835 4509; x_wconf 73' lang='lat' dir='ltr'>apud</span> <span class='ocrx_word' id='word_1_683' title='bbox 1862 4437 2023 4509; x_wconf 84' lang='lat' dir='ltr'>judi-</span> 
     </span>
    </p>
   </div>
   <div class='ocr_carea' id='block_1_96' title="bbox 2137 4403 3808 4519">
    <p class='ocr_par' dir='ltr' id='par_1_96' title="bbox 2139 4403 3808 4519">
     <span class='ocr_line' id='line_1_96' title="bbox 2141 4403 3777 4431; baseline 0.001 -19"><span class='ocrx_word' id='word_1_684' title='bbox 2141 4403 2152 4412; x_wconf 91' lang='lat'>.</span> <span class='ocrx_word' id='word_1_685' title='bbox 2179 4403 2285 4413; x_wconf 69' lang='grc' dir='ltr'>-.ην</span> <span class='ocrx_word' id='word_1_686' title='bbox 2314 4403 2329 4427; x_wconf 89' lang='grc'><strong><em>,</em></strong></span> <span class='ocrx_word' id='word_1_687' title='bbox 2350 4403 2523 4414; x_wconf 47' lang='lat' dir='ltr'>“me.</span> <span class='ocrx_word' id='word_1_688' title='bbox 2544 4403 2908 4431; x_wconf 45' lang='lat' dir='ltr'>regnum&quot;,</span> <span class='ocrx_word' id='word_1_689' title='bbox 2935 4403 2986 4415; x_wconf 68' lang='grc' dir='ltr'>ν.</span> <span class='ocrx_word' id='word_1_690' title='bbox 3015 4403 3119 4415; x_wconf 67' lang='grc' dir='ltr'>υ...</span> <span class='ocrx_word' id='word_1_691' title='bbox 3142 4403 3250 4415; x_wconf 64' lang='grc' dir='ltr'>,νυν</span> <span class='ocrx_word' id='word_1_692' title='bbox 3279 4403 3339 4429; x_wconf 62' lang='grc' dir='ltr'>μ,</span> <span class='ocrx_word' id='word_1_693' title='bbox 3362 4403 3548 4429; x_wconf 53' lang='grc' dir='ltr'>ι,,....ν</span> <span class='ocrx_word' id='word_1_694' title='bbox 3583 4403 3621 4414; x_wconf 58' lang='grc' dir='ltr'>ι.</span> <span class='ocrx_word' id='word_1_695' title='bbox 3652 4403 3739 4413; x_wconf 61' lang='grc' dir='ltr'>ν.-.</span> <span class='ocrx_word' id='word_1_696' title='bbox 3763 4403 3777 4411; x_wconf 85' lang='grc'><em>.</em></span> 
     </span>
     <span class='ocr_line' id='line_1_97' title="bbox 2139 4446 3808 4519; baseline -0.001 -18"><span class='ocrx_word' id='word_1_697' title='bbox 2139 4447 2352 4502; x_wconf 88' lang='lat' dir='ltr'>stiam&#39;s</span> <span class='ocrx_word' id='word_1_698' title='bbox 2382 4453 2525 4504; x_wconf 83' lang='lat' dir='ltr'>esset</span> <span class='ocrx_word' id='word_1_699' title='bbox 2559 4448 3017 4519; x_wconf 81' lang='lat' dir='ltr'>triumphatum,</span> <span class='ocrx_word' id='word_1_700' title='bbox 3053 4449 3246 4519; x_wconf 88' lang='lat' dir='ltr'>Ungri</span> <span class='ocrx_word' id='word_1_701' title='bbox 3274 4463 3464 4503; x_wconf 86' lang='lat' dir='ltr'>meam</span> <span class='ocrx_word' id='word_1_702' title='bbox 3495 4446 3808 4502; x_wconf 77' lang='lat' dir='ltr'>absciden-</span> 
     </span>
    </p>
   </div>
   <div class='ocr_carea' id='block_1_97' title="bbox 365 4509 2027 4592">
    <p class='ocr_par' dir='ltr' id='par_1_97' title="bbox 365 4509 2027 4592">
     <span class='ocr_line' id='line_1_98' title="bbox 365 4509 2027 4592; baseline 0.013 -27"><span class='ocrx_word' id='word_1_703' title='bbox 365 4525 464 4566; x_wconf 88' lang='lat' dir='ltr'>ces</span> <span class='ocrx_word' id='word_1_704' title='bbox 482 4509 715 4568; x_wconf 89' lang='lat' dir='ltr'>futuros</span> <span class='ocrx_word' id='word_1_705' title='bbox 743 4512 1069 4586; x_wconf 89' lang='lat' dir='ltr'>adjutores,</span> <span class='ocrx_word' id='word_1_706' title='bbox 1102 4534 1211 4576; x_wconf 90' lang='lat' dir='ltr'>nec</span> <span class='ocrx_word' id='word_1_707' title='bbox 1240 4537 1363 4578; x_wconf 91' lang='lat' dir='ltr'>non</span> <span class='ocrx_word' id='word_1_708' title='bbox 1394 4524 1596 4592; x_wconf 90' lang='lat' dir='ltr'>etiam,</span> <span class='ocrx_word' id='word_1_709' title='bbox 1631 4526 1677 4582; x_wconf 91' lang='lat' dir='ltr'>si</span> <span class='ocrx_word' id='word_1_710' title='bbox 1703 4528 2027 4585; x_wconf 89' lang='lat' dir='ltr'>necessitas</span> 
     </span>
    </p>
   </div>
   <div class='ocr_carea' id='block_1_98' title="bbox 366 4597 2029 4691">
    <p class='ocr_par' dir='ltr' id='par_1_98' title="bbox 366 4597 2029 4691">
     <span class='ocr_line' id='line_1_99' title="bbox 366 4597 2029 4691; baseline 0.012 -38"><span class='ocrx_word' id='word_1_711' title='bbox 366 4597 584 4691; x_wconf 83' lang='lat' dir='ltr'>exigat,</span> <span class='ocrx_word' id='word_1_712' title='bbox 608 4600 1037 4673; x_wconf 87' lang='lat' dir='ltr'>conjuratores.</span> <span class='ocrx_word' id='word_1_713' title='bbox 1058 4609 1206 4664; x_wconf 91' lang='lat' dir='ltr'>Tum</span> <span class='ocrx_word' id='word_1_714' title='bbox 1226 4608 1287 4666; x_wconf 90' lang='lat' dir='ltr'>iu</span> <span class='ocrx_word' id='word_1_715' title='bbox 1316 4628 1378 4667; x_wconf 91' lang='lat' dir='ltr'>se</span> <span class='ocrx_word' id='word_1_716' title='bbox 1403 4613 1860 4686; x_wconf 87' lang='lat' dir='ltr'>quodammodo</span> <span class='ocrx_word' id='word_1_717' title='bbox 1882 4634 2029 4691; x_wconf 88' lang='lat' dir='ltr'>qua-</span> 
     </span>
    </p>
   </div>
   <div class='ocr_carea' id='block_1_99' title="bbox 367 4686 2039 4781">
    <p class='ocr_par' dir='ltr' id='par_1_99' title="bbox 367 4686 2039 4781">
     <span class='ocr_line' id='line_1_100' title="bbox 367 4686 2039 4781; baseline 0.015 -41"><span class='ocrx_word' id='word_1_718' title='bbox 367 4686 417 4742; x_wconf 92' lang='lat' dir='ltr'>si</span> <span class='ocrx_word' id='word_1_719' title='bbox 440 4692 826 4781; x_wconf 73' lang='lat' dir='ltr'>revertentes,</span> <span class='ocrx_word' id='word_1_720' title='bbox 848 4691 1040 4752; x_wconf 92' lang='lat' dir='ltr'>immo</span> <span class='ocrx_word' id='word_1_721' title='bbox 1061 4702 1389 4756; x_wconf 88' lang='lat' dir='ltr'>retrorsum</span> <span class='ocrx_word' id='word_1_722' title='bbox 1424 4702 1497 4758; x_wconf 91' lang='lat' dir='ltr'>ad</span> <span class='ocrx_word' id='word_1_723' title='bbox 1522 4704 1767 4761; x_wconf 70' lang='lat' dir='ltr'>malitite</span> <span class='ocrx_word' id='word_1_724' title='bbox 1796 4686 2039 4781; x_wconf 77' lang='lat' dir='ltr'>cryptas</span> 
     </span>
    </p>
   </div>
   <div class='ocr_carea' id='block_1_100' title="bbox 366 4774 2036 4868">
    <p class='ocr_par' dir='ltr' id='par_1_100' title="bbox 366 4774 2036 4868">
     <span class='ocr_line' id='line_1_101' title="bbox 366 4774 2036 4868; baseline 0.014 -38"><span class='ocrx_word' id='word_1_725' title='bbox 366 4774 745 4868; x_wconf 77' lang='lat' dir='ltr'>anfractuose</span> <span class='ocrx_word' id='word_1_726' title='bbox 770 4779 1149 4853; x_wconf 88' lang='lat' dir='ltr'>divertentes,</span> <span class='ocrx_word' id='word_1_727' title='bbox 1173 4803 1274 4843; x_wconf 91' lang='lat' dir='ltr'>eos</span> <span class='ocrx_word' id='word_1_728' title='bbox 1297 4806 1408 4862; x_wconf 90' lang='lat' dir='ltr'>pro</span> <span class='ocrx_word' id='word_1_729' title='bbox 1437 4796 1703 4865; x_wconf 91' lang='lat' dir='ltr'>tempore</span> <span class='ocrx_word' id='word_1_730' title='bbox 1730 4774 2036 4868; x_wconf 75' lang='lat' dir='ltr'>deserunt,</span> 
     </span>
    </p>
   </div>
   <div class='ocr_carea' id='block_1_101' title="bbox 367 4863 2038 4946">
    <p class='ocr_par' dir='ltr' id='par_1_101' title="bbox 367 4863 2038 4946">
     <span class='ocr_line' id='line_1_102' title="bbox 367 4863 2038 4946; baseline 0.016 -29"><span class='ocrx_word' id='word_1_731' title='bbox 367 4863 592 4937; x_wconf 89' lang='lat' dir='ltr'>quibus</span> <span class='ocrx_word' id='word_1_732' title='bbox 614 4868 931 4926; x_wconf 89' lang='lat' dir='ltr'>consilium</span> <span class='ocrx_word' id='word_1_733' title='bbox 956 4871 1286 4946; x_wconf 89' lang='lat' dir='ltr'>iniquitatis</span> <span class='ocrx_word' id='word_1_734' title='bbox 1309 4863 1623 4943; x_wconf 75' lang='lat' dir='ltr'>dederunt.</span> <span class='ocrx_word' id='word_1_735' title='bbox 1644 4889 1700 4939; x_wconf 91' lang='lat' dir='ltr'>et</span> <span class='ocrx_word' id='word_1_736' title='bbox 1721 4901 1782 4941; x_wconf 91' lang='lat' dir='ltr'>se</span> <span class='ocrx_word' id='word_1_737' title='bbox 1813 4863 2038 4943; x_wconf 52' lang='lat' dir='ltr'>subdo;</span> 
     </span>
    </p>
   </div>
   <div class='ocr_carea' id='block_1_102' title="bbox 367 4952 2037 5047">
    <p class='ocr_par' dir='ltr' id='par_1_102' title="bbox 367 4952 2037 5047">
     <span class='ocr_line' id='line_1_103' title="bbox 367 4952 2037 5047; baseline 0.016 -40"><span class='ocrx_word' id='word_1_738' title='bbox 367 4952 423 5008; x_wconf 92' lang='lat' dir='ltr'>le</span> <span class='ocrx_word' id='word_1_739' title='bbox 455 4954 533 5010; x_wconf 90' lang='lat' dir='ltr'>ad</span> <span class='ocrx_word' id='word_1_740' title='bbox 576 4955 708 5028; x_wconf 89' lang='lat' dir='ltr'>hos,</span> <span class='ocrx_word' id='word_1_741' title='bbox 741 4974 1004 5031; x_wconf 90' lang='lat' dir='ltr'>quorum</span> <span class='ocrx_word' id='word_1_742' title='bbox 1044 4963 1210 5022; x_wconf 88' lang='lat' dir='ltr'>bona</span> <span class='ocrx_word' id='word_1_743' title='bbox 1258 4970 1478 5040; x_wconf 72' lang='lat' dir='ltr'>praedas</span> <span class='ocrx_word' id='word_1_744' title='bbox 1506 4972 1601 5028; x_wconf 91' lang='lat' dir='ltr'>vel</span> <span class='ocrx_word' id='word_1_745' title='bbox 1625 4975 1852 5047; x_wconf 70' lang='lat' dir='ltr'>rapinae</span> <span class='ocrx_word' id='word_1_746' title='bbox 1882 4977 2037 5032; x_wconf 91' lang='lat' dir='ltr'>fece-</span> 
     </span>
    </p>
   </div>
   <div class='ocr_carea' id='block_1_103' title="bbox 368 5047 2037 5129">
    <p class='ocr_par' dir='ltr' id='par_1_103' title="bbox 368 5047 2037 5129">
     <span class='ocr_line' id='line_1_104' title="bbox 368 5047 2037 5129; baseline 0.016 -33"><span class='ocrx_word' id='word_1_747' title='bbox 368 5047 511 5099; x_wconf 90' lang='lat' dir='ltr'>runt</span> <span class='ocrx_word' id='word_1_748' title='bbox 535 5050 759 5116; x_wconf 75' lang='lat' dir='ltr'>patere,</span> <span class='ocrx_word' id='word_1_749' title='bbox 779 5050 1192 5120; x_wconf 89' lang='lat' dir='ltr'>conferunt,ut</span> <span class='ocrx_word' id='word_1_750' title='bbox 1213 5072 1323 5129; x_wconf 91' lang='lat' dir='ltr'>pro</span> <span class='ocrx_word' id='word_1_751' title='bbox 1352 5061 1647 5118; x_wconf 90' lang='lat' dir='ltr'>mendacii</span> <span class='ocrx_word' id='word_1_752' title='bbox 1673 5064 1906 5121; x_wconf 88' lang='lat' dir='ltr'>silentio</span> <span class='ocrx_word' id='word_1_753' title='bbox 1931 5083 2037 5123; x_wconf 91' lang='lat' dir='ltr'>seu</span> 
     </span>
    </p>
   </div>
   <div class='ocr_carea' id='block_1_104' title="bbox 369 5130 2037 5219">
    <p class='ocr_par' dir='ltr' id='par_1_104' title="bbox 369 5130 2037 5219">
     <span class='ocr_line' id='line_1_105' title="bbox 369 5130 2037 5219; baseline 0.017 -35"><span class='ocrx_word' id='word_1_754' title='bbox 369 5130 632 5219; x_wconf 80' lang='lat' dir='ltr'>veritatis</span> <span class='ocrx_word' id='word_1_755' title='bbox 645 5137 843 5195; x_wconf 89' lang='lat' dir='ltr'>venali</span> <span class='ocrx_word' id='word_1_756' title='bbox 858 5141 1199 5201; x_wconf 85' lang='lat' dir='ltr'>testimonio</span> <span class='ocrx_word' id='word_1_757' title='bbox 1219 5148 1384 5219; x_wconf 89' lang='lat' dir='ltr'>apud</span> <span class='ocrx_word' id='word_1_758' title='bbox 1397 5149 1670 5209; x_wconf 90' lang='lat' dir='ltr'>incautos</span> <span class='ocrx_word' id='word_1_759' title='bbox 1684 5155 2037 5212; x_wconf 88' lang='lat' dir='ltr'>muneribus</span> 
     </span>
    </p>
   </div>
   <div class='ocr_carea' id='block_1_105' title="bbox 371 5218 2038 5315">
    <p class='ocr_par' dir='ltr' id='par_1_105' title="bbox 371 5218 2038 5315">
     <span class='ocr_line' id='line_1_106' title="bbox 371 5218 2038 5315; baseline 0.017 -41"><span class='ocrx_word' id='word_1_760' title='bbox 371 5218 612 5315; x_wconf 76' lang='lat' dir='ltr'>dextras</span> <span class='ocrx_word' id='word_1_761' title='bbox 643 5224 1031 5315; x_wconf 81' lang='lat' dir='ltr'>adimpleant,</span> <span class='ocrx_word' id='word_1_762' title='bbox 1050 5218 1275 5309; x_wconf 80' lang='lat' dir='ltr'>talique</span> <span class='ocrx_word' id='word_1_763' title='bbox 1306 5238 1491 5296; x_wconf 87' lang='lat' dir='ltr'>strofa</span> <span class='ocrx_word' id='word_1_764' title='bbox 1518 5243 1685 5315; x_wconf 92' lang='lat' dir='ltr'>quod</span> <span class='ocrx_word' id='word_1_765' title='bbox 1709 5244 1930 5302; x_wconf 88' lang='lat' dir='ltr'>habere</span> <span class='ocrx_word' id='word_1_766' title='bbox 1958 5246 2038 5302; x_wconf 87' lang='lat' dir='ltr'>vi-</span> 
     </span>
    </p>
   </div>
   <div class='ocr_carea' id='block_1_106' title="bbox 372 5306 2037 5406">
    <p class='ocr_par' dir='ltr' id='par_1_106' title="bbox 372 5306 2037 5406">
     <span class='ocr_line' id='line_1_107' title="bbox 372 5306 2037 5406; baseline 0.02 -44"><span class='ocrx_word' id='word_1_767' title='bbox 372 5306 589 5406; x_wconf 77' lang='lat' dir='ltr'>dentur</span> <span class='ocrx_word' id='word_1_768' title='bbox 613 5313 1134 5406; x_wconf 24' lang='lat' dir='ltr'>aAsimplicioribus</span> <span class='ocrx_word' id='word_1_769' title='bbox 1151 5306 1562 5400; x_wconf 49' lang='lat' dir='ltr'>extorqueant:</span> <span class='ocrx_word' id='word_1_770' title='bbox 1595 5333 1701 5390; x_wconf 93' lang='lat' dir='ltr'>Cui</span> <span class='ocrx_word' id='word_1_771' title='bbox 1719 5337 1839 5391; x_wconf 90' lang='lat' dir='ltr'>tam</span> <span class='ocrx_word' id='word_1_772' title='bbox 1862 5350 2037 5406; x_wconf 89' lang='lat' dir='ltr'>gran-</span> 
     </span>
    </p>
   </div>
   <div class='ocr_carea' id='block_1_107' title="bbox 372 5396 2032 5494">
    <p class='ocr_par' dir='ltr' id='par_1_107' title="bbox 372 5396 2032 5494">
     <span class='ocr_line' id='line_1_108' title="bbox 372 5396 2032 5494; baseline 0.018 -41"><span class='ocrx_word' id='word_1_773' title='bbox 372 5396 436 5454; x_wconf 93' lang='lat' dir='ltr'>di</span> <span class='ocrx_word' id='word_1_774' title='bbox 465 5400 627 5458; x_wconf 89' lang='lat' dir='ltr'>malo</span> <span class='ocrx_word' id='word_1_775' title='bbox 655 5402 716 5459; x_wconf 92' lang='lat' dir='ltr'>in</span> <span class='ocrx_word' id='word_1_776' title='bbox 743 5404 979 5476; x_wconf 82' lang='lat' dir='ltr'>plebeia</span> <span class='ocrx_word' id='word_1_777' title='bbox 1006 5411 1182 5470; x_wconf 84' lang='lat' dir='ltr'>turba</span> <span class='ocrx_word' id='word_1_778' title='bbox 1230 5396 1426 5473; x_wconf 79' lang='lat' dir='ltr'>modis</span> <span class='ocrx_word' id='word_1_779' title='bbox 1457 5420 1715 5479; x_wconf 89' lang='lat' dir='ltr'>millenis</span> <span class='ocrx_word' id='word_1_780' title='bbox 1744 5396 2032 5494; x_wconf 49' lang='lat' dir='ltr'>crasvsato,</span> 
     </span>
    </p>
   </div>
   <div class='ocr_carea' id='block_1_108' title="bbox 2140 4538 3815 4610">
    <p class='ocr_par' dir='ltr' id='par_1_108' title="bbox 2140 4538 3815 4610">
     <span class='ocr_line' id='line_1_109' title="bbox 2140 4538 3815 4610; baseline -0.002 -17"><span class='ocrx_word' id='word_1_781' title='bbox 2140 4543 2223 4593; x_wconf 88' lang='lat' dir='ltr'>tes</span> <span class='ocrx_word' id='word_1_782' title='bbox 2253 4538 2615 4606; x_wconf 82' lang='lat' dir='ltr'>auriculam,</span> <span class='ocrx_word' id='word_1_783' title='bbox 2648 4539 2871 4610; x_wconf 84' lang='lat' dir='ltr'>gladiis</span> <span class='ocrx_word' id='word_1_784' title='bbox 2901 4554 2973 4595; x_wconf 86' lang='lat' dir='ltr'>ac</span> <span class='ocrx_word' id='word_1_785' title='bbox 2996 4539 3245 4608; x_wconf 79' lang='lat' dir='ltr'>spiculis</span> <span class='ocrx_word' id='word_1_786' title='bbox 3275 4539 3436 4593; x_wconf 83' lang='lat' dir='ltr'>inter</span> <span class='ocrx_word' id='word_1_787' title='bbox 3463 4544 3698 4593; x_wconf 79' lang='lat' dir='ltr'>ceteros</span> <span class='ocrx_word' id='word_1_788' title='bbox 3728 4551 3815 4590; x_wconf 77' lang='lat' dir='ltr'>me</span> 
     </span>
    </p>
   </div>
   <div class='ocr_carea' id='block_1_109' title="bbox 2146 4626 3813 4699">
    <p class='ocr_par' dir='ltr' id='par_1_109' title="bbox 2146 4626 3813 4699">
     <span class='ocr_line' id='line_1_110' title="bbox 2146 4626 3813 4699; baseline -0.001 -18"><span class='ocrx_word' id='word_1_789' title='bbox 2146 4630 2491 4683; x_wconf 81' lang='lat' dir='ltr'>straverunt</span> <span class='ocrx_word' id='word_1_790' title='bbox 2520 4642 2592 4682; x_wconf 89' lang='lat' dir='ltr'>ac</span> <span class='ocrx_word' id='word_1_791' title='bbox 2622 4628 3094 4699; x_wconf 68' lang='lat' dir='ltr'>adtequaverant</span> <span class='ocrx_word' id='word_1_792' title='bbox 3129 4627 3334 4698; x_wconf 77' lang='lat' dir='ltr'>glebis.</span> <span class='ocrx_word' id='word_1_793' title='bbox 3376 4626 3472 4680; x_wconf 87' lang='lat' dir='ltr'>Ibi</span> <span class='ocrx_word' id='word_1_794' title='bbox 3504 4626 3813 4695; x_wconf 80' lang='lat' dir='ltr'>insperato</span> 
     </span>
    </p>
   </div>
   <div class='ocr_carea' id='block_1_110' title="bbox 2147 4717 3810 4787">
    <p class='ocr_par' dir='ltr' id='par_1_110' title="bbox 2147 4717 3810 4787">
     <span class='ocr_line' id='line_1_111' title="bbox 2147 4717 3810 4787; baseline -0.002 -15"><span class='ocrx_word' id='word_1_795' title='bbox 2147 4722 2379 4787; x_wconf 87' lang='lat' dir='ltr'>raptus,</span> <span class='ocrx_word' id='word_1_796' title='bbox 2398 4717 2481 4774; x_wconf 91' lang='lat' dir='ltr'>ad</span> <span class='ocrx_word' id='word_1_797' title='bbox 2497 4719 2750 4774; x_wconf 89' lang='lat' dir='ltr'>salutem</span> <span class='ocrx_word' id='word_1_798' title='bbox 2771 4722 2926 4775; x_wconf 75' lang='lat' dir='ltr'>sensi</span> <span class='ocrx_word' id='word_1_799' title='bbox 2942 4718 3235 4787; x_wconf 76' lang='lat' dir='ltr'>beneﬁciis</span> <span class='ocrx_word' id='word_1_800' title='bbox 3255 4717 3459 4772; x_wconf 86' lang='lat' dir='ltr'>adesse</span> <span class='ocrx_word' id='word_1_801' title='bbox 3474 4722 3810 4786; x_wconf 81' lang='lat' dir='ltr'>patronum</span> 
     </span>
    </p>
   </div>
   <div class='ocr_carea' id='block_1_111' title="bbox 2148 4804 3815 4878">
    <p class='ocr_par' dir='ltr' id='par_1_111' title="bbox 2148 4804 3815 4878">
     <span class='ocr_line' id='line_1_112' title="bbox 2148 4804 3815 4878; baseline -0.004 -15"><span class='ocrx_word' id='word_1_802' title='bbox 2148 4807 2487 4863; x_wconf 86' lang='lat' dir='ltr'>clementem</span> <span class='ocrx_word' id='word_1_803' title='bbox 2498 4849 2511 4875; x_wconf 92' lang='lat'>,</span> <span class='ocrx_word' id='word_1_804' title='bbox 2530 4822 2699 4878; x_wconf 85' lang='lat' dir='ltr'>quem</span> <span class='ocrx_word' id='word_1_805' title='bbox 2712 4822 2873 4863; x_wconf 82' lang='lat' dir='ltr'>nunc</span> <span class='ocrx_word' id='word_1_806' title='bbox 2890 4808 3065 4863; x_wconf 87' lang='lat' dir='ltr'>timeo</span> <span class='ocrx_word' id='word_1_807' title='bbox 3081 4807 3153 4862; x_wconf 87' lang='lat' dir='ltr'>ob</span> <span class='ocrx_word' id='word_1_808' title='bbox 3167 4806 3560 4862; x_wconf 86' lang='lat' dir='ltr'>temeritatem</span> <span class='ocrx_word' id='word_1_809' title='bbox 3572 4804 3815 4874; x_wconf 81' lang='lat' dir='ltr'>peccati</span> 
     </span>
    </p>
   </div>
   <div class='ocr_carea' id='block_1_112' title="bbox 2145 4895 3815 4966">
    <p class='ocr_par' dir='ltr' id='par_1_112' title="bbox 2145 4895 3815 4966">
     <span class='ocr_line' id='line_1_113' title="bbox 2145 4895 3815 4966; baseline -0.002 -16"><span class='ocrx_word' id='word_1_810' title='bbox 2145 4896 2262 4951; x_wconf 86' lang='lat' dir='ltr'>mei</span> <span class='ocrx_word' id='word_1_811' title='bbox 2272 4896 2501 4951; x_wconf 84' lang='lat' dir='ltr'>irascen</span> <span class='ocrx_word' id='word_1_812' title='bbox 2510 4896 2787 4965; x_wconf 78' lang='lat' dir='ltr'>tem.Eia,</span> <span class='ocrx_word' id='word_1_813' title='bbox 2807 4911 3000 4966; x_wconf 60' lang='lat' dir='ltr'>quaeso</span> <span class='ocrx_word' id='word_1_814' title='bbox 3012 4896 3157 4965; x_wconf 76' lang='lat' dir='ltr'>ﬁdet</span> <span class='ocrx_word' id='word_1_815' title='bbox 3163 4898 3274 4951; x_wconf 88' lang='lat' dir='ltr'>iter</span> <span class='ocrx_word' id='word_1_816' title='bbox 3288 4895 3449 4965; x_wconf 86' lang='lat' dir='ltr'>agite</span> <span class='ocrx_word' id='word_1_817' title='bbox 3463 4909 3600 4964; x_wconf 74' lang='lat' dir='ltr'>qua:</span> <span class='ocrx_word' id='word_1_818' title='bbox 3614 4895 3815 4964; x_wconf 70' lang='lat' dir='ltr'>injun-</span> 
     </span>
    </p>
   </div>
   <div class='ocr_carea' id='block_1_113' title="bbox 2144 4980 3814 5054">
    <p class='ocr_par' dir='ltr' id='par_1_113' title="bbox 2144 4980 3814 5054">
     <span class='ocr_line' id='line_1_114' title="bbox 2144 4980 3814 5054; baseline -0.001 -16"><span class='ocrx_word' id='word_1_819' title='bbox 2144 4983 2463 5053; x_wconf 87' lang='lat' dir='ltr'>go.Tollite</span> <span class='ocrx_word' id='word_1_820' title='bbox 2484 4982 2929 5039; x_wconf 83' lang='lat' dir='ltr'>hinc—utinam</span> <span class='ocrx_word' id='word_1_821' title='bbox 2948 4998 3254 5054; x_wconf 78' lang='lat' dir='ltr'>nunquam</span> <span class='ocrx_word' id='word_1_822' title='bbox 3279 4982 3360 5038; x_wconf 87' lang='lat' dir='ltr'>ad</span> <span class='ocrx_word' id='word_1_823' title='bbox 3378 4981 3639 5049; x_wconf 80' lang='lat' dir='ltr'>malum,</span> <span class='ocrx_word' id='word_1_824' title='bbox 3658 4980 3814 5053; x_wconf 83' lang='lat' dir='ltr'>quod</span> 
     </span>
    </p>
   </div>
   <div class='ocr_carea' id='block_1_114' title="bbox 2143 5071 3816 5142">
    <p class='ocr_par' dir='ltr' id='par_1_114' title="bbox 2143 5071 3816 5142">
     <span class='ocr_line' id='line_1_115' title="bbox 2143 5071 3816 5142; baseline -0.003 -15"><span class='ocrx_word' id='word_1_825' title='bbox 2143 5073 2348 5141; x_wconf 82' lang='lat' dir='ltr'>facere</span> <span class='ocrx_word' id='word_1_826' title='bbox 2364 5073 2527 5128; x_wconf 84' lang='lat' dir='ltr'>volui</span> <span class='ocrx_word' id='word_1_827' title='bbox 2538 5105 2606 5112; x_wconf 96' lang='lat'>—</span> <span class='ocrx_word' id='word_1_828' title='bbox 2620 5088 2752 5130; x_wconf 88' lang='lat' dir='ltr'>mea</span> <span class='ocrx_word' id='word_1_829' title='bbox 2770 5073 2878 5129; x_wconf 89' lang='lat' dir='ltr'>sub</span> <span class='ocrx_word' id='word_1_830' title='bbox 2896 5079 3055 5129; x_wconf 87' lang='lat' dir='ltr'>certo</span> <span class='ocrx_word' id='word_1_831' title='bbox 3072 5088 3319 5128; x_wconf 84' lang='lat' dir='ltr'>numero</span> <span class='ocrx_word' id='word_1_832' title='bbox 3334 5073 3575 5141; x_wconf 83' lang='lat' dir='ltr'>integra</span> <span class='ocrx_word' id='word_1_833' title='bbox 3595 5071 3816 5142; x_wconf 77' lang='lat' dir='ltr'>viginti</span> 
     </span>
    </p>
   </div>
   <div class='ocr_carea' id='block_1_115' title="bbox 2141 5159 3812 5234">
    <p class='ocr_par' dir='ltr' id='par_1_115' title="bbox 2141 5159 3812 5234">
     <span class='ocr_line' id='line_1_116' title="bbox 2141 5159 3812 5234; baseline -0.002 -17"><span class='ocrx_word' id='word_1_834' title='bbox 2141 5161 2339 5230; x_wconf 86' lang='lat' dir='ltr'>pallia</span> <span class='ocrx_word' id='word_1_835' title='bbox 2360 5162 2736 5233; x_wconf 84' lang='lat' dir='ltr'>consignata,</span> <span class='ocrx_word' id='word_1_836' title='bbox 2764 5168 2818 5219; x_wconf 87' lang='lat' dir='ltr'>et</span> <span class='ocrx_word' id='word_1_837' title='bbox 2840 5163 3047 5233; x_wconf 73' lang='lat' dir='ltr'>oﬁ&#39;erte</span> <span class='ocrx_word' id='word_1_838' title='bbox 3065 5178 3155 5221; x_wconf 86' lang='lat' dir='ltr'>ea.</span> <span class='ocrx_word' id='word_1_839' title='bbox 3180 5160 3450 5234; x_wconf 84' lang='lat' dir='ltr'>quamvis</span> <span class='ocrx_word' id='word_1_840' title='bbox 3471 5159 3559 5215; x_wconf 89' lang='lat' dir='ltr'>ad</span> <span class='ocrx_word' id='word_1_841' title='bbox 3579 5161 3812 5229; x_wconf 64' lang='lat' dir='ltr'>magnaL</span> 
     </span>
    </p>
   </div>
   <div class='ocr_carea' id='block_1_116' title="bbox 2146 5240 3814 5320">
    <p class='ocr_par' dir='ltr' id='par_1_116' title="bbox 2146 5240 3814 5320">
     <span class='ocr_line' id='line_1_117' title="bbox 2146 5240 3814 5320; baseline -0.002 -18"><span class='ocrx_word' id='word_1_842' title='bbox 2146 5248 2412 5305; x_wconf 86' lang='lat' dir='ltr'>tudinem</span> <span class='ocrx_word' id='word_1_843' title='bbox 2420 5256 2807 5319; x_wconf 81' lang='lat' dir='ltr'>peccatorum</span> <span class='ocrx_word' id='word_1_844' title='bbox 2826 5265 3087 5307; x_wconf 83' lang='lat' dir='ltr'>meorum</span> <span class='ocrx_word' id='word_1_845' title='bbox 3099 5240 3319 5320; x_wconf 75' lang='lat' dir='ltr'>parva,</span> <span class='ocrx_word' id='word_1_846' title='bbox 3336 5262 3559 5318; x_wconf 86' lang='lat' dir='ltr'>magno</span> <span class='ocrx_word' id='word_1_847' title='bbox 3574 5252 3636 5303; x_wconf 84' lang='lat' dir='ltr'>et</span> <span class='ocrx_word' id='word_1_848' title='bbox 3650 5248 3814 5304; x_wconf 73' lang='lat' dir='ltr'>beato</span> 
     </span>
    </p>
   </div>
   <div class='ocr_carea' id='block_1_117' title="bbox 2142 5336 3816 5396">
    <p class='ocr_par' dir='ltr' id='par_1_117' title="bbox 2142 5336 3816 5396">
     <span class='ocr_line' id='line_1_118' title="bbox 2142 5336 3816 5396; baseline -0.001 -5"><span class='ocrx_word' id='word_1_849' title='bbox 2142 5336 2225 5392; x_wconf 89' lang='lat' dir='ltr'>ad</span> <span class='ocrx_word' id='word_1_850' title='bbox 2247 5336 2714 5395; x_wconf 85' lang='lat' dir='ltr'>subveniendum</span> <span class='ocrx_word' id='word_1_851' title='bbox 2746 5341 2845 5396; x_wconf 88' lang='lat' dir='ltr'>cui</span> <span class='ocrx_word' id='word_1_852' title='bbox 2868 5340 3126 5396; x_wconf 85' lang='lat' dir='ltr'>voluerit</span> <span class='ocrx_word' id='word_1_853' title='bbox 3153 5339 3382 5395; x_wconf 81' lang='lat' dir='ltr'>Christi</span> <span class='ocrx_word' id='word_1_854' title='bbox 3408 5336 3670 5392; x_wconf 85' lang='lat' dir='ltr'>martiri</span> <span class='ocrx_word' id='word_1_855' title='bbox 3688 5337 3816 5392; x_wconf 76' lang='lat' dir='ltr'>Em-</span> 
     </span>
    </p>
   </div>
   <div class='ocr_carea' id='block_1_118' title="bbox 2141 5426 3815 5499">
    <p class='ocr_par' dir='ltr' id='par_1_118' title="bbox 2141 5426 3815 5499">
     <span class='ocr_line' id='line_1_119' title="bbox 2141 5426 3815 5499; baseline -0.001 -18"><span class='ocrx_word' id='word_1_856' title='bbox 2141 5439 2466 5481; x_wconf 86' lang='lat' dir='ltr'>merammo</span> <span class='ocrx_word' id='word_1_857' title='bbox 2491 5444 2502 5493; x_wconf 90' lang='lat'>;</span> <span class='ocrx_word' id='word_1_858' title='bbox 2535 5426 2910 5499; x_wconf 85' lang='lat' dir='ltr'>reddetisque</span> <span class='ocrx_word' id='word_1_859' title='bbox 2930 5428 3028 5484; x_wconf 87' lang='lat' dir='ltr'>illi</span> <span class='ocrx_word' id='word_1_860' title='bbox 3046 5431 3387 5487; x_wconf 82' lang='lat' dir='ltr'>reverenter</span> <span class='ocrx_word' id='word_1_861' title='bbox 3404 5439 3661 5480; x_wconf 74' lang='lat' dir='ltr'>suorum</span> <span class='ocrx_word' id='word_1_862' title='bbox 3679 5439 3815 5495; x_wconf 83' lang='lat' dir='ltr'>par-</span> 
     </span>
    </p>
   </div>
   <div class='ocr_carea' id='block_1_119' title="bbox 1987 5515 2212 5575">
    <p class='ocr_par' dir='ltr' id='par_1_119' title="bbox 1987 5515 2212 5575">
     <span class='ocr_line' id='line_1_120' title="bbox 1987 5515 2212 5575; baseline -0.009 -6"><span class='ocrx_word' id='word_1_863' title='bbox 1987 5515 2212 5575; x_wconf 77' lang='grc' dir='ltr'><strong>ΝΟἸῈ.</strong></span> 
     </span>
    </p>
   </div>
   <div class='ocr_carea' id='block_1_120' title="bbox 447 5561 1430 5640">
    <p class='ocr_par' dir='ltr' id='par_1_120' title="bbox 447 5561 1430 5640">
     <span class='ocr_line' id='line_1_121' title="bbox 447 5561 1430 5640; baseline 0.022 -25"><span class='ocrx_word' id='word_1_864' title='bbox 447 5561 561 5640; x_wconf 60' lang='lat' dir='ltr'>(3t)</span> <span class='ocrx_word' id='word_1_865' title='bbox 600 5567 641 5640; x_wconf 81' lang='lat' dir='ltr'>l_.</span> <span class='ocrx_word' id='word_1_866' title='bbox 674 5580 726 5622; x_wconf 93' lang='lat' dir='ltr'>e.</span> <span class='ocrx_word' id='word_1_867' title='bbox 757 5571 955 5640; x_wconf 80' lang='lat' dir='ltr'>pacta,</span> <span class='ocrx_word' id='word_1_868' title='bbox 988 5577 1430 5636; x_wconf 89' lang='lat' dir='ltr'>conventiones.</span> 
     </span>
    </p>
   </div>
   <div class='ocr_carea' id='block_1_121' title="bbox 450 5636 1660 5712">
    <p class='ocr_par' dir='ltr' id='par_1_121' title="bbox 450 5636 1660 5712">
     <span class='ocr_line' id='line_1_122' title="bbox 450 5636 1660 5712; baseline 0.021 -28"><span class='ocrx_word' id='word_1_869' title='bbox 450 5636 563 5699; x_wconf 83' lang='lat'>(72)</span> <span class='ocrx_word' id='word_1_870' title='bbox 607 5636 1035 5698; x_wconf 75' lang='lat' dir='ltr'>Berefzhausen</span> <span class='ocrx_word' id='word_1_871' title='bbox 1067 5645 1145 5701; x_wconf 88' lang='lat' dir='ltr'>ad</span> <span class='ocrx_word' id='word_1_872' title='bbox 1177 5648 1366 5706; x_wconf 91' lang='lat' dir='ltr'>Laber</span> <span class='ocrx_word' id='word_1_873' title='bbox 1391 5652 1660 5712; x_wconf 82' lang='lat' dir='ltr'>ﬂuvium.</span> 
     </span>
    </p>
   </div>
   <div class='ocr_carea' id='block_1_122' title="bbox 2220 5585 2602 5663">
    <p class='ocr_par' dir='ltr' id='par_1_122' title="bbox 2220 5585 2602 5663">
     <span class='ocr_line' id='line_1_123' title="bbox 2220 5585 2602 5663; baseline 0.008 -23"><span class='ocrx_word' id='word_1_874' title='bbox 2220 5585 2333 5663; x_wconf 74' lang='lat'>(73)</span> <span class='ocrx_word' id='word_1_875' title='bbox 2373 5587 2441 5641; x_wconf 82' lang='grc' dir='ltr'>Α.</span> <span class='ocrx_word' id='word_1_876' title='bbox 2476 5591 2602 5645; x_wconf 72' lang='lat'>955.</span> 
     </span>
    </p>
   </div>
  </div>
