3984 6180
199 226 335 278 f0”
392 222 395 225 ἤ

985 223 1076 278 DE
1114 223 1489 281 MIRACULIS
1530 222 1585 278 S.
1628 214 2050 274 EMMERAMMI
2092 220 2271 277 LIBRI
2316 226 2477 282 DUO.
2522 255 2590 267 -——
2630 229 2757 285 LIB.
2802 232 2842 284 l.

3490 238 3626 290 1018

196 354 310 405 tem
343 347 781 417 thesaurorum,
813 363 956 418 quos
986 348 1270 416 insipiens
1300 362 1375 403 ac
1403 361 1599 402 minus
1644 346 1855 398 cautus
1893 343 1938 395 Α
1968 345 2023 397 et
2052 345 2263 412 malos,
2292 364 2398 420 per
2421 365 2609 421 parva
2639 367 2710 407 ac
2758 353 3125 409 insensibilia
3176 356 3437 427 operai-is
3492 375 3625 416 ma-

193 439 256 493 in
284 438 738 507 sugillationem
774 438 890 492 mei
915 436 1198 492 subtraz'i
1245 439 1374 506 ejus
1425 435 1642 491 honori
1687 431 1868 488 servi-

195 526 581 583 tii.Caticem
614 531 813 581 autem
844 540 1118 589 aureum,
1149 540 1321 596 quem
1353 540 1530 594 opere
1568 538 1640 580 ac
1663 523 1869 605 forma

196 617 360 682 satis,
416 619 485 669 ut
536 614 771 683 opinor,
827 613 1061 669 decenti
1111 613 1296 670 eidem
1351 614 1683 669 clarissimo
1732 610 1867 665 testi

196 706 539 775 passionum
569 704 801 759 Christi
824 704 1093 774 patravi,
1125 718 1259 760 cum
1291 703 1380 758 his
1411 702 1704 770 omnibus,
1735 712 1866 770 quae

199 792 375 852 labiis
405 794 674 861 distinxi,
705 808 886 862 super
913 799 968 849 et
989 794 1151 849 circa
1182 794 1369 863 ipsius
1390 794 1587 849 altare
1605 791 1859 861 ponetis,

194 884 397 954 sicque
419 898 494 938 ex
522 883 878 938 humilitatis
908 896 1050 938 meae
1083 883 1379 953 legatione
1408 882 1614 937 dicetis
1641 897 1662 935 .·
1694 902 1721 929 ‹‹
1757 879 1863 933 Mi-

195 971 412 1028 chahel
442 972 548 1027 ille
567 977 852 1040 peccator
882 971 1076 1041 homo,
1104 972 1377 1042 quamvis
1425 972 1488 1026 in
1538 975 1748 1025 sancta
1777 984 1863 1025 ec-

194 1061 376 1117 clesia
399 1060 629 1116 ordinis
650 1062 796 1129 jure
844 1062 1008 1115 sacri
1050 1061 1357 1129 particeps
1394 1061 1579 1117 fuerit
1606 1058 1862 1113 nominis

194 1150 473 1220 angelici,
506 1150 866 1204 immeritum
912 1154 1111 1205 tamen
1160 1154 1215 1205 et
1272 1150 1444 1218 longe
1490 1149 1762 1217 inparem
1802 1160 1862 1201 se

197 1238 564 1308 perpendens
596 1239 756 1294 tanti
785 1238 1132 1293 ministeriis
1162 1239 1369 1307 ofﬁcii,
1396 1253 1600 1293 servus
1630 1249 1861 1307 quoque

200 1334 357 1396 tuus,
389 1328 554 1383 beate
580 1327 1040 1393 Emmeramme,
1077 1328 1392 1396 adoptivus
1416 1327 1526 1382 sub
1552 1328 1694 1395 ipsis
1717 1341 1862 1394 pon-

197 1417 518 1485 tiﬁcalibus
548 1416 765 1486 infulis
791 1418 1017 1486 factus,
1042 1417 1105 1472 in
1135 1417 1416 1473 extremis
1445 1417 1621 1472 etiam
1648 1416 1860 1469 consti-

196 1509 381 1571 tutus,
413 1520 555 1574 erga
587 1505 983 1560 reverentiam
1012 1505 1103 1559 tui
1128 1504 1393 1573 devotus,
1444 1503 1554 1558 tibi
1602 1504 1726 1559 haec
1755 1504 1859 1558 mi-

192 1594 269 1648 sit
296 1600 477 1665 atque
501 1594 747 1660 remisit,
790 1608 898 1649 nec
946 1610 1065 1649 non
1114 1596 1392 1649 ultimum
1421 1595 1697 1664 spiritum
1730 1599 1855 1648 tra-

1977 446 2094 499 gna
2127 450 2233 490 nec
2260 453 2380 492 non
2413 439 2729 507 mirabilia,
2763 446 2827 497 ut
2851 442 3126 498 homines
3148 444 3422 501 cordatos
3448 446 3626 503 bene-

1975 520 2228 579 dictione
2260 530 2359 583 tua
2383 528 2606 585 efﬁcias
2638 536 2968 603 coaptatos.
3007 532 3173 589 Hanc
3200 534 3498 607 siquidem
3522 537 3627 609 qui

1974 626 2116 666 aure
2146 615 2340 670 cordis
2366 620 2754 691 perceperint,
2784 625 2841 676 et
2866 621 2927 677 in
2954 621 3085 692 ejus
3117 622 3505 680 obauditione
3532 641 3629 680 us-

1974 716 2090 771 que
2117 701 2178 756 in
2207 701 2388 761 ﬁnem
2416 710 2937 781 perseveraverint,
2964 711 3211 767 minime
3232 712 3541 785 pavebunt
3569 714 3631 769 in

1973 789 2067 843 die
2098 791 2443 861 novissimo,
2468 812 2577 852 nec
2607 814 2782 854 aures
2808 815 3015 855 eorum
3040 800 3294 857 tinnient
3316 802 3394 857 ab
3421 800 3631 859 auditu

1970 878 2154 946 malo,
2212 883 2459 953 quando
2507 885 2782 943 inimicus
2832 888 3104 945 exultans
3160 906 3341 963 super
3386 891 3628 947 interitu

1971 966 2317 1039 impiorum,
2349 988 2412 1026 se
2430 975 2741 1042 jactaverit
2770 976 2973 1032 dicens
3004 980 3112 1049 (77)
3150 998 3162 1034 :
3208 981 3502 1036 Prevalui
3523 981 3630 1036 ad-

1972 1072 2173 1111 versus
2202 1073 2315 1114 eos.
2351 1062 2394 1116 Ο
2422 1062 2559 1117 Iesu
2588 1062 2766 1130 bone,
2796 1066 2939 1136 quid
2984 1082 3096 1121 nos
3151 1073 3491 1140 peccatores
3546 1066 3628 1122 ibi

1968 1144 2178 1200 dicturi
2213 1164 2447 1215 sumus,
2482 1150 2582 1205 ubi
2607 1151 2707 1206 vix
2734 1152 2875 1222 justi
2906 1154 3299 1211 salvabuntur
3327 1157 3354 1211 ?
3386 1160 3512 1212 Non
3539 1158 3629 1211 est

1968 1234 2143 1290 nobis
2172 1253 2308 1309 spes
2334 1238 2540 1307 altera,
2573 1240 2689 1295 nisi
2719 1258 2904 1313 quam
2943 1243 3149 1299 deﬁnit
3192 1244 3286 1299 ille
3336 1249 3470 1300 tuus
3510 1245 3627 1300 ele-

1968 1326 2096 1377 ctus
2128 1325 2461 1395 psalmista,
2495 1327 2600 1399 qui
2630 1328 2739 1383 fuit
2759 1346 2863 1384 rex
2888 1335 2944 1385 et
2974 1333 3285 1403 propheta,
3336 1331 3469 1388 totis
3502 1347 3629 1387 mo-

1967 1410 2146 1466 dullis
2176 1412 2254 1467 ad
2286 1418 2337 1468 te
2369 1413 2685 1471 clamitans
2715 1417 2911 1472 cordis
2943 1420 3058 1485 (78)
3094 1438 3105 1473 :
3130 1420 3273 1488 Spes
3299 1434 3429 1475 mea
3453 1434 3511 1475 es
3542 1426 3628 1488 tu,

1965 1502 2162 1570 portio
2189 1517 2319 1558 mea
2350 1505 2411 1558 in
2445 1510 2608 1560 terra
2640 1507 2962 1562 viventium
2991 1523 3014 1573 ,·
3040 1524 3225 1579 quam
3257 1507 3317 1563 in
3367 1513 3470 1563 tuo
3518 1524 3629 1563 no-

1966 1589 2147 1656 mine,
2175 1590 2323 1647 dum
2353 1596 2590 1666 tempus
2621 1600 2709 1650 est
2747 1596 3189 1663 misericordiae,
3238 1613 3274 1653 a
3314 1600 3477 1654 Patre
3520 1613 3631 1669 po-

194 1683 342 1739 hens
361 1685 625 1739 animam
655 1698 788 1740 cum
822 1698 1071 1753 corpore
1110 1684 1447 1753 patrocinio
1470 1690 1571 1739 tuo
1594 1684 1856 1739 commis-
1894 1695 1938 1747 Β
1970 1678 2313 1736 stulandam
2338 1681 2660 1738 didicimus
2690 1700 2797 1756 per
2834 1686 3246 1756 evangelicam
3272 1686 3627 1742 doctrinam.

193 1773 292 1828 sit.
330 1795 357 1820 ›ι
399 1774 533 1827 Haec
591 1788 732 1827 vero
786 1771 940 1828 facta
992 1776 1049 1828 et
1096 1773 1256 1829 dicta
1293 1788 1433 1828 cum
1481 1789 1603 1829 non
1632 1788 1858 1846 paucos

194 1862 587 1916 convenirent
639 1877 708 1917 ac
764 1862 1125 1917 deterrerent
1177 1877 1288 1934 pro
1343 1862 1591 1917 abusive
1640 1862 1859 1917 usitata

195 1954 546 2006 sanctorum
575 1950 724 2006 inter
745 1950 1024 2006 mortales
1052 1938 1446 2019 neglegentia,
1489 1966 1856 2022 campanum

197 2037 510 2110 quoddam
540 2040 865 2111 quantitate
896 2038 1224 2104 modicum,
1259 2055 1296 2095 a
1336 2038 1544 2109 legatis
1589 2039 1857 2111 episcopi

194 2138 338 2181 cum
367 2126 496 2181 aliis
517 2127 696 2182 rebus
726 2127 786 2182 in
818 2126 1068 2182 basilica
1096 2127 1332 2198 patroni
1382 2127 1570 2183 nostri
1622 2128 1857 2200 exposi-

190 2218 345 2283 tum,
375 2215 601 2283 grande
630 2231 737 2287 per
765 2231 831 2270 os
870 2214 1197 2271 dicentium
1253 2215 1625 2288 praedicabat
1675 2216 1855 2272 mira-

186 2302 415 2357 culum.
452 2303 638 2374 Hujus
667 2319 810 2374 ergo
833 2320 972 2359 cum
998 2304 1326 2377 imperator
1372 2307 1504 2361 Otto
1556 2307 1855 2361 secundus

188 2389 522 2463 aliquando
551 2392 717 2464 apud
749 2394 1032 2450 Sanctum
1064 2396 1579 2449 Emmerammum
1624 2394 1857 2449 audiret

186 2479 474 2536 tinnitum
503 2481 870 2551 singularem
919 2487 976 2538 et
1032 2498 1136 2554 pre
1195 2482 1401 2538 ceteris
1444 2483 1638 2552 magis
1685 2498 1859 2538 sono-

185 2585 346 2637 rum,
374 2568 558 2625 fertur
585 2569 827 2638 dixisse,
847 2576 952 2626 aut
970 2571 1085 2625 hoc
1107 2574 1211 2626 aut
1237 2571 1376 2626 huic
1406 2570 1597 2626 simile
1626 2587 1687 2627 se
1708 2570 1857 2626 velle

187 2659 433 2715 habere.
470 2661 599 2726 Qua
628 2660 944 2717 occasione
974 2659 1277 2733 predictus
1300 2660 1571 2733 pontifex
1594 2661 1731 2717 inde
1764 2678 1859 2717 su-

190 2748 426 2805 blatum
457 2749 615 2806 idem
651 2750 1088 2823 campanulum
1131 2751 1194 2805 in
1226 2751 1320 2807 via
1345 2751 1524 2821 jussit
1551 2755 1857 2825 transpor-

189 2840 304 2895 tari
334 2856 562 2909 secum,
590 2840 912 2897 arbitratus
944 2840 1085 2896 satis
1142 2856 1203 2895 se
1255 2840 1553 2897 facturum
1606 2842 1860 2916 principi

190 2928 496 2986 oblatione
527 2929 730 3002 cupiti.
765 2929 938 2996 Quod
986 2935 1313 3002 postquam
1361 2934 1453 2986 est
1498 2930 1572 2987 de
1602 2932 1860 2988 martiris

1968 1768 2058 1825 Sic
2092 1768 2251 1824 enim
2294 1774 2484 1839 tuum,
2513 1788 2550 1826 ο
2578 1773 2818 1840 veritas,
2850 1774 3031 1829 habet
3058 1774 3435 1844 evangelium
3467 1775 3576 1845 (79)
3613 1792 3626 1830 :

1964 1858 2286 1915 Ambulate
2314 1860 2455 1915 dum
2496 1862 2618 1917 dies
2647 1868 2751 1929 est,
2806 1878 2881 1919 ne
2935 1864 3194 1920 tenebra-
3234 1880 3333 1920 vos
3363 1880 3630 1933 compre-

1966 1948 2273 2017 hendant;
2305 1952 2363 2003 et
2386 1948 2601 2005 iterum
2630 1968 2643 2005 :
2677 1952 2832 2007 Dum
2867 1953 3065 2008 lumen
3098 1953 3345 2021 habetis,
3405 1953 3632 2008 credite

1966 2036 2026 2090 in
2061 2036 2271 2103 lucem,
2304 2042 2371 2091 ut
2392 2038 2510 2105 ﬁlii
2534 2039 2681 2094 lucis
2709 2040 2857 2094 sitis.
2920 2042 2985 2095 Et
3030 2039 3177 2095 illud
3227 2038 3628 2096 excusationis

1964 2125 2247 2180 humanae
2305 2126 2709 2183 exclusorium
2767 2128 3217 2198 diligentissime
3300 2129 3630 2185 adtenden-

1964 2213 2134 2283 dum,
2162 2231 2271 2271 nec
2301 2231 2425 2271 non
2456 2217 2679 2272 intimis
2730 2218 2999 2291 suspiriis
3047 2218 3442 2274 annitendum
3468 2220 3579 2289 (80)
3611 2235 3625 2272 :

1967 2304 2388 2376 Quodcumque
2408 2308 2703 2375 petieritis
2732 2309 2975 2363 Patrem
3011 2309 3072 2363 in
3104 2310 3339 2363 nomine
3358 2322 3503 2374 meo,
3527 2307 3632 2362 da-

1967 2392 2057 2448 bet
2084 2394 2263 2449 vobis.
2302 2394 2558 2449 Petimus
2587 2410 2731 2464 ergo
2761 2394 2839 2450 ad
2873 2400 2924 2450 te
2955 2395 3249 2465 conversi,
3300 2398 3466 2451 Pater
3520 2396 3631 2450 Do-

1965 2481 2114 2536 mini
2144 2482 2327 2537 nostri
2357 2485 2494 2537 Jesu
2539 2483 2774 2550 Christi,
2834 2488 2897 2538 ut
2951 2484 3013 2538 in
3070 2484 3313 2539 nomine
3356 2483 3629 2553 ejusdem

1965 2569 2254 2638 unigeniti
2284 2571 2386 2637 tui,
2417 2571 2591 2641 cujus
2616 2571 2885 2627 karitatis
2907 2571 3120 2627 beatus
3148 2575 3630 2629 Emmerammus

1968 2658 2176 2713 martir
2201 2661 2337 2714 tuus
2378 2659 2530 2715 inter
2560 2661 2607 2693 ²²
2639 2659 2899 2732 plurales
2931 2662 2977 2694 ²²
3004 2664 3181 2716 testes
3212 2662 3258 2695 ²²
3290 2660 3551 2716 imitator
3581 2662 3629 2696 θ’

1966 2748 2424 2821 quodammodo
2451 2750 2497 2783 ²²
2529 2749 2713 2805 extitit
2745 2749 3085 2820 singularis,
3118 2749 3403 2806 ineffabili
3434 2754 3488 2804 et
3536 2765 3631 2804 so-

1965 2836 2068 2893 lita
2097 2838 2253 2894 circa
2282 2842 2624 2910 peccatores
2655 2855 2803 2893 usus
2833 2838 3169 2906 clementia,
3205 2836 3632 2895 conﬁtentibus

1967 2931 2023 2981 et
2051 2927 2338 2982 confessis
2363 2927 2627 2983 dimittas
2650 2927 3016 2999 impietatem
3062 2928 3259 2983 cordis
3309 2944 3378 2983 ac
3428 2925 3630 2983 infun-

191 3018 443 3075 ecclesia
480 3018 727 3091 elatum,
778 3018 862 3075 uti
917 3019 1325 3091 comperimus
1383 3035 1490 3091 per
1542 3021 1860 3090 cujusdam
1892 3039 1939 3097 (ι
1968 3016 2078 3071 das
2128 3015 2499 3086 unctionem;
2523 3021 2635 3071 tuae
2663 3016 2983 3072 uberrimae
3028 3017 3476 3083 consolationis,
3518 3031 3631 3071 nec

189 3107 525 3181 presbyteri
554 3106 831 3176 relatum,
890 3108 970 3164 ad
1018 3108 1121 3163 Dei
1160 3109 1587 3181 omnipotentis
1643 3115 1859 3166 nutum

190 3196 610 3252 immutatione
642 3196 773 3252 soni
801 3196 1027 3253 factum
1059 3200 1148 3252 est
1166 3201 1426 3267 mutum,
1451 3213 1561 3253 nec
1592 3197 1746 3253 illius
1774 3214 1859 3254 ar-

190 3285 374 3342 tiﬁcio
404 3285 597 3358 aptari
618 3285 812 3358 potuit
834 3285 1152 3358 euphoniae
1178 3284 1376 3341 ofﬁcio
1400 3302 1590 3359 usque
1616 3287 1674 3341 in
1697 3286 1857 3343 diem

191 3379 251 3430 et
274 3372 512 3443 horam,
539 3389 661 3445 qua
695 3375 812 3429 Deo
842 3372 1038 3430 dilecti
1098 3374 1355 3429 martiris
1413 3391 1566 3430 casae
1624 3376 1856 3431 restitu-

190 3467 342 3527 tum,
376 3461 482 3517 etsi
508 3460 879 3529 insensibile,
913 3461 1277 3534 presentiam
1309 3462 1539 3518 domini
1588 3462 1680 3517 sui
1729 3480 1858 3519 sen-

190 3552 361 3608 sibus
385 3551 637 3606 humani
668 3566 730 3607 se
762 3550 977 3607 sentire
1006 3551 1240 3623 indidit,
1283 3568 1354 3608 ac
1395 3551 1647 3607 dulciter
1688 3552 1861 3608 tinni-

188 3642 291 3696 vit.
320 3642 463 3696 Vere
493 3644 613 3705 tua,
647 3640 892 3708 Christe,
924 3640 1051 3697 haec
1083 3645 1221 3696 sunt
1250 3656 1453 3714 opera,
1506 3641 1611 3714 qui
1653 3642 1857 3698 crede-

190 3729 279 3784 ris
302 3733 358 3784 et
387 3745 447 3785 es
476 3728 682 3785 aeterni
710 3729 894 3785 Patris
919 3726 1212 3802 sapientia
1242 3748 1255 3797 ;
1299 3730 1395 3785 cui
1443 3731 1631 3786 David
1678 3731 1857 3787 corde

185 3817 456 3890 jubilans
482 3818 703 3874 clamat
729 3818 841 3888 (74)
875 3836 887 3874 :
919 3820 1109 3886 Quam
1128 3833 1352 3888 magna
1377 3821 1700 3875 multitudo
1726 3821 1859 3875 dul-

191 3908 420 3965 cedinis
452 3914 589 3977 tua,
616 3909 887 3979 Domine,
920 3923 1099 3979 quam
1130 3908 1496 3964 abscondisti
1519 3910 1859 3965 timentibus

192 4004 290 4067 te;
309 4001 366 4051 et
396 3997 609 4053 iterum
639 4001 756 4065 (75)
790 4014 803 4051 :
834 3998 1092 4052 Auditui
1118 4012 1245 4053 meo
1284 3998 1452 4053 dabis
1483 3999 1775 4069 gaudium
1805 4005 1862 4054 et

194 4088 475 4143 lmiiciam
498 4102 522 4156 ,'
551 4093 605 4142 et
635 4086 997 4142 exultabant
1026 4102 1158 4143 ossa
1188 4086 1508 4142 humiliata
1530 4102 1553 4151 ,'
1570 4087 1741 4157 cujus
1764 4087 1864 4142 de-

196 4175 420 4232 siderio
470 4175 821 4246 delectatus,
874 4176 1107 4231 nomini
1154 4180 1257 4232 tuo
1315 4176 1620 4231 credentes
1652 4176 1714 4231 in
1743 4176 1862 4233 ﬁne

190 4264 572 4339 psalmorum
602 4264 681 4320 ad
710 4265 1089 4337 perfectionis
1115 4265 1326 4321 laudes
1368 4281 1724 4338 provocans,
1781 4266 1863 4322 ait

172 4356 315 4445 ,(ῖβ)
347 4372 360 4410 :
391 4355 665 4445 Laudate
692 4356 1009 4411 Dominum
1039 4356 1109 4445 in
1135 4355 1422 4445 cymbalis
1455 4356 1595 4412 bene
1640 4372 1859 4412 sonan-
1898 4390 1944 4445 ι)

202 4443 396 4511 tibus;
432 4444 676 4500 laudate
702 4459 834 4499 eum
859 4445 922 4499 in
953 4444 1245 4514 cymbalis
1264 4444 1669 4513 jubilationis.
1714 4448 1859 4502 Ecce

201 4534 483 4589 humanm
516 4533 724 4589 salutis
767 4539 1021 4606 amator,
1055 4534 1288 4603 generis
1332 4535 1517 4590 nostri
1575 4534 1762 4592 factor
1810 4543 1867 4594 et

198 4627 529 4694 reparator,
560 4622 663 4695 qui
697 4622 877 4678 etiam
914 4623 1212 4693 benignus
1269 4638 1334 4678 es
1389 4639 1568 4695 super
1594 4624 1863 4696 ingratos

1965 3121 2089 3161 non
2120 3105 2441 3160 conﬁrmes
2470 3105 2534 3160 in
2553 3105 2729 3160 nobis
2755 3122 2939 3177 opera
2955 3106 3173 3161 divinae
3197 3104 3626 3172 miserationis;

1966 3200 2032 3251 ut
2059 3194 2226 3267 quod
2252 3194 2310 3248 in
2342 3195 2457 3249 hoc
2487 3194 2687 3249 seculo
2717 3194 2890 3250 dulce
2909 3210 2978 3251 ac
2997 3194 3344 3250 delectabile
3378 3193 3630 3261 videtur,

1968 3284 2194 3340 timoris
2222 3284 2303 3339 tui
2332 3283 2661 3339 reverenda
2690 3283 3164 3339 consideratione
3192 3286 3543 3346 amarescat,
3576 3284 3635 3336 et

1965 3373 2132 3447 quod
2156 3389 2459 3441 amarum,
2491 3372 2823 3428 dilectionis
2863 3377 2975 3428 tuae
3021 3371 3383 3427 suavissima
3428 3385 3637 3442 specu-

1964 3462 2183 3518 latione
2210 3461 2533 3517 dulcescat.
2571 3462 2782 3535 Sicque
2813 3462 2962 3517 dum
2987 3461 3127 3533 ipse.
3164 3460 3417 3517 volvitur
3464 3473 3638 3514 mun-

1965 3551 2101 3620 dus,
2132 3567 2169 3607 a
2196 3551 2373 3624 lapsu
2402 3556 2458 3606 et
2483 3566 2688 3607 amore
2718 3555 3126 3624 peccatorum,
3155 3555 3207 3606 te
3222 3548 3634 3616 resuscitante,

1967 3656 2313 3712 surgamus,
2345 3657 2419 3696 ne
2449 3641 2511 3696 in
2541 3640 2659 3697 ﬁne
2691 3640 3052 3703 seculorum,
3093 3656 3233 3695 cum
3277 3654 3490 3695 omnes
3523 3638 3633 3693 ho-

1966 3732 2160 3787 mines
2191 3730 2623 3787 resurrexerint
2660 3746 2799 3786 cum
2829 3730 3205 3803 corporibus,
3238 3728 3299 3784 in
3346 3734 3637 3785 aeternum

1968 3820 2411 3875 confundamur
2466 3835 2536 3874 ac
2590 3818 2945 3890 puniamur;
3009 3818 3113 3872 sed
3173 3817 3427 3888 emptitii
3483 3814 3637 3870 servi

1968 3923 2129 3963 nunc
2159 3923 2299 3962 cum
2321 3907 2640 3963 collibertis
2674 3905 2865 3975 gratia
2891 3909 2993 3959 tua
3023 3903 3190 3972 digni
3231 3902 3441 3967 effecti,
3495 3906 3637 3955 tunc

1969 3996 2148 4052 etiam
2179 3995 2294 4050 tuis
2329 4011 2469 4049 cum
2495 3993 2705 4049 amicis
2750 4007 2988 4063 semper
3019 3988 3320 4045 mansuris
3369 3985 3639 4059 deputati

1970 4083 2229 4156 gaudiis,
2260 4082 2454 4138 securi
2484 4081 2801 4136 videamus
2837 4078 3157 4134 Dominum
3195 4080 3397 4133 losum
3428 4074 3639 4132 Filium

1969 4177 2139 4229 tuum
2170 4171 2551 4227 liberatorem
2582 4173 2639 4224 et
2672 4168 3023 4240 episcopum
3055 4167 3397 4223 animarum
3428 4170 3483 4221 et
3513 4180 3641 4220 cor-

1971 4279 2188 4337 porum
2248 4266 2614 4331 nostrorum,
2662 4258 2929 4329 judicem
2984 4259 3216 4330 justum
3266 4256 3542 4314 vivorum
3582 4259 3639 4311 et

1976 4358 2371 4418 mortuorum,
2399 4356 2596 4406 tecum
2621 4348 2922 4405 viventem
2951 4352 3132 4420 atque
3170 4348 3232 4404 in
3264 4347 3485 4403 unitate
3512 4344 3639 4416 Spi-

1973 4443 2119 4499 ritus
2146 4441 2334 4497 sancti
2358 4444 2733 4510 regnantem,
2765 4454 2872 4511 per
2899 4437 3262 4494 immortalia
3294 4436 3639 4493 seculorum

1974 4532 2191 4588 secula.
2224 4535 2432 4586 Amen.

326 4719 835 4791 PROCEMIUM
885 4721 1129 4789 LIBRI
1182 4722 1296 4789 DE
1345 4721 1766 4791 MEMORIA
1815 4725 1893 4794 B.
1944 4718 2503 4792 EMMERAMMI
2554 4717 2665 4783 ET
2712 4715 2925 4784 EJUS
2973 4707 3502 4779 AMATORUM.

276 4829 429 4881 Inter
446 4832 659 4883 caetera
683 4827 1102 4899 mysteriorum
1120 4828 1450 4884 caelestium
1468 4834 1865 4900 sacramenta,

201 4916 603 4987 VeterisLegis
616 4921 906 4974 testantur
917 4917 1134 4990 scripta
1147 4917 1312 4991 quod
1324 4919 1401 4975 ad
1414 4917 1868 4974 aedificationem

202 5005 576 5062 tabernaculi
596 5006 892 5080 principes
924 5006 1186 5063 tribuum
1212 5011 1268 5062 et
1297 5007 1535 5064 ditiores
1557 5008 1782 5081 quique
1808 5008 1868 5063 in

204 5095 435 5169 populo
452 5096 552 5152 Dei
571 5097 828 5170 pretiosa
844 5095 1048 5152 divino
1059 5096 1236 5166 jussu
1257 5096 1599 5153 obtulerunt
1613 5097 1865 5153 donaria

1979 4828 2196 4901 (Exod.
2215 4825 2694 4894 xxxv).Quorum
2716 4820 2829 4893 pia:
2852 4816 3139 4874 oblationi
3170 4820 3225 4871 et
3253 4812 3647 4887 pauperiores

1978 4918 2190 4973 eodem
2212 4917 2508 4988 praecepto
2531 4909 2828 4975 conducti,
2844 4906 3069 4962 indices
3100 4903 3392 4960 mentium
3406 4902 3643 4957 devota-

1977 5024 2135 5075 rum,
2153 5007 2330 5060 etiam
2343 5001 2497 5074 pilos
2509 4998 2871 5055 addiderunt
2885 5009 3205 5067 caprarum
3232 4992 3403 5063 (Ibid.
3416 4993 3450 5060 ).
3489 4988 3643 5056 Quid

1976 5101 2179 5153 autem
2223 5096 2385 5148 Nova
2424 5092 2537 5144 Lex
2566 5103 2745 5160 super
2786 5087 2899 5141 hac
2929 5100 2991 5139 re
3022 5081 3345 5151 contineat,
3376 5097 3483 5137 seu
3519 5096 3645 5151 qua

2159 5200 2260 5252 ES.

1583 5202 1818 5257 VARUE
1858 5204 1865 5256 1

283 5292 330 5324 ²²
359 5291 611 5361 Reliqua
642 5293 704 5346 in
739 5296 786 5346 1.
821 5307 1004 5348 manu
1034 5305 1163 5347 sa’c.
1203 5290 1332 5345 XV.
1365 5292 1591 5359 scripta
1617 5297 1779 5359 sunt,
1808 5292 1865 5360 fc

2279 5299 2412 5340 cum
2440 5284 2623 5352 hujus
2650 5280 2794 5336 libri
2815 5279 2936 5347 ﬁne
2960 5279 3208 5349 antiquo
3239 5279 3457 5332 exciso.

1812 5377 2035 5433 ΝΟΤΕ.

308 5449 395 5519 74)
436 5449 585 5506 Psal.
616 5466 758 5515 xxx,
789 5452 879 5503 20.

307 5522 401 5593 75)
439 5519 590 5593 Psal.
620 5537 673 5593 1.,
708 5524 793 5575 lO.

308 5449 395 5519 74)

307 5525 377 5577 75

342 5595 375 5647 6

305 5667 374 5717 ’Π

441 5591 592 5648 Psal.
627 5591 712 5659 CL,
741 5596 793 5646 5.

437 5661 595 5719 Psal.
622 5678 722 5730 xu,
755 5666 806 5716 5.

2054 5445 2170 5517 (78)
2208 5441 2367 5498 Psal.
2401 5457 2555 5517 cm,
2581 5446 2633 5497 6.

2055 5516 2168 5587 (79)
2208 5518 2376 5571 Joan.
2404 5516 2627 5583 xu,_35,
2663 5516 2750 5568 36.

2055 5588 2168 5659 (80)
2205 5590 2374 5642 Joan.
2408 5602 2506 5653 xv,
2545 5588 2625 5638 16.
