  <div class='ocr_page' id='page_1' title='image "/cluster/home/n/w/nwhite01/storage/ocr_20150623/141/hvd.32044054760012/513.png"; bbox 0 0 3984 6180; ppageno 0'>
   <div class='ocr_carea' id='block_1_1' title="bbox 352 163 492 221">
    <p class='ocr_par' dir='ltr' id='par_1_1' title="bbox 352 163 492 221">
     <span class='ocr_line' id='line_1_1' title="bbox 352 163 492 221; baseline 0 -2"><span class='ocrx_word' id='word_1_1' title='bbox 352 163 492 221; x_wconf 70' lang='grc'>1019</span> 
     </span>
    </p>
   </div>
   <div class='ocr_carea' id='block_1_2' title="bbox 1400 160 2710 221">
    <p class='ocr_par' dir='ltr' id='par_1_2' title="bbox 1400 160 2710 221">
     <span class='ocr_line' id='line_1_2' title="bbox 1400 160 2710 221; baseline 0 -2"><span class='ocrx_word' id='word_1_2' title='bbox 1400 163 1709 221; x_wconf 76' lang='lat' dir='ltr'>ARNOLDI</span> <span class='ocrx_word' id='word_1_3' title='bbox 1749 160 2341 219; x_wconf 67' lang='lat' dir='ltr'>EMMERAHMENSIS</span> <span class='ocrx_word' id='word_1_4' title='bbox 2377 162 2710 220; x_wconf 75' lang='lat' dir='ltr'>MONACHI.</span> 
     </span>
    </p>
   </div>
   <div class='ocr_carea' id='block_1_3' title="bbox 3648 164 3781 217">
    <p class='ocr_par' dir='ltr' id='par_1_3' title="bbox 3648 164 3781 217">
     <span class='ocr_line' id='line_1_3' title="bbox 3648 164 3781 217; baseline 0.015 -2"><span class='ocrx_word' id='word_1_5' title='bbox 3648 164 3781 217; x_wconf 65' lang='grc' dir='ltr'>ιω</span> 
     </span>
    </p>
   </div>
   <div class='ocr_carea' id='block_1_4' title="bbox 350 283 3796 360">
    <p class='ocr_par' dir='ltr' id='par_1_4' title="bbox 350 283 3796 360">
     <span class='ocr_line' id='line_1_4' title="bbox 350 283 3796 360; baseline -0.001 -18"><span class='ocrx_word' id='word_1_6' title='bbox 350 286 762 344; x_wconf 83' lang='lat' dir='ltr'>convenientia</span> <span class='ocrx_word' id='word_1_7' title='bbox 784 285 991 341; x_wconf 84' lang='lat' dir='ltr'>Priscae</span> <span class='ocrx_word' id='word_1_8' title='bbox 1018 285 1401 358; x_wconf 84' lang='lat' dir='ltr'>respondeat,</span> <span class='ocrx_word' id='word_1_9' title='bbox 1436 287 1701 344; x_wconf 84' lang='lat' dir='ltr'>Christus</span> <span class='ocrx_word' id='word_1_10' title='bbox 1731 288 1791 343; x_wconf 91' lang='lat' dir='ltr'>in</span> <span class='ocrx_word' id='word_1_11' title='bbox 1818 289 2004 342; x_wconf 90' lang='lat' dir='ltr'>Evan-</span> <span class='ocrx_word' id='word_1_12' title='bbox 2042 284 2091 338; x_wconf 80' lang='grc' dir='ltr'>Α</span> <span class='ocrx_word' id='word_1_13' title='bbox 2122 284 2278 341; x_wconf 92' lang='lat' dir='ltr'>dinis</span> <span class='ocrx_word' id='word_1_14' title='bbox 2303 289 2438 353; x_wconf 67' lang='lat' dir='ltr'>tuae,</span> <span class='ocrx_word' id='word_1_15' title='bbox 2494 287 2763 357; x_wconf 82' lang='lat' dir='ltr'>Domine,</span> <span class='ocrx_word' id='word_1_16' title='bbox 2813 303 3002 360; x_wconf 90' lang='lat' dir='ltr'>quam</span> <span class='ocrx_word' id='word_1_17' title='bbox 3032 285 3401 343; x_wconf 80' lang='lat' dir='ltr'>abscondisti</span> <span class='ocrx_word' id='word_1_18' title='bbox 3430 283 3796 342; x_wconf 82' lang='lat' dir='ltr'>timentibus</span> 
     </span>
    </p>
   </div>
   <div class='ocr_carea' id='block_1_5' title="bbox 353 373 2009 449">
    <p class='ocr_par' dir='ltr' id='par_1_5' title="bbox 353 373 2009 449">
     <span class='ocr_line' id='line_1_5' title="bbox 353 373 2009 449; baseline -0.002 -16"><span class='ocrx_word' id='word_1_19' title='bbox 353 376 505 447; x_wconf 87' lang='lat' dir='ltr'>gelio</span> <span class='ocrx_word' id='word_1_20' title='bbox 535 391 644 430; x_wconf 90' lang='lat' dir='ltr'>suo</span> <span class='ocrx_word' id='word_1_21' title='bbox 673 373 954 447; x_wconf 83' lang='lat' dir='ltr'>paliﬁcat,</span> <span class='ocrx_word' id='word_1_22' title='bbox 980 375 1086 448; x_wconf 86' lang='lat' dir='ltr'>qui</span> <span class='ocrx_word' id='word_1_23' title='bbox 1110 375 1231 430; x_wconf 90' lang='lat' dir='ltr'>duo</span> <span class='ocrx_word' id='word_1_24' title='bbox 1248 376 1531 449; x_wconf 82' lang='lat' dir='ltr'>pauperis</span> <span class='ocrx_word' id='word_1_25' title='bbox 1560 377 1749 433; x_wconf 84' lang='lat' dir='ltr'>viduae</span> <span class='ocrx_word' id='word_1_26' title='bbox 1780 375 2009 432; x_wconf 89' lang='lat' dir='ltr'>minuta</span> 
     </span>
    </p>
   </div>
   <div class='ocr_carea' id='block_1_6' title="bbox 349 464 2007 541">
    <p class='ocr_par' dir='ltr' id='par_1_6' title="bbox 349 464 2007 541">
     <span class='ocr_line' id='line_1_6' title="bbox 349 464 2007 541; baseline -0.001 -18"><span class='ocrx_word' id='word_1_27' title='bbox 349 464 606 541; x_wconf 71' lang='lat' dir='ltr'>praetulit</span> <span class='ocrx_word' id='word_1_28' title='bbox 630 464 723 520; x_wconf 86' lang='lat' dir='ltr'>his</span> <span class='ocrx_word' id='word_1_29' title='bbox 751 480 884 537; x_wconf 78' lang='lat' dir='ltr'>quae</span> <span class='ocrx_word' id='word_1_30' title='bbox 906 465 1117 521; x_wconf 87' lang='lat' dir='ltr'>divites</span> <span class='ocrx_word' id='word_1_31' title='bbox 1130 466 1459 538; x_wconf 89' lang='lat' dir='ltr'>jactabant,</span> <span class='ocrx_word' id='word_1_32' title='bbox 1484 484 1587 523; x_wconf 91' lang='lat' dir='ltr'>seu</span> <span class='ocrx_word' id='word_1_33' title='bbox 1614 467 1669 523; x_wconf 92' lang='lat' dir='ltr'>in</span> <span class='ocrx_word' id='word_1_34' title='bbox 1706 467 2007 539; x_wconf 84' lang='lat' dir='ltr'>gazophy-</span> 
     </span>
    </p>
   </div>
   <div class='ocr_carea' id='block_1_7' title="bbox 348 553 2010 628">
    <p class='ocr_par' dir='ltr' id='par_1_7' title="bbox 348 553 2010 628">
     <span class='ocr_line' id='line_1_7' title="bbox 348 553 2010 628; baseline -0.001 -16"><span class='ocrx_word' id='word_1_35' title='bbox 348 554 569 612; x_wconf 90' lang='lat' dir='ltr'>lacium</span> <span class='ocrx_word' id='word_1_36' title='bbox 597 553 916 611; x_wconf 80' lang='lat' dir='ltr'>mittebant</span> <span class='ocrx_word' id='word_1_37' title='bbox 946 556 1157 622; x_wconf 82' lang='lat' dir='ltr'>(Marc.</span> <span class='ocrx_word' id='word_1_38' title='bbox 1184 573 1266 612; x_wconf 88' lang='lat' dir='ltr'>xu</span> <span class='ocrx_word' id='word_1_39' title='bbox 1293 575 1306 625; x_wconf 89' lang='lat'><strong>;</strong></span> <span class='ocrx_word' id='word_1_40' title='bbox 1338 558 1481 614; x_wconf 85' lang='lat' dir='ltr'>Luc.</span> <span class='ocrx_word' id='word_1_41' title='bbox 1513 558 1654 628; x_wconf 71' lang='lat' dir='ltr'>xxx).</span> <span class='ocrx_word' id='word_1_42' title='bbox 1682 557 1853 624; x_wconf 84' lang='lat' dir='ltr'>Quod</span> <span class='ocrx_word' id='word_1_43' title='bbox 1882 555 2010 628; x_wconf 91' lang='lat' dir='ltr'>qui-</span> 
     </span>
    </p>
   </div>
   <div class='ocr_carea' id='block_1_8' title="bbox 347 642 2010 719">
    <p class='ocr_par' dir='ltr' id='par_1_8' title="bbox 347 642 2010 719">
     <span class='ocr_line' id='line_1_8' title="bbox 347 642 2010 719; baseline 0.001 -19"><span class='ocrx_word' id='word_1_44' title='bbox 347 644 493 700; x_wconf 90' lang='lat' dir='ltr'>dam</span> <span class='ocrx_word' id='word_1_45' title='bbox 520 642 611 700; x_wconf 86' lang='lat' dir='ltr'>vir</span> <span class='ocrx_word' id='word_1_46' title='bbox 640 642 837 701; x_wconf 80' lang='lat' dir='ltr'>ofﬁcio</span> <span class='ocrx_word' id='word_1_47' title='bbox 864 645 1228 717; x_wconf 86' lang='lat' dir='ltr'>apostolicus</span> <span class='ocrx_word' id='word_1_48' title='bbox 1250 650 1307 701; x_wconf 91' lang='lat' dir='ltr'>et</span> <span class='ocrx_word' id='word_1_49' title='bbox 1332 647 1564 714; x_wconf 90' lang='lat' dir='ltr'>merito,</span> <span class='ocrx_word' id='word_1_50' title='bbox 1594 647 1833 718; x_wconf 86' lang='lat' dir='ltr'>egregia</span> <span class='ocrx_word' id='word_1_51' title='bbox 1861 662 2010 719; x_wconf 82' lang='lat' dir='ltr'>prae-</span> 
     </span>
    </p>
   </div>
   <div class='ocr_carea' id='block_1_9' title="bbox 348 732 2009 808">
    <p class='ocr_par' dir='ltr' id='par_1_9' title="bbox 348 732 2009 808">
     <span class='ocr_line' id='line_1_9' title="bbox 348 732 2009 808; baseline 0 -18"><span class='ocrx_word' id='word_1_52' title='bbox 348 732 646 790; x_wconf 89' lang='lat' dir='ltr'>dicatione</span> <span class='ocrx_word' id='word_1_53' title='bbox 666 734 842 806; x_wconf 86' lang='lat' dir='ltr'>quasi</span> <span class='ocrx_word' id='word_1_54' title='bbox 870 734 946 789; x_wconf 91' lang='lat' dir='ltr'>de</span> <span class='ocrx_word' id='word_1_55' title='bbox 1002 734 1153 790; x_wconf 83' lang='lat' dir='ltr'>ccelo</span> <span class='ocrx_word' id='word_1_56' title='bbox 1211 736 1518 807; x_wconf 88' lang='lat' dir='ltr'>intonans,</span> <span class='ocrx_word' id='word_1_57' title='bbox 1570 736 1826 793; x_wconf 87' lang='lat' dir='ltr'>breviter</span> <span class='ocrx_word' id='word_1_58' title='bbox 1878 750 2009 808; x_wconf 90' lang='lat' dir='ltr'>per-</span> 
     </span>
    </p>
   </div>
   <div class='ocr_carea' id='block_1_10' title="bbox 349 822 2008 895">
    <p class='ocr_par' dir='ltr' id='par_1_10' title="bbox 349 822 2008 895">
     <span class='ocr_line' id='line_1_10' title="bbox 349 822 2008 895; baseline 0.001 -17"><span class='ocrx_word' id='word_1_59' title='bbox 349 822 698 892; x_wconf 88' lang='lat' dir='ltr'>stringendo</span> <span class='ocrx_word' id='word_1_60' title='bbox 728 823 1021 895; x_wconf 83' lang='lat' dir='ltr'>exposuit,</span> <span class='ocrx_word' id='word_1_61' title='bbox 1050 823 1255 880; x_wconf 89' lang='lat' dir='ltr'>dicens</span> <span class='ocrx_word' id='word_1_62' title='bbox 1291 843 1303 879; x_wconf 90' lang='lat'><strong>:</strong></span> <span class='ocrx_word' id='word_1_63' title='bbox 1335 845 1366 879; x_wconf 87' lang='grc'><strong>‹</strong></span> <span class='ocrx_word' id='word_1_64' title='bbox 1404 826 1680 895; x_wconf 78' lang='lat' dir='ltr'>Regnum</span> <span class='ocrx_word' id='word_1_65' title='bbox 1720 826 2008 881; x_wconf 80' lang='lat' dir='ltr'>caelorum</span> 
     </span>
    </p>
   </div>
   <div class='ocr_carea' id='block_1_11' title="bbox 348 912 2008 984">
    <p class='ocr_par' dir='ltr' id='par_1_11' title="bbox 348 912 2008 984">
     <span class='ocr_line' id='line_1_11' title="bbox 348 912 2008 984; baseline 0.001 -15"><span class='ocrx_word' id='word_1_66' title='bbox 348 912 523 979; x_wconf 88' lang='lat' dir='ltr'>valet,</span> <span class='ocrx_word' id='word_1_67' title='bbox 582 916 878 984; x_wconf 88' lang='lat' dir='ltr'>quantum</span> <span class='ocrx_word' id='word_1_68' title='bbox 926 913 1138 970; x_wconf 86' lang='lat' dir='ltr'>habes.</span> <span class='ocrx_word' id='word_1_69' title='bbox 1183 937 1211 964; x_wconf 86' lang='lat'>»</span> <span class='ocrx_word' id='word_1_70' title='bbox 1269 915 1372 970; x_wconf 86' lang='lat' dir='ltr'>Cui</span> <span class='ocrx_word' id='word_1_71' title='bbox 1425 916 1642 971; x_wconf 85' lang='lat' dir='ltr'>scilicet</span> <span class='ocrx_word' id='word_1_72' title='bbox 1706 915 2008 971; x_wconf 68' lang='lat' dir='ltr'>sententiae</span> 
     </span>
    </p>
   </div>
   <div class='ocr_carea' id='block_1_12' title="bbox 350 1002 2004 1078">
    <p class='ocr_par' dir='ltr' id='par_1_12' title="bbox 350 1002 2004 1078">
     <span class='ocr_line' id='line_1_12' title="bbox 350 1002 2004 1078; baseline 0.001 -18"><span class='ocrx_word' id='word_1_73' title='bbox 350 1002 679 1060; x_wconf 85' lang='lat' dir='ltr'>concordat</span> <span class='ocrx_word' id='word_1_74' title='bbox 732 1003 899 1076; x_wconf 92' lang='lat' dir='ltr'>quod</span> <span class='ocrx_word' id='word_1_75' title='bbox 956 1020 1126 1060; x_wconf 90' lang='lat' dir='ltr'>sacra</span> <span class='ocrx_word' id='word_1_76' title='bbox 1184 1006 1487 1078; x_wconf 88' lang='lat' dir='ltr'>Scriptura</span> <span class='ocrx_word' id='word_1_77' title='bbox 1535 1007 1684 1062; x_wconf 87' lang='lat' dir='ltr'>alias</span> <span class='ocrx_word' id='word_1_78' title='bbox 1739 1007 2004 1062; x_wconf 89' lang='lat' dir='ltr'>clamat:</span> 
     </span>
    </p>
   </div>
   <div class='ocr_carea' id='block_1_13' title="bbox 354 1091 2005 1167">
    <p class='ocr_par' dir='ltr' id='par_1_13' title="bbox 354 1091 2005 1167">
     <span class='ocr_line' id='line_1_13' title="bbox 354 1091 2005 1167; baseline 0.004 -25"><span class='ocrx_word' id='word_1_79' title='bbox 354 1114 382 1142; x_wconf 84' lang='grc'>‹‹</span> <span class='ocrx_word' id='word_1_80' title='bbox 416 1091 522 1149; x_wconf 89' lang='lat' dir='ltr'>Cui</span> <span class='ocrx_word' id='word_1_81' title='bbox 550 1091 685 1163; x_wconf 90' lang='lat' dir='ltr'>plus</span> <span class='ocrx_word' id='word_1_82' title='bbox 711 1092 1119 1163; x_wconf 76' lang='lat' dir='ltr'>committitur,</span> <span class='ocrx_word' id='word_1_83' title='bbox 1166 1095 1304 1167; x_wconf 87' lang='lat' dir='ltr'>plus</span> <span class='ocrx_word' id='word_1_84' title='bbox 1332 1096 1411 1152; x_wconf 88' lang='lat' dir='ltr'>ab</span> <span class='ocrx_word' id='word_1_85' title='bbox 1441 1112 1512 1151; x_wconf 93' lang='lat' dir='ltr'>eo</span> <span class='ocrx_word' id='word_1_86' title='bbox 1543 1097 1794 1166; x_wconf 82' lang='lat' dir='ltr'>exigitur</span> <span class='ocrx_word' id='word_1_87' title='bbox 1843 1097 2005 1163; x_wconf 81' lang='lat' dir='ltr'>(Luc.</span> 
     </span>
    </p>
   </div>
   <div class='ocr_carea' id='block_1_14' title="bbox 351 1182 549 1252">
    <p class='ocr_par' dir='ltr' id='par_1_14' title="bbox 351 1182 549 1252">
     <span class='ocr_line' id='line_1_14' title="bbox 351 1182 549 1252; baseline 0 -15"><span class='ocrx_word' id='word_1_88' title='bbox 351 1182 474 1252; x_wconf 88' lang='lat' dir='ltr'>xu).</span> <span class='ocrx_word' id='word_1_89' title='bbox 522 1202 549 1230; x_wconf 70' lang='grc' dir='ltr'><em>η</em></span> 
     </span>
    </p>
   </div>
   <div class='ocr_carea' id='block_1_15' title="bbox 425 1268 2009 1347">
    <p class='ocr_par' dir='ltr' id='par_1_15' title="bbox 425 1268 2009 1347">
     <span class='ocr_line' id='line_1_15' title="bbox 425 1268 2009 1347; baseline 0.003 -23"><span class='ocrx_word' id='word_1_90' title='bbox 425 1268 591 1325; x_wconf 92' lang='lat' dir='ltr'>Unde</span> <span class='ocrx_word' id='word_1_91' title='bbox 619 1268 669 1324; x_wconf 89' lang='lat' dir='ltr'>is</span> <span class='ocrx_word' id='word_1_92' title='bbox 694 1269 799 1342; x_wconf 88' lang='lat' dir='ltr'>qui</span> <span class='ocrx_word' id='word_1_93' title='bbox 824 1270 1082 1327; x_wconf 91' lang='lat' dir='ltr'>multum</span> <span class='ocrx_word' id='word_1_94' title='bbox 1111 1272 1294 1329; x_wconf 90' lang='lat' dir='ltr'>habet</span> <span class='ocrx_word' id='word_1_95' title='bbox 1321 1278 1379 1329; x_wconf 90' lang='lat' dir='ltr'>et</span> <span class='ocrx_word' id='word_1_96' title='bbox 1405 1274 1553 1330; x_wconf 91' lang='lat' dir='ltr'>illud</span> <span class='ocrx_word' id='word_1_97' title='bbox 1585 1274 1849 1347; x_wconf 77' lang='lat' dir='ltr'>Apostoli</span> <span class='ocrx_word' id='word_1_98' title='bbox 1879 1274 2009 1329; x_wconf 91' lang='lat' dir='ltr'>dili-</span> 
     </span>
    </p>
   </div>
   <div class='ocr_carea' id='block_1_16' title="bbox 354 1358 2010 1433">
    <p class='ocr_par' dir='ltr' id='par_1_16' title="bbox 354 1358 2010 1433">
     <span class='ocr_line' id='line_1_16' title="bbox 354 1358 2010 1433; baseline 0.004 -21"><span class='ocrx_word' id='word_1_99' title='bbox 354 1362 558 1427; x_wconf 83' lang='lat' dir='ltr'>genter</span> <span class='ocrx_word' id='word_1_100' title='bbox 587 1358 889 1415; x_wconf 91' lang='lat' dir='ltr'>attendere</span> <span class='ocrx_word' id='word_1_101' title='bbox 916 1359 1094 1416; x_wconf 92' lang='lat' dir='ltr'>debet</span> <span class='ocrx_word' id='word_1_102' title='bbox 1148 1380 1160 1416; x_wconf 88' lang='lat'><strong>:</strong></span> <span class='ocrx_word' id='word_1_103' title='bbox 1201 1385 1227 1411; x_wconf 85' lang='lat'><strong>«</strong></span> <span class='ocrx_word' id='word_1_104' title='bbox 1260 1363 1368 1427; x_wconf 88' lang='lat' dir='ltr'>Qui</span> <span class='ocrx_word' id='word_1_105' title='bbox 1426 1363 1733 1433; x_wconf 84' lang='lat' dir='ltr'>gloriatur,</span> <span class='ocrx_word' id='word_1_106' title='bbox 1780 1364 1839 1418; x_wconf 90' lang='lat' dir='ltr'>in</span> <span class='ocrx_word' id='word_1_107' title='bbox 1898 1366 2010 1418; x_wconf 93' lang='lat' dir='ltr'>Do-</span> 
     </span>
    </p>
   </div>
   <div class='ocr_carea' id='block_1_17' title="bbox 353 1444 2009 1516">
    <p class='ocr_par' dir='ltr' id='par_1_17' title="bbox 353 1444 2009 1516">
     <span class='ocr_line' id='line_1_17' title="bbox 353 1444 2009 1516; baseline 0.004 -16"><span class='ocrx_word' id='word_1_108' title='bbox 353 1444 518 1501; x_wconf 89' lang='lat' dir='ltr'>mino</span> <span class='ocrx_word' id='word_1_109' title='bbox 549 1446 831 1514; x_wconf 82' lang='lat' dir='ltr'>glorietur</span> <span class='ocrx_word' id='word_1_110' title='bbox 864 1449 917 1503; x_wconf 82' lang='lat' dir='ltr'>.’I</span> <span class='ocrx_word' id='word_1_111' title='bbox 942 1450 1077 1504; x_wconf 82' lang='lat' dir='ltr'>Cor.</span> <span class='ocrx_word' id='word_1_112' title='bbox 1112 1452 1169 1515; x_wconf 87' lang='grc' dir='ltr'>ι).</span> <span class='ocrx_word' id='word_1_113' title='bbox 1217 1474 1243 1498; x_wconf 86' lang='grc'><strong>››</strong></span> <span class='ocrx_word' id='word_1_114' title='bbox 1285 1452 1395 1516; x_wconf 85' lang='lat' dir='ltr'>Qui</span> <span class='ocrx_word' id='word_1_115' title='bbox 1425 1468 1565 1507; x_wconf 86' lang='lat' dir='ltr'>vero</span> <span class='ocrx_word' id='word_1_116' title='bbox 1594 1452 1794 1507; x_wconf 87' lang='lat' dir='ltr'>minus</span> <span class='ocrx_word' id='word_1_117' title='bbox 1842 1469 2009 1507; x_wconf 89' lang='lat' dir='ltr'>acce-</span> 
     </span>
    </p>
   </div>
   <div class='ocr_carea' id='block_1_18' title="bbox 352 1534 2010 1609">
    <p class='ocr_par' dir='ltr' id='par_1_18' title="bbox 352 1534 2010 1609">
     <span class='ocr_line' id='line_1_18' title="bbox 352 1534 2010 1609; baseline 0.005 -20"><span class='ocrx_word' id='word_1_118' title='bbox 352 1534 457 1607; x_wconf 89' lang='lat' dir='ltr'>pit,</span> <span class='ocrx_word' id='word_1_119' title='bbox 485 1534 546 1591; x_wconf 89' lang='lat' dir='ltr'>id</span> <span class='ocrx_word' id='word_1_120' title='bbox 569 1535 769 1608; x_wconf 86' lang='lat' dir='ltr'>ipsum</span> <span class='ocrx_word' id='word_1_121' title='bbox 803 1537 1048 1593; x_wconf 87' lang='lat' dir='ltr'>minime</span> <span class='ocrx_word' id='word_1_122' title='bbox 1079 1539 1259 1594; x_wconf 84' lang='lat' dir='ltr'>ducat</span> <span class='ocrx_word' id='word_1_123' title='bbox 1289 1539 1754 1609; x_wconf 79' lang='lat' dir='ltr'>negligendum;</span> <span class='ocrx_word' id='word_1_124' title='bbox 1804 1542 1909 1597; x_wconf 89' lang='lat' dir='ltr'>scd</span> <span class='ocrx_word' id='word_1_125' title='bbox 1936 1543 2010 1598; x_wconf 88' lang='lat' dir='ltr'>de</span> 
     </span>
    </p>
   </div>
   <div class='ocr_carea' id='block_1_19' title="bbox 2118 373 3789 449">
    <p class='ocr_par' dir='ltr' id='par_1_19' title="bbox 2118 373 3789 449">
     <span class='ocr_line' id='line_1_19' title="bbox 2118 373 3789 449; baseline -0.001 -19"><span class='ocrx_word' id='word_1_126' title='bbox 2118 377 2172 430; x_wconf 89' lang='lat' dir='ltr'>te</span> <span class='ocrx_word' id='word_1_127' title='bbox 2200 375 2212 428; x_wconf 89' lang='lat'><strong>!</strong></span> <span class='ocrx_word' id='word_1_128' title='bbox 2242 375 2427 443; x_wconf 87' lang='lat' dir='ltr'>(Psal.</span> <span class='ocrx_word' id='word_1_129' title='bbox 2462 379 2624 449; x_wconf 87' lang='lat' dir='ltr'>xxx).</span> <span class='ocrx_word' id='word_1_130' title='bbox 2660 400 2687 427; x_wconf 82' lang='lat'><strong>»</strong></span> <span class='ocrx_word' id='word_1_131' title='bbox 2722 381 2783 432; x_wconf 90' lang='lat' dir='ltr'>Et</span> <span class='ocrx_word' id='word_1_132' title='bbox 2812 378 3030 434; x_wconf 86' lang='lat' dir='ltr'>iterum</span> <span class='ocrx_word' id='word_1_133' title='bbox 3065 394 3077 430; x_wconf 94' lang='lat'>:</span> <span class='ocrx_word' id='word_1_134' title='bbox 3108 398 3137 424; x_wconf 83' lang='lat'><strong>«</strong></span> <span class='ocrx_word' id='word_1_135' title='bbox 3168 375 3409 431; x_wconf 82' lang='lat' dir='ltr'>Auditui</span> <span class='ocrx_word' id='word_1_136' title='bbox 3432 390 3579 430; x_wconf 85' lang='lat' dir='ltr'>meo</span> <span class='ocrx_word' id='word_1_137' title='bbox 3609 373 3789 429; x_wconf 75' lang='lat' dir='ltr'>dabis</span> 
     </span>
    </p>
   </div>
   <div class='ocr_carea' id='block_1_20' title="bbox 2118 462 3788 537">
    <p class='ocr_par' dir='ltr' id='par_1_20' title="bbox 2118 462 3788 537">
     <span class='ocr_line' id='line_1_20' title="bbox 2118 462 3788 537; baseline -0.001 -18"><span class='ocrx_word' id='word_1_138' title='bbox 2118 464 2407 533; x_wconf 79' lang='lat' dir='ltr'>gaudium</span> <span class='ocrx_word' id='word_1_139' title='bbox 2438 471 2495 522; x_wconf 91' lang='lat' dir='ltr'>et</span> <span class='ocrx_word' id='word_1_140' title='bbox 2524 462 2811 537; x_wconf 83' lang='lat' dir='ltr'>laetitiam,</span> <span class='ocrx_word' id='word_1_141' title='bbox 2861 471 2919 522; x_wconf 91' lang='lat' dir='ltr'>et</span> <span class='ocrx_word' id='word_1_142' title='bbox 2966 465 3355 522; x_wconf 87' lang='lat' dir='ltr'>exsultabunt</span> <span class='ocrx_word' id='word_1_143' title='bbox 3400 480 3549 521; x_wconf 83' lang='lat' dir='ltr'>ossa</span> <span class='ocrx_word' id='word_1_144' title='bbox 3586 464 3788 519; x_wconf 71' lang='lat' dir='ltr'>humi-</span> 
     </span>
    </p>
   </div>
   <div class='ocr_carea' id='block_1_21' title="bbox 2116 553 3899 628">
    <p class='ocr_par' dir='ltr' id='par_1_21' title="bbox 2116 553 3899 628">
     <span class='ocr_line' id='line_1_21' title="bbox 2116 553 3899 628; baseline -0.002 -19"><span class='ocrx_word' id='word_1_145' title='bbox 2116 553 2258 610; x_wconf 88' lang='lat' dir='ltr'>liata</span> <span class='ocrx_word' id='word_1_146' title='bbox 2286 554 2529 625; x_wconf 81' lang='lat' dir='ltr'>(Psalm.</span> <span class='ocrx_word' id='word_1_147' title='bbox 2559 560 2634 627; x_wconf 63' lang='grc' dir='ltr'>ιι).</span> <span class='ocrx_word' id='word_1_148' title='bbox 2680 579 2708 606; x_wconf 83' lang='grc'><strong>››</strong></span> <span class='ocrx_word' id='word_1_149' title='bbox 2749 557 2930 628; x_wconf 82' lang='lat' dir='ltr'>Cujus</span> <span class='ocrx_word' id='word_1_150' title='bbox 2968 555 3264 612; x_wconf 88' lang='lat' dir='ltr'>desiderio</span> <span class='ocrx_word' id='word_1_151' title='bbox 3294 554 3657 620; x_wconf 85' lang='lat' dir='ltr'>delectatus,</span> <span class='ocrx_word' id='word_1_152' title='bbox 3696 569 3793 608; x_wconf 82' lang='lat' dir='ltr'>no-</span> <span class='ocrx_word' id='word_1_153' title='bbox 3898 568 3899 591; x_wconf 61' lang='grc' dir='ltr'>ι</span> 
     </span>
    </p>
   </div>
   <div class='ocr_carea' id='block_1_22' title="bbox 2116 642 3791 715">
    <p class='ocr_par' dir='ltr' id='par_1_22' title="bbox 2116 642 3791 715">
     <span class='ocr_line' id='line_1_22' title="bbox 2116 642 3791 715; baseline -0.002 -17"><span class='ocrx_word' id='word_1_154' title='bbox 2116 644 2263 699; x_wconf 90' lang='lat' dir='ltr'>mini</span> <span class='ocrx_word' id='word_1_155' title='bbox 2292 648 2397 699; x_wconf 89' lang='lat' dir='ltr'>tuo</span> <span class='ocrx_word' id='word_1_156' title='bbox 2423 645 2747 712; x_wconf 89' lang='lat' dir='ltr'>credentes,</span> <span class='ocrx_word' id='word_1_157' title='bbox 2780 646 2841 701; x_wconf 91' lang='lat' dir='ltr'>in</span> <span class='ocrx_word' id='word_1_158' title='bbox 2866 645 2987 701; x_wconf 84' lang='lat' dir='ltr'>ﬁne</span> <span class='ocrx_word' id='word_1_159' title='bbox 3012 644 3411 708; x_wconf 88' lang='lat' dir='ltr'>Psalmorum,</span> <span class='ocrx_word' id='word_1_160' title='bbox 3441 644 3520 699; x_wconf 87' lang='lat' dir='ltr'>ad</span> <span class='ocrx_word' id='word_1_161' title='bbox 3554 642 3791 715; x_wconf 76' lang='lat' dir='ltr'>perfec-</span> 
     </span>
    </p>
   </div>
   <div class='ocr_carea' id='block_1_23' title="bbox 2117 732 3797 807">
    <p class='ocr_par' dir='ltr' id='par_1_23' title="bbox 2117 732 3797 807">
     <span class='ocr_line' id='line_1_23' title="bbox 2117 732 3797 807; baseline -0.001 -19"><span class='ocrx_word' id='word_1_162' title='bbox 2117 732 2292 788; x_wconf 91' lang='lat' dir='ltr'>tionis</span> <span class='ocrx_word' id='word_1_163' title='bbox 2322 733 2531 789; x_wconf 90' lang='lat' dir='ltr'>laudes</span> <span class='ocrx_word' id='word_1_164' title='bbox 2561 751 2919 807; x_wconf 85' lang='lat' dir='ltr'>provocans,</span> <span class='ocrx_word' id='word_1_165' title='bbox 2954 734 3036 790; x_wconf 85' lang='lat' dir='ltr'>ait</span> <span class='ocrx_word' id='word_1_166' title='bbox 3064 752 3076 789; x_wconf 92' lang='lat'><strong>:</strong></span> <span class='ocrx_word' id='word_1_167' title='bbox 3112 757 3138 783; x_wconf 87' lang='grc'>‹‹</span> <span class='ocrx_word' id='word_1_168' title='bbox 3170 733 3432 790; x_wconf 86' lang='lat' dir='ltr'>Laudate</span> <span class='ocrx_word' id='word_1_169' title='bbox 3456 732 3797 788; x_wconf 84' lang='lat' dir='ltr'>Dominum</span> 
     </span>
    </p>
   </div>
   <div class='ocr_carea' id='block_1_24' title="bbox 2116 820 3797 895">
    <p class='ocr_par' dir='ltr' id='par_1_24' title="bbox 2116 820 3797 895">
     <span class='ocr_line' id='line_1_24' title="bbox 2116 820 3797 895; baseline -0.001 -19"><span class='ocrx_word' id='word_1_170' title='bbox 2116 823 2179 877; x_wconf 88' lang='lat' dir='ltr'>in</span> <span class='ocrx_word' id='word_1_171' title='bbox 2211 822 2507 895; x_wconf 77' lang='lat' dir='ltr'>cymbalis</span> <span class='ocrx_word' id='word_1_172' title='bbox 2560 824 2713 879; x_wconf 90' lang='lat' dir='ltr'>bene</span> <span class='ocrx_word' id='word_1_173' title='bbox 2771 823 3172 891; x_wconf 88' lang='lat' dir='ltr'>sonantibus;</span> <span class='ocrx_word' id='word_1_174' title='bbox 3230 822 3472 878; x_wconf 85' lang='lat' dir='ltr'>laudate</span> <span class='ocrx_word' id='word_1_175' title='bbox 3530 836 3690 876; x_wconf 89' lang='lat' dir='ltr'>eum</span> <span class='ocrx_word' id='word_1_176' title='bbox 3739 820 3797 875; x_wconf 88' lang='lat' dir='ltr'>in</span> 
     </span>
    </p>
   </div>
   <div class='ocr_carea' id='block_1_25' title="bbox 2118 910 3797 983">
    <p class='ocr_par' dir='ltr' id='par_1_25' title="bbox 2118 910 3797 983">
     <span class='ocr_line' id='line_1_25' title="bbox 2118 910 3797 983; baseline -0.001 -17"><span class='ocrx_word' id='word_1_177' title='bbox 2118 912 2411 983; x_wconf 83' lang='lat' dir='ltr'>cymbalis</span> <span class='ocrx_word' id='word_1_178' title='bbox 2460 912 2829 983; x_wconf 91' lang='lat' dir='ltr'>jubilationis</span> <span class='ocrx_word' id='word_1_179' title='bbox 2880 914 3067 981; x_wconf 72' lang='lat' dir='ltr'>(Psal.</span> <span class='ocrx_word' id='word_1_180' title='bbox 3110 914 3217 975; x_wconf 77' lang='lat' dir='ltr'>CL).</span> <span class='ocrx_word' id='word_1_181' title='bbox 3252 933 3278 960; x_wconf 84' lang='lat'>»</span> <span class='ocrx_word' id='word_1_182' title='bbox 3323 910 3797 967; x_wconf 61' lang='lat' dir='ltr'>Ecce‘humane</span> 
     </span>
    </p>
   </div>
   <div class='ocr_carea' id='block_1_26' title="bbox 2118 1000 3796 1073">
    <p class='ocr_par' dir='ltr' id='par_1_26' title="bbox 2118 1000 3796 1073">
     <span class='ocr_line' id='line_1_26' title="bbox 2118 1000 3796 1073; baseline -0.001 -18"><span class='ocrx_word' id='word_1_183' title='bbox 2118 1000 2325 1055; x_wconf 87' lang='lat' dir='ltr'>salutis</span> <span class='ocrx_word' id='word_1_184' title='bbox 2350 1007 2612 1069; x_wconf 81' lang='lat' dir='ltr'>Amator,</span> <span class='ocrx_word' id='word_1_185' title='bbox 2629 1002 2862 1071; x_wconf 79' lang='lat' dir='ltr'>generis</span> <span class='ocrx_word' id='word_1_186' title='bbox 2889 1001 3078 1059; x_wconf 75' lang='lat' dir='ltr'>nastri</span> <span class='ocrx_word' id='word_1_187' title='bbox 3111 1004 3314 1057; x_wconf 85' lang='lat' dir='ltr'>Factor</span> <span class='ocrx_word' id='word_1_188' title='bbox 3342 1006 3399 1056; x_wconf 90' lang='lat' dir='ltr'>et</span> <span class='ocrx_word' id='word_1_189' title='bbox 3429 1002 3796 1073; x_wconf 81' lang='lat' dir='ltr'>Reparator,</span> 
     </span>
    </p>
   </div>
   <div class='ocr_carea' id='block_1_27' title="bbox 2118 1087 3798 1164">
    <p class='ocr_par' dir='ltr' id='par_1_27' title="bbox 2118 1087 3798 1164">
     <span class='ocr_line' id='line_1_27' title="bbox 2118 1087 3798 1164; baseline -0.001 -20"><span class='ocrx_word' id='word_1_190' title='bbox 2118 1089 2433 1162; x_wconf 88' lang='lat' dir='ltr'>quietiam</span> <span class='ocrx_word' id='word_1_191' title='bbox 2460 1091 2760 1161; x_wconf 87' lang='lat' dir='ltr'>benignus</span> <span class='ocrx_word' id='word_1_192' title='bbox 2791 1107 2856 1147; x_wconf 90' lang='lat' dir='ltr'>es</span> <span class='ocrx_word' id='word_1_193' title='bbox 2902 1106 3080 1164; x_wconf 88' lang='lat' dir='ltr'>super</span> <span class='ocrx_word' id='word_1_194' title='bbox 3136 1090 3403 1160; x_wconf 86' lang='lat' dir='ltr'>ingratos</span> <span class='ocrx_word' id='word_1_195' title='bbox 3449 1095 3507 1144; x_wconf 87' lang='lat' dir='ltr'>et</span> <span class='ocrx_word' id='word_1_196' title='bbox 3569 1087 3798 1153; x_wconf 82' lang='lat' dir='ltr'>malos,</span> 
     </span>
    </p>
   </div>
   <div class='ocr_carea' id='block_1_28' title="bbox 2117 1180 3799 1254">
    <p class='ocr_par' dir='ltr' id='par_1_28' title="bbox 2117 1180 3799 1254">
     <span class='ocr_line' id='line_1_28' title="bbox 2117 1180 3799 1254; baseline -0.002 -19"><span class='ocrx_word' id='word_1_197' title='bbox 2117 1196 2224 1253; x_wconf 90' lang='lat' dir='ltr'>per</span> <span class='ocrx_word' id='word_1_198' title='bbox 2248 1196 2437 1253; x_wconf 90' lang='lat' dir='ltr'>parva</span> <span class='ocrx_word' id='word_1_199' title='bbox 2468 1198 2538 1237; x_wconf 90' lang='lat' dir='ltr'>ac</span> <span class='ocrx_word' id='word_1_200' title='bbox 2566 1181 2939 1237; x_wconf 89' lang='lat' dir='ltr'>insensibilia</span> <span class='ocrx_word' id='word_1_201' title='bbox 2963 1180 3231 1254; x_wconf 90' lang='lat' dir='ltr'>operaris</span> <span class='ocrx_word' id='word_1_202' title='bbox 3262 1194 3639 1249; x_wconf 87' lang='lat' dir='ltr'>magna,nec</span> <span class='ocrx_word' id='word_1_203' title='bbox 3672 1194 3799 1233; x_wconf 89' lang='lat' dir='ltr'>non</span> 
     </span>
    </p>
   </div>
   <div class='ocr_carea' id='block_1_29' title="bbox 2119 1269 3800 1335">
    <p class='ocr_par' dir='ltr' id='par_1_29' title="bbox 2119 1269 3800 1335">
     <span class='ocr_line' id='line_1_29' title="bbox 2119 1269 3800 1335; baseline -0.001 -11"><span class='ocrx_word' id='word_1_204' title='bbox 2119 1270 2433 1335; x_wconf 85' lang='lat' dir='ltr'>mirabilia,</span> <span class='ocrx_word' id='word_1_205' title='bbox 2466 1274 2531 1326; x_wconf 91' lang='lat' dir='ltr'>ut</span> <span class='ocrx_word' id='word_1_206' title='bbox 2559 1271 2834 1327; x_wconf 91' lang='lat' dir='ltr'>homines</span> <span class='ocrx_word' id='word_1_207' title='bbox 2869 1271 3147 1327; x_wconf 83' lang='lat' dir='ltr'>cordatos</span> <span class='ocrx_word' id='word_1_208' title='bbox 3204 1269 3633 1326; x_wconf 87' lang='lat' dir='ltr'>benedictione</span> <span class='ocrx_word' id='word_1_209' title='bbox 3699 1272 3800 1323; x_wconf 85' lang='lat' dir='ltr'>tua</span> 
     </span>
    </p>
   </div>
   <div class='ocr_carea' id='block_1_30' title="bbox 2120 1357 3797 1434">
    <p class='ocr_par' dir='ltr' id='par_1_30' title="bbox 2120 1357 3797 1434">
     <span class='ocr_line' id='line_1_30' title="bbox 2120 1357 3797 1434; baseline -0.001 -20"><span class='ocrx_word' id='word_1_210' title='bbox 2120 1359 2343 1416; x_wconf 77' lang='lat' dir='ltr'>efficias</span> <span class='ocrx_word' id='word_1_211' title='bbox 2378 1366 2708 1433; x_wconf 86' lang='lat' dir='ltr'>coaptatos.</span> <span class='ocrx_word' id='word_1_212' title='bbox 2744 1362 2907 1418; x_wconf 86' lang='lat' dir='ltr'>Hanc</span> <span class='ocrx_word' id='word_1_213' title='bbox 2938 1361 3236 1434; x_wconf 86' lang='lat' dir='ltr'>siquidem</span> <span class='ocrx_word' id='word_1_214' title='bbox 3263 1360 3367 1433; x_wconf 88' lang='lat' dir='ltr'>qui</span> <span class='ocrx_word' id='word_1_215' title='bbox 3406 1374 3557 1414; x_wconf 90' lang='lat' dir='ltr'>aure</span> <span class='ocrx_word' id='word_1_216' title='bbox 3586 1357 3797 1414; x_wconf 78' lang='lat' dir='ltr'>cordis</span> 
     </span>
    </p>
   </div>
   <div class='ocr_carea' id='block_1_31' title="bbox 2119 1447 3796 1523">
    <p class='ocr_par' dir='ltr' id='par_1_31' title="bbox 2119 1447 3796 1523">
     <span class='ocr_line' id='line_1_31' title="bbox 2119 1447 3796 1523; baseline -0.002 -18"><span class='ocrx_word' id='word_1_217' title='bbox 2119 1454 2512 1523; x_wconf 85' lang='lat' dir='ltr'>perceperint,</span> <span class='ocrx_word' id='word_1_218' title='bbox 2543 1456 2601 1505; x_wconf 92' lang='lat' dir='ltr'>et</span> <span class='ocrx_word' id='word_1_219' title='bbox 2627 1451 2689 1507; x_wconf 90' lang='lat' dir='ltr'>in</span> <span class='ocrx_word' id='word_1_220' title='bbox 2720 1453 2853 1523; x_wconf 89' lang='lat' dir='ltr'>ejus</span> <span class='ocrx_word' id='word_1_221' title='bbox 2876 1451 3262 1507; x_wconf 90' lang='lat' dir='ltr'>obauditione</span> <span class='ocrx_word' id='word_1_222' title='bbox 3290 1465 3484 1522; x_wconf 88' lang='lat' dir='ltr'>usque</span> <span class='ocrx_word' id='word_1_223' title='bbox 3510 1448 3579 1503; x_wconf 88' lang='lat' dir='ltr'>in</span> <span class='ocrx_word' id='word_1_224' title='bbox 3609 1447 3796 1502; x_wconf 86' lang='lat' dir='ltr'>ﬁnem</span> 
     </span>
    </p>
   </div>
   <div class='ocr_carea' id='block_1_32' title="bbox 2119 1537 3794 1613">
    <p class='ocr_par' dir='ltr' id='par_1_32' title="bbox 2119 1537 3794 1613">
     <span class='ocr_line' id='line_1_32' title="bbox 2119 1537 3794 1613; baseline -0.002 -19"><span class='ocrx_word' id='word_1_225' title='bbox 2119 1540 2646 1613; x_wconf 86' lang='lat' dir='ltr'>perseveraverint,</span> <span class='ocrx_word' id='word_1_226' title='bbox 2680 1541 2926 1598; x_wconf 89' lang='lat' dir='ltr'>minime</span> <span class='ocrx_word' id='word_1_227' title='bbox 2955 1540 3261 1613; x_wconf 89' lang='lat' dir='ltr'>pavebunt</span> <span class='ocrx_word' id='word_1_228' title='bbox 3302 1540 3363 1596; x_wconf 90' lang='lat' dir='ltr'>in</span> <span class='ocrx_word' id='word_1_229' title='bbox 3393 1538 3493 1594; x_wconf 90' lang='lat' dir='ltr'>die</span> <span class='ocrx_word' id='word_1_230' title='bbox 3524 1537 3794 1593; x_wconf 85' lang='lat' dir='ltr'>novissi-</span> 
     </span>
    </p>
   </div>
   <div class='ocr_carea' id='block_1_33' title="bbox 353 1625 3793 1704">
    <p class='ocr_par' dir='ltr' id='par_1_33' title="bbox 353 1625 3793 1704">
     <span class='ocr_line' id='line_1_33' title="bbox 353 1625 3793 1704; baseline 0.001 -26"><span class='ocrx_word' id='word_1_231' title='bbox 353 1639 424 1679; x_wconf 93' lang='lat' dir='ltr'>eo</span> <span class='ocrx_word' id='word_1_232' title='bbox 454 1639 565 1696; x_wconf 90' lang='lat' dir='ltr'>pro</span> <span class='ocrx_word' id='word_1_233' title='bbox 589 1641 766 1696; x_wconf 90' lang='lat' dir='ltr'>posse</span> <span class='ocrx_word' id='word_1_234' title='bbox 795 1630 853 1681; x_wconf 90' lang='lat' dir='ltr'>et</span> <span class='ocrx_word' id='word_1_235' title='bbox 894 1643 1070 1683; x_wconf 91' lang='lat' dir='ltr'>nosse</span> <span class='ocrx_word' id='word_1_236' title='bbox 1124 1634 1371 1684; x_wconf 88' lang='lat' dir='ltr'>conetur</span> <span class='ocrx_word' id='word_1_237' title='bbox 1423 1630 1729 1686; x_wconf 86' lang='lat' dir='ltr'>elaborare</span> <span class='ocrx_word' id='word_1_238' title='bbox 1783 1630 2009 1704; x_wconf 79' lang='lat' dir='ltr'>ahquid</span> <span class='ocrx_word' id='word_1_239' title='bbox 2049 1639 2089 1693; x_wconf 81' lang='grc' dir='ltr'><strong>Β</strong></span> <span class='ocrx_word' id='word_1_240' title='bbox 2120 1646 2242 1696; x_wconf 90' lang='lat' dir='ltr'>mo,</span> <span class='ocrx_word' id='word_1_241' title='bbox 2268 1645 2377 1686; x_wconf 90' lang='lat' dir='ltr'>nec</span> <span class='ocrx_word' id='word_1_242' title='bbox 2434 1647 2610 1686; x_wconf 90' lang='lat' dir='ltr'>aures</span> <span class='ocrx_word' id='word_1_243' title='bbox 2659 1647 2869 1686; x_wconf 90' lang='lat' dir='ltr'>eorum</span> <span class='ocrx_word' id='word_1_244' title='bbox 2928 1631 3175 1686; x_wconf 90' lang='lat' dir='ltr'>tinnient</span> <span class='ocrx_word' id='word_1_245' title='bbox 3225 1629 3303 1685; x_wconf 89' lang='lat' dir='ltr'>ab</span> <span class='ocrx_word' id='word_1_246' title='bbox 3356 1627 3576 1684; x_wconf 88' lang='lat' dir='ltr'>auditu</span> <span class='ocrx_word' id='word_1_247' title='bbox 3636 1625 3793 1683; x_wconf 79' lang='lat' dir='ltr'>malo</span> 
     </span>
    </p>
   </div>
   <div class='ocr_carea' id='block_1_34' title="bbox 353 1713 2013 1793">
    <p class='ocr_par' dir='ltr' id='par_1_34' title="bbox 353 1713 2013 1793">
     <span class='ocr_line' id='line_1_34' title="bbox 353 1713 2013 1793; baseline 0.006 -26"><span class='ocrx_word' id='word_1_248' title='bbox 353 1713 518 1785; x_wconf 91' lang='lat' dir='ltr'>quod</span> <span class='ocrx_word' id='word_1_249' title='bbox 554 1713 693 1769; x_wconf 90' lang='lat' dir='ltr'>utile</span> <span class='ocrx_word' id='word_1_250' title='bbox 721 1715 811 1771; x_wconf 89' lang='lat' dir='ltr'>sit.</span> <span class='ocrx_word' id='word_1_251' title='bbox 848 1720 908 1771; x_wconf 86' lang='lat' dir='ltr'>In</span> <span class='ocrx_word' id='word_1_252' title='bbox 940 1733 1062 1788; x_wconf 88' lang='lat' dir='ltr'>quo</span> <span class='ocrx_word' id='word_1_253' title='bbox 1106 1718 1272 1773; x_wconf 89' lang='lat' dir='ltr'>haud</span> <span class='ocrx_word' id='word_1_254' title='bbox 1320 1720 1577 1788; x_wconf 83' lang='lat' dir='ltr'>segniter</span> <span class='ocrx_word' id='word_1_255' title='bbox 1628 1722 2013 1793; x_wconf 87' lang='lat' dir='ltr'>exsequendo</span> 
     </span>
    </p>
   </div>
   <div class='ocr_carea' id='block_1_35' title="bbox 353 1802 2011 1877">
    <p class='ocr_par' dir='ltr' id='par_1_35' title="bbox 353 1802 2011 1877">
     <span class='ocr_line' id='line_1_35' title="bbox 353 1802 2011 1877; baseline 0.006 -20"><span class='ocrx_word' id='word_1_256' title='bbox 353 1802 699 1875; x_wconf 88' lang='lat' dir='ltr'>quicunque</span> <span class='ocrx_word' id='word_1_257' title='bbox 725 1803 929 1861; x_wconf 91' lang='lat' dir='ltr'>divino</span> <span class='ocrx_word' id='word_1_258' title='bbox 960 1807 1194 1862; x_wconf 88' lang='lat' dir='ltr'>muneri</span> <span class='ocrx_word' id='word_1_259' title='bbox 1232 1810 1628 1865; x_wconf 87' lang='lat' dir='ltr'>reverentiam</span> <span class='ocrx_word' id='word_1_260' title='bbox 1659 1810 2011 1877; x_wconf 80' lang='lat' dir='ltr'>exhibuerit,</span> 
     </span>
    </p>
   </div>
   <div class='ocr_carea' id='block_1_36' title="bbox 353 1890 2015 1971">
    <p class='ocr_par' dir='ltr' id='par_1_36' title="bbox 353 1890 2015 1971">
     <span class='ocr_line' id='line_1_36' title="bbox 353 1890 2015 1971; baseline 0.007 -26"><span class='ocrx_word' id='word_1_261' title='bbox 353 1890 623 1948; x_wconf 85' lang='lat' dir='ltr'>debitum</span> <span class='ocrx_word' id='word_1_262' title='bbox 654 1894 977 1949; x_wconf 81' lang='lat' dir='ltr'>exactionis</span> <span class='ocrx_word' id='word_1_263' title='bbox 1031 1896 1317 1967; x_wconf 88' lang='lat' dir='ltr'>persolvit</span> <span class='ocrx_word' id='word_1_264' title='bbox 1367 1897 1700 1970; x_wconf 70' lang='lat' dir='ltr'>Scripturaa,</span> <span class='ocrx_word' id='word_1_265' title='bbox 1749 1916 1883 1971; x_wconf 76' lang='lat' dir='ltr'>quae</span> <span class='ocrx_word' id='word_1_266' title='bbox 1928 1901 2015 1957; x_wconf 89' lang='lat' dir='ltr'>di-</span> 
     </span>
    </p>
   </div>
   <div class='ocr_carea' id='block_1_37' title="bbox 355 1980 2013 2054">
    <p class='ocr_par' dir='ltr' id='par_1_37' title="bbox 355 1980 2013 2054">
     <span class='ocr_line' id='line_1_37' title="bbox 355 1980 2013 2054; baseline 0.004 -18"><span class='ocrx_word' id='word_1_267' title='bbox 355 1980 433 2037; x_wconf 88' lang='lat' dir='ltr'>cit</span> <span class='ocrx_word' id='word_1_268' title='bbox 464 1998 476 2035; x_wconf 90' lang='lat'>:</span> <span class='ocrx_word' id='word_1_269' title='bbox 511 2003 537 2031; x_wconf 86' lang='grc'>‹‹</span> <span class='ocrx_word' id='word_1_270' title='bbox 566 1984 781 2037; x_wconf 89' lang='lat' dir='ltr'>Vovete</span> <span class='ocrx_word' id='word_1_271' title='bbox 807 1989 864 2039; x_wconf 89' lang='lat' dir='ltr'>et</span> <span class='ocrx_word' id='word_1_272' title='bbox 886 1984 1112 2039; x_wconf 91' lang='lat' dir='ltr'>reddite</span> <span class='ocrx_word' id='word_1_273' title='bbox 1146 1986 1398 2041; x_wconf 90' lang='lat' dir='ltr'>Domino</span> <span class='ocrx_word' id='word_1_274' title='bbox 1424 1990 1541 2044; x_wconf 90' lang='lat' dir='ltr'>Deo</span> <span class='ocrx_word' id='word_1_275' title='bbox 1570 1994 2013 2054; x_wconf 88' lang='lat' dir='ltr'>vestro,omnes</span> 
     </span>
    </p>
   </div>
   <div class='ocr_carea' id='block_1_38' title="bbox 355 2070 2009 2150">
    <p class='ocr_par' dir='ltr' id='par_1_38' title="bbox 355 2070 2009 2150">
     <span class='ocr_line' id='line_1_38' title="bbox 355 2070 2009 2150; baseline 0.005 -26"><span class='ocrx_word' id='word_1_276' title='bbox 355 2070 455 2142; x_wconf 91' lang='lat' dir='ltr'>qui</span> <span class='ocrx_word' id='word_1_277' title='bbox 487 2070 547 2126; x_wconf 90' lang='lat' dir='ltr'>in</span> <span class='ocrx_word' id='word_1_278' title='bbox 579 2070 826 2128; x_wconf 88' lang='lat' dir='ltr'>circuitu</span> <span class='ocrx_word' id='word_1_279' title='bbox 856 2074 986 2143; x_wconf 83' lang='lat' dir='ltr'>ejus</span> <span class='ocrx_word' id='word_1_280' title='bbox 1019 2074 1239 2130; x_wconf 76' lang='lat' dir='ltr'>atl‘ertis</span> <span class='ocrx_word' id='word_1_281' title='bbox 1272 2092 1524 2133; x_wconf 86' lang='lat' dir='ltr'>munera</span> <span class='ocrx_word' id='word_1_282' title='bbox 1557 2080 1739 2148; x_wconf 84' lang='lat' dir='ltr'>(Psal.</span> <span class='ocrx_word' id='word_1_283' title='bbox 1770 2082 1960 2150; x_wconf 82' lang='lat' dir='ltr'>Lxxv).</span> <span class='ocrx_word' id='word_1_284' title='bbox 1982 2103 2009 2127; x_wconf 88' lang='grc'><strong>››</strong></span> 
     </span>
    </p>
   </div>
   <div class='ocr_carea' id='block_1_39' title="bbox 358 2159 2013 2236">
    <p class='ocr_par' dir='ltr' id='par_1_39' title="bbox 358 2159 2013 2236">
     <span class='ocr_line' id='line_1_39' title="bbox 358 2159 2013 2236; baseline 0.007 -23"><span class='ocrx_word' id='word_1_285' title='bbox 358 2161 439 2214; x_wconf 88' lang='lat' dir='ltr'>Ex</span> <span class='ocrx_word' id='word_1_286' title='bbox 467 2159 659 2231; x_wconf 91' lang='lat' dir='ltr'>ipsius</span> <span class='ocrx_word' id='word_1_287' title='bbox 688 2162 912 2234; x_wconf 88' lang='lat' dir='ltr'>quippe</span> <span class='ocrx_word' id='word_1_288' title='bbox 942 2162 1139 2233; x_wconf 90' lang='lat' dir='ltr'>donis,</span> <span class='ocrx_word' id='word_1_289' title='bbox 1169 2163 1271 2236; x_wconf 89' lang='lat' dir='ltr'>qui</span> <span class='ocrx_word' id='word_1_290' title='bbox 1306 2166 1568 2234; x_wconf 86' lang='lat' dir='ltr'>Largitor</span> <span class='ocrx_word' id='word_1_291' title='bbox 1610 2172 1698 2222; x_wconf 89' lang='lat' dir='ltr'>est</span> <span class='ocrx_word' id='word_1_292' title='bbox 1739 2169 2013 2224; x_wconf 89' lang='lat' dir='ltr'>omnium</span> 
     </span>
    </p>
   </div>
   <div class='ocr_carea' id='block_1_40' title="bbox 354 2247 2015 2329">
    <p class='ocr_par' dir='ltr' id='par_1_40' title="bbox 354 2247 2015 2329">
     <span class='ocr_line' id='line_1_40' title="bbox 354 2247 2015 2329; baseline 0.007 -26"><span class='ocrx_word' id='word_1_293' title='bbox 354 2247 678 2315; x_wconf 90' lang='lat' dir='ltr'>bonorum,</span> <span class='ocrx_word' id='word_1_294' title='bbox 708 2251 1073 2323; x_wconf 90' lang='lat' dir='ltr'>accepimus,</span> <span class='ocrx_word' id='word_1_295' title='bbox 1103 2253 1150 2308; x_wconf 92' lang='lat' dir='ltr'>si</span> <span class='ocrx_word' id='word_1_296' title='bbox 1176 2253 1323 2324; x_wconf 90' lang='lat' dir='ltr'>quid</span> <span class='ocrx_word' id='word_1_297' title='bbox 1353 2254 1405 2310; x_wconf 93' lang='lat' dir='ltr'>ei</span> <span class='ocrx_word' id='word_1_298' title='bbox 1431 2256 1525 2327; x_wconf 89' lang='lat' dir='ltr'>pie</span> <span class='ocrx_word' id='word_1_299' title='bbox 1554 2256 1854 2329; x_wconf 75' lang='lat' dir='ltr'>digneque</span> <span class='ocrx_word' id='word_1_300' title='bbox 1877 2257 2015 2313; x_wconf 80' lang='lat' dir='ltr'>affe-</span> 
     </span>
    </p>
   </div>
   <div class='ocr_carea' id='block_1_41' title="bbox 355 2335 2012 2412">
    <p class='ocr_par' dir='ltr' id='par_1_41' title="bbox 355 2335 2012 2412">
     <span class='ocr_line' id='line_1_41' title="bbox 355 2335 2012 2412; baseline 0.007 -22"><span class='ocrx_word' id='word_1_301' title='bbox 355 2335 562 2403; x_wconf 91' lang='lat' dir='ltr'>rimus,</span> <span class='ocrx_word' id='word_1_302' title='bbox 592 2338 685 2393; x_wconf 92' lang='lat' dir='ltr'>vel</span> <span class='ocrx_word' id='word_1_303' title='bbox 715 2338 762 2393; x_wconf 92' lang='lat' dir='ltr'>si</span> <span class='ocrx_word' id='word_1_304' title='bbox 790 2339 851 2395; x_wconf 91' lang='lat' dir='ltr'>in</span> <span class='ocrx_word' id='word_1_305' title='bbox 882 2340 1086 2412; x_wconf 89' lang='lat' dir='ltr'>aliqua</span> <span class='ocrx_word' id='word_1_306' title='bbox 1114 2357 1177 2396; x_wconf 92' lang='lat' dir='ltr'>re</span> <span class='ocrx_word' id='word_1_307' title='bbox 1207 2346 1477 2398; x_wconf 86' lang='lat' dir='ltr'>votorum</span> <span class='ocrx_word' id='word_1_308' title='bbox 1507 2350 1847 2400; x_wconf 75' lang='lat' dir='ltr'>n05trorum</span> <span class='ocrx_word' id='word_1_309' title='bbox 1878 2346 2012 2401; x_wconf 90' lang='lat' dir='ltr'>red-</span> 
     </span>
    </p>
   </div>
   <div class='ocr_carea' id='block_1_42' title="bbox 356 2424 2016 2501">
    <p class='ocr_par' dir='ltr' id='par_1_42' title="bbox 356 2424 2016 2501">
     <span class='ocr_line' id='line_1_42' title="bbox 356 2424 2016 2501; baseline 0.007 -23"><span class='ocrx_word' id='word_1_310' title='bbox 356 2424 644 2481; x_wconf 88' lang='lat' dir='ltr'>ditionem</span> <span class='ocrx_word' id='word_1_311' title='bbox 704 2428 1006 2485; x_wconf 83' lang='lat' dir='ltr'>exsolvere</span> <span class='ocrx_word' id='word_1_312' title='bbox 1060 2430 1409 2501; x_wconf 84' lang='lat' dir='ltr'>poterimus.</span> <span class='ocrx_word' id='word_1_313' title='bbox 1463 2433 1605 2488; x_wconf 81' lang='lat' dir='ltr'>Hinc</span> <span class='ocrx_word' id='word_1_314' title='bbox 1660 2439 1715 2489; x_wconf 88' lang='lat' dir='ltr'>et</span> <span class='ocrx_word' id='word_1_315' title='bbox 1757 2435 2016 2490; x_wconf 82' lang='lat' dir='ltr'>Jacobus</span> 
     </span>
    </p>
   </div>
   <div class='ocr_carea' id='block_1_43' title="bbox 356 2513 2012 2591">
    <p class='ocr_par' dir='ltr' id='par_1_43' title="bbox 356 2513 2012 2591">
     <span class='ocr_line' id='line_1_43' title="bbox 356 2513 2012 2591; baseline 0.006 -22"><span class='ocrx_word' id='word_1_316' title='bbox 356 2513 683 2585; x_wconf 88' lang='lat' dir='ltr'>apostolus,</span> <span class='ocrx_word' id='word_1_317' title='bbox 750 2518 1103 2574; x_wconf 79' lang='lat' dir='ltr'>earumdem</span> <span class='ocrx_word' id='word_1_318' title='bbox 1181 2521 1630 2591; x_wconf 89' lang='lat' dir='ltr'>processionem</span> <span class='ocrx_word' id='word_1_319' title='bbox 1712 2524 2012 2579; x_wconf 89' lang='lat' dir='ltr'>donorum</span> 
     </span>
    </p>
   </div>
   <div class='ocr_carea' id='block_1_44' title="bbox 356 2603 2010 2683">
    <p class='ocr_par' dir='ltr' id='par_1_44' title="bbox 356 2603 2010 2683">
     <span class='ocr_line' id='line_1_44' title="bbox 356 2603 2010 2683; baseline 0.007 -27"><span class='ocrx_word' id='word_1_320' title='bbox 356 2603 814 2671; x_wconf 87' lang='lat' dir='ltr'>commendans,</span> <span class='ocrx_word' id='word_1_321' title='bbox 848 2605 930 2661; x_wconf 91' lang='lat' dir='ltr'>ait</span> <span class='ocrx_word' id='word_1_322' title='bbox 960 2624 973 2661; x_wconf 90' lang='lat'><strong>:</strong></span> <span class='ocrx_word' id='word_1_323' title='bbox 1011 2629 1039 2656; x_wconf 89' lang='lat'><strong>«</strong></span> <span class='ocrx_word' id='word_1_324' title='bbox 1071 2610 1257 2664; x_wconf 90' lang='lat' dir='ltr'>Omne</span> <span class='ocrx_word' id='word_1_325' title='bbox 1285 2609 1515 2665; x_wconf 90' lang='lat' dir='ltr'>donum</span> <span class='ocrx_word' id='word_1_326' title='bbox 1546 2611 1865 2667; x_wconf 88' lang='lat' dir='ltr'>desursum</span> <span class='ocrx_word' id='word_1_327' title='bbox 1903 2618 2010 2683; x_wconf 81' lang='lat' dir='ltr'>est,</span> 
     </span>
    </p>
   </div>
   <div class='ocr_carea' id='block_1_45' title="bbox 355 2689 2013 2772">
    <p class='ocr_par' dir='ltr' id='par_1_45' title="bbox 355 2689 2013 2772">
     <span class='ocr_line' id='line_1_45' title="bbox 355 2689 2013 2772; baseline 0.005 -25"><span class='ocrx_word' id='word_1_328' title='bbox 355 2689 725 2748; x_wconf 90' lang='lat' dir='ltr'>descendens</span> <span class='ocrx_word' id='word_1_329' title='bbox 752 2708 787 2749; x_wconf 90' lang='lat' dir='ltr'>a</span> <span class='ocrx_word' id='word_1_330' title='bbox 813 2696 980 2749; x_wconf 90' lang='lat' dir='ltr'>Patre</span> <span class='ocrx_word' id='word_1_331' title='bbox 1010 2694 1305 2751; x_wconf 87' lang='lat' dir='ltr'>luminum</span> <span class='ocrx_word' id='word_1_332' title='bbox 1335 2697 1483 2767; x_wconf 86' lang='lat' dir='ltr'>(Jac.</span> <span class='ocrx_word' id='word_1_333' title='bbox 1516 2704 1574 2765; x_wconf 92' lang='grc' dir='ltr'>ι).</span> <span class='ocrx_word' id='word_1_334' title='bbox 1623 2721 1648 2747; x_wconf 89' lang='grc'><strong>››</strong></span> <span class='ocrx_word' id='word_1_335' title='bbox 1701 2701 1788 2755; x_wconf 88' lang='lat' dir='ltr'>Ad</span> <span class='ocrx_word' id='word_1_336' title='bbox 1842 2702 2013 2772; x_wconf 90' lang='lat' dir='ltr'>cujus</span> 
     </span>
    </p>
   </div>
   <div class='ocr_carea' id='block_1_46' title="bbox 354 2776 2012 2860">
    <p class='ocr_par' dir='ltr' id='par_1_46' title="bbox 354 2776 2012 2860">
     <span class='ocr_line' id='line_1_46' title="bbox 354 2776 2012 2860; baseline 0.008 -28"><span class='ocrx_word' id='word_1_337' title='bbox 354 2776 853 2835; x_wconf 90' lang='lat' dir='ltr'>illuminationem</span> <span class='ocrx_word' id='word_1_338' title='bbox 882 2782 1193 2837; x_wconf 88' lang='lat' dir='ltr'>Psalmista</span> <span class='ocrx_word' id='word_1_339' title='bbox 1231 2800 1343 2838; x_wconf 88' lang='lat' dir='ltr'>nos</span> <span class='ocrx_word' id='word_1_340' title='bbox 1372 2787 1858 2860; x_wconf 88' lang='lat' dir='ltr'>appropinquare</span> <span class='ocrx_word' id='word_1_341' title='bbox 1911 2808 2012 2846; x_wconf 86' lang='lat' dir='ltr'>ex-</span> 
     </span>
    </p>
   </div>
   <div class='ocr_carea' id='block_1_47' title="bbox 355 2865 2017 2936">
    <p class='ocr_par' dir='ltr' id='par_1_47' title="bbox 355 2865 2017 2936">
     <span class='ocr_line' id='line_1_47' title="bbox 355 2865 2017 2936; baseline 0.01 -16"><span class='ocrx_word' id='word_1_342' title='bbox 355 2865 627 2921; x_wconf 86' lang='lat' dir='ltr'>hortatur</span> <span class='ocrx_word' id='word_1_343' title='bbox 655 2866 860 2922; x_wconf 90' lang='lat' dir='ltr'>dicens</span> <span class='ocrx_word' id='word_1_344' title='bbox 891 2885 903 2921; x_wconf 94' lang='lat'>:</span> <span class='ocrx_word' id='word_1_345' title='bbox 949 2891 976 2917; x_wconf 86' lang='lat'><strong>«</strong></span> <span class='ocrx_word' id='word_1_346' title='bbox 1008 2871 1280 2926; x_wconf 83' lang='lat' dir='ltr'>Accedite</span> <span class='ocrx_word' id='word_1_347' title='bbox 1314 2873 1387 2927; x_wconf 85' lang='lat' dir='ltr'>ad</span> <span class='ocrx_word' id='word_1_348' title='bbox 1427 2875 1743 2932; x_wconf 87' lang='lat' dir='ltr'>Dominum</span> <span class='ocrx_word' id='word_1_349' title='bbox 1790 2884 1846 2934; x_wconf 89' lang='lat' dir='ltr'>et</span> <span class='ocrx_word' id='word_1_350' title='bbox 1889 2880 2017 2936; x_wconf 88' lang='lat' dir='ltr'>illu-</span> 
     </span>
    </p>
   </div>
   <div class='ocr_carea' id='block_1_48' title="bbox 2121 1716 3795 1793">
    <p class='ocr_par' dir='ltr' id='par_1_48' title="bbox 2121 1716 3795 1793">
     <span class='ocr_line' id='line_1_48' title="bbox 2121 1716 3795 1793; baseline -0.002 -19"><span class='ocrx_word' id='word_1_351' title='bbox 2121 1721 2311 1791; x_wconf 84' lang='lat' dir='ltr'>(Psal.</span> <span class='ocrx_word' id='word_1_352' title='bbox 2345 1722 2445 1791; x_wconf 85' lang='grc' dir='ltr'>ιιι),</span> <span class='ocrx_word' id='word_1_353' title='bbox 2476 1721 2725 1793; x_wconf 90' lang='lat' dir='ltr'>quando</span> <span class='ocrx_word' id='word_1_354' title='bbox 2754 1720 3057 1788; x_wconf 82' lang='lat' dir='ltr'>inimicus,</span> <span class='ocrx_word' id='word_1_355' title='bbox 3092 1719 3395 1775; x_wconf 79' lang='lat' dir='ltr'>exsultans</span> <span class='ocrx_word' id='word_1_356' title='bbox 3417 1733 3613 1790; x_wconf 84' lang='lat' dir='ltr'>super</span> <span class='ocrx_word' id='word_1_357' title='bbox 3646 1716 3795 1772; x_wconf 82' lang='lat' dir='ltr'>inte-</span> 
     </span>
    </p>
   </div>
   <div class='ocr_carea' id='block_1_49' title="bbox 2121 1805 3794 1882">
    <p class='ocr_par' dir='ltr' id='par_1_49' title="bbox 2121 1805 3794 1882">
     <span class='ocr_line' id='line_1_49' title="bbox 2121 1805 3794 1882; baseline -0.003 -17"><span class='ocrx_word' id='word_1_358' title='bbox 2121 1810 2233 1865; x_wconf 88' lang='lat' dir='ltr'>ritu</span> <span class='ocrx_word' id='word_1_359' title='bbox 2283 1810 2627 1882; x_wconf 89' lang='lat' dir='ltr'>impiorum,</span> <span class='ocrx_word' id='word_1_360' title='bbox 2688 1827 2749 1866; x_wconf 90' lang='lat' dir='ltr'>se</span> <span class='ocrx_word' id='word_1_361' title='bbox 2797 1810 3126 1882; x_wconf 87' lang='lat' dir='ltr'>jactaverit,</span> <span class='ocrx_word' id='word_1_362' title='bbox 3156 1809 3405 1865; x_wconf 87' lang='lat' dir='ltr'>dicens:</span> <span class='ocrx_word' id='word_1_363' title='bbox 3444 1832 3471 1857; x_wconf 87' lang='grc'><em>‹‹</em></span> <span class='ocrx_word' id='word_1_364' title='bbox 3496 1805 3794 1862; x_wconf 63' lang='lat' dir='ltr'>Praevalui</span> 
     </span>
    </p>
   </div>
   <div class='ocr_carea' id='block_1_50' title="bbox 2122 1897 3795 1972">
    <p class='ocr_par' dir='ltr' id='par_1_50' title="bbox 2122 1897 3795 1972">
     <span class='ocr_line' id='line_1_50' title="bbox 2122 1897 3795 1972; baseline -0.003 -17"><span class='ocrx_word' id='word_1_365' title='bbox 2122 1900 2412 1955; x_wconf 88' lang='lat' dir='ltr'>adversus</span> <span class='ocrx_word' id='word_1_366' title='bbox 2442 1916 2546 1956; x_wconf 89' lang='lat' dir='ltr'>eos</span> <span class='ocrx_word' id='word_1_367' title='bbox 2578 1901 2765 1971; x_wconf 83' lang='lat' dir='ltr'>(Psal.</span> <span class='ocrx_word' id='word_1_368' title='bbox 2794 1903 2915 1972; x_wconf 90' lang='lat' dir='ltr'>xu).</span> <span class='ocrx_word' id='word_1_369' title='bbox 2952 1925 2978 1951; x_wconf 87' lang='grc'><strong>››</strong></span> <span class='ocrx_word' id='word_1_370' title='bbox 3012 1904 3055 1957; x_wconf 90' lang='lat'>0</span> <span class='ocrx_word' id='word_1_371' title='bbox 3084 1902 3222 1956; x_wconf 86' lang='lat' dir='ltr'>Jesu</span> <span class='ocrx_word' id='word_1_372' title='bbox 3252 1899 3430 1964; x_wconf 92' lang='lat' dir='ltr'>bone,</span> <span class='ocrx_word' id='word_1_373' title='bbox 3481 1897 3639 1969; x_wconf 86' lang='lat' dir='ltr'>quid</span> <span class='ocrx_word' id='word_1_374' title='bbox 3687 1912 3795 1951; x_wconf 91' lang='lat' dir='ltr'>nos</span> 
     </span>
    </p>
   </div>
   <div class='ocr_carea' id='block_1_51' title="bbox 2121 1985 3794 2060">
    <p class='ocr_par' dir='ltr' id='par_1_51' title="bbox 2121 1985 3794 2060">
     <span class='ocr_line' id='line_1_51' title="bbox 2121 1985 3794 2060; baseline -0.002 -17"><span class='ocrx_word' id='word_1_375' title='bbox 2121 1993 2464 2060; x_wconf 89' lang='lat' dir='ltr'>peccatores</span> <span class='ocrx_word' id='word_1_376' title='bbox 2495 1989 2575 2044; x_wconf 89' lang='lat' dir='ltr'>ibi</span> <span class='ocrx_word' id='word_1_377' title='bbox 2606 1989 2818 2045; x_wconf 89' lang='lat' dir='ltr'>dicturi</span> <span class='ocrx_word' id='word_1_378' title='bbox 2850 2006 3081 2056; x_wconf 88' lang='lat' dir='ltr'>sumus,</span> <span class='ocrx_word' id='word_1_379' title='bbox 3113 1988 3215 2044; x_wconf 91' lang='lat' dir='ltr'>ubi</span> <span class='ocrx_word' id='word_1_380' title='bbox 3244 1987 3341 2043; x_wconf 89' lang='lat' dir='ltr'>vix</span> <span class='ocrx_word' id='word_1_381' title='bbox 3390 1986 3543 2057; x_wconf 90' lang='lat' dir='ltr'>justi</span> <span class='ocrx_word' id='word_1_382' title='bbox 3596 1985 3794 2041; x_wconf 76' lang='lat' dir='ltr'>salva-</span> 
     </span>
    </p>
   </div>
   <div class='ocr_carea' id='block_1_52' title="bbox 2120 2074 3791 2150">
    <p class='ocr_par' dir='ltr' id='par_1_52' title="bbox 2120 2074 3791 2150">
     <span class='ocr_line' id='line_1_52' title="bbox 2120 2074 3791 2150; baseline -0.002 -18"><span class='ocrx_word' id='word_1_383' title='bbox 2120 2077 2344 2132; x_wconf 88' lang='lat' dir='ltr'>buntur</span> <span class='ocrx_word' id='word_1_384' title='bbox 2375 2078 2402 2130; x_wconf 79' lang='lat'>‘?</span> <span class='ocrx_word' id='word_1_385' title='bbox 2444 2081 2568 2133; x_wconf 88' lang='lat' dir='ltr'>Non</span> <span class='ocrx_word' id='word_1_386' title='bbox 2593 2083 2682 2133; x_wconf 88' lang='lat' dir='ltr'>est</span> <span class='ocrx_word' id='word_1_387' title='bbox 2710 2078 2883 2134; x_wconf 89' lang='lat' dir='ltr'>nobis</span> <span class='ocrx_word' id='word_1_388' title='bbox 2910 2094 3047 2150; x_wconf 90' lang='lat' dir='ltr'>spes</span> <span class='ocrx_word' id='word_1_389' title='bbox 3072 2078 3273 2143; x_wconf 88' lang='lat' dir='ltr'>altera,</span> <span class='ocrx_word' id='word_1_390' title='bbox 3317 2076 3435 2132; x_wconf 89' lang='lat' dir='ltr'>nisi</span> <span class='ocrx_word' id='word_1_391' title='bbox 3466 2090 3669 2147; x_wconf 82' lang='lat' dir='ltr'>quam</span> <span class='ocrx_word' id='word_1_392' title='bbox 3701 2074 3791 2129; x_wconf 89' lang='lat' dir='ltr'>de-</span> 
     </span>
    </p>
   </div>
   <div class='ocr_carea' id='block_1_53' title="bbox 2120 2166 3788 2238">
    <p class='ocr_par' dir='ltr' id='par_1_53' title="bbox 2120 2166 3788 2238">
     <span class='ocr_line' id='line_1_53' title="bbox 2120 2166 3788 2238; baseline -0.001 -17"><span class='ocrx_word' id='word_1_393' title='bbox 2120 2166 2251 2222; x_wconf 85' lang='lat' dir='ltr'>ﬁnit</span> <span class='ocrx_word' id='word_1_394' title='bbox 2276 2166 2371 2221; x_wconf 89' lang='lat' dir='ltr'>ille</span> <span class='ocrx_word' id='word_1_395' title='bbox 2404 2171 2541 2223; x_wconf 91' lang='lat' dir='ltr'>tuus</span> <span class='ocrx_word' id='word_1_396' title='bbox 2570 2168 2791 2224; x_wconf 90' lang='lat' dir='ltr'>electus</span> <span class='ocrx_word' id='word_1_397' title='bbox 2822 2167 3157 2234; x_wconf 85' lang='lat' dir='ltr'>Psalmista,</span> <span class='ocrx_word' id='word_1_398' title='bbox 3184 2166 3289 2238; x_wconf 90' lang='lat' dir='ltr'>qui</span> <span class='ocrx_word' id='word_1_399' title='bbox 3309 2166 3417 2222; x_wconf 83' lang='lat' dir='ltr'>fuit</span> <span class='ocrx_word' id='word_1_400' title='bbox 3439 2180 3551 2221; x_wconf 83' lang='lat' dir='ltr'>rex</span> <span class='ocrx_word' id='word_1_401' title='bbox 3580 2170 3645 2220; x_wconf 88' lang='lat' dir='ltr'>et</span> <span class='ocrx_word' id='word_1_402' title='bbox 3664 2180 3788 2237; x_wconf 82' lang='lat' dir='ltr'>pro-</span> 
     </span>
    </p>
   </div>
   <div class='ocr_carea' id='block_1_54' title="bbox 2120 2253 3790 2327">
    <p class='ocr_par' dir='ltr' id='par_1_54' title="bbox 2120 2253 3790 2327">
     <span class='ocr_line' id='line_1_54' title="bbox 2120 2253 3790 2327; baseline -0.001 -17"><span class='ocrx_word' id='word_1_403' title='bbox 2120 2255 2320 2327; x_wconf 88' lang='lat' dir='ltr'>pheta,</span> <span class='ocrx_word' id='word_1_404' title='bbox 2354 2256 2487 2311; x_wconf 88' lang='lat' dir='ltr'>totis</span> <span class='ocrx_word' id='word_1_405' title='bbox 2517 2256 2793 2312; x_wconf 89' lang='lat' dir='ltr'>medullis</span> <span class='ocrx_word' id='word_1_406' title='bbox 2823 2256 2902 2312; x_wconf 91' lang='lat' dir='ltr'>ad</span> <span class='ocrx_word' id='word_1_407' title='bbox 2932 2255 3316 2312; x_wconf 81' lang='lat' dir='ltr'>teclamitans</span> <span class='ocrx_word' id='word_1_408' title='bbox 3337 2253 3571 2309; x_wconf 84' lang='lat' dir='ltr'>cordis:</span> <span class='ocrx_word' id='word_1_409' title='bbox 3594 2277 3623 2301; x_wconf 78' lang='grc' dir='ltr'><em>υ</em></span> <span class='ocrx_word' id='word_1_410' title='bbox 3652 2254 3790 2325; x_wconf 78' lang='lat' dir='ltr'>Spes</span> 
     </span>
    </p>
   </div>
   <div class='ocr_carea' id='block_1_55' title="bbox 2122 2343 3771 2419">
    <p class='ocr_par' dir='ltr' id='par_1_55' title="bbox 2122 2343 3771 2419">
     <span class='ocr_line' id='line_1_55' title="bbox 2122 2343 3771 2419; baseline -0.003 -17"><span class='ocrx_word' id='word_1_411' title='bbox 2122 2363 2257 2402; x_wconf 89' lang='lat' dir='ltr'>mea</span> <span class='ocrx_word' id='word_1_412' title='bbox 2294 2362 2357 2401; x_wconf 92' lang='lat' dir='ltr'>es</span> <span class='ocrx_word' id='word_1_413' title='bbox 2389 2351 2488 2413; x_wconf 88' lang='lat' dir='ltr'>tu;</span> <span class='ocrx_word' id='word_1_414' title='bbox 2521 2346 2714 2419; x_wconf 90' lang='lat' dir='ltr'>portio</span> <span class='ocrx_word' id='word_1_415' title='bbox 2738 2363 2876 2402; x_wconf 91' lang='lat' dir='ltr'>mea</span> <span class='ocrx_word' id='word_1_416' title='bbox 2905 2346 2964 2401; x_wconf 92' lang='lat' dir='ltr'>in</span> <span class='ocrx_word' id='word_1_417' title='bbox 3010 2351 3163 2402; x_wconf 88' lang='lat' dir='ltr'>terra</span> <span class='ocrx_word' id='word_1_418' title='bbox 3208 2343 3543 2400; x_wconf 84' lang='lat' dir='ltr'>viventium</span> <span class='ocrx_word' id='word_1_419' title='bbox 3600 2343 3771 2411; x_wconf 69' lang='grc' dir='ltr'>(Ι)εαί</span> 
     </span>
    </p>
   </div>
   <div class='ocr_carea' id='block_1_56' title="bbox 2122 2434 3788 2506">
    <p class='ocr_par' dir='ltr' id='par_1_56' title="bbox 2122 2434 3788 2506">
     <span class='ocr_line' id='line_1_56' title="bbox 2122 2434 3788 2506; baseline -0.002 -17"><span class='ocrx_word' id='word_1_420' title='bbox 2122 2438 2290 2506; x_wconf 79' lang='lat' dir='ltr'>CXLI).</span> <span class='ocrx_word' id='word_1_421' title='bbox 2336 2458 2361 2484; x_wconf 89' lang='grc'><strong>››</strong></span> <span class='ocrx_word' id='word_1_422' title='bbox 2405 2437 2596 2501; x_wconf 87' lang='lat' dir='ltr'>Quam</span> <span class='ocrx_word' id='word_1_423' title='bbox 2627 2435 2687 2491; x_wconf 90' lang='lat' dir='ltr'>in</span> <span class='ocrx_word' id='word_1_424' title='bbox 2738 2440 2838 2491; x_wconf 91' lang='lat' dir='ltr'>tuo</span> <span class='ocrx_word' id='word_1_425' title='bbox 2880 2435 3145 2503; x_wconf 89' lang='lat' dir='ltr'>nomine,</span> <span class='ocrx_word' id='word_1_426' title='bbox 3201 2434 3349 2490; x_wconf 90' lang='lat' dir='ltr'>dum</span> <span class='ocrx_word' id='word_1_427' title='bbox 3404 2437 3659 2505; x_wconf 88' lang='lat' dir='ltr'>tempus</span> <span class='ocrx_word' id='word_1_428' title='bbox 3712 2438 3788 2486; x_wconf 84' lang='lat' dir='ltr'>est</span> 
     </span>
    </p>
   </div>
   <div class='ocr_carea' id='block_1_57' title="bbox 2121 2522 3788 2597">
    <p class='ocr_par' dir='ltr' id='par_1_57' title="bbox 2121 2522 3788 2597">
     <span class='ocr_line' id='line_1_57' title="bbox 2121 2522 3788 2597; baseline -0.002 -17"><span class='ocrx_word' id='word_1_429' title='bbox 2121 2525 2561 2592; x_wconf 74' lang='lat' dir='ltr'>misericordiae,</span> <span class='ocrx_word' id='word_1_430' title='bbox 2596 2541 2632 2580; x_wconf 92' lang='lat' dir='ltr'>a</span> <span class='ocrx_word' id='word_1_431' title='bbox 2663 2527 2832 2582; x_wconf 85' lang='lat' dir='ltr'>Patre</span> <span class='ocrx_word' id='word_1_432' title='bbox 2859 2524 3286 2597; x_wconf 88' lang='lat' dir='ltr'>postulandam</span> <span class='ocrx_word' id='word_1_433' title='bbox 3323 2522 3663 2578; x_wconf 86' lang='lat' dir='ltr'>didicimus</span> <span class='ocrx_word' id='word_1_434' title='bbox 3695 2536 3788 2593; x_wconf 81' lang='lat' dir='ltr'>per</span> 
     </span>
    </p>
   </div>
   <div class='ocr_carea' id='block_1_58' title="bbox 2122 2611 3788 2682">
    <p class='ocr_par' dir='ltr' id='par_1_58' title="bbox 2122 2611 3788 2682">
     <span class='ocr_line' id='line_1_58' title="bbox 2122 2611 3788 2682; baseline -0.002 -13"><span class='ocrx_word' id='word_1_435' title='bbox 2122 2613 2530 2682; x_wconf 83' lang='lat' dir='ltr'>evangelicam</span> <span class='ocrx_word' id='word_1_436' title='bbox 2560 2614 2917 2669; x_wconf 84' lang='lat' dir='ltr'>doctrinam.</span> <span class='ocrx_word' id='word_1_437' title='bbox 2950 2613 3039 2670; x_wconf 91' lang='lat' dir='ltr'>Sic</span> <span class='ocrx_word' id='word_1_438' title='bbox 3072 2612 3233 2668; x_wconf 89' lang='lat' dir='ltr'>enim</span> <span class='ocrx_word' id='word_1_439' title='bbox 3261 2618 3515 2677; x_wconf 91' lang='lat' dir='ltr'>tuum,o</span> <span class='ocrx_word' id='word_1_440' title='bbox 3546 2611 3788 2675; x_wconf 79' lang='lat' dir='ltr'>Veritas,</span> 
     </span>
    </p>
   </div>
   <div class='ocr_carea' id='block_1_59' title="bbox 2121 2697 3787 2771">
    <p class='ocr_par' dir='ltr' id='par_1_59' title="bbox 2121 2697 3787 2771">
     <span class='ocr_line' id='line_1_59' title="bbox 2121 2697 3787 2771; baseline -0.002 -15"><span class='ocrx_word' id='word_1_441' title='bbox 2121 2701 2302 2757; x_wconf 88' lang='lat' dir='ltr'>habet</span> <span class='ocrx_word' id='word_1_442' title='bbox 2332 2701 2765 2771; x_wconf 87' lang='lat' dir='ltr'>Evangelium:</span> <span class='ocrx_word' id='word_1_443' title='bbox 2829 2724 2855 2750; x_wconf 88' lang='grc'>‹‹</span> <span class='ocrx_word' id='word_1_444' title='bbox 2908 2700 3246 2768; x_wconf 84' lang='lat' dir='ltr'>Ambulate,</span> <span class='ocrx_word' id='word_1_445' title='bbox 3296 2699 3448 2755; x_wconf 90' lang='lat' dir='ltr'>dum</span> <span class='ocrx_word' id='word_1_446' title='bbox 3498 2697 3638 2754; x_wconf 85' lang='lat' dir='ltr'>dies</span> <span class='ocrx_word' id='word_1_447' title='bbox 3690 2702 3787 2763; x_wconf 87' lang='lat' dir='ltr'>est,</span> 
     </span>
    </p>
   </div>
   <div class='ocr_carea' id='block_1_60' title="bbox 2122 2788 3789 2863">
    <p class='ocr_par' dir='ltr' id='par_1_60' title="bbox 2122 2788 3789 2863">
     <span class='ocr_line' id='line_1_60' title="bbox 2122 2788 3789 2863; baseline -0.002 -17"><span class='ocrx_word' id='word_1_448' title='bbox 2122 2807 2197 2846; x_wconf 92' lang='lat' dir='ltr'>ne</span> <span class='ocrx_word' id='word_1_449' title='bbox 2230 2790 2487 2846; x_wconf 72' lang='lat' dir='ltr'>tenebrae</span> <span class='ocrx_word' id='word_1_450' title='bbox 2518 2806 2626 2846; x_wconf 92' lang='lat' dir='ltr'>vos</span> <span class='ocrx_word' id='word_1_451' title='bbox 2656 2790 3191 2863; x_wconf 87' lang='lat' dir='ltr'>comprehendant.</span> <span class='ocrx_word' id='word_1_452' title='bbox 3237 2792 3392 2846; x_wconf 88' lang='lat' dir='ltr'>Dum</span> <span class='ocrx_word' id='word_1_453' title='bbox 3430 2788 3649 2843; x_wconf 86' lang='lat' dir='ltr'>lumen</span> <span class='ocrx_word' id='word_1_454' title='bbox 3689 2788 3789 2842; x_wconf 84' lang='lat' dir='ltr'>ha-</span> 
     </span>
    </p>
   </div>
   <div class='ocr_carea' id='block_1_61' title="bbox 2126 2878 3786 2949">
    <p class='ocr_par' dir='ltr' id='par_1_61' title="bbox 2126 2878 3786 2949">
     <span class='ocr_line' id='line_1_61' title="bbox 2126 2878 3786 2949; baseline -0.001 -15"><span class='ocrx_word' id='word_1_455' title='bbox 2126 2880 2297 2948; x_wconf 88' lang='lat' dir='ltr'>betis,</span> <span class='ocrx_word' id='word_1_456' title='bbox 2326 2880 2543 2935; x_wconf 84' lang='lat' dir='ltr'>credite</span> <span class='ocrx_word' id='word_1_457' title='bbox 2572 2880 2632 2936; x_wconf 91' lang='lat' dir='ltr'>in</span> <span class='ocrx_word' id='word_1_458' title='bbox 2662 2880 2882 2949; x_wconf 87' lang='lat' dir='ltr'>lucem,</span> <span class='ocrx_word' id='word_1_459' title='bbox 2932 2884 2999 2936; x_wconf 89' lang='lat' dir='ltr'>ut</span> <span class='ocrx_word' id='word_1_460' title='bbox 3047 2879 3153 2936; x_wconf 83' lang='lat' dir='ltr'>ﬁlii</span> <span class='ocrx_word' id='word_1_461' title='bbox 3211 2878 3364 2935; x_wconf 91' lang='lat' dir='ltr'>lucis</span> <span class='ocrx_word' id='word_1_462' title='bbox 3423 2878 3559 2933; x_wconf 89' lang='lat' dir='ltr'>sitis</span> <span class='ocrx_word' id='word_1_463' title='bbox 3592 2878 3786 2948; x_wconf 70' lang='lat' dir='ltr'>(Joaa.</span> 
     </span>
    </p>
   </div>
   <div class='ocr_carea' id='block_1_62' title="bbox 354 2951 3789 3042">
    <p class='ocr_par' dir='ltr' id='par_1_62' title="bbox 354 2951 3789 3042">
     <span class='ocr_line' id='line_1_62' title="bbox 354 2951 3789 3042; baseline 0 -23"><span class='ocrx_word' id='word_1_464' title='bbox 354 2951 691 3042; x_wconf 55' lang='grc' dir='ltr'>Ἦίηδτωίῐιίν</span> <span class='ocrx_word' id='word_1_465' title='bbox 747 2959 803 3009; x_wconf 87' lang='lat' dir='ltr'>et</span> <span class='ocrx_word' id='word_1_466' title='bbox 852 2954 1033 3011; x_wconf 88' lang='lat' dir='ltr'>facies</span> <span class='ocrx_word' id='word_1_467' title='bbox 1112 2964 1319 3015; x_wconf 66' lang='lat' dir='ltr'>vestrm</span> <span class='ocrx_word' id='word_1_468' title='bbox 1374 2977 1496 3016; x_wconf 91' lang='lat' dir='ltr'>non</span> <span class='ocrx_word' id='word_1_469' title='bbox 1574 2965 2017 3023; x_wconf 86' lang='lat' dir='ltr'>confundentur</span> <span class='ocrx_word' id='word_1_470' title='bbox 2052 2984 2095 3042; x_wconf 72' lang='grc' dir='ltr'><strong>ρ</strong></span> <span class='ocrx_word' id='word_1_471' title='bbox 2124 2970 2244 3039; x_wconf 86' lang='lat' dir='ltr'>xu).</span> <span class='ocrx_word' id='word_1_472' title='bbox 2281 2992 2307 3016; x_wconf 82' lang='lat'>»</span> <span class='ocrx_word' id='word_1_473' title='bbox 2352 2971 2417 3024; x_wconf 88' lang='lat' dir='ltr'>Et</span> <span class='ocrx_word' id='word_1_474' title='bbox 2443 2968 2590 3023; x_wconf 90' lang='lat' dir='ltr'>illud</span> <span class='ocrx_word' id='word_1_475' title='bbox 2620 2968 3020 3024; x_wconf 87' lang='lat' dir='ltr'>excusationis</span> <span class='ocrx_word' id='word_1_476' title='bbox 3048 2968 3335 3024; x_wconf 67' lang='lat' dir='ltr'>humanae</span> <span class='ocrx_word' id='word_1_477' title='bbox 3380 2965 3789 3023; x_wconf 85' lang='lat' dir='ltr'>exclusorium</span> 
     </span>
    </p>
   </div>
   <div class='ocr_carea' id='block_1_63' title="bbox 356 3038 2002 3128">
    <p class='ocr_par' dir='ltr' id='par_1_63' title="bbox 356 3038 2002 3128">
     <span class='ocr_line' id='line_1_63' title="bbox 356 3038 2002 3128; baseline 0.013 -36"><span class='ocrx_word' id='word_1_478' title='bbox 356 3038 545 3128; x_wconf 62' lang='lat' dir='ltr'>(Psai.</span> <span class='ocrx_word' id='word_1_479' title='bbox 577 3042 802 3113; x_wconf 80' lang='lat' dir='ltr'>xxxiii).</span> <span class='ocrx_word' id='word_1_480' title='bbox 850 3064 876 3092; x_wconf 83' lang='lat'>»</span> <span class='ocrx_word' id='word_1_481' title='bbox 916 3045 1058 3099; x_wconf 86' lang='lat' dir='ltr'>Vere</span> <span class='ocrx_word' id='word_1_482' title='bbox 1085 3046 1162 3103; x_wconf 90' lang='lat' dir='ltr'>ad</span> <span class='ocrx_word' id='word_1_483' title='bbox 1192 3063 1333 3104; x_wconf 89' lang='lat' dir='ltr'>eum</span> <span class='ocrx_word' id='word_1_484' title='bbox 1358 3060 1737 3109; x_wconf 89' lang='lat' dir='ltr'>accesserunt</span> <span class='ocrx_word' id='word_1_485' title='bbox 1759 3057 1864 3128; x_wconf 91' lang='lat' dir='ltr'>qui</span> <span class='ocrx_word' id='word_1_486' title='bbox 1902 3057 2002 3112; x_wconf 89' lang='lat' dir='ltr'>do-</span> 
     </span>
    </p>
   </div>
   <div class='ocr_carea' id='block_1_64' title="bbox 353 3126 2013 3202">
    <p class='ocr_par' dir='ltr' id='par_1_64' title="bbox 353 3126 2013 3202">
     <span class='ocr_line' id='line_1_64' title="bbox 353 3126 2013 3202; baseline 0.013 -21"><span class='ocrx_word' id='word_1_487' title='bbox 353 3142 434 3183; x_wconf 89' lang='lat' dir='ltr'>no</span> <span class='ocrx_word' id='word_1_488' title='bbox 462 3126 618 3184; x_wconf 90' lang='lat' dir='ltr'>illius</span> <span class='ocrx_word' id='word_1_489' title='bbox 644 3128 983 3202; x_wconf 88' lang='lat' dir='ltr'>illuminati,</span> <span class='ocrx_word' id='word_1_490' title='bbox 1038 3135 1433 3196; x_wconf 88' lang='lat' dir='ltr'>ecclesiastica</span> <span class='ocrx_word' id='word_1_491' title='bbox 1487 3141 1656 3197; x_wconf 86' lang='lat' dir='ltr'>factis</span> <span class='ocrx_word' id='word_1_492' title='bbox 1715 3126 1798 3200; x_wconf 51' lang='lat' dir='ltr'>et_</span> <span class='ocrx_word' id='word_1_493' title='bbox 1820 3147 2013 3202; x_wconf 87' lang='lat' dir='ltr'>verbis</span> 
     </span>
    </p>
   </div>
   <div class='ocr_carea' id='block_1_65' title="bbox 354 3219 2011 3305">
    <p class='ocr_par' dir='ltr' id='par_1_65' title="bbox 354 3219 2011 3305">
     <span class='ocr_line' id='line_1_65' title="bbox 354 3219 2011 3305; baseline 0.013 -33"><span class='ocrx_word' id='word_1_494' title='bbox 354 3219 668 3276; x_wconf 84' lang='lat' dir='ltr'>tractando</span> <span class='ocrx_word' id='word_1_495' title='bbox 703 3229 1099 3292; x_wconf 87' lang='lat' dir='ltr'>sacramenta,</span> <span class='ocrx_word' id='word_1_496' title='bbox 1125 3225 1289 3283; x_wconf 92' lang='lat' dir='ltr'>illam</span> <span class='ocrx_word' id='word_1_497' title='bbox 1314 3228 1483 3286; x_wconf 88' lang='lat' dir='ltr'>faciei</span> <span class='ocrx_word' id='word_1_498' title='bbox 1513 3242 1859 3292; x_wconf 89' lang='lat' dir='ltr'>meruerunt</span> <span class='ocrx_word' id='word_1_499' title='bbox 1886 3238 2011 3305; x_wconf 87' lang='lat' dir='ltr'>glo-</span> 
     </span>
    </p>
   </div>
   <div class='ocr_carea' id='block_1_66' title="bbox 351 3305 2015 3397">
    <p class='ocr_par' dir='ltr' id='par_1_66' title="bbox 351 3305 2015 3397">
     <span class='ocr_line' id='line_1_66' title="bbox 351 3305 2015 3397; baseline 0.013 -36"><span class='ocrx_word' id='word_1_500' title='bbox 351 3305 504 3397; x_wconf 74' lang='lat' dir='ltr'>riam</span> <span class='ocrx_word' id='word_1_501' title='bbox 533 3323 721 3380; x_wconf 88' lang='lat' dir='ltr'>quam</span> <span class='ocrx_word' id='word_1_502' title='bbox 745 3309 878 3383; x_wconf 89' lang='lat' dir='ltr'>ipse</span> <span class='ocrx_word' id='word_1_503' title='bbox 925 3311 1023 3369; x_wconf 90' lang='lat' dir='ltr'>Sol</span> <span class='ocrx_word' id='word_1_504' title='bbox 1061 3314 1301 3385; x_wconf 68' lang='lat' dir='ltr'>justitiae</span> <span class='ocrx_word' id='word_1_505' title='bbox 1354 3319 1582 3376; x_wconf 85' lang='lat' dir='ltr'>visione</span> <span class='ocrx_word' id='word_1_506' title='bbox 1626 3340 1736 3379; x_wconf 90' lang='lat' dir='ltr'>sua</span> <span class='ocrx_word' id='word_1_507' title='bbox 1782 3327 2015 3397; x_wconf 84' lang='lat' dir='ltr'>paravit</span> 
     </span>
    </p>
   </div>
   <div class='ocr_carea' id='block_1_67' title="bbox 351 3395 2014 3486">
    <p class='ocr_par' dir='ltr' id='par_1_67' title="bbox 351 3395 2014 3486">
     <span class='ocr_line' id='line_1_67' title="bbox 351 3395 2014 3486; baseline 0.014 -35"><span class='ocrx_word' id='word_1_508' title='bbox 351 3395 549 3486; x_wconf 82' lang='lat' dir='ltr'>electis</span> <span class='ocrx_word' id='word_1_509' title='bbox 581 3399 1027 3471; x_wconf 88' lang='lat' dir='ltr'>sempiternam.</span> <span class='ocrx_word' id='word_1_510' title='bbox 1062 3403 1287 3461; x_wconf 85' lang='lat' dir='ltr'>Horum</span> <span class='ocrx_word' id='word_1_511' title='bbox 1340 3409 1564 3482; x_wconf 90' lang='lat' dir='ltr'>quippe</span> <span class='ocrx_word' id='word_1_512' title='bbox 1622 3395 1911 3486; x_wconf 81' lang='lat' dir='ltr'>exemplis</span> <span class='ocrx_word' id='word_1_513' title='bbox 1957 3423 2014 3473; x_wconf 90' lang='lat' dir='ltr'>et</span> 
     </span>
    </p>
   </div>
   <div class='ocr_carea' id='block_1_68' title="bbox 350 3485 2012 3571">
    <p class='ocr_par' dir='ltr' id='par_1_68' title="bbox 350 3485 2012 3571">
     <span class='ocr_line' id='line_1_68' title="bbox 350 3485 2012 3571; baseline 0.013 -31"><span class='ocrx_word' id='word_1_514' title='bbox 350 3485 643 3557; x_wconf 87' lang='lat' dir='ltr'>doctrina,</span> <span class='ocrx_word' id='word_1_515' title='bbox 675 3488 822 3545; x_wconf 89' lang='lat' dir='ltr'>dum</span> <span class='ocrx_word' id='word_1_516' title='bbox 852 3490 1110 3547; x_wconf 91' lang='lat' dir='ltr'>volvitur</span> <span class='ocrx_word' id='word_1_517' title='bbox 1135 3494 1315 3565; x_wconf 90' lang='lat' dir='ltr'>hujus</span> <span class='ocrx_word' id='word_1_518' title='bbox 1344 3500 1554 3554; x_wconf 91' lang='lat' dir='ltr'>mundi</span> <span class='ocrx_word' id='word_1_519' title='bbox 1585 3505 2012 3571; x_wconf 85' lang='lat' dir='ltr'>rota,Christus</span> 
     </span>
    </p>
   </div>
   <div class='ocr_carea' id='block_1_69' title="bbox 351 3574 2007 3660">
    <p class='ocr_par' dir='ltr' id='par_1_69' title="bbox 351 3574 2007 3660">
     <span class='ocr_line' id='line_1_69' title="bbox 351 3574 2007 3660; baseline 0.014 -34"><span class='ocrx_word' id='word_1_520' title='bbox 351 3576 591 3640; x_wconf 89' lang='lat' dir='ltr'>gratum</span> <span class='ocrx_word' id='word_1_521' title='bbox 620 3574 683 3631; x_wconf 90' lang='lat' dir='ltr'>in</span> <span class='ocrx_word' id='word_1_522' title='bbox 713 3579 837 3631; x_wconf 87' lang='lat' dir='ltr'>suis</span> <span class='ocrx_word' id='word_1_523' title='bbox 869 3579 1187 3637; x_wconf 85' lang='lat' dir='ltr'>arboribus</span> <span class='ocrx_word' id='word_1_524' title='bbox 1219 3583 1480 3642; x_wconf 88' lang='lat' dir='ltr'>inveniet</span> <span class='ocrx_word' id='word_1_525' title='bbox 1499 3588 1776 3646; x_wconf 87' lang='lat' dir='ltr'>fructum.</span> <span class='ocrx_word' id='word_1_526' title='bbox 1799 3595 2007 3660; x_wconf 86' lang='lat' dir='ltr'>Quem,</span> 
     </span>
    </p>
   </div>
   <div class='ocr_carea' id='block_1_70' title="bbox 350 3661 2009 3743">
    <p class='ocr_par' dir='ltr' id='par_1_70' title="bbox 350 3661 2009 3743">
     <span class='ocr_line' id='line_1_70' title="bbox 350 3661 2009 3743; baseline 0.016 -29"><span class='ocrx_word' id='word_1_527' title='bbox 350 3661 494 3733; x_wconf 84' lang='lat' dir='ltr'>quia</span> <span class='ocrx_word' id='word_1_528' title='bbox 522 3662 683 3718; x_wconf 87' lang='lat' dir='ltr'>velut</span> <span class='ocrx_word' id='word_1_529' title='bbox 710 3664 932 3720; x_wconf 90' lang='lat' dir='ltr'>inutilis</span> <span class='ocrx_word' id='word_1_530' title='bbox 982 3670 1176 3743; x_wconf 89' lang='lat' dir='ltr'>stirps,</span> <span class='ocrx_word' id='word_1_531' title='bbox 1227 3672 1287 3728; x_wconf 91' lang='lat' dir='ltr'>in</span> <span class='ocrx_word' id='word_1_532' title='bbox 1336 3690 1472 3732; x_wconf 83' lang='lat' dir='ltr'>mea</span> <span class='ocrx_word' id='word_1_533' title='bbox 1512 3677 1723 3734; x_wconf 88' lang='lat' dir='ltr'>arbore</span> <span class='ocrx_word' id='word_1_534' title='bbox 1754 3696 1875 3736; x_wconf 90' lang='lat' dir='ltr'>non</span> <span class='ocrx_word' id='word_1_535' title='bbox 1907 3684 2009 3739; x_wconf 92' lang='lat' dir='ltr'>ha-</span> 
     </span>
    </p>
   </div>
   <div class='ocr_carea' id='block_1_71' title="bbox 349 3748 2009 3835">
    <p class='ocr_par' dir='ltr' id='par_1_71' title="bbox 349 3748 2009 3835">
     <span class='ocr_line' id='line_1_71' title="bbox 349 3748 2009 3835; baseline 0.014 -31"><span class='ocrx_word' id='word_1_536' title='bbox 349 3748 486 3821; x_wconf 90' lang='lat' dir='ltr'>beo,</span> <span class='ocrx_word' id='word_1_537' title='bbox 517 3751 699 3808; x_wconf 89' lang='lat' dir='ltr'>timeo</span> <span class='ocrx_word' id='word_1_538' title='bbox 726 3754 871 3809; x_wconf 89' lang='lat' dir='ltr'>mihi</span> <span class='ocrx_word' id='word_1_539' title='bbox 901 3757 1072 3814; x_wconf 88' lang='lat' dir='ltr'>valde</span> <span class='ocrx_word' id='word_1_540' title='bbox 1103 3775 1177 3816; x_wconf 91' lang='lat' dir='ltr'>ne</span> <span class='ocrx_word' id='word_1_541' title='bbox 1217 3763 1663 3835; x_wconf 89' lang='lat' dir='ltr'>Paterfamilias,</span> <span class='ocrx_word' id='word_1_542' title='bbox 1712 3770 2009 3829; x_wconf 87' lang='lat' dir='ltr'>sterilitate</span> 
     </span>
    </p>
   </div>
   <div class='ocr_carea' id='block_1_72' title="bbox 349 3838 2011 3933">
    <p class='ocr_par' dir='ltr' id='par_1_72' title="bbox 349 3838 2011 3933">
     <span class='ocr_line' id='line_1_72' title="bbox 349 3838 2011 3933; baseline 0.015 -41"><span class='ocrx_word' id='word_1_543' title='bbox 349 3838 667 3933; x_wconf 71' lang='lat' dir='ltr'>pravitatis</span> <span class='ocrx_word' id='word_1_544' title='bbox 682 3844 1148 3933; x_wconf 15' lang='lat' dir='ltr'>meaaioﬂ‘ensus,</span> <span class='ocrx_word' id='word_1_545' title='bbox 1180 3848 1339 3905; x_wconf 92' lang='lat' dir='ltr'>dicat</span> <span class='ocrx_word' id='word_1_546' title='bbox 1376 3869 1387 3906; x_wconf 91' lang='lat'><strong>:</strong></span> <span class='ocrx_word' id='word_1_547' title='bbox 1419 3876 1444 3900; x_wconf 78' lang='grc' dir='ltr'>α</span> <span class='ocrx_word' id='word_1_548' title='bbox 1483 3856 1551 3910; x_wconf 93' lang='lat' dir='ltr'>Ut</span> <span class='ocrx_word' id='word_1_549' title='bbox 1578 3856 1725 3927; x_wconf 88' lang='lat' dir='ltr'>quid</span> <span class='ocrx_word' id='word_1_550' title='bbox 1756 3868 2011 3933; x_wconf 87' lang='lat' dir='ltr'>occupat</span> 
     </span>
    </p>
   </div>
   <div class='ocr_carea' id='block_1_73' title="bbox 350 3929 2003 4020">
    <p class='ocr_par' dir='ltr' id='par_1_73' title="bbox 350 3929 2003 4020">
     <span class='ocr_line' id='line_1_73' title="bbox 350 3929 2003 4020; baseline 0.013 -36"><span class='ocrx_word' id='word_1_551' title='bbox 350 3930 570 4020; x_wconf 84' lang='lat' dir='ltr'>terram</span> <span class='ocrx_word' id='word_1_552' title='bbox 591 3929 620 3985; x_wconf 74' lang='lat'>‘2</span> <span class='ocrx_word' id='word_1_553' title='bbox 648 3931 939 3989; x_wconf 90' lang='lat' dir='ltr'>Succidite</span> <span class='ocrx_word' id='word_1_554' title='bbox 970 3951 1109 3992; x_wconf 92' lang='lat' dir='ltr'>eum</span> <span class='ocrx_word' id='word_1_555' title='bbox 1140 3942 1196 3994; x_wconf 91' lang='lat' dir='ltr'>et</span> <span class='ocrx_word' id='word_1_556' title='bbox 1224 3939 1433 3997; x_wconf 90' lang='lat' dir='ltr'>mittite</span> <span class='ocrx_word' id='word_1_557' title='bbox 1485 3942 1544 3998; x_wconf 90' lang='lat' dir='ltr'>in</span> <span class='ocrx_word' id='word_1_558' title='bbox 1588 3944 1791 4013; x_wconf 81' lang='lat' dir='ltr'>ignem</span> <span class='ocrx_word' id='word_1_559' title='bbox 1837 3929 2003 4020; x_wconf 55' lang='lat' dir='ltr'>(Lac.</span> 
     </span>
    </p>
   </div>
   <div class='ocr_carea' id='block_1_74' title="bbox 349 4016 2007 4106">
    <p class='ocr_par' dir='ltr' id='par_1_74' title="bbox 349 4016 2007 4106">
     <span class='ocr_line' id='line_1_74' title="bbox 349 4016 2007 4106; baseline 0.014 -34"><span class='ocrx_word' id='word_1_560' title='bbox 349 4016 495 4089; x_wconf 83' lang='lat' dir='ltr'>xui).</span> <span class='ocrx_word' id='word_1_561' title='bbox 537 4040 566 4066; x_wconf 83' lang='lat'><strong>»</strong></span> <span class='ocrx_word' id='word_1_562' title='bbox 610 4020 797 4086; x_wconf 89' lang='lat' dir='ltr'>Quem</span> <span class='ocrx_word' id='word_1_563' title='bbox 838 4024 1109 4096; x_wconf 89' lang='lat' dir='ltr'>reprobis</span> <span class='ocrx_word' id='word_1_564' title='bbox 1140 4028 1472 4087; x_wconf 85' lang='lat' dir='ltr'>terribiliter</span> <span class='ocrx_word' id='word_1_565' title='bbox 1513 4040 1814 4106; x_wconf 89' lang='lat' dir='ltr'>paratum,</span> <span class='ocrx_word' id='word_1_566' title='bbox 1845 4016 1922 4095; x_wconf 79' lang='lat' dir='ltr'>et</span> <span class='ocrx_word' id='word_1_567' title='bbox 1972 4057 2007 4096; x_wconf 91' lang='lat' dir='ltr'>a</span> 
     </span>
    </p>
   </div>
   <div class='ocr_carea' id='block_1_75' title="bbox 348 4108 2008 4195">
    <p class='ocr_par' dir='ltr' id='par_1_75' title="bbox 348 4108 2008 4195">
     <span class='ocr_line' id='line_1_75' title="bbox 348 4108 2008 4195; baseline 0.017 -36"><span class='ocrx_word' id='word_1_568' title='bbox 348 4108 607 4195; x_wconf 85' lang='lat' dir='ltr'>peccatis</span> <span class='ocrx_word' id='word_1_569' title='bbox 633 4109 804 4179; x_wconf 89' lang='lat' dir='ltr'>meis,</span> <span class='ocrx_word' id='word_1_570' title='bbox 833 4114 985 4184; x_wconf 91' lang='lat' dir='ltr'>proh</span> <span class='ocrx_word' id='word_1_571' title='bbox 1016 4115 1225 4173; x_wconf 90' lang='lat' dir='ltr'>dolor!</span> <span class='ocrx_word' id='word_1_572' title='bbox 1261 4136 1421 4191; x_wconf 57' lang='lat' dir='ltr'>saepe</span> <span class='ocrx_word' id='word_1_573' title='bbox 1452 4132 1891 4195; x_wconf 87' lang='lat' dir='ltr'>comparatum,</span> <span class='ocrx_word' id='word_1_574' title='bbox 1948 4136 2008 4188; x_wconf 92' lang='lat' dir='ltr'>ut</span> 
     </span>
    </p>
   </div>
   <div class='ocr_carea' id='block_1_76' title="bbox 348 4194 2006 4281">
    <p class='ocr_par' dir='ltr' id='par_1_76' title="bbox 348 4194 2006 4281">
     <span class='ocr_line' id='line_1_76' title="bbox 348 4194 2006 4281; baseline 0.016 -31"><span class='ocrx_word' id='word_1_575' title='bbox 348 4194 609 4265; x_wconf 79' lang='lat' dir='ltr'>effugere</span> <span class='ocrx_word' id='word_1_576' title='bbox 636 4198 1050 4270; x_wconf 87' lang='lat' dir='ltr'>possim,inter</span> <span class='ocrx_word' id='word_1_577' title='bbox 1064 4203 1280 4262; x_wconf 86' lang='lat' dir='ltr'>ﬂuctus</span> <span class='ocrx_word' id='word_1_578' title='bbox 1306 4194 1733 4281; x_wconf 81' lang='lat' dir='ltr'>cogitationum</span> <span class='ocrx_word' id='word_1_579' title='bbox 1755 4223 2006 4275; x_wconf 71' lang='lat' dir='ltr'>aestuan-</span> 
     </span>
    </p>
   </div>
   <div class='ocr_carea' id='block_1_77' title="bbox 2120 3054 3787 3128">
    <p class='ocr_par' dir='ltr' id='par_1_77' title="bbox 2120 3054 3787 3128">
     <span class='ocr_line' id='line_1_77' title="bbox 2120 3054 3787 3128; baseline -0.002 -15"><span class='ocrx_word' id='word_1_580' title='bbox 2120 3057 2568 3127; x_wconf 87' lang='lat' dir='ltr'>diligentissime</span> <span class='ocrx_word' id='word_1_581' title='bbox 2598 3057 3052 3128; x_wconf 89' lang='lat' dir='ltr'>attendendum,</span> <span class='ocrx_word' id='word_1_582' title='bbox 3101 3072 3213 3112; x_wconf 89' lang='lat' dir='ltr'>nec</span> <span class='ocrx_word' id='word_1_583' title='bbox 3254 3071 3381 3112; x_wconf 90' lang='lat' dir='ltr'>non</span> <span class='ocrx_word' id='word_1_584' title='bbox 3430 3054 3665 3111; x_wconf 84' lang='lat' dir='ltr'>intimis</span> <span class='ocrx_word' id='word_1_585' title='bbox 3696 3070 3787 3110; x_wconf 84' lang='lat' dir='ltr'>su-</span> 
     </span>
    </p>
   </div>
   <div class='ocr_carea' id='block_1_78' title="bbox 2119 3144 3785 3219">
    <p class='ocr_par' dir='ltr' id='par_1_78' title="bbox 2119 3144 3785 3219">
     <span class='ocr_line' id='line_1_78' title="bbox 2119 3144 3785 3219; baseline -0.001 -17"><span class='ocrx_word' id='word_1_586' title='bbox 2119 3147 2312 3219; x_wconf 81' lang='lat' dir='ltr'>spiriis</span> <span class='ocrx_word' id='word_1_587' title='bbox 2344 3146 2739 3202; x_wconf 89' lang='lat' dir='ltr'>adnitendum</span> <span class='ocrx_word' id='word_1_588' title='bbox 2772 3165 2784 3201; x_wconf 90' lang='lat'>:</span> <span class='ocrx_word' id='word_1_589' title='bbox 2822 3169 2847 3195; x_wconf 88' lang='grc'>‹‹</span> <span class='ocrx_word' id='word_1_590' title='bbox 2883 3146 3299 3218; x_wconf 86' lang='lat' dir='ltr'>Quodcunque</span> <span class='ocrx_word' id='word_1_591' title='bbox 3344 3144 3640 3218; x_wconf 84' lang='lat' dir='ltr'>petieritis</span> <span class='ocrx_word' id='word_1_592' title='bbox 3692 3147 3785 3200; x_wconf 87' lang='lat' dir='ltr'>Pa-</span> 
     </span>
    </p>
   </div>
   <div class='ocr_carea' id='block_1_79' title="bbox 2119 3235 3780 3306">
    <p class='ocr_par' dir='ltr' id='par_1_79' title="bbox 2119 3235 3780 3306">
     <span class='ocr_line' id='line_1_79' title="bbox 2119 3235 3780 3306; baseline -0.002 -14"><span class='ocrx_word' id='word_1_593' title='bbox 2119 3242 2268 3293; x_wconf 92' lang='lat' dir='ltr'>trem</span> <span class='ocrx_word' id='word_1_594' title='bbox 2300 3237 2360 3291; x_wconf 90' lang='lat' dir='ltr'>in</span> <span class='ocrx_word' id='word_1_595' title='bbox 2386 3237 2629 3292; x_wconf 89' lang='lat' dir='ltr'>nomine</span> <span class='ocrx_word' id='word_1_596' title='bbox 2678 3253 2835 3305; x_wconf 92' lang='lat' dir='ltr'>meo,</span> <span class='ocrx_word' id='word_1_597' title='bbox 2886 3236 3053 3292; x_wconf 89' lang='lat' dir='ltr'>dabit</span> <span class='ocrx_word' id='word_1_598' title='bbox 3113 3235 3282 3291; x_wconf 88' lang='lat' dir='ltr'>vobis</span> <span class='ocrx_word' id='word_1_599' title='bbox 3339 3235 3586 3306; x_wconf 73' lang='lat' dir='ltr'>(Matth.</span> <span class='ocrx_word' id='word_1_600' title='bbox 3647 3249 3780 3297; x_wconf 80' lang='lat' dir='ltr'>xn;</span> 
     </span>
    </p>
   </div>
   <div class='ocr_carea' id='block_1_80' title="bbox 2116 3324 3786 3395">
    <p class='ocr_par' dir='ltr' id='par_1_80' title="bbox 2116 3324 3786 3395">
     <span class='ocr_line' id='line_1_80' title="bbox 2116 3324 3786 3395; baseline -0.002 -14"><span class='ocrx_word' id='word_1_601' title='bbox 2116 3328 2293 3382; x_wconf 83' lang='lat' dir='ltr'>Joan.</span> <span class='ocrx_word' id='word_1_602' title='bbox 2322 3332 2441 3393; x_wconf 90' lang='lat' dir='ltr'>xv).</span> <span class='ocrx_word' id='word_1_603' title='bbox 2486 3350 2513 3375; x_wconf 88' lang='grc'><strong>››</strong></span> <span class='ocrx_word' id='word_1_604' title='bbox 2556 3326 2812 3382; x_wconf 89' lang='lat' dir='ltr'>Petimus</span> <span class='ocrx_word' id='word_1_605' title='bbox 2839 3341 2982 3395; x_wconf 88' lang='lat' dir='ltr'>ergo</span> <span class='ocrx_word' id='word_1_606' title='bbox 3025 3325 3104 3381; x_wconf 91' lang='lat' dir='ltr'>ad</span> <span class='ocrx_word' id='word_1_607' title='bbox 3152 3330 3207 3380; x_wconf 91' lang='lat' dir='ltr'>te</span> <span class='ocrx_word' id='word_1_608' title='bbox 3259 3324 3553 3389; x_wconf 79' lang='lat' dir='ltr'>conversi,</span> <span class='ocrx_word' id='word_1_609' title='bbox 3616 3326 3786 3379; x_wconf 83' lang='lat' dir='ltr'>Pater</span> 
     </span>
    </p>
   </div>
   <div class='ocr_carea' id='block_1_81' title="bbox 2120 3413 3776 3485">
    <p class='ocr_par' dir='ltr' id='par_1_81' title="bbox 2120 3413 3776 3485">
     <span class='ocr_line' id='line_1_81' title="bbox 2120 3413 3776 3485; baseline -0.004 -14"><span class='ocrx_word' id='word_1_610' title='bbox 2120 3416 2355 3472; x_wconf 88' lang='lat' dir='ltr'>Domini</span> <span class='ocrx_word' id='word_1_611' title='bbox 2378 3416 2565 3472; x_wconf 89' lang='lat' dir='ltr'>nostri</span> <span class='ocrx_word' id='word_1_612' title='bbox 2588 3419 2725 3472; x_wconf 86' lang='lat' dir='ltr'>Jesu</span> <span class='ocrx_word' id='word_1_613' title='bbox 2756 3416 2991 3485; x_wconf 90' lang='lat' dir='ltr'>Christi,</span> <span class='ocrx_word' id='word_1_614' title='bbox 3023 3420 3087 3471; x_wconf 90' lang='lat' dir='ltr'>ut</span> <span class='ocrx_word' id='word_1_615' title='bbox 3114 3415 3177 3471; x_wconf 94' lang='lat' dir='ltr'>in</span> <span class='ocrx_word' id='word_1_616' title='bbox 3224 3415 3454 3472; x_wconf 87' lang='lat' dir='ltr'>nomine</span> <span class='ocrx_word' id='word_1_617' title='bbox 3490 3413 3776 3481; x_wconf 88' lang='lat' dir='ltr'>ejusdem</span> 
     </span>
    </p>
   </div>
   <div class='ocr_carea' id='block_1_82' title="bbox 2120 3503 3761 3574">
    <p class='ocr_par' dir='ltr' id='par_1_82' title="bbox 2120 3503 3761 3574">
     <span class='ocr_line' id='line_1_82' title="bbox 2120 3503 3761 3574; baseline -0.005 -14"><span class='ocrx_word' id='word_1_618' title='bbox 2120 3506 2411 3573; x_wconf 83' lang='lat' dir='ltr'>Unigeniti</span> <span class='ocrx_word' id='word_1_619' title='bbox 2440 3505 2543 3572; x_wconf 89' lang='lat' dir='ltr'>tui,</span> <span class='ocrx_word' id='word_1_620' title='bbox 2579 3506 2750 3574; x_wconf 87' lang='lat' dir='ltr'>cujus</span> <span class='ocrx_word' id='word_1_621' title='bbox 2796 3505 3097 3561; x_wconf 87' lang='lat' dir='ltr'>charitatis</span> <span class='ocrx_word' id='word_1_622' title='bbox 3147 3504 3341 3560; x_wconf 89' lang='lat' dir='ltr'>beatus</span> <span class='ocrx_word' id='word_1_623' title='bbox 3384 3503 3761 3555; x_wconf 84' lang='lat' dir='ltr'>Emmeram-</span> 
     </span>
    </p>
   </div>
   <div class='ocr_carea' id='block_1_83' title="bbox 2117 3585 3758 3664">
    <p class='ocr_par' dir='ltr' id='par_1_83' title="bbox 2117 3585 3758 3664">
     <span class='ocr_line' id='line_1_83' title="bbox 2117 3585 3758 3664; baseline -0.004 -17"><span class='ocrx_word' id='word_1_624' title='bbox 2117 3609 2253 3647; x_wconf 90' lang='lat' dir='ltr'>mus</span> <span class='ocrx_word' id='word_1_625' title='bbox 2284 3596 2511 3664; x_wconf 84' lang='lat' dir='ltr'>martyr</span> <span class='ocrx_word' id='word_1_626' title='bbox 2542 3597 2678 3647; x_wconf 90' lang='lat' dir='ltr'>tuus</span> <span class='ocrx_word' id='word_1_627' title='bbox 2703 3592 2966 3648; x_wconf 89' lang='lat' dir='ltr'>imitator</span> <span class='ocrx_word' id='word_1_628' title='bbox 2993 3592 3216 3648; x_wconf 85' lang='lat' dir='ltr'>exstitit</span> <span class='ocrx_word' id='word_1_629' title='bbox 3241 3587 3559 3659; x_wconf 79' lang='lat' dir='ltr'>singularis,</span> <span class='ocrx_word' id='word_1_630' title='bbox 3606 3585 3758 3641; x_wconf 81' lang='lat' dir='ltr'>inet-</span> 
     </span>
    </p>
   </div>
   <div class='ocr_carea' id='block_1_84' title="bbox 2115 3675 3772 3754">
    <p class='ocr_par' dir='ltr' id='par_1_84' title="bbox 2115 3675 3772 3754">
     <span class='ocr_line' id='line_1_84' title="bbox 2115 3675 3772 3754; baseline -0.003 -19"><span class='ocrx_word' id='word_1_631' title='bbox 2115 3680 2281 3737; x_wconf 90' lang='lat' dir='ltr'>fabili</span> <span class='ocrx_word' id='word_1_632' title='bbox 2311 3686 2368 3737; x_wconf 86' lang='lat' dir='ltr'>et</span> <span class='ocrx_word' id='word_1_633' title='bbox 2412 3681 2583 3737; x_wconf 88' lang='lat' dir='ltr'>solita</span> <span class='ocrx_word' id='word_1_634' title='bbox 2636 3682 2793 3738; x_wconf 89' lang='lat' dir='ltr'>circa</span> <span class='ocrx_word' id='word_1_635' title='bbox 2847 3686 3191 3754; x_wconf 89' lang='lat' dir='ltr'>peccatores</span> <span class='ocrx_word' id='word_1_636' title='bbox 3244 3695 3385 3735; x_wconf 87' lang='lat' dir='ltr'>usus</span> <span class='ocrx_word' id='word_1_637' title='bbox 3432 3675 3772 3741; x_wconf 76' lang='lat' dir='ltr'>clementia,</span> 
     </span>
    </p>
   </div>
   <div class='ocr_carea' id='block_1_85' title="bbox 2117 3768 3781 3839">
    <p class='ocr_par' dir='ltr' id='par_1_85' title="bbox 2117 3768 3781 3839">
     <span class='ocr_line' id='line_1_85' title="bbox 2117 3768 3781 3839; baseline -0.002 -17"><span class='ocrx_word' id='word_1_638' title='bbox 2117 3769 2537 3825; x_wconf 82' lang='lat' dir='ltr'>conﬁtentibus</span> <span class='ocrx_word' id='word_1_639' title='bbox 2563 3775 2619 3825; x_wconf 88' lang='lat' dir='ltr'>et</span> <span class='ocrx_word' id='word_1_640' title='bbox 2648 3769 2934 3825; x_wconf 88' lang='lat' dir='ltr'>confessis</span> <span class='ocrx_word' id='word_1_641' title='bbox 2963 3769 3229 3825; x_wconf 91' lang='lat' dir='ltr'>dimittas</span> <span class='ocrx_word' id='word_1_642' title='bbox 3257 3768 3630 3839; x_wconf 81' lang='lat' dir='ltr'>impietatem</span> <span class='ocrx_word' id='word_1_643' title='bbox 3660 3779 3781 3819; x_wconf 84' lang='lat' dir='ltr'>cor-</span> 
     </span>
    </p>
   </div>
   <div class='ocr_carea' id='block_1_86' title="bbox 2116 3857 3780 3923">
    <p class='ocr_par' dir='ltr' id='par_1_86' title="bbox 2116 3857 3780 3923">
     <span class='ocr_line' id='line_1_86' title="bbox 2116 3857 3780 3923; baseline -0.002 -10"><span class='ocrx_word' id='word_1_644' title='bbox 2116 3858 2227 3923; x_wconf 91' lang='lat' dir='ltr'>dis,</span> <span class='ocrx_word' id='word_1_645' title='bbox 2254 3875 2323 3913; x_wconf 89' lang='lat' dir='ltr'>ac</span> <span class='ocrx_word' id='word_1_646' title='bbox 2348 3857 2630 3914; x_wconf 86' lang='lat' dir='ltr'>infundas</span> <span class='ocrx_word' id='word_1_647' title='bbox 2661 3859 3005 3915; x_wconf 85' lang='lat' dir='ltr'>unctionem</span> <span class='ocrx_word' id='word_1_648' title='bbox 3038 3864 3153 3915; x_wconf 67' lang='lat' dir='ltr'>tuae</span> <span class='ocrx_word' id='word_1_649' title='bbox 3196 3857 3517 3914; x_wconf 67' lang='lat' dir='ltr'>uberrimae</span> <span class='ocrx_word' id='word_1_650' title='bbox 3567 3869 3780 3911; x_wconf 81' lang='lat' dir='ltr'>conso-</span> 
     </span>
    </p>
   </div>
   <div class='ocr_carea' id='block_1_87' title="bbox 2114 3944 3783 4018">
    <p class='ocr_par' dir='ltr' id='par_1_87' title="bbox 2114 3944 3783 4018">
     <span class='ocr_line' id='line_1_87' title="bbox 2114 3944 3783 4018; baseline -0.002 -16"><span class='ocrx_word' id='word_1_651' title='bbox 2114 3947 2373 4015; x_wconf 87' lang='lat' dir='ltr'>lationis,</span> <span class='ocrx_word' id='word_1_652' title='bbox 2404 3964 2511 4004; x_wconf 87' lang='lat' dir='ltr'>nec</span> <span class='ocrx_word' id='word_1_653' title='bbox 2538 3964 2660 4003; x_wconf 93' lang='lat' dir='ltr'>non</span> <span class='ocrx_word' id='word_1_654' title='bbox 2692 3948 3014 4004; x_wconf 84' lang='lat' dir='ltr'>conﬁrmes</span> <span class='ocrx_word' id='word_1_655' title='bbox 3040 3949 3099 4004; x_wconf 90' lang='lat' dir='ltr'>in</span> <span class='ocrx_word' id='word_1_656' title='bbox 3130 3947 3309 4003; x_wconf 90' lang='lat' dir='ltr'>nobis</span> <span class='ocrx_word' id='word_1_657' title='bbox 3343 3961 3534 4018; x_wconf 87' lang='lat' dir='ltr'>opera</span> <span class='ocrx_word' id='word_1_658' title='bbox 3565 3944 3783 4000; x_wconf 60' lang='lat' dir='ltr'>divinas</span> 
     </span>
    </p>
   </div>
   <div class='ocr_carea' id='block_1_88' title="bbox 2114 4032 3787 4110">
    <p class='ocr_par' dir='ltr' id='par_1_88' title="bbox 2114 4032 3787 4110">
     <span class='ocr_line' id='line_1_88' title="bbox 2114 4032 3787 4110; baseline -0.004 -16"><span class='ocrx_word' id='word_1_659' title='bbox 2114 4038 2533 4107; x_wconf 81' lang='lat' dir='ltr'>miserationis,</span> <span class='ocrx_word' id='word_1_660' title='bbox 2561 4043 2623 4094; x_wconf 92' lang='lat' dir='ltr'>ut</span> <span class='ocrx_word' id='word_1_661' title='bbox 2652 4038 2818 4110; x_wconf 91' lang='lat' dir='ltr'>quod</span> <span class='ocrx_word' id='word_1_662' title='bbox 2861 4038 2921 4094; x_wconf 91' lang='lat' dir='ltr'>in</span> <span class='ocrx_word' id='word_1_663' title='bbox 2976 4039 3089 4094; x_wconf 89' lang='lat' dir='ltr'>hoc</span> <span class='ocrx_word' id='word_1_664' title='bbox 3129 4036 3353 4093; x_wconf 65' lang='lat' dir='ltr'>saeculo</span> <span class='ocrx_word' id='word_1_665' title='bbox 3383 4034 3565 4091; x_wconf 91' lang='lat' dir='ltr'>dulce</span> <span class='ocrx_word' id='word_1_666' title='bbox 3595 4050 3668 4090; x_wconf 91' lang='lat' dir='ltr'>ac</span> <span class='ocrx_word' id='word_1_667' title='bbox 3693 4032 3787 4088; x_wconf 88' lang='lat' dir='ltr'>de-</span> 
     </span>
    </p>
   </div>
   <div class='ocr_carea' id='block_1_89' title="bbox 2114 4123 3786 4193">
    <p class='ocr_par' dir='ltr' id='par_1_89' title="bbox 2114 4123 3786 4193">
     <span class='ocr_line' id='line_1_89' title="bbox 2114 4123 3786 4193; baseline -0.002 -11"><span class='ocrx_word' id='word_1_668' title='bbox 2114 4127 2384 4183; x_wconf 87' lang='lat' dir='ltr'>lectabile</span> <span class='ocrx_word' id='word_1_669' title='bbox 2412 4127 2659 4193; x_wconf 91' lang='lat' dir='ltr'>videtur,</span> <span class='ocrx_word' id='word_1_670' title='bbox 2695 4128 2920 4183; x_wconf 89' lang='lat' dir='ltr'>timoris</span> <span class='ocrx_word' id='word_1_671' title='bbox 2950 4128 3035 4183; x_wconf 90' lang='lat' dir='ltr'>tui</span> <span class='ocrx_word' id='word_1_672' title='bbox 3058 4125 3390 4183; x_wconf 89' lang='lat' dir='ltr'>reverenda</span> <span class='ocrx_word' id='word_1_673' title='bbox 3442 4123 3786 4180; x_wconf 84' lang='lat' dir='ltr'>considera-</span> 
     </span>
    </p>
   </div>
   <div class='ocr_carea' id='block_1_90' title="bbox 2117 4215 3790 4290">
    <p class='ocr_par' dir='ltr' id='par_1_90' title="bbox 2117 4215 3790 4290">
     <span class='ocr_line' id='line_1_90' title="bbox 2117 4215 3790 4290; baseline -0.002 -18"><span class='ocrx_word' id='word_1_674' title='bbox 2117 4218 2272 4273; x_wconf 89' lang='lat' dir='ltr'>tione</span> <span class='ocrx_word' id='word_1_675' title='bbox 2301 4224 2653 4286; x_wconf 88' lang='lat' dir='ltr'>amarescat,</span> <span class='ocrx_word' id='word_1_676' title='bbox 2686 4223 2743 4274; x_wconf 89' lang='lat' dir='ltr'>et</span> <span class='ocrx_word' id='word_1_677' title='bbox 2771 4218 2937 4290; x_wconf 88' lang='lat' dir='ltr'>quod</span> <span class='ocrx_word' id='word_1_678' title='bbox 2975 4233 3252 4273; x_wconf 86' lang='lat' dir='ltr'>amarum</span> <span class='ocrx_word' id='word_1_679' title='bbox 3301 4215 3645 4272; x_wconf 86' lang='lat' dir='ltr'>dilectionis</span> <span class='ocrx_word' id='word_1_680' title='bbox 3676 4220 3790 4269; x_wconf 64' lang='lat' dir='ltr'>tua:</span> 
     </span>
    </p>
   </div>
   <div class='ocr_carea' id='block_1_91' title="bbox 347 4283 3817 4395">
    <p class='ocr_par' dir='ltr' id='par_1_91' title="bbox 347 4283 3817 4395">
     <span class='ocr_line' id='line_1_91' title="bbox 347 4283 3817 4395; baseline 0.005 -54"><span class='ocrx_word' id='word_1_681' title='bbox 347 4283 389 4341; x_wconf 86' lang='lat' dir='ltr'>ti</span> <span class='ocrx_word' id='word_1_682' title='bbox 414 4286 669 4341; x_wconf 87' lang='lat' dir='ltr'>occurrit</span> <span class='ocrx_word' id='word_1_683' title='bbox 697 4287 920 4355; x_wconf 91' lang='lat' dir='ltr'>animo,</span> <span class='ocrx_word' id='word_1_684' title='bbox 953 4290 1068 4345; x_wconf 92' lang='lat' dir='ltr'>hoc</span> <span class='ocrx_word' id='word_1_685' title='bbox 1121 4294 1416 4364; x_wconf 91' lang='lat' dir='ltr'>optimum</span> <span class='ocrx_word' id='word_1_686' title='bbox 1473 4298 1596 4354; x_wconf 84' lang='lat' dir='ltr'>fore</span> <span class='ocrx_word' id='word_1_687' title='bbox 1647 4306 2001 4375; x_wconf 88' lang='lat' dir='ltr'>remedium,</span> <span class='ocrx_word' id='word_1_688' title='bbox 2037 4328 2088 4395; x_wconf 71' lang='grc' dir='ltr'><strong><em>υ</em></strong></span> <span class='ocrx_word' id='word_1_689' title='bbox 2119 4307 2474 4362; x_wconf 85' lang='lat' dir='ltr'>suavissima</span> <span class='ocrx_word' id='word_1_690' title='bbox 2508 4307 2913 4378; x_wconf 90' lang='lat' dir='ltr'>speculatione</span> <span class='ocrx_word' id='word_1_691' title='bbox 2961 4306 3284 4362; x_wconf 88' lang='lat' dir='ltr'>dulcescat.</span> <span class='ocrx_word' id='word_1_692' title='bbox 3342 4304 3586 4377; x_wconf 90' lang='lat' dir='ltr'>Sicque,</span> <span class='ocrx_word' id='word_1_693' title='bbox 3640 4304 3817 4377; x_wconf 45' lang='lat' dir='ltr'>dum.</span> 
     </span>
    </p>
   </div>
   <div class='ocr_carea' id='block_1_92' title="bbox 345 4385 2003 4466">
    <p class='ocr_par' dir='ltr' id='par_1_92' title="bbox 345 4385 2003 4466">
     <span class='ocr_line' id='line_1_92' title="bbox 345 4385 2003 4466; baseline 0.016 -38"><span class='ocrx_word' id='word_1_694' title='bbox 345 4389 469 4449; x_wconf 89' lang='lat' dir='ltr'>quo</span> <span class='ocrx_word' id='word_1_695' title='bbox 498 4390 621 4431; x_wconf 92' lang='lat' dir='ltr'>non</span> <span class='ocrx_word' id='word_1_696' title='bbox 646 4391 878 4432; x_wconf 88' lang='lat' dir='ltr'>cessem</span> <span class='ocrx_word' id='word_1_697' title='bbox 907 4393 1173 4450; x_wconf 75' lang='lat' dir='ltr'>quaerere</span> <span class='ocrx_word' id='word_1_698' title='bbox 1204 4385 1485 4454; x_wconf 81' lang='lat' dir='ltr'>praesidia</span> <span class='ocrx_word' id='word_1_699' title='bbox 1514 4396 1878 4466; x_wconf 85' lang='lat' dir='ltr'>sanctorum,</span> <span class='ocrx_word' id='word_1_700' title='bbox 1912 4415 2003 4454; x_wconf 89' lang='lat' dir='ltr'>se-</span> 
     </span>
    </p>
   </div>
   <div class='ocr_carea' id='block_1_93' title="bbox 347 4462 2004 4560">
    <p class='ocr_par' dir='ltr' id='par_1_93' title="bbox 347 4462 2004 4560">
     <span class='ocr_line' id='line_1_93' title="bbox 347 4462 2004 4560; baseline 0.018 -44"><span class='ocrx_word' id='word_1_701' title='bbox 347 4462 490 4560; x_wconf 78' lang='lat' dir='ltr'>dulo</span> <span class='ocrx_word' id='word_1_702' title='bbox 518 4463 800 4560; x_wconf 70' lang='lat' dir='ltr'>laudibus</span> <span class='ocrx_word' id='word_1_703' title='bbox 821 4464 1169 4525; x_wconf 83' lang='lat' dir='ltr'>inhaerendo</span> <span class='ocrx_word' id='word_1_704' title='bbox 1199 4487 1427 4543; x_wconf 90' lang='lat' dir='ltr'>eorum,</span> <span class='ocrx_word' id='word_1_705' title='bbox 1480 4482 1542 4532; x_wconf 93' lang='lat' dir='ltr'>ut</span> <span class='ocrx_word' id='word_1_706' title='bbox 1586 4462 1640 4536; x_wconf 86' lang='lat' dir='ltr'>et</span> <span class='ocrx_word' id='word_1_707' title='bbox 1687 4482 1799 4554; x_wconf 91' lang='lat' dir='ltr'>ipsi</span> <span class='ocrx_word' id='word_1_708' title='bbox 1839 4462 2004 4560; x_wconf 88' lang='lat' dir='ltr'>apud</span> 
     </span>
    </p>
   </div>
   <div class='ocr_carea' id='block_1_94' title="bbox 345 4552 2003 4634">
    <p class='ocr_par' dir='ltr' id='par_1_94' title="bbox 345 4552 2003 4634">
     <span class='ocr_line' id='line_1_94' title="bbox 345 4552 2003 4634; baseline 0.017 -29"><span class='ocrx_word' id='word_1_709' title='bbox 345 4552 976 4610; x_wconf 90' lang='lat' dir='ltr'>misericordissimum</span> <span class='ocrx_word' id='word_1_710' title='bbox 1006 4559 1327 4617; x_wconf 89' lang='lat' dir='ltr'>Dominum</span> <span class='ocrx_word' id='word_1_711' title='bbox 1357 4563 1678 4634; x_wconf 89' lang='lat' dir='ltr'>dignentur</span> <span class='ocrx_word' id='word_1_712' title='bbox 1710 4552 2003 4634; x_wconf 44' lang='lat' dir='ltr'>mihi-ve-</span> 
     </span>
    </p>
   </div>
   <div class='ocr_carea' id='block_1_95' title="bbox 346 4640 1263 4715">
    <p class='ocr_par' dir='ltr' id='par_1_95' title="bbox 346 4640 1263 4715">
     <span class='ocr_line' id='line_1_95' title="bbox 346 4640 1263 4715; baseline 0.013 -20"><span class='ocrx_word' id='word_1_713' title='bbox 346 4640 514 4696; x_wconf 91' lang='lat' dir='ltr'>niam</span> <span class='ocrx_word' id='word_1_714' title='bbox 538 4641 858 4715; x_wconf 84' lang='lat' dir='ltr'>impetrare</span> <span class='ocrx_word' id='word_1_715' title='bbox 889 4646 1263 4707; x_wconf 90' lang='lat' dir='ltr'>delictorum.</span> 
     </span>
    </p>
   </div>
   <div class='ocr_carea' id='block_1_96' title="bbox 422 4728 2009 4826">
    <p class='ocr_par' dir='ltr' id='par_1_96' title="bbox 422 4728 2009 4826">
     <span class='ocr_line' id='line_1_96' title="bbox 422 4728 2009 4826; baseline 0.018 -42"><span class='ocrx_word' id='word_1_716' title='bbox 422 4728 535 4826; x_wconf 79' lang='lat' dir='ltr'>Sed</span> <span class='ocrx_word' id='word_1_717' title='bbox 564 4730 1001 4826; x_wconf 63' lang='lat' dir='ltr'>fortassisdicit</span> <span class='ocrx_word' id='word_1_718' title='bbox 1026 4737 1241 4811; x_wconf 90' lang='lat' dir='ltr'>aliquis</span> <span class='ocrx_word' id='word_1_719' title='bbox 1293 4758 1306 4796; x_wconf 90' lang='lat'>:</span> <span class='ocrx_word' id='word_1_720' title='bbox 1360 4744 1511 4809; x_wconf 89' lang='lat' dir='ltr'>Quid</span> <span class='ocrx_word' id='word_1_721' title='bbox 1540 4748 1618 4803; x_wconf 89' lang='lat' dir='ltr'>ad</span> <span class='ocrx_word' id='word_1_722' title='bbox 1648 4753 1703 4807; x_wconf 93' lang='lat' dir='ltr'>te</span> <span class='ocrx_word' id='word_1_723' title='bbox 1735 4752 1762 4806; x_wconf 88' lang='lat'>?</span> <span class='ocrx_word' id='word_1_724' title='bbox 1817 4756 2009 4826; x_wconf 87' lang='lat' dir='ltr'>potuit</span> 
     </span>
    </p>
   </div>
   <div class='ocr_carea' id='block_1_97' title="bbox 347 4818 2005 4915">
    <p class='ocr_par' dir='ltr' id='par_1_97' title="bbox 347 4818 2005 4915">
     <span class='ocr_line' id='line_1_97' title="bbox 347 4818 2005 4915; baseline 0.019 -45"><span class='ocrx_word' id='word_1_725' title='bbox 347 4818 660 4915; x_wconf 70' lang='lat' dir='ltr'>euphoniae</span> <span class='ocrx_word' id='word_1_726' title='bbox 693 4820 891 4879; x_wconf 72' lang='lat' dir='ltr'>officio</span> <span class='ocrx_word' id='word_1_727' title='bbox 926 4841 1117 4899; x_wconf 91' lang='lat' dir='ltr'>usque</span> <span class='ocrx_word' id='word_1_728' title='bbox 1147 4829 1209 4884; x_wconf 93' lang='lat' dir='ltr'>in</span> <span class='ocrx_word' id='word_1_729' title='bbox 1239 4829 1400 4888; x_wconf 87' lang='lat' dir='ltr'>diem</span> <span class='ocrx_word' id='word_1_730' title='bbox 1420 4838 1477 4890; x_wconf 91' lang='lat' dir='ltr'>et</span> <span class='ocrx_word' id='word_1_731' title='bbox 1497 4835 1710 4895; x_wconf 90' lang='lat' dir='ltr'>horam</span> <span class='ocrx_word' id='word_1_732' title='bbox 1734 4818 1857 4915; x_wconf 73' lang='lat' dir='ltr'>qua</span> <span class='ocrx_word' id='word_1_733' title='bbox 1889 4848 2005 4901; x_wconf 89' lang='lat' dir='ltr'>Deo</span> 
     </span>
    </p>
   </div>
   <div class='ocr_carea' id='block_1_98' title="bbox 346 4905 2004 4989">
    <p class='ocr_par' dir='ltr' id='par_1_98' title="bbox 346 4905 2004 4989">
     <span class='ocr_line' id='line_1_98' title="bbox 346 4905 2004 4989; baseline 0.017 -28"><span class='ocrx_word' id='word_1_734' title='bbox 346 4905 542 4963; x_wconf 89' lang='lat' dir='ltr'>dilecti</span> <span class='ocrx_word' id='word_1_735' title='bbox 570 4911 854 4983; x_wconf 88' lang='lat' dir='ltr'>martyris</span> <span class='ocrx_word' id='word_1_736' title='bbox 896 4931 1049 4971; x_wconf 82' lang='lat' dir='ltr'>casae</span> <span class='ocrx_word' id='word_1_737' title='bbox 1103 4919 1439 4978; x_wconf 84' lang='lat' dir='ltr'>restitutum</span> <span class='ocrx_word' id='word_1_738' title='bbox 1499 4927 1608 4982; x_wconf 79' lang='lat' dir='ltr'>etsi</span> <span class='ocrx_word' id='word_1_739' title='bbox 1661 4905 2004 4989; x_wconf 72' lang='lat' dir='ltr'>insensibile</span> 
     </span>
    </p>
   </div>
   <div class='ocr_carea' id='block_1_99' title="bbox 345 4997 2004 5077">
    <p class='ocr_par' dir='ltr' id='par_1_99' title="bbox 345 4997 2004 5077">
     <span class='ocr_line' id='line_1_99' title="bbox 345 4997 2004 5077; baseline 0.018 -29"><span class='ocrx_word' id='word_1_740' title='bbox 345 4997 731 5066; x_wconf 59' lang='lat' dir='ltr'>praesentiam</span> <span class='ocrx_word' id='word_1_741' title='bbox 764 5003 995 5059; x_wconf 89' lang='lat' dir='ltr'>Domini</span> <span class='ocrx_word' id='word_1_742' title='bbox 1027 5006 1119 5061; x_wconf 92' lang='lat' dir='ltr'>sui</span> <span class='ocrx_word' id='word_1_743' title='bbox 1151 5009 1431 5067; x_wconf 90' lang='lat' dir='ltr'>sensibus</span> <span class='ocrx_word' id='word_1_744' title='bbox 1457 5013 1738 5072; x_wconf 90' lang='lat' dir='ltr'>humanis</span> <span class='ocrx_word' id='word_1_745' title='bbox 1779 5035 1839 5075; x_wconf 91' lang='lat' dir='ltr'>se</span> <span class='ocrx_word' id='word_1_746' title='bbox 1870 5038 2004 5077; x_wconf 90' lang='lat' dir='ltr'>sen-</span> 
     </span>
    </p>
   </div>
   <div class='ocr_carea' id='block_1_100' title="bbox 347 5082 1325 5155">
    <p class='ocr_par' dir='ltr' id='par_1_100' title="bbox 347 5082 1325 5155">
     <span class='ocr_line' id='line_1_100' title="bbox 347 5082 1325 5155; baseline 0.018 -19"><span class='ocrx_word' id='word_1_747' title='bbox 347 5082 453 5139; x_wconf 91' lang='lat' dir='ltr'>tire</span> <span class='ocrx_word' id='word_1_748' title='bbox 482 5084 716 5155; x_wconf 91' lang='lat' dir='ltr'>indidit,</span> <span class='ocrx_word' id='word_1_749' title='bbox 747 5105 816 5145; x_wconf 88' lang='lat' dir='ltr'>ac</span> <span class='ocrx_word' id='word_1_750' title='bbox 842 5091 1092 5150; x_wconf 85' lang='lat' dir='ltr'>dulciter</span> <span class='ocrx_word' id='word_1_751' title='bbox 1123 5098 1325 5155; x_wconf 91' lang='lat' dir='ltr'>univit.</span> 
     </span>
    </p>
   </div>
   <div class='ocr_carea' id='block_1_101' title="bbox 418 5175 2004 5267">
    <p class='ocr_par' dir='ltr' id='par_1_101' title="bbox 418 5175 2004 5267">
     <span class='ocr_line' id='line_1_101' title="bbox 418 5175 2004 5267; baseline 0.02 -41"><span class='ocrx_word' id='word_1_752' title='bbox 418 5175 560 5228; x_wconf 89' lang='lat' dir='ltr'>Vere</span> <span class='ocrx_word' id='word_1_753' title='bbox 586 5179 721 5267; x_wconf 76' lang='lat' dir='ltr'>tua,</span> <span class='ocrx_word' id='word_1_754' title='bbox 749 5180 993 5255; x_wconf 87' lang='lat' dir='ltr'>Christe,</span> <span class='ocrx_word' id='word_1_755' title='bbox 1014 5183 1142 5240; x_wconf 77' lang='lat' dir='ltr'>haec</span> <span class='ocrx_word' id='word_1_756' title='bbox 1186 5193 1325 5244; x_wconf 89' lang='lat' dir='ltr'>sunt</span> <span class='ocrx_word' id='word_1_757' title='bbox 1349 5206 1549 5267; x_wconf 73' lang='lat' dir='ltr'>opera,</span> <span class='ocrx_word' id='word_1_758' title='bbox 1598 5196 1702 5267; x_wconf 90' lang='lat' dir='ltr'>qui</span> <span class='ocrx_word' id='word_1_759' title='bbox 1748 5200 2004 5257; x_wconf 90' lang='lat' dir='ltr'>crederis</span> 
     </span>
    </p>
   </div>
   <div class='ocr_carea' id='block_1_102' title="bbox 347 5263 2002 5360">
    <p class='ocr_par' dir='ltr' id='par_1_102' title="bbox 347 5263 2002 5360">
     <span class='ocr_line' id='line_1_102' title="bbox 347 5263 2002 5360; baseline 0.021 -48"><span class='ocrx_word' id='word_1_760' title='bbox 347 5263 493 5360; x_wconf 52' lang='lat' dir='ltr'>etnes</span> <span class='ocrx_word' id='word_1_761' title='bbox 527 5264 727 5360; x_wconf 76' lang='lat' dir='ltr'>aeterni</span> <span class='ocrx_word' id='word_1_762' title='bbox 756 5268 938 5324; x_wconf 88' lang='lat' dir='ltr'>Patris</span> <span class='ocrx_word' id='word_1_763' title='bbox 969 5273 1289 5345; x_wconf 90' lang='lat' dir='ltr'>Sapientia.</span> <span class='ocrx_word' id='word_1_764' title='bbox 1322 5279 1427 5335; x_wconf 90' lang='lat' dir='ltr'>Cui</span> <span class='ocrx_word' id='word_1_765' title='bbox 1457 5263 1645 5339; x_wconf 84' lang='lat' dir='ltr'>David</span> <span class='ocrx_word' id='word_1_766' title='bbox 1691 5288 1869 5344; x_wconf 88' lang='lat' dir='ltr'>corde</span> <span class='ocrx_word' id='word_1_767' title='bbox 1904 5290 2002 5360; x_wconf 92' lang='lat' dir='ltr'>ju-</span> 
     </span>
    </p>
   </div>
   <div class='ocr_carea' id='block_1_103' title="bbox 345 5348 2001 5437">
    <p class='ocr_par' dir='ltr' id='par_1_103' title="bbox 345 5348 2001 5437">
     <span class='ocr_line' id='line_1_103' title="bbox 345 5348 2001 5437; baseline 0.02 -34"><span class='ocrx_word' id='word_1_768' title='bbox 345 5348 543 5406; x_wconf 89' lang='lat' dir='ltr'>bilans</span> <span class='ocrx_word' id='word_1_769' title='bbox 573 5352 837 5412; x_wconf 91' lang='lat' dir='ltr'>clamat:</span> <span class='ocrx_word' id='word_1_770' title='bbox 876 5380 903 5407; x_wconf 85' lang='lat'><strong>«</strong></span> <span class='ocrx_word' id='word_1_771' title='bbox 938 5362 1127 5425; x_wconf 89' lang='lat' dir='ltr'>Quam</span> <span class='ocrx_word' id='word_1_772' title='bbox 1167 5381 1391 5437; x_wconf 90' lang='lat' dir='ltr'>magna</span> <span class='ocrx_word' id='word_1_773' title='bbox 1438 5372 1757 5432; x_wconf 89' lang='lat' dir='ltr'>multitudo</span> <span class='ocrx_word' id='word_1_774' title='bbox 1801 5348 2001 5435; x_wconf 64' lang='lat' dir='ltr'>dulce-</span> 
     </span>
    </p>
   </div>
   <div class='ocr_carea' id='block_1_104' title="bbox 2115 4396 3793 4469">
    <p class='ocr_par' dir='ltr' id='par_1_104' title="bbox 2115 4396 3793 4469">
     <span class='ocr_line' id='line_1_104' title="bbox 2115 4396 3793 4469; baseline -0.001 -19"><span class='ocrx_word' id='word_1_775' title='bbox 2115 4397 2242 4468; x_wconf 87' lang='lat' dir='ltr'>ipse</span> <span class='ocrx_word' id='word_1_776' title='bbox 2272 4396 2524 4452; x_wconf 90' lang='lat' dir='ltr'>volvitur</span> <span class='ocrx_word' id='word_1_777' title='bbox 2551 4397 2843 4464; x_wconf 90' lang='lat' dir='ltr'>mundus,</span> <span class='ocrx_word' id='word_1_778' title='bbox 2877 4412 2913 4451; x_wconf 93' lang='lat' dir='ltr'>a</span> <span class='ocrx_word' id='word_1_779' title='bbox 2939 4396 3117 4469; x_wconf 91' lang='lat' dir='ltr'>lapsu</span> <span class='ocrx_word' id='word_1_780' title='bbox 3160 4400 3219 4452; x_wconf 88' lang='lat' dir='ltr'>et</span> <span class='ocrx_word' id='word_1_781' title='bbox 3262 4410 3469 4451; x_wconf 89' lang='lat' dir='ltr'>amore</span> <span class='ocrx_word' id='word_1_782' title='bbox 3498 4399 3793 4466; x_wconf 86' lang='lat' dir='ltr'>peccato-</span> 
     </span>
    </p>
   </div>
   <div class='ocr_carea' id='block_1_105' title="bbox 2115 4484 3791 4557">
    <p class='ocr_par' dir='ltr' id='par_1_105' title="bbox 2115 4484 3791 4557">
     <span class='ocr_line' id='line_1_105' title="bbox 2115 4484 3791 4557; baseline -0.001 -17"><span class='ocrx_word' id='word_1_783' title='bbox 2115 4502 2269 4551; x_wconf 89' lang='lat' dir='ltr'>rum,</span> <span class='ocrx_word' id='word_1_784' title='bbox 2303 4491 2357 4541; x_wconf 87' lang='lat' dir='ltr'>te</span> <span class='ocrx_word' id='word_1_785' title='bbox 2380 4486 2787 4553; x_wconf 86' lang='lat' dir='ltr'>resuscitante,</span> <span class='ocrx_word' id='word_1_786' title='bbox 2818 4502 3161 4557; x_wconf 85' lang='lat' dir='ltr'>surgamus,</span> <span class='ocrx_word' id='word_1_787' title='bbox 3192 4501 3267 4541; x_wconf 92' lang='lat' dir='ltr'>ne</span> <span class='ocrx_word' id='word_1_788' title='bbox 3294 4484 3355 4540; x_wconf 92' lang='lat' dir='ltr'>in</span> <span class='ocrx_word' id='word_1_789' title='bbox 3380 4484 3502 4540; x_wconf 87' lang='lat' dir='ltr'>ﬁne</span> <span class='ocrx_word' id='word_1_790' title='bbox 3536 4484 3791 4540; x_wconf 67' lang='lat' dir='ltr'>saeculo</span> 
     </span>
    </p>
   </div>
   <div class='ocr_carea' id='block_1_106' title="bbox 2115 4576 3797 4642">
    <p class='ocr_par' dir='ltr' id='par_1_106' title="bbox 2115 4576 3797 4642">
     <span class='ocr_line' id='line_1_106' title="bbox 2115 4576 3797 4642; baseline -0.001 -10"><span class='ocrx_word' id='word_1_791' title='bbox 2115 4594 2272 4642; x_wconf 91' lang='lat' dir='ltr'>rum,</span> <span class='ocrx_word' id='word_1_792' title='bbox 2300 4594 2439 4632; x_wconf 91' lang='lat' dir='ltr'>cum</span> <span class='ocrx_word' id='word_1_793' title='bbox 2466 4594 2677 4633; x_wconf 91' lang='lat' dir='ltr'>omnes</span> <span class='ocrx_word' id='word_1_794' title='bbox 2697 4578 2971 4634; x_wconf 89' lang='lat' dir='ltr'>homines</span> <span class='ocrx_word' id='word_1_795' title='bbox 3001 4576 3433 4634; x_wconf 85' lang='lat' dir='ltr'>resurrexerint</span> <span class='ocrx_word' id='word_1_796' title='bbox 3480 4592 3631 4631; x_wconf 92' lang='lat' dir='ltr'>cum</span> <span class='ocrx_word' id='word_1_797' title='bbox 3664 4592 3797 4631; x_wconf 80' lang='lat' dir='ltr'>cor-</span> 
     </span>
    </p>
   </div>
   <div class='ocr_carea' id='block_1_107' title="bbox 2052 4664 3793 4740">
    <p class='ocr_par' dir='ltr' id='par_1_107' title="bbox 2052 4664 3793 4740">
     <span class='ocr_line' id='line_1_107' title="bbox 2052 4664 3793 4740; baseline -0.002 -18"><span class='ocrx_word' id='word_1_798' title='bbox 2052 4692 2055 4695; x_wconf 57' lang='grc' dir='ltr'><em>ν</em></span> <span class='ocrx_word' id='word_1_799' title='bbox 2114 4666 2384 4740; x_wconf 90' lang='lat' dir='ltr'>poribus,</span> <span class='ocrx_word' id='word_1_800' title='bbox 2417 4666 2479 4721; x_wconf 91' lang='lat' dir='ltr'>in</span> <span class='ocrx_word' id='word_1_801' title='bbox 2509 4671 2798 4722; x_wconf 67' lang='lat' dir='ltr'>aeternum</span> <span class='ocrx_word' id='word_1_802' title='bbox 2848 4666 3295 4723; x_wconf 87' lang='lat' dir='ltr'>confundamur</span> <span class='ocrx_word' id='word_1_803' title='bbox 3324 4682 3394 4721; x_wconf 89' lang='lat' dir='ltr'>ac</span> <span class='ocrx_word' id='word_1_804' title='bbox 3424 4664 3793 4737; x_wconf 85' lang='lat' dir='ltr'>puniamur.</span> 
     </span>
    </p>
   </div>
   <div class='ocr_carea' id='block_1_108' title="bbox 2116 4756 3797 4831">
    <p class='ocr_par' dir='ltr' id='par_1_108' title="bbox 2116 4756 3797 4831">
     <span class='ocr_line' id='line_1_108' title="bbox 2116 4756 3797 4831; baseline -0.002 -18"><span class='ocrx_word' id='word_1_805' title='bbox 2116 4758 2230 4813; x_wconf 93' lang='lat' dir='ltr'>Sed</span> <span class='ocrx_word' id='word_1_806' title='bbox 2261 4757 2509 4831; x_wconf 89' lang='lat' dir='ltr'>emptitii</span> <span class='ocrx_word' id='word_1_807' title='bbox 2539 4760 2687 4814; x_wconf 89' lang='lat' dir='ltr'>servi</span> <span class='ocrx_word' id='word_1_808' title='bbox 2718 4774 2879 4814; x_wconf 90' lang='lat' dir='ltr'>nunc</span> <span class='ocrx_word' id='word_1_809' title='bbox 2909 4775 3048 4814; x_wconf 88' lang='lat' dir='ltr'>cum</span> <span class='ocrx_word' id='word_1_810' title='bbox 3080 4756 3417 4823; x_wconf 89' lang='lat' dir='ltr'>collibertis,</span> <span class='ocrx_word' id='word_1_811' title='bbox 3452 4757 3655 4828; x_wconf 79' lang='lat' dir='ltr'>gratia</span> <span class='ocrx_word' id='word_1_812' title='bbox 3692 4761 3797 4811; x_wconf 88' lang='lat' dir='ltr'>tua</span> 
     </span>
    </p>
   </div>
   <div class='ocr_carea' id='block_1_109' title="bbox 2114 4844 3799 4919">
    <p class='ocr_par' dir='ltr' id='par_1_109' title="bbox 2114 4844 3799 4919">
     <span class='ocr_line' id='line_1_109' title="bbox 2114 4844 3799 4919; baseline 0 -18"><span class='ocrx_word' id='word_1_813' title='bbox 2114 4845 2280 4915; x_wconf 89' lang='lat' dir='ltr'>digni</span> <span class='ocrx_word' id='word_1_814' title='bbox 2323 4846 2513 4902; x_wconf 77' lang='lat' dir='ltr'>effecti</span> <span class='ocrx_word' id='word_1_815' title='bbox 2555 4851 2698 4902; x_wconf 87' lang='lat' dir='ltr'>tunc</span> <span class='ocrx_word' id='word_1_816' title='bbox 2728 4848 2908 4903; x_wconf 90' lang='lat' dir='ltr'>etiam</span> <span class='ocrx_word' id='word_1_817' title='bbox 2960 4846 3077 4903; x_wconf 89' lang='lat' dir='ltr'>tuis</span> <span class='ocrx_word' id='word_1_818' title='bbox 3106 4863 3246 4902; x_wconf 90' lang='lat' dir='ltr'>cum</span> <span class='ocrx_word' id='word_1_819' title='bbox 3275 4844 3484 4902; x_wconf 91' lang='lat' dir='ltr'>amicis</span> <span class='ocrx_word' id='word_1_820' title='bbox 3540 4860 3799 4919; x_wconf 79' lang='lat' dir='ltr'>semper</span> 
     </span>
    </p>
   </div>
   <div class='ocr_carea' id='block_1_110' title="bbox 2113 4934 3798 5008">
    <p class='ocr_par' dir='ltr' id='par_1_110' title="bbox 2113 4934 3798 5008">
     <span class='ocr_line' id='line_1_110' title="bbox 2113 4934 3798 5008; baseline -0.001 -16"><span class='ocrx_word' id='word_1_821' title='bbox 2113 4936 2412 4992; x_wconf 89' lang='lat' dir='ltr'>mansuris</span> <span class='ocrx_word' id='word_1_822' title='bbox 2436 4936 2704 5008; x_wconf 87' lang='lat' dir='ltr'>deputati</span> <span class='ocrx_word' id='word_1_823' title='bbox 2733 4937 2989 5008; x_wconf 87' lang='lat' dir='ltr'>gaudiis,</span> <span class='ocrx_word' id='word_1_824' title='bbox 3019 4936 3212 4992; x_wconf 89' lang='lat' dir='ltr'>securi</span> <span class='ocrx_word' id='word_1_825' title='bbox 3243 4934 3559 4990; x_wconf 85' lang='lat' dir='ltr'>videamus</span> <span class='ocrx_word' id='word_1_826' title='bbox 3587 4936 3798 4991; x_wconf 88' lang='lat' dir='ltr'>Domi-</span> 
     </span>
    </p>
   </div>
   <div class='ocr_carea' id='block_1_111' title="bbox 2113 5023 3795 5098">
    <p class='ocr_par' dir='ltr' id='par_1_111' title="bbox 2113 5023 3795 5098">
     <span class='ocr_line' id='line_1_111' title="bbox 2113 5023 3795 5098; baseline -0.001 -17"><span class='ocrx_word' id='word_1_827' title='bbox 2113 5042 2260 5081; x_wconf 90' lang='lat' dir='ltr'>num</span> <span class='ocrx_word' id='word_1_828' title='bbox 2288 5027 2489 5081; x_wconf 84' lang='lat' dir='ltr'>Jesum</span> <span class='ocrx_word' id='word_1_829' title='bbox 2519 5024 2723 5081; x_wconf 82' lang='lat' dir='ltr'>Filium</span> <span class='ocrx_word' id='word_1_830' title='bbox 2756 5031 2926 5081; x_wconf 90' lang='lat' dir='ltr'>tuum</span> <span class='ocrx_word' id='word_1_831' title='bbox 2942 5026 3323 5083; x_wconf 90' lang='lat' dir='ltr'>liberatorem</span> <span class='ocrx_word' id='word_1_832' title='bbox 3344 5028 3399 5080; x_wconf 88' lang='lat' dir='ltr'>et</span> <span class='ocrx_word' id='word_1_833' title='bbox 3419 5023 3795 5098; x_wconf 88' lang='lat' dir='ltr'>episcopum</span> 
     </span>
    </p>
   </div>
   <div class='ocr_carea' id='block_1_112' title="bbox 2113 5112 3796 5187">
    <p class='ocr_par' dir='ltr' id='par_1_112' title="bbox 2113 5112 3796 5187">
     <span class='ocr_line' id='line_1_112' title="bbox 2113 5112 3796 5187; baseline -0.002 -17"><span class='ocrx_word' id='word_1_834' title='bbox 2113 5114 2456 5170; x_wconf 89' lang='lat' dir='ltr'>animarum</span> <span class='ocrx_word' id='word_1_835' title='bbox 2484 5119 2540 5169; x_wconf 91' lang='lat' dir='ltr'>et</span> <span class='ocrx_word' id='word_1_836' title='bbox 2582 5131 2902 5187; x_wconf 91' lang='lat' dir='ltr'>corporum</span> <span class='ocrx_word' id='word_1_837' title='bbox 2955 5119 3319 5182; x_wconf 90' lang='lat' dir='ltr'>nostrorum,</span> <span class='ocrx_word' id='word_1_838' title='bbox 3366 5112 3645 5183; x_wconf 88' lang='lat' dir='ltr'>judicem</span> <span class='ocrx_word' id='word_1_839' title='bbox 3704 5115 3796 5184; x_wconf 81' lang='lat' dir='ltr'>ju-</span> 
     </span>
    </p>
   </div>
   <div class='ocr_carea' id='block_1_113' title="bbox 2113 5200 3796 5271">
    <p class='ocr_par' dir='ltr' id='par_1_113' title="bbox 2113 5200 3796 5271">
     <span class='ocr_line' id='line_1_113' title="bbox 2113 5200 3796 5271; baseline 0 -13"><span class='ocrx_word' id='word_1_840' title='bbox 2113 5207 2270 5258; x_wconf 87' lang='lat' dir='ltr'>stum</span> <span class='ocrx_word' id='word_1_841' title='bbox 2329 5201 2602 5257; x_wconf 90' lang='lat' dir='ltr'>vivorum</span> <span class='ocrx_word' id='word_1_842' title='bbox 2659 5208 2715 5259; x_wconf 92' lang='lat' dir='ltr'>et</span> <span class='ocrx_word' id='word_1_843' title='bbox 2770 5208 3167 5271; x_wconf 89' lang='lat' dir='ltr'>mortuorum,</span> <span class='ocrx_word' id='word_1_844' title='bbox 3222 5205 3420 5258; x_wconf 90' lang='lat' dir='ltr'>tecum</span> <span class='ocrx_word' id='word_1_845' title='bbox 3472 5200 3796 5258; x_wconf 85' lang='lat' dir='ltr'>viventem</span> 
     </span>
    </p>
   </div>
   <div class='ocr_carea' id='block_1_114' title="bbox 2111 5288 3796 5364">
    <p class='ocr_par' dir='ltr' id='par_1_114' title="bbox 2111 5288 3796 5364">
     <span class='ocr_line' id='line_1_114' title="bbox 2111 5288 3796 5364; baseline -0.001 -18"><span class='ocrx_word' id='word_1_846' title='bbox 2111 5295 2291 5362; x_wconf 90' lang='lat' dir='ltr'>atque</span> <span class='ocrx_word' id='word_1_847' title='bbox 2320 5288 2382 5345; x_wconf 90' lang='lat' dir='ltr'>in</span> <span class='ocrx_word' id='word_1_848' title='bbox 2413 5290 2634 5346; x_wconf 89' lang='lat' dir='ltr'>unitate</span> <span class='ocrx_word' id='word_1_849' title='bbox 2686 5291 2935 5362; x_wconf 89' lang='lat' dir='ltr'>Spiritus</span> <span class='ocrx_word' id='word_1_850' title='bbox 2996 5290 3187 5347; x_wconf 89' lang='lat' dir='ltr'>sancti</span> <span class='ocrx_word' id='word_1_851' title='bbox 3242 5294 3622 5361; x_wconf 87' lang='lat' dir='ltr'>regnantem,</span> <span class='ocrx_word' id='word_1_852' title='bbox 3687 5306 3796 5364; x_wconf 84' lang='lat' dir='ltr'>per</span> 
     </span>
    </p>
   </div>
   <div class='ocr_carea' id='block_1_115' title="bbox 2112 5379 3462 5437">
    <p class='ocr_par' dir='ltr' id='par_1_115' title="bbox 2112 5379 3462 5437">
     <span class='ocr_line' id='line_1_115' title="bbox 2112 5379 3462 5437; baseline 0.001 -2"><span class='ocrx_word' id='word_1_853' title='bbox 2112 5379 2475 5436; x_wconf 90' lang='lat' dir='ltr'>immortalia</span> <span class='ocrx_word' id='word_1_854' title='bbox 2506 5380 2725 5436; x_wconf 70' lang='lat' dir='ltr'>saacula</span> <span class='ocrx_word' id='word_1_855' title='bbox 2758 5380 3365 5437; x_wconf 68' lang='lat' dir='ltr'>saeculorum.Amen.</span> <span class='ocrx_word' id='word_1_856' title='bbox 3397 5379 3462 5436; x_wconf 82' lang='grc'>²⁸.</span> 
     </span>
    </p>
   </div>
   <div class='ocr_carea' id='block_1_116' title="bbox 1726 5529 2394 5589">
    <p class='ocr_par' dir='ltr' id='par_1_116' title="bbox 1726 5529 2394 5589">
     <span class='ocr_line' id='line_1_116' title="bbox 1726 5529 2394 5589; baseline 0.007 -6"><span class='ocrx_word' id='word_1_857' title='bbox 1726 5529 1956 5585; x_wconf 67' lang='grc' dir='ltr'>νΑιιιΑῖ</span> <span class='ocrx_word' id='word_1_858' title='bbox 1996 5531 2288 5589; x_wconf 86' lang='lat' dir='ltr'>LECTION</span> <span class='ocrx_word' id='word_1_859' title='bbox 2293 5533 2394 5589; x_wconf 86' lang='lat' dir='ltr'>ES.</span> 
     </span>
    </p>
   </div>
   <div class='ocr_carea' id='block_1_117' title="bbox 419 5604 970 5691">
    <p class='ocr_par' dir='ltr' id='par_1_117' title="bbox 419 5604 970 5691">
     <span class='ocr_line' id='line_1_117' title="bbox 419 5604 970 5691; baseline 0.015 -26"><span class='ocrx_word' id='word_1_860' title='bbox 419 5604 466 5640; x_wconf 78' lang='grc'>’³</span> <span class='ocrx_word' id='word_1_861' title='bbox 513 5610 641 5669; x_wconf 66' lang='grc' dir='ltr'>νεά.</span> <span class='ocrx_word' id='word_1_862' title='bbox 667 5627 809 5687; x_wconf 85' lang='lat' dir='ltr'>pag.</span> <span class='ocrx_word' id='word_1_863' title='bbox 845 5631 970 5691; x_wconf 87' lang='lat' dir='ltr'>seq.</span> 
     </span>
    </p>
   </div>
  </div>
