3984 6180
191 186 315 242 1021

964 181 1054 244 DE
1102 191 1474 248 MIRACULIS
1516 191 1572 247 S.
1615 189 2028 248 ΕΜΜΕΒΑΠΠῙ
2065 187 2252 246 LIBRI

1946 189 2028 248 [ΠΙ
2065 187 2252 246 LIBRI
2292 191 2456 250 DUO.
2486 225 2556 236 ——
2593 193 2724 250 LIB.
2767 193 2833 250 Π.

192 317 3597 346 W

1358 480 1770 594 INCIPIT
1873 480 2216 569 LIBER
2309 486 2423 573 11.

929 679 1018 733 DE
1058 681 1378 736 MEMORIA
1419 680 1622 736 BEATl
1664 681 2080 738 EMMERAMMI
2119 684 2206 737 ET
2254 685 2417 740 EJUS
2456 687 2847 744 CULTORUM.

252 844 540 925 [inmanis
568 869 748 926 rebus
781 876 1060 945 exempto
1090 873 1212 944 (an.
1245 875 1390 946 972),
1450 880 1516 931 ut
1563 875 1624 930 in
1679 875 1840 932 calce
1878 881 1926 934 A
1957 876 2064 932 sed
2117 875 2392 933 stabilem
2433 893 2590 934 verae
2640 875 2779 933 ﬁdei
2811 874 3252 934 domesticum.
3304 875 3470 934 Unde
3543 880 3602 934 et

174 957 311 1014 libri
348 958 562 1032 prioris
587 959 1036 1034 descripsimus,
1091 963 1410 1020 Michahele
1462 965 1836 1038 Reginopoli-

175 1052 320 1104 tano
351 1047 658 1121 episcopo,
691 1050 946 1124 qualiter
978 1051 1078 1107 Dei
1136 1053 1562 1124 omnipotentis
1614 1055 1837 1110 miseri-

177 1137 382 1194 cordia
411 1153 591 1212 super
619 1139 802 1211 hujus
839 1141 1105 1197 ecclesiae
1153 1142 1377 1199 clerum
1427 1149 1482 1200 et
1537 1145 1834 1218 populum

175 1225 522 1297 vigilaverit,
555 1244 814 1300 quemve
846 1229 1123 1304 princeps
1169 1237 1480 1304 pastorum
1539 1233 1663 1289 suis
1713 1233 1834 1290 ovi-

170 1314 293 1370 bus
321 1331 554 1388 preesse
593 1316 865 1385 voluerit,
893 1335 1199 1392 quemque
1231 1320 1308 1376 ad
1337 1321 1700 1394 pastoralem
1732 1339 1830 1378 cu-

171 1419 304 1460 ram
329 1405 392 1461 in
420 1411 646 1462 secreto
679 1423 811 1474 suo,
847 1409 943 1463 cui
983 1425 1164 1464 omne
1214 1426 1317 1466 cor
1343 1415 1524 1483 patet,
1570 1409 1826 1480 elegerit,

171 1494 595 1551 occasionibus
627 1496 980 1566 hujusmodi
1031 1497 1325 1572 patefecit.
1389 1503 1522 1556 Erat
1575 1499 1826 1573 quidam

167 1581 260 1636 vir
290 1599 507 1652 genere
533 1583 852 1654 ingenuus,
879 1587 1090 1644 virtute
1113 1592 1408 1656 strenuus,
1432 1589 1673 1645 natione
1698 1587 1828 1644 Ala-

165 1687 453 1741 mannus,
486 1673 732 1730 nomine
759 1675 1008 1748 quidem
1040 1677 1456 1749 Wolfgangus,
1483 1679 1676 1750 cujus,
1699 1679 1826 1751 ipse

160 1757 717 1835 interpretationem
763 1765 1040 1821 vocabuli
1093 1765 1152 1820 in
1203 1767 1471 1839 quodam
1529 1767 1662 1824 loco
1725 1771 1828 1824 Lu-

157 1849 500 1921 pambulus
519 1851 696 1922 jussit
723 1852 988 1910 inscribi.
1023 1855 1074 1909 Is
1095 1855 1357 1927 primum
1389 1856 1540 1912 inter
1577 1858 1822 1912 canoni-

161 1954 278 1994 cos
302 1939 426 1996 sive
447 1940 689 1998 clericos
718 1943 1084 2000 laudabilem
1111 1949 1167 2000 et
1195 1950 1419 2001 castam
1459 1946 1712 2002 duxerat
1751 1947 1826 2002 vi-

162 2027 466 2094 tam,dein
497 2031 811 2087 artioribus
843 2033 1062 2101 regulis
1084 2033 1354 2106 inplicari
1382 2035 1820 2104 desiderans,in

153 2116 386 2172 Suevia
443 2119 606 2190 apud
657 2120 1003 2187 ccenobitas,
1065 2121 1168 2194 qui
1220 2123 1473 2180 Solitarii
1529 2132 1821 2182 vocantur

1946 965 2250 1038 quosdam
2277 966 2350 1022 de
2380 965 2504 1022 suis
2563 965 2926 1022 familiariter
2978 983 3088 1040 pro
3141 983 3212 1023 eo
3256 967 3598 1040 alloquitur,

1944 1053 2151 1108 dicens
2185 1073 2196 1110 :
2230 1055 2277 1109 Ο
2304 1070 2485 1125 quam
2512 1055 2668 1124 felix
2705 1056 2970 1124 ecclesia,
3021 1069 3152 1126 quae
3198 1057 3318 1112 Deo
3367 1055 3600 1112 volente

1942 1144 2054 1199 isto
2080 1144 2408 1200 donabitur
2434 1145 2761 1201 sacerdote.
2792 1145 2958 1216 Ergo
2986 1146 3382 1201 necessarium
3421 1145 3598 1202 valde

1943 1233 2179 1288 videtur
2197 1234 2350 1288 mihi
2370 1239 2423 1288 et
2457 1234 2622 1299 utile,
2656 1237 2724 1288 ut
2756 1233 2896 1289 huic
2949 1233 3184 1302 famulo
3237 1234 3349 1288 Dei
3394 1239 3597 1303 petam

1942 1323 2203 1392 regimen
2237 1323 2684 1401 Ratisbonensis
2715 1323 3030 1392 episcopii;
3057 1323 3200 1394 quia
3228 1323 3445 1390 optime
3465 1337 3598 1378 con-

1941 1414 2121 1480 venit,
2149 1413 2342 1468 sicubi
2359 1411 2632 1468 abundat
2659 1412 2811 1468 bona
2835 1413 3136 1474 voluntas,
3165 1417 3230 1466 ut
3261 1426 3388 1467 eam
3417 1411 3594 1467 etiam

1938 1501 2020 1555 ad
2050 1501 2202 1556 bona
2233 1516 2414 1570 opera
2437 1499 2760 1570 procedere
2787 1503 3002 1571 facith
3036 1501 3178 1557 bene
3226 1499 3452 1556 collata
3496 1500 3597 1570 fa-

1937 1591 2153 1645 cultas.
2191 1591 2420 1645 Bonum
2447 1591 2682 1661 quippe,
2715 1590 2877 1661 quod
2907 1591 3004 1646 hic
3033 1591 3128 1646 vir
3155 1591 3450 1646 seminare
3506 1605 3600 1645 ro-

1939 1678 2051 1732 luit
2078 1679 2138 1732 in
2157 1679 2392 1746 paratis
2413 1678 2462 1712 ²⁵
2492 1678 2768 1734 cordibus
2791 1693 3170 1748 paganorum
3197 1678 3280 1734 ad
3307 1678 3356 1712 ²⁶
3381 1677 3596 1733 salutis

1935 1765 2294 1838 obsequium,
2323 1767 2484 1838 quod
2513 1767 2737 1836 repulit
2768 1768 3001 1822 caecitas
3031 1767 3297 1834 illorum,
3327 1767 3596 1836 quando-

1933 1870 2046 1926 que
2071 1857 2350 1925 fortassis
2383 1855 2508 1925 hoc,
2541 1855 2741 1910 eodem
2761 1869 2976 1925 agrum
3012 1855 3375 1910 dominicum
3425 1869 3595 1911 exco-

1936 1925 2110 2014 lente,
2139 1944 2304 2000 dabit
2331 1925 2602 2014 fructum
2630 1959 2802 1998 suum
2832 1944 2895 1998 in
2950 1943 3190 2012 populis
3239 1941 3593 1998 christiano-

1932 2051 2086 2089 rum.
2117 2034 2202 2089 Ad
2223 2035 2350 2090 haec
2381 2033 2630 2106 quidam
2662 2032 3092 2106 respondentes
3117 2031 3396 2088 dixerunt
3427 2048 3441 2086 :
3476 2031 3593 2100 Qui

1926 2126 2066 2194 ﬁeri
2084 2131 2300 2196 potest,
2325 2132 2387 2178 ut
2419 2125 2526 2180 iste
2539 2139 2779 2194 pauper
2802 2129 2857 2179 et
2889 2124 3124 2194 ignotus
3168 2123 3252 2178 ad
3307 2123 3588 2180 honorem

145 2202 390 2276 (81-88),
422 2210 790 2264 monachum
820 2208 1130 2282 professus
1159 2217 1266 2268 est.
1301 2215 1486 2280 Quem
1521 2233 1660 2271 cum
1695 2233 1819 2271 non
1859 2229 1899 2283 Β
1929 2213 2174 2270 accedat
2198 2215 2355 2269 tanti
2399 2215 2793 2283 episcopatus,
2831 2227 2964 2267 cum
3009 2214 3144 2281 jam
3203 2211 3422 2281 aliquae
3475 2211 3592 2266 alti

143 2291 354 2348 solum
389 2292 613 2352 fortiter
640 2297 794 2353 vitiis
821 2299 1117 2370 resistere,
1151 2301 1254 2356 sed
1281 2301 1462 2358 etiam
1499 2305 1817 2361 virtutibus

141 2381 554 2440 assuefaceret
634 2385 818 2442 libere
902 2387 1192 2458 insistere,
1243 2395 1439 2447 acrius
1500 2394 1816 2450 intendens

141 2471 347 2527 aciem
403 2475 620 2531 mentis
669 2475 732 2530 in
783 2477 1097 2549 speculum
1152 2481 1408 2549 geminae
1461 2483 1814 2548 dilectionis,

139 2561 473 2620 videbatur
499 2565 611 2622 sibi
643 2583 782 2622 cum
823 2567 1039 2640 simplo
1070 2574 1126 2625 et
1177 2571 1537 2629 abscondito
1595 2575 1816 2630 talento

133 2650 324 2724 quasi
354 2668 584 2708 vacuus
611 2671 903 2728 apparere
949 2657 1012 2712 in
1057 2665 1380 2732 conspectu
1425 2662 1674 2724 Domini,
1704 2664 1816 2718 nisi

137 2755 222 2795 eo
249 2741 523 2814 exposito
545 2747 602 2798 et
629 2743 937 2816 duplicato
970 2745 1224 2802 aliorum
1253 2765 1497 2821 quoque
1541 2753 1814 2808 consule-

139 2833 238 2884 ret
269 2829 465 2886 saluti.
501 2833 682 2904 Cujus
710 2833 792 2888 rei
815 2834 1007 2903 gratia
1039 2837 1470 2894 monasterium
1499 2845 1554 2895 et
1599 2857 1719 2896 non
1765 2843 1813 2876 “

139 2917 524 2974 monachum
565 2921 865 2990 deserens,
927 2922 1114 2979 immo
1174 2927 1506 2982 secundum
1566 2929 1818 3002 Aposto-

141 3006 278 3062 lum
304 3008 412 3078 (89)
441 3009 676 3080 majora
707 3011 976 3068 aemulari
1019 3015 1338 3072 carismata
1383 3018 1652 3090 cupiens,
1707 3037 1816 3093 per

143 3095 576 3154 Alamanniam
606 3099 846 3156 devenit
881 3102 1019 3158 exul
1045 3103 1105 3158 in
1151 3105 1450 3163 Noricum.
1497 3109 1584 3164 Ad
1643 3111 1813 3182 cujus

143 3185 504 3242 orientalem
536 3193 768 3260 partem
803 3207 940 3246 cum
978 3193 1191 3250 humili
1243 3197 1530 3253 comitatu
1584 3204 1814 3271 perten-

143 3275 323 3347 dens,
347 3277 697 3348 predicandi
727 3281 916 3350 gratia
953 3284 1268 3340 Pannoniae
1313 3286 1477 3358 petiit
1528 3290 1807 3346 confinia.

144 3367 192 3420 E
223 3381 347 3438 qua
372 3381 479 3439 per
502 3367 851 3438 Piligrinum
873 3373 1284 3429 Pataviensem
1305 3377 1654 3450 episcOpum
1675 3397 1810 3436 evo-

144 3459 343 3520 catus,
376 3455 513 3527 pia,
539 3461 603 3512 ut
623 3458 838 3528 decuit,
869 3460 1259 3518 humanitatis
1311 3465 1389 3520 ab
1437 3483 1508 3521 eo
1563 3469 1809 3542 suscipi-

1926 2305 2236 2374 sanguinis
2257 2318 2528 2372 personae
2555 2301 2713 2356 hunc
2735 2299 2901 2370 apud
2916 2302 3333 2369 imperatorem
3358 2299 3588 2368 prediis

1926 2398 1981 2448 et
2003 2394 2264 2463 pecunia
2294 2395 2736 2462 compensantes
2762 2391 2878 2445 sibi
2903 2389 3324 2458 temptaverint
3389 2385 3589 2458 acqui-

1928 2497 2060 2538 rere
2079 2485 2106 2536 ?
2131 2481 2361 2546 Quibus
2392 2479 2486 2535 ille
2512 2480 2686 2534 refert
2715 2477 2900 2534 verba
2925 2476 3291 2549 ponderosa,
3324 2475 3427 2531 sed
3457 2491 3583 2532 non

1926 2571 2080 2625 adeo
2110 2585 2355 2624 morosa
2389 2586 2400 2623 :
2435 2569 2655 2624 Divina
2683 2573 2738 2622 et
2795 2568 3058 2622 humana
3103 2563 3281 2620 valde
3321 2565 3480 2620 inter
3527 2579 3588 2620 se

1919 2659 2265 2728 probantur
2295 2655 2780 2726 distarejudicia.
2806 2653 2966 2709 Hinc
2990 2657 3294 2709 scrutator
3318 2651 3586 2708 cordium

1925 2753 1978 2804 et
2009 2764 2218 2803 renum
2251 2747 2326 2802 ab
2348 2747 2515 2802 initio
2546 2744 2759 2800 mundi
2783 2743 2958 2814 elegit
2981 2740 3450 2810 contemptibilia
3479 2753 3586 2797 nec

1925 2852 2042 2890 non
2076 2835 2385 2905 ignobilia,
2407 2840 2470 2888 ut
2497 2833 2890 2904 confunderet
2915 2831 3105 2901 fortia
3132 2828 3244 2900 (9t)
3260 2841 3284 2899 ,'
3311 2834 3366 2886 et
3395 2843 3428 2884 ε
3450 2843 3584 2884 con-

1925 2927 2116 2981 trario
2145 2925 2404 2979 mundus
2434 2924 2594 2995 quod
2621 2938 2793 2978 suum
2825 2926 2908 2978 est
2957 2917 3207 2989 superbe
3247 2919 3329 2974 ad
3371 2917 3582 2974 horam

1923 3018 2177 3082 extollit,
2202 3032 2272 3071 ac
2301 3016 2363 3070 in
2397 3015 2561 3070 brevi
2585 3029 2717 3069 cum
2750 3011 3097 3082 confusione
3111 3009 3386 3064 distollit.
3419 3007 3582 3064 Unde

1923 3123 2116 3178 operae
2145 3107 2407 3177 precium
2439 3119 2662 3169 censeo,
2689 3119 2802 3174 quo
2828 3103 3058 3156 mittam
3117 3099 3197 3155 ad
3251 3099 3578 3154 marchicoo

1922 3200 2142 3268 mitem,
2167 3200 2338 3266 cujus
2366 3195 2612 3250 consilio
2643 3191 2835 3247 multa
2869 3191 3014 3246 solet
3069 3189 3274 3258 facere
3327 3189 3582 3256 impera-

1923 3293 2035 3352 tor,
2069 3291 2135 3340 ut
2165 3289 2448 3355 suggerat
2481 3284 2554 3352 ei,
2587 3297 2660 3338 ne
2675 3296 2788 3351 per
2825 3278 3206 3334 ambitionem
3257 3280 3363 3331 aut
3410 3275 3581 3330 simo-

1920 3377 2157 3432 niacam
2189 3374 2437 3431 heresim
2465 3385 2818 3443 quemquam
2841 3365 3231 3438 episcopalem
3283 3365 3445 3419 sinat
3485 3377 3582 3418 ac-

1920 3467 2115 3535 cipere
2143 3464 2498 3534 dignitatem
2522 3475 2546 3533 ,'
2575 3460 2676 3517 sed
2698 3459 2768 3514 ob
2804 3463 3088 3514 aiternam
3143 3453 3578 3510 remuneratio-

145 3549 247 3636 tur
272 3549 329 3600 et
351 3543 578 3602 fovetur
599 3546 816 3604 ofﬁcio.
860 3551 1035 3622 Apud
1091 3569 1272 3626 quem
1327 3555 1506 3610 etiam
1561 3563 1808 3628 rogatus
1846 3576 1890 3636 ο
1920 3570 2258 3627 nem,quem
2294 3552 2576 3608 humilem
2603 3555 2658 3606 et
2686 3548 3012 3605 modestum
3053 3560 3124 3636 ac
3161 3543 3463 3600 eruditum
3491 3542 3579 3598 in-

145 3633 433 3704 etjussus
477 3636 698 3692 mansit
751 3637 979 3712 aliquot
1031 3640 1290 3711 diebus;
1349 3645 1460 3701 hoc
1513 3646 1663 3702 inter
1711 3665 1806 3703 ce-

151 3727 282 3778 tera
309 3722 585 3795 prudenti
615 3741 819 3782 secum
847 3732 1107 3784 tractans
1157 3736 1374 3798 mente,
1420 3750 1605 3805 quare
1666 3753 1805 3809 pro-

1919 3645 2143 3701 venerit
2174 3659 2280 3699 nec
2306 3659 2424 3698 non
2449 3641 2664 3712 ofﬁciis
2723 3635 3134 3695 ecclesiasticis
3192 3637 3400 3703 aptum
3457 3645 3578 3687 esse

1909 3735 2280 3804 probaverit,
2312 3733 2493 3800 hunc,
2520 3732 2945 3799 cujuscumque
2982 3727 3055 3782 sit
3097 3722 3454 3780 conditionis
3487 3721 3579 3776 vel

142 3811 374 3868 hibitus
399 3813 472 3869 sit
499 3813 578 3870 ab
607 3815 968 3874 adducenda
1000 3819 1077 3874 ad
1115 3822 1300 3876 Deum
1354 3823 1806 3882 Pannoniorum
1909 3823 2262 3894 parentela’,
2290 3819 2634 3890 promoveri
2675 3817 2868 3886 faciat
2899 3815 2980 3869 ad
3025 3813 3261 3908 culmen
3292 3809 3574 3864 ecclesia.

145 3905 345 3972 gente.

219 4083 344 4146 Quo
376 4083 866 4140 commorationis
896 4089 1162 4160 tempore
1181 4088 1340 4144 idem
1361 4090 1680 4164 episcopus
1701 4107 1806 4165 op-

149 4170 288 4226 time
323 4187 490 4244 usus,
521 4177 724 4246 utpote
755 4175 860 4248 qui
891 4181 1016 4232 erat
1045 4178 1315 4250 adprime
1346 4181 1612 4237 eruditus
1635 4186 1691 4238 et
1711 4197 1806 4253 ge-

144 4275 286 4316 nere
318 4260 748 4330 nobillssimus,
779 4265 951 4336 juxta
983 4267 1096 4322 hoc
1118 4269 1284 4340 quod
1323 4271 1640 4343 Apostolus
1665 4271 1805 4328 dicit

146 4349 284 4420 (90).
321 4351 578 4408 Probata
606 4354 856 4423 spiritus
881 4355 932 4410 si
957 4371 1032 4412 ex
1062 4358 1180 4414 Deo
1213 4364 1373 4431 sunt,
1433 4359 1804 4417 clandestina

146 4443 208 4494 et
232 4437 546 4496 manifesta
574 4441 759 4498 divini
817 4444 1035 4500 servitii
1092 4447 1507 4504 observatione
1561 4450 1807 4506 assidua

149 4543 336 4583 sacrae
371 4529 686 4602 Scriptura:
717 4531 1083 4603 indigatione
1115 4537 1254 4592 satis
1288 4537 1582 4609 probavit.
1642 4540 1804 4594 hunc

145 4632 334 4690 quem
355 4623 698 4692 susceperat
713 4621 1097 4695 peregrinum
1111 4640 1234 4681 non
1251 4642 1378 4682 esse
1401 4641 1801 4698 gyrovagum,

1917 3911 2029 3978 Qui
2099 3911 2328 3984 plura?
2387 3911 2492 3963 Per
2545 3905 2904 3975 legationem
2963 3899 3228 3971 episco‘pi
3268 3911 3376 3984 ac
3443 3909 3580 3984 sng—

1917 3979 2247 4070 gestionem
2299 3993 2620 4052 consiliarii
2663 4007 2831 4048 cesar
2879 4003 3003 4042 sua:
3061 3989 3118 4040 et
3164 3979 3576 4039 ecclesiasticae

1915 4088 2180 4145 utilitatis
2213 4084 2581 4144 admonitus,
2613 4081 2822 4148 immo,
2849 4075 3015 4150 quod
3043 4072 3238 4128 verius
3263 4073 3370 4136 est,
3425 4072 3577 4124 nutu

1916 4177 2039 4249 Dei,
2072 4177 2243 4246 cujus
2274 4175 2332 4230 in
2358 4188 2542 4228 manu
2569 4185 2671 4225 cor
2693 4166 2872 4238 regis,
2892 4165 3171 4238 princeps
3191 4161 3390 4218 bonus
3419 4160 3574 4249 O_tto-

1916 4247 2216 4322 secundus
2247 4263 2452 4320 animo
2497 4261 2784 4323 mutatus,
2819 4270 3051 4319 omnes,
3083 4251 3189 4324 qui
3217 4265 3328 4324 pro
3357 4247 3574 4304 eodem

1915 4355 2265 4428 episc0patu
2296 4347 2686 4425 adipiscendo
2714 4343 3098 4408 laborabant,
3125 4339 3352 4408 avertit,
3395 4342 3458 4428 et
3510 4353 3572 4392 se

1915 4427 2104 4501 totum
2133 4444 2210 4499 ad
2228 4441 2576 4498 electionem
2595 4433 2923 4492 venerandi
2947 4431 3056 4488 viri
3073 4427 3409 4498 Wolfgangi
3431 4441 3571 4482 con-

1512 4769 1752 4825 νΑΒιιΕ
1801 4769 2194 4827 LEOTIONES.

219 4866 270 4900 ³³
303 4865 452 4924 Can.
487 4868 659 4925 addit
690 4869 800 4928 hoc
825 4871 952 4928 loco
971 4887 994 4929 .'
1023 4874 1354 4938 QUATUOH
1394 4875 1535 4934 HOS
1574 4879 1836 4933 VERSUS
1873 4877 2206 4934 ANTISTES
2246 4874 2382 4928 DAT
2421 4865 2856 4925 HERIBERTUS
2887 4878 2900 4916 :

1249 4963 1503 5040 Diversis
1533 4964 1695 5040 boris
1724 4965 2014 5040 laudandi
2045 4965 2267 5040 scripta
2295 4957 2517 5040 laboris

1251 5035 1677 5111 Eesizrsrlesi,
1708 5037 1921 5111 crebro
1951 5032 2209 5111 perlecta
2236 5032 2435 5111 r6198!»
2492 5099 2502 5111 .
2598 5097 2608 5107 .

1251 5099 1491 5180 Et'nih’il
1520 5099 1720 5164 inveni
1753 5099 1969 5164 vitium
1984 5106 2150 5178 quod
2187 5099 2632 5180 possitbaberi.

1252 5175 1373 5230 Hoc
1404 5181 1636 5236 tantum
1665 5180 1820 5247 dico,
1853 5184 1956 5234 tua
1977 5174 2160 5249 tuque
2188 5174 2434 5250 placetis
2473 5174 2688 5225 amico.
2793 5233 2802 5245 ι
3219 5227 3229 5237 θ
3262 5226 3272 5238 ,

1252 5248 1277 5278 υ
1333 5250 1690 5278 "mammam
1722 5251 1778 5278 ;..
1814 5249 2041 5278 mna...“
2073 5244 2546 5278 πηιηιηιηωιηιιρ
2582 5236 2916 5278 lnaanan
2954 5226 3307 5278 venerabilis
3367 5221 3486 5278 abb

142 5245 197 5322 et
235 5246 429 5321 postea
459 5257 482 5322 ._'
510 5247 687 5322 Anno
717 5243 946 5322 Domini
979 5226 1296 5301 ΜΕΟΕΙΟἚᾸ
1311 5226 1700 5306 reverendus
1707 5226 2250 5317 ‘ih'bhiis'tS‘ﬁtitéé
2259 5226 2547 5322 dominus
2582 5233 2916 5322 [:udovicus
2954 5226 3558 5322 vensiabilismanb‘lggg

142 5312 326 5387 hujus
357 5297 783 5387 coclersiiellljd
808 5297 1387 5387 ﬁ’ziiérﬁﬁﬁé’ruiﬁ,’
1400 5297 2104 5377 (géibﬁaihiiﬁaﬁfﬂéiiiuf
2115 5297 2173 5372 et
2188 5297 2552 5387 venerabilis
2580 5307 3003 5387 do_minus....--
3028 5299 3221 5356 abbas
3273 5297 3560 5352 91100993“

142 5384 190 5419 ²⁴
220 5383 378 5440 deest
397 5388 486 5453 2.;
519 5401 595 5442 ea:
625 5383 870 5442 0thloni
907 5383 1035 5443 Viti:

1155 5379 1436 5459 'olfhangi
1463 5391 1756 5462 supplevi.
1832 5393 1880 5432 ³⁸
1905 5389 2134 5446 duratis
2167 5387 2326 5442 0thl.
2403 5385 2450 5418 ³⁸
2480 5387 2538 5438 et
2567 5379 2726 5437 0thl.

1741 5498 1965 5553 ΝΟΤᾸΞ.

217 5577 423 5649 (81-88)
450 5581 514 5634 In
537 5579 903 5638 monasterio
924 5580 1276 5638 Einsiedeln.

218 5650 322 5720 (89)
351 5654 368 5705 Ι
401 5653 531 5708 Cor.
561 5668 662 5718 xu,
693 5656 780 5708 31.

1995 5584 2087 5646 90)
2118 5584 2139 5636 Ι
2167 5582 2341 5636 Joan.
2374 5595 2450 5646 v1,
2476 5581 2529 5632 l.

1995 5588 2064 5640 9O
2118 5584 2139 5636 Ι
2167 5584 2341 5636 Joan.
2374 5584 2498 5646 v1,l

1973 5584 2087 5728 291;
2118 5659 2160 5711 1.
2193 5653 2324 5709 Cor.
2354 5651 2395 5719 i,
2421 5652 2510 5706 28.
