3996 6178
545 202 680 255 1023

1538 216 1543 219 ’
1586 198 1902 255 ARNOLDI
1940 194 2527 253 EMMERAMMENSIS
2564 195 2906 253 MONACHI.
3733 211 3820 265 4024

543 323 741 379 adhuc
772 338 909 377 cum
941 322 1360 393 prenominato
1387 323 1675 396 episcopo
1699 325 2197 388 commorantem,
2236 324 2284 377 A
2387 318 2496 375 Ubi
2525 336 2661 375 cum
2692 320 3013 377 multorum
3033 317 3196 376 ﬁdeli
3215 324 3273 375 et
3287 319 3576 376 favorabili
3597 326 3825 398 suscipere

545 412 649 468 sed
672 412 800 481 jam
823 410 901 465 ad
929 410 1186 483 patriam
1214 412 1500 484 repedare
1525 413 1907 483 cogitantem.
1947 415 2195 479 Ignarus

543 500 701 555 enim
727 503 853 553 erat
901 498 1214 568 legationis
1267 505 1322 555 et
1378 506 1709 556 ceterarum
1762 516 1959 556 rerum
1992 514 2102 571 pro
2132 513 2194 552 se

542 591 866 658 gestarum,
897 592 956 643 et
978 588 1201 643 idcirco
1223 588 1494 645 animum
1511 589 1856 646 intendebat
1884 588 2191 644 aliorsum.

542 679 811 749 Cumque
840 676 1037 748 legati,
1071 694 1257 749 quare
1277 679 1561 747 venerint,
1595 680 1647 736 ei
1674 679 2024 750 indicarent,
2084 676 2199 750 pri-

540 781 711 820 mum
740 764 990 820 recurrit
1018 765 1098 820 ad
1149 767 1531 822 secretarium
1581 767 1798 837 cordis,
1855 782 1917 821 se
1966 781 2195 838 suaque

542 857 662 910 Deo
687 853 1125 919 commendans
1150 854 1210 909 in
1232 854 1454 910 intimis
1489 874 1501 923 ;
1526 856 1665 912 dein
1687 856 1991 929 episcopo,
2022 855 2194 926 cujus

538 942 789 998 karitate
816 942 899 997 ibi
918 943 1191 999 detentus
1221 950 1364 1011 erat,
1389 961 1635 1001 causam
1663 962 1835 1001 suam
1865 961 2193 1018 exponens,

542 1030 605 1085 id
633 1047 756 1103 quo
780 1031 1143 1100 gravabatur
1161 1037 1633 1105 temperamento
1650 1034 1950 1103 levigabat
1973 1033 2198 1106 simpli-

542 1119 730 1175 citatis
759 1120 1121 1175 columbinte
1149 1137 1218 1176 ac
1248 1123 1580 1194 prudentiae
1617 1124 1993 1197 serpentinae,
2021 1128 2199 1196 atque

539 1208 601 1262 in
628 1208 789 1262 hunc
820 1208 1072 1264 modum
1096 1210 1496 1282 proloquitur,
1530 1212 1736 1267 dicens
1766 1232 1778 1268 :
1828 1214 1958 1268 Hoc
1984 1228 2197 1269 novum

539 1296 700 1366 quod
724 1298 874 1352 mihi
890 1312 1003 1365 per
1032 1300 1283 1354 nuncios
1297 1302 1599 1370 principis
1628 1304 1810 1371 venit,
1834 1303 2065 1357 [caritas
2095 1307 2201 1357 tua

539 1385 748 1453 effecit,
778 1387 877 1440 cui
899 1389 1195 1455 premium
1233 1388 1399 1444 bonae
1420 1392 1748 1447 volmzlatis
1775 1391 1996 1462 absque
2024 1390 2203 1446 dubio

539 1475 690 1543 erit;
713 1476 816 1529 sed
842 1491 985 1531 mea:
1012 1479 1312 1545 parvitati
1336 1480 1601 1535 timorem
1636 1482 1872 1550 incutit,
1902 1482 2045 1550 quia
2075 1496 2207 1537 nes-

539 1563 647 1630 cio,
667 1564 719 1618 si
742 1564 1021 1619 voluntas
1048 1566 1159 1620 Dei
1181 1568 1274 1632 sit,
1299 1572 1353 1621 et
1387 1569 1530 1637 quia
1559 1569 1821 1623 mundus
1875 1568 1980 1623 sub
2016 1570 2207 1638 specie

2304 412 2399 463 tur
2427 423 2700 474 occursu,
2734 408 2992 481 primum
3021 408 3197 463 beato
3230 411 3635 467 Emmerammo
3681 431 3727 468 se
3760 419 3823 473 hu-

2304 496 2519 551 militer
2542 497 2922 569 presentavit,
2952 497 3166 552 deinde
3197 513 3304 569 per
3323 496 3541 563 singula
3584 501 3823 561 Ratisbone

2304 586 2669 641 monasteria
2698 591 3040 642 sanctorum
3086 585 3251 659 petiit
3289 584 3573 657 suffragia,
3602 592 3822 651 novissime

2304 690 2445 730 vero
2468 674 2722 730 solemni
2752 674 2905 731 facta
2932 674 3349 748 preparatione
3386 691 3485 730 seu
3534 681 3824 754 processione,

2305 764 2386 820 ad
2413 764 2602 819 sancti
2630 764 2779 819 Petri
2827 763 3136 820 ecclesiam
3186 764 3444 819 accessit.
3476 768 3533 820 ln
3558 782 3711 837 quam
3748 787 3823 825 cum

2305 851 2552 908 canticis
2576 851 2795 907 lzeticias
2826 855 2883 908 et
2917 850 3324 907 exsultationis
3366 868 3498 908 voce
3542 853 3825 919 introductus,

2306 946 2487 1014 atque
2518 958 2685 997 more
2714 940 3064 1014 pontiﬁcum
3094 956 3287 1006 secus,
3315 940 3490 996 altare
3533 940 3826 1004 intronizattu,

2308 1047 2344 1087 a
2374 1030 2532 1086 clero
2563 1035 2617 1086 et
2643 1046 2679 1085 a
2708 1030 2933 1102 populo
2962 1045 3204 1085 summo
3259 1029 3499 1101 posteris
3556 1035 3828 1088 commenda-

2308 1123 2424 1189 tur,
2453 1134 2561 1174 nec
2586 1134 2709 1173 non
2749 1133 2784 1173 a
2831 1116 3118 1173 Friderico
3186 1116 3611 1191 archiepiscopo
3657 1125 3701 1174 et
3740 1120 3827 1175 illius

2311 1207 2706 1278 suffraganeis
2732 1212 2867 1280 post
2891 1206 3118 1278 aliquot
3138 1206 3265 1261 dies
3298 1206 3357 1261 in
3383 1208 3705 1263 sacerdotem
3745 1226 3828 1282 ape

2312 1297 2589 1352 stolicum
2614 1295 2842 1351 ibidem
2872 1299 3275 1351 consecratur.
3306 1296 3489 1359 Quam
3516 1295 3598 1350 ille
3623 1313 3828 1353 consecra-

2313 1386 2536 1441 tionem
2563 1384 2773 1440 nolens
2796 1399 2987 1440 vacuo
3016 1400 3222 1439 secum
3251 1388 3479 1456 portare
3507 1385 3754 1451 vocabulo,
3776 1387 3826 1442 die

2314 1480 2617 1546 noctuque
2648 1472 2972 1546 pontiﬁcali
3001 1472 3431 1528 studiosissime
3459 1473 3677 1529 excoluit
3695 1474 3827 1543 oﬂicio,

2316 1569 2381 1619 ut
2406 1564 2658 1634 gratiam
2685 1563 2875 1619 sancti
2901 1562 3149 1635 Spiritus
3182 1561 3603 1618 habundantius
3644 1564 3728 1618 sub
3764 1565 3826 1618 hoc

538 1652 844 1721 religionis
876 1656 1063 1709 multo
1096 1656 1177 1710 ad
1214 1657 1360 1711 vilia
1395 1657 1605 1712 trahit.
1671 1656 1775 1713 Cui
1831 1657 2204 1729 respondens
2243 1678 2283 1730 Β
2316 1651 2523 1707 ordine
2550 1657 2752 1724 posset
2778 1650 2997 1706 habere
3018 1650 3079 1705 in
3109 1650 3305 1706 cordis
3346 1651 3599 1722 hospitio.
3623 1652 3753 1721 Cujus
3783 1652 3829 1705 in-

538 1740 857 1813 episcopus
887 1742 1034 1798 dixit
1065 1761 1077 1797 :
1114 1744 1283 1811 Quod
1310 1746 1456 1800 dicis
1492 1752 1545 1801 te
1575 1748 1781 1802 timere
1828 1747 1937 1802 hoc
1987 1748 2199 1802 mentis

538 1834 621 1883 est
654 1831 943 1898 providae.
978 1834 1097 1887 Sed
1124 1834 1280 1888 hanc
1306 1835 1367 1888 in
1402 1834 1610 1889 bonam
1644 1850 1803 1903 spem
1837 1836 2015 1905 erigit
2038 1836 2197 1903 psal-

540 1918 736 1985 misla,
761 1919 865 1988 qui
904 1919 1047 1975 dicit
1079 1921 1225 1991 (9'2):
1290 1944 1316 1969 ‹‹
1350 1924 1597 1977 Initium
1658 1925 1967 1992 sapientia:
2023 1926 2201 1979 timor

538 2007 823 2071 Domini;
850 2013 905 2062 et
935 2009 1151 2064 iterum
1184 2026 1204 2065 :
1241 2030 1259 2059 ι
1304 2012 1503 2065 Timor
1532 2013 1773 2067 Domini
1801 2018 2042 2067 sanctus
2064 2029 2201 2081 per-

539 2110 785 2149 manens
811 2099 873 2151 in
902 2100 1166 2154 seculum
1216 2100 1404 2155 seculi
1436 2119 1447 2167 ;
1480 2124 1506 2149 ››
1542 2116 1713 2171 quem
1758 2107 1813 2157 et
1877 2103 2199 2171 Apostolus

538 2186 957 2240 commendans
986 2189 1072 2241 ait
1102 2189 1241 2258 (93‘):
1272 2212 1298 2236 ‹‹
1332 2190 1475 2244 Noli
1510 2191 1702 2245 altum
1733 2205 1960 2259 sapere,
1993 2191 2096 2246 sed
2125 2192 2199 2245 ti-

538 2287 667 2339 me;
689 2296 715 2320 ››
741 2273 905 2329 Idem
935 2275 1084 2331 alibi
1110 2277 1181 2331 de
1212 2279 1584 2346 episcopatus
1601 2278 1891 2334 desiderio
1922 2280 2007 2334 ait
2041 2280 2148 2351 (94)
2182 2297 2194 2335 :

539 2378 570 2413 ‹
603 2360 718 2427 Qui
739 2363 1135 2432 episcopatum
1167 2365 1485 2434 desiderat,
1522 2367 1735 2421 bonum
1781 2382 1927 2436 opus
1979 2368 2201 2424 deside-

538 2456 657 2506 rat.
698 2473 723 2499 ››
758 2453 922 2509 Unde
951 2460 1109 2523 ettu,
1142 2457 1195 2511 si
1224 2473 1355 2511 cum
1390 2463 1494 2512 tua
1529 2459 1725 2513 salute
1781 2459 1920 2514 aliis
1967 2461 2198 2528 appetis

529 2540 813 2610 prodesse
839 2543 1172 2616 bonumque
1200 2561 1347 2614 opus
1392 2548 1453 2602 in
1508 2549 1673 2603 omni
1720 2548 1845 2602 loco
1896 2548 2197 2605 desideras

537 2630 759 2695 adesse,
782 2631 891 2686 sub
922 2634 1132 2690 timore
1171 2640 1226 2690 et
1279 2636 1620 2692 humilitate
1671 2637 1753 2692 ad
1805 2639 2196 2707 episcopalem

537 2719 807 2774 ordinem
840 2728 1105 2792 vocatus,
1142 2740 1217 2779 ne
1254 2725 1485 2779 abnuas
1544 2726 1824 2782 accedere
1850 2742 1873 2796 ;
1927 2727 2196 2796 alioquin

537 2806 799 2863 incidere
827 2810 1045 2865 videris
1075 2813 1139 2865 in
1171 2813 1330 2866 illud
1358 2814 1519 2883 quod
1554 2815 1752 2869 David
1782 2815 1969 2871 dicit:
2028 2836 2054 2866 α
2087 2815 2201 2881 Qui

536 2896 731 2950 noluit
786 2896 1271 2967 benedictionem,
1326 2901 1709 2971 elongabitur
1760 2903 1835 2958 ab
1887 2919 1951 2959 eo
2006 2905 2192 2973 (Psal.

537 2998 686 3052 cvm,
723 2986 826 3055 18).
861 3008 888 3034 ››
922 2986 1091 3053 Quod
1113 3004 1326 3045 cavens
1368 2991 1738 3057 omnimodis,
1795 3008 2013 3049 conare
2064 3008 2198 3049 con-

535 3075 849 3129 numerari
876 3090 1007 3130 eum
1031 3078 1175 3144 illis,
1210 3079 1284 3133 de
1306 3079 1520 3148 quibus
1543 3082 1832 3150 scriptum
1860 3088 1941 3138 est
1973 3098 1993 3137 ,·
2023 3107 2043 3133 α
2085 3083 2198 3150 Qui

534 3166 733 3217 autem
757 3163 920 3219 docti
943 3165 1196 3236 fuerint,
1228 3168 1553 3237 fulgebunt
1587 3171 1763 3240 quasi
1788 3171 2074 3240 splendor
2096 3174 2197 3239 ﬁr-

531 3253 836 3318 mamenti,
878 3258 933 3308 et
981 3256 1085 3324 qui
1131 3255 1212 3310 ad
1258 3257 1572 3325 justiczam
1623 3259 1908 3314 erudiunt
1955 3261 2191 3326 multos,

530 3341 707 3412 quasi
730 3342 919 3397 stellae
946 3344 1009 3397 in
1036 3351 1357 3413 perpetuas
1386 3349 1746 3404 :eternitates
1772 3350 1951 3416 (Dan.
1986 3366 2086 3417 xu,
2119 3351 2191 3421 3).

531 3430 733 3498 Hujus
762 3432 935 3501 atqui
962 3435 1307 3488 executione
1336 3436 1527 3503 ofﬁcii
1558 3439 1868 3504 pervenies
1924 3438 2005 3493 ad
2062 3440 2192 3509 hoc,

531 3524 597 3571 ut
624 3518 685 3571 in
716 3519 1108 3576 retributione
1126 3524 1455 3590 justorum,
1505 3525 1617 3579 tibi
1651 3526 1813 3581 dicat
1854 3527 2196 3584 dominator

533 3605 797 3660 omnium
816 3622 840 3660 .·
892 3628 919 3654 ‹‹
946 3607 1136 3677 Euge,
1189 3624 1356 3665 serve
1406 3611 1552 3667 bone
1599 3619 1655 3667 et
1696 3614 1913 3683 ﬁdelis,
1944 3616 2085 3686 quia
2130 3619 2192 3673 in

522 3706 730 3760 pauca
751 3695 932 3763 fuisti
955 3697 1173 3763 ﬁdelis,
1208 3713 1388 3766 super
1441 3701 1635 3756 multa
1682 3707 1738 3757 te
1790 3706 2146 3761 constituam
2171 3722 2195 3777 ,'

534 3781 697 3837 intra
728 3782 788 3837 in
817 3784 1108 3852 gaudium
1139 3787 1384 3842 Domini
1410 3789 1502 3843 tui
1527 3789 1766 3860 (Matth.
1790 3809 1924 3860 xxv,
1948 3795 2055 3865 23).
2089 3798 2193 3850 Ta-

529 3867 609 3923 lia
633 3885 877 3942 quoque
902 3870 1189 3944 pontifice
1222 3874 1639 3948 proloquente,
1672 3878 1762 3934 vir
1807 3882 2190 3938 venerandus

529 3972 636 4030 per
664 3960 881 4015 mentis
929 3962 1403 4034 speculationem
1458 3966 1921 4039 dispensationis
1977 3970 2189 4025 divinae

528 4046 765 4103 intuens
811 4050 1226 4122 moderamen,
1286 4055 1670 4128 subsequitur
1728 4058 1979 4114 dicens:
2038 4060 2193 4116 Ecce

528 4151 732 4192 servus
755 4140 1015 4209 Domini,
1045 4144 1153 4209 ﬁat
1188 4145 1339 4199 mihi
1365 4147 1689 4202 secundum
1722 4149 1962 4204 verbum
2022 4155 2188 4205 tuum

530 4224 695 4294 (Luc.
731 4242 767 4295 ι,
802 4229 910 4299 38).
945 4232 1105 4286 Tunc
1133 4239 1369 4305 arrepto
1393 4235 1595 4291 itinere
1622 4254 1761 4292 cum
1784 4238 1875 4293 his
1900 4238 2003 4310 qui
2021 4238 2189 4294 missi

529 4315 1067 4389 erantaprincipe,
1130 4322 1375 4378 tetendit
1429 4324 1489 4378 in
1548 4330 1747 4398 partes
1790 4326 2187 4384 occidentales

529 4402 834 4473 Bajoariae.
863 4406 1130 4479 Cumque
1160 4417 1518 4481 parventum
1559 4419 1711 4471 esset
1768 4416 1846 4471 ad
1899 4416 2186 4486 Reginam

529 4491 850 4563 civitatem,
885 4494 1076 4551 clerus
1117 4504 1173 4554 et
1201 4502 1465 4573 populus
1489 4504 1827 4560 secundum
1847 4522 2077 4560 morem
2096 4522 2186 4561 ec-

526 4579 922 4638 clesiasticum
958 4587 1318 4643 unanimiter
1344 4591 1671 4663 episcopali
1704 4593 1857 4649 facta
1875 4593 2183 4662 electione,

526 4669 603 4724 ad
628 4670 1053 4743 imperatorem
1090 4692 1228 4731 eum
1260 4678 1552 4735 miserunt
1582 4698 1717 4736 cum
1758 4681 2075 4738 universali
2100 4683 2183 4739 le-

526 4758 786 4828 gatione.
823 4762 951 4826 Qua
976 4763 1296 4820 clementer
1327 4774 1624 4840 suscepta,
1667 4775 1723 4825 et
1743 4770 1920 4827 beato
1950 4772 2078 4827 viro
2105 4772 2184 4830 ab

525 4848 823 4922 episcopis
855 4851 1128 4922 probato,
1163 4871 1233 4910 ac
1257 4872 1532 4913 sermone
1562 4859 1623 4914 in
1647 4876 1856 4932 presen
1871 4861 1945 4916 tia
1974 4877 2184 4918 eorum

524 4938 602 4995 ab
632 4938 763 5011 ipso
794 4940 1092 5013 sapienter
1133 4944 1387 5015 prolato,
1447 4948 1771 5020 imperialis
1819 4967 1958 5006 eum
2014 4968 2183 5008 assu-

520 5042 695 5084 mens
723 5031 989 5101 potentia
1018 5033 1261 5104 pedjam
1298 5041 1410 5103 (95)
1469 5040 1835 5109 pastoralem
1888 5043 2181 5098 honorem

523 5116 576 5173 ei
595 5117 759 5174 dedit
787 5120 1190 5192 pontiﬁcalem
1225 5142 1236 5191 ;
1274 5116 1615 5200 statimque,
1653 5134 1714 5184 ut
1743 5146 1951 5186 curam
2004 5131 2095 5186 sui
2128 5136 2185 5188 et

525 5220 769 5276 gregem
796 5208 1171 5267 dominicum
1204 5212 1285 5268 illi
1316 5217 1636 5285 commisit,
1665 5235 1786 5274 non
1824 5236 1959 5274 cum
1991 5236 2182 5292 parvo

524 5296 810 5352 comitatu
836 5298 915 5354 ad
935 5299 1329 5359 Ratisbonam
1359 5321 1499 5361 eum
1523 5307 1766 5363 remisit.

2308 1741 2629 1814 spiratione
2660 1740 2920 1796 suaviter
2950 1744 3167 1809 tactus,
3197 1745 3255 1796 et
3292 1739 3369 1796 ad
3393 1740 3579 1795 omnia
3622 1746 3771 1796 cautus
3787 1757 3823 1795 ac

2306 1830 2598 1903 providus
2629 1828 2841 1897 factus,
2870 1829 2949 1885 ob
2987 1829 3329 1902 episcopale
3379 1830 3645 1898 fastigium
3687 1844 3825 1900 nequa-

2306 1935 2494 1992 quam
2523 1918 2711 1974 voluit
2736 1919 2989 1974 multare
3020 1918 3420 1974 monasticam
3448 1918 3694 1986 habitum,
3721 1919 3823 1990 quasi

2307 2008 2681 2063 erubesceret
2712 2008 3044 2063 monachus
3065 2024 3217 2075 esse,
3242 2007 3344 2080 qui
3372 2007 3546 2062 fuerat
3573 2025 3584 2073 ;
3618 2006 3699 2061 sed
3716 2022 3824 2077 quam

2306 2098 2467 2153 intus
2504 2097 2713 2152 habuit
2759 2096 3159 2152 humilitatem
3212 2096 3441 2163 mentis,
3495 2096 3616 2151 foris
3662 2092 3822 2151 ostendit

2307 2186 2485 2241 bonis
2515 2186 2805 2258 exemplis
2828 2190 2886 2241 et
2911 2184 3316 2241 mediocribus
3330 2184 3668 2240 vestimentis.
3691 2187 3821 2239 llunor

2306 2274 2489 2331 etiam
2573 2274 2964 2331 Salomonicae
3025 2274 3465 2345 admonitionis,
3524 2288 3636 2345 qua?
3693 2271 3818 2343 dicit:

2309 2364 2763 2420 Constituerunt
2787 2369 2843 2418 te
2859 2363 3201 2433 principem
3230 2376 3255 2434 ;
3284 2364 3406 2418 noli
3439 2362 3635 2424 extolli,
3672 2366 3753 2414 esto
3785 2360 3817 2410 in

2307 2455 2431 2509 illis
2462 2455 2637 2525 quasi
2665 2468 2818 2507 unus
2851 2468 2927 2509 em
2954 2455 3081 2509 illis
3104 2454 3317 2520 (Eccli.
3348 2468 3516 2518 mu,
3550 2452 3606 2521 t),
3648 2464 3735 2504 non
3764 2447 3818 2501 de

2304 2543 2523 2598 minari
2555 2541 2864 2614 quaerebat
2921 2542 2984 2597 in
3042 2541 3224 2606 clero,
3280 2542 3380 2597 sed
3430 2540 3576 2611 gregi
3620 2537 3814 2594 dominico

2305 2630 2502 2687 forma
2524 2646 2653 2686 esse
2686 2630 2916 2685 studuit
2942 2646 3121 2686 mane
3135 2635 3193 2687 et
3214 2646 3343 2686 sero
3366 2649 3378 2685 :
3401 2629 3674 2701 prudenter
3690 2624 3814 2681 adver-

2307 2725 2459 2792 tens,
2486 2720 2675 2776 immo
2704 2719 3058 2793 prudentius
3097 2737 3135 2776 a
3186 2737 3247 2776 se
3296 2726 3563 2786 avertens,
3607 2715 3715 2772 illud
3751 2712 3814 2767 etc»

2305 2810 2539 2882 quium,
2560 2810 2728 2881 quod
2756 2826 2863 2882 per
2884 2810 3248 2866 Ezechielem
3278 2810 3600 2882 prophetam
3622 2804 3814 2860 invehitur

2305 2904 2514 2955 contra
2542 2898 2735 2954 malos
2756 2904 3049 2971 pastores,
3076 2900 3331 2955 Domino
3373 2899 3611 2954 dicente:
3655 2895 3720 2948 Va
3753 2906 3811 2960 pa-

2303 2989 2581 3058 storibus,
2606 2990 2713 3059 qui
2724 2988 3056 3057 pascebant
3093 2990 3443 3058 semetipsos,
3484 2993 3530 3042 et
3578 2999 3667 3038 non
3687 2994 3809 3051 grege:

2304 3093 2457 3133 meos
2480 3077 2714 3147 (Ezech.
2747 3093 2944 3143 ων,
2977 3078 3051 3149 2).

2378 3166 2543 3221 Unde
2562 3165 2690 3238 ipse
2717 3170 2876 3221 totus
2905 3165 2967 3219 in
2994 3165 3206 3221 divina
3234 3165 3359 3235 lege
3378 3164 3597 3220 devotus
3620 3162 3724 3216 inter
3754 3170 3806 3208 ce-

2305 3258 2429 3309 tera
2458 3254 2772 3327 pastoralis
2802 3270 2960 3309 cura:
2988 3255 3319 3310 ministeria
3347 3268 3604 3319 sermone,
3625 3262 3745 3322 quem
3762 3242 3804 3297 ad

2302 3344 2600 3416 populum
2619 3344 2770 3399 inter
2796 3344 3123 3401 missarum
3156 3344 3437 3401 solemnia
3471 3342 3583 3398 fecit
3612 3355 3665 3395 ex
3694 3347 3803 3397 more,

2302 3434 2363 3488 in
2387 3438 2621 3490 tantum
2641 3433 2922 3490 ecclesias
2947 3434 3191 3507 plebem
3215 3433 3507 3490 assuefecit
3536 3430 3799 3502 frequentare,

2301 3528 2368 3581 ut
2392 3540 2501 3597 per
2531 3525 2659 3580 dies
2683 3524 2984 3581 solemnes
3004 3525 3094 3580 vix
3165 3526 3388 3581 domini
3435 3533 3679 3579 remanere
3711 3511 3801 3608 title

2302 3620 2509 3671 rentur
2534 3615 2617 3670 rei
2645 3615 2953 3671 familiaris
2977 3617 3279 3673 custodes.
3302 3615 3385 3672 Ad
3408 3611 3678 3687 predulcem
3700 3614 3794 3656 εωω

2303 3704 2450 3761 tanti
2530 3704 2827 3776 pontiﬁcis
2904 3706 3377 3762 exhortationem
3450 3700 3659 3759 certatim

2302 3793 2616 3865 utriusque
2646 3793 2823 3848 turba
2870 3793 3182 3863 conﬂuxit,
3235 3810 3413 3867 quam
3440 3791 3556 3847 illuc
3593 3781 3795 3877 fragrantia

2301 3883 2635 3939 caelestium
2666 3888 3027 3951 aromatum,
3056 3883 3194 3956 ipso
3220 3900 3291 3940 ea
3317 3883 3416 3956 qui
3450 3879 3585 3936 dedit
3614 3868 3794 3928 ventilan-

2298 3976 2372 4040 te,
2403 3972 2657 4028 adduxit
2689 3990 2702 4033 ς
2732 3972 2939 4043 apium
2971 3972 3182 4045 instar,
3234 3989 3382 4046 quas
3430 3973 3542 4043 post
3573 3981 3619 4020 se
3656 3957 3797 4049 trahere

2297 4059 2530 4116 videtur
2559 4060 2751 4115 mellis
2776 4060 2927 4115 odor
2951 4064 3009 4116 et
3046 4067 3270 4118 nectar.
3331 4059 3528 4127 Quibus
3568 4056 3689 4143 pater

2300 4164 2683 4221 summopere
2713 4148 3063 4205 desiderans
3088 4166 3225 4206 esse
3247 4149 3397 4205 utilis
3419 4151 3467 4202 et
3491 4148 3637 4216 aptus;
3673 4129 3800 4225 ξηῴθ

2297 4220 2569 4310 putando
2595 4238 2673 4299 de,
2686 4252 2872 4307 regno
2886 4239 2983 4294 Dei
3006 4244 3061 4293 et
3078 4238 3380 4295 calcandis
3398 4220 3799 4291 vanitatibUSbUlus

2300 4328 2535 4395 mundi,
2566 4328 2865 4401 perplexis
2894 4334 2949 4384 et
3004 4330 3339 4403 sophisticis
3394 4325 3581 4384 minime
3608 4310 3797 4367 utebatur

2303 4419 2631 4481 sententiis,
2645 4417 2749 4473 sed
2772 4419 2855 4474 sic
2878 4419 3080 4476 melliti
3101 4422 3225 4476 oris
3248 4417 3565 4475 dulcedinem
3580 4418 3655 4479 per
3668 4408 3802 4471 qua”

2296 4506 2633 4579 damquam
2658 4506 2855 4562 verbis
2888 4508 3186 4580 explicare
3212 4525 3331 4564 non
3358 4509 3549 4581 potero,
3595 4496 3797 4559 leum'

2294 4596 2401 4652 bat
2426 4598 2851 4666 austeritatem,
2883 4602 2949 4652 ut
2979 4597 3324 4671 simpliciter
3348 4600 3400 4652 et
3440 4590 3619 4664 optimo
3658 4582 3796 4647 genti?te

2294 4683 2613 4740 locutionis
2641 4689 2884 4755 tangere
2909 4685 3211 4743 videretur
3247 4686 3440 4742 intima
3482 4676 3704 4764 cujusquf

2295 4774 2615 4845 gitationis,
2646 4775 2868 4848 talique
2898 4781 3022 4832 arte
3051 4776 3461 4833 nonnullorum
3482 4784 3539 4858 ex
3583 4748 3793 4858 cuiuisi:-

2293 4844 2514 4919 crimas
2554 4844 2789 4919 eliceret
2811 4863 3036 4919 indices
3066 4865 3277 4920 cordis.
3306 4865 3451 4917 Hanc
3477 4844 3793 4936 siquidcmtam

2294 4953 2591 5008 validam.
2634 4968 2670 5008 a
2740 4952 2959 5024 Spiritu
3031 4958 3235 5010 sancto
3289 4946 3563 5020 acceperat
3613 4936 3791 5032 ςῐξᾶξιίίξξξς

2292 5058 2416 5113 quo
2447 5043 2527 5111 hi,
2559 5041 2662 5114 qui
2692 5042 3022 5113 predicanti
3062 5044 3389 5099 assisterent
3430 5039 3482 5151 et
3523 5013 3790 5151 θὲωωίῐῇίθῗ

2299 5130 2567 5151 “illum
2645 5147 2770 5151 μμ,
2992 5148 3023 5151 _
3084 5150 3105 5151 η
3398 5144 3420 5151 -
3467 5132 3609 5151 ηηηο

2293 5111 2600 5200 audirent,
2644 5111 2779 5186 raro
2833 5138 2938 5187 aut
2991 5148 3320 5204 numquam
3395 5111 3706 5217 abscederent

2293 5222 2422 5292 ejus
2442 5221 2864 5294 praedicatione
2896 5223 3021 5278 sine
3046 5223 3411 5279 lacrimarum
3437 5207 3681 5269 effusione.
3716 5194 3787 5294 Qui)

2290 5288 2616 5383 llel'gt‘andi
2659 5312 2843 5379 bono,
2891 5329 2927 5369 a
2978 5312 3251 5384 largitore
3304 5304 3543 5365 omnium
3591 5288 3788 5350 bonotum

2122 5461 2354 5518 NOTIE.

619 5573 707 5650 92)
737 5573 888 5650 Esal.
919 5590 1012 5644 cx,
1047 5579 1113 5631 to
1136 5596 1150 5646 ;
1177 5596 1344 5650 xvm,
1375 5582 1463 5637 10.

620 5646 711 5714 93)
737 5646 907 5701 Rom.
939 5662 1017 5701 x1.
1051 5650 1138 5703 23.

2370 5588 2481 5661 (94)
2514 5588 2535 5641 Ι
2563 5588 2710 5646 Tim.
2739 5605 2819 5661 In,
2855 5596 2905 5647 1.

2367 5660 2479 5729 (95)
2509 5664 2548 5716 Ι.
2581 5675 2632 5717 e.
2655 5660 2903 5733 pedum.
