3996 6178
121 152 273 206 1025

917 148 1006 203 DE
1046 146 1411 205 MIRACULIS
1448 145 1509 200 S.
1556 144 1973 204 EMMERAMMI
2013 149 2196 206 LIBRI
2231 151 2397 211 DUO.
2444 188 2515 199 —
2554 161 2689 216 LIB.
2731 162 2798 218 Il.

3452 176 3590 234 1026

114 269 484 328 hominibus
516 281 831 369 conpes-so!
864 285 971 342 per
1001 271 1291 327 malitiam
1342 285 1524 326 suam
1567 269 1803 367 saucia-
1842 279 1888 331 Α
1918 275 2286 346 tempestatis
2313 277 2488 348 juxta
2518 287 3025 345 consuetudinem
3055 292 3341 351 humanae
3369 296 3593 369 fragili-

111 366 219 418 tus
250 361 537 417 humanae
570 356 780 412 salutis
813 358 1107 427 inimicus,
1141 365 1194 415 et
1219 360 1271 415 ei
1300 359 1553 416 obviam
1599 356 1683 413 ire
1709 375 1808 415 co-

112 455 327 515 natus,
368 445 679 514 invidiam,
720 462 907 518 quam
958 463 1194 520 semper
1240 448 1529 512 habebat,
1582 446 1808 518 quibus

112 540 374 612 poterat
389 535 620 592 viribUs'
649 536 981 593 exercebat.

191 632 349 684 Nam
380 626 478 681 die
509 623 800 697 quadam,
834 642 972 681 cum
1012 627 1312 699 predictus
1354 626 1550 682 beatae
1582 642 1808 683 memo-

112 718 220 775 riae
256 715 671 784 W’olfgangus
701 714 1021 788 episcopus
1071 716 1242 772 solito
1274 732 1439 772 more
1490 715 1571 772 ad
1608 731 1804 789 popu-

112 806 246 862 lum
276 822 353 862 ex
384 803 623 878 pulpito
648 803 744 858 vel
774 803 1035 861 amboue
1076 805 1557 874 concionaretur,
1589 804 1803 863 diabo-

114 896 213 951 lus
248 894 422 950 aliud
452 909 576 949 non
614 892 941 959 inveniens,
977 894 1228 951 Domino
1272 895 1631 965 prohibente
1679 912 1803 969 quo

122 984 577 1049 adversaretur,
611 982 807 1037 subito
859 983 1177 1040 concitavit
1219 984 1543 1049 turbinem,
1577 988 1633 1040 et
1662 1001 1800 1041 cum

122 1073 371 1131 turbine
402 1071 829 1128 tumultuosam
860 1073 1284 1141 turbationem,
1304 1089 1373 1128 ac
1404 1072 1799 1130 nihilominus

123 1180 272 1219 cum
319 1160 658 1218 turbatione
708 1160 1027 1217 confusum
1058 1178 1331 1217 murmur
1360 1166 1418 1218 et
1445 1162 1795 1231 clamorem,

119 1270 235 1309 nec
290 1267 413 1307 non
471 1265 656 1322 super
696 1254 915 1305 tectum
970 1251 1231 1307 ecclesim
1286 1252 1587 1323 fragorem
1635 1252 1801 1309 dedit

110 1342 458 1411 ingentem,
515 1343 573 1395 et
623 1339 776 1396 intra
840 1340 1103 1396 ecclesiae
1161 1340 1538 1413 receptacula
1590 1342 1798 1413 pulve-

110 1448 246 1487 rem
278 1430 643 1503 dispergens
674 1445 742 1486 ac
776 1429 1084 1500 nebulam,
1118 1430 1458 1503 aliquorum
1486 1430 1797 1487 obtutibus

112 1520 445 1591 caliginem
488 1518 724 1574 obfudit
754 1518 1152 1575 tenebrosam.
1188 1518 1416 1585 Quibus
1464 1535 1537 1575 ex
1574 1520 1798 1594 impro-

1918 362 2052 418 tatis
2075 363 2210 420 loco
2241 365 2421 422 etiam
2452 372 2788 442 propellere
2814 384 3039 448 posset,
3069 382 3115 437 si
3143 383 3353 439 Christi
3381 362 3590 445 servus

1916 467 2040 507 non
2070 457 2245 521 esset,
2267 455 2413 526 quia
2441 457 2699 516 domum
2730 463 2791 519 in
2818 465 2997 523 ﬁrma
3028 469 3347 526 solidatam
3377 472 3591 529 habuit

1914 544 2105 613 petra,
2139 543 2396 612 gradum
2434 562 2557 602 non
2590 551 2795 621 movit,
2828 555 2933 610 sed
2966 559 3195 614 stabilis
3227 564 3283 615 et
3310 560 3589 617 immobi-

1914 628 1985 684 lis
2038 645 2425 701 permanens,
2483 652 2712 707 magna
2766 640 2884 697 ﬁde
2939 644 3222 703 clamavit
3273 652 3330 703 et
3394 649 3581 704 dixit:

1914 720 2167 774 Domine
2187 721 2328 775 Jesu
2354 722 2615 793 Christe,
2647 731 2885 787 solitam
2904 733 3183 801 ﬁdelibus
3212 738 3330 792 tuis
3353 753 3583 795 accom-

1915 809 2167 864 modans
2209 813 2495 879 gratiam,
2531 820 2787 874 concede
2824 827 2891 875 ut
2943 822 3117 880 hodie
3168 826 3411 881 videant
3461 829 3585 897 glo-

1912 899 2071 953 riam
2122 900 2375 955 nominis
2426 904 2543 958 luis
2598 912 2653 960 et
2704 910 3113 979 confusionem
3163 914 3406 969 diaboli.
3443 917 3583 981 Quae

1910 986 2102 1042 verba
2132 992 2334 1044 secuta
2363 996 2451 1045 est
2482 996 2769 1052 seueritas
2798 999 2972 1067 aeris,
3002 1006 3060 1056 et
3089 1003 3468 1061 serenitatem
3497 1022 3585 1062 re-

1909 1092 2130 1133 cursus
2165 1076 2225 1131 in
2278 1079 2599 1138 ecclesiam
2642 1085 2855 1157 plebis.
2900 1089 3005 1145 Cui
3045 1091 3403 1149 venerabilis
3435 1096 3579 1151 anti-

1910 1171 2031 1222 stes
2062 1183 2205 1221 mox
2231 1174 2506 1226 aromata
2548 1178 2605 1227 et
2636 1183 2946 1245 unguenta
2977 1194 3163 1235 sacrae
3189 1181 3473 1239 doctrinae
3504 1185 3585 1241 ef-

1906 1255 2172 1311 fundens
2214 1257 2366 1314 adeo
2409 1258 2510 1316 illa
2561 1262 2678 1321 die.
2714 1266 2825 1321 sibi
2855 1266 2931 1323 de
2970 1268 3134 1324 caelis
3170 1273 3289 1326 Deo
3319 1272 3583 1331 dulcedi-

1907 1361 2051 1401 nem
2103 1348 2397 1403 sermonis
2456 1350 2801 1426 instillante,
2861 1358 3105 1428 profuit,
3146 1364 3209 1415 ut
3264 1363 3579 1421 manifeste

1906 1435 2222 1491 inimicum
2252 1437 2451 1493 vicerit
2478 1440 2573 1495 vel
2624 1442 2936 1513 fugaverit,
2967 1447 3071 1518 qui
3109 1450 3577 1520 perturbationis

1905 1525 2211 1581 nimietate
2238 1543 2390 1599 pene
2417 1530 2702 1587 omnibus
2748 1534 2961 1590 obfuit.
2999 1538 3164 1593 Unde
3193 1543 3247 1595 et
3277 1547 3485 1613 postea
3509 1545 3578 1600 ﬁ-

112 1609 246 1665 viso
282 1609 428 1664 visis
490 1612 548 1664 et
591 1606 826 1676 auditis,
859 1607 1122 1682 populus
1172 1608 1540 1681 perterritus,
1580 1608 1793 1677 immo,
1836 1633 1874 1685 3
1905 1615 2133 1670 delium
2177 1617 2416 1673 devotio
2474 1619 2631 1676 hanc
2688 1625 3191 1684 consuetudinem
3241 1606 3418 1705 cespit
3464 1650 3576 1707 pro

109 1699 285 1773 quod
316 1698 499 1771 pejus
531 1701 677 1768 erat,
709 1713 860 1769 pene
892 1702 1090 1753 mente
1120 1697 1436 1766 alienatus,
1455 1697 1635 1770 ccepit
1660 1714 1799 1754 con-

111 1804 359 1844 currere
406 1792 465 1842 et
513 1786 864 1853 discurrere,
899 1787 1177 1856 incertus,
1211 1787 1481 1844 confusis
1510 1787 1795 1844 omnibus

108 1884 173 1935 et
202 1877 484 1942 turbatis,
515 1876 578 1932 in
617 1892 801 1949 quam
850 1882 1083 1949 partem
1123 1894 1184 1933 se
1230 1877 1414 1934 tutius
1462 1893 1531 1933 ac
1578 1877 1795 1933 rectius

108 1972 331 2043 posset
354 1970 717 2023 convertere.
754 1966 989 2022 Interim
1015 1968 1421 2023 audiebantur
1446 1984 1627 2024 voces
1654 1966 1795 2023 hinc

113 2056 485 2113 dicentium:
526 2057 592 2111 In
624 2055 767 2111 urbe
788 2058 1020 2124 grande
1049 2058 1217 2113 scevit
1241 2058 1624 2126 incendium;
1654 2055 1793 2110 inde

113 2145 561 2203 clamitantium
590 2162 603 2200 :
638 2146 789 2201 Ecce
810 2146 1096 2202 seditione
1111 2149 1285 2217 facta
1308 2148 1641 2203 multorum
1664 2145 1795 2215 gla-

109 2237 235 2293 diis
266 2236 655 2291 disciduntur
685 2236 929 2304 jugula.
960 2236 1230 2310 Cumque
1271 2252 1387 2309 pro
1427 2233 1795 2291 clamoribus

106 2324 547 2397 hujuscemodi
586 2324 823 2380 sedanis
874 2325 1153 2393 multum,
1212 2326 1319 2382 sed
1354 2325 1686 2391 incassum,
1712 2322 1796 2379 la-

106 2417 407 2472 boratum
452 2419 611 2470 esset
640 2430 675 2470 a
708 2414 976 2483 sensatis,
1009 2416 1250 2471 tandem
1304 2415 1416 2488 qui
1467 2418 1635 2469 erant
1681 2412 1790 2468 ini-

108 2506 264 2563 mici
321 2504 868 2561 machinationibus
920 2504 1228 2575 ludificati,
1271 2510 1404 2561 tam
1454 2501 1794 2558 vehementi

108 2612 380 2653 excursu
422 2611 531 2668 per
560 2600 789 2650 turmas
828 2600 1150 2667 eruperunt
1201 2596 1275 2650 de
1317 2592 1592 2658 ecclesia,
1630 2596 1692 2646 ut
1719 2607 1793 2646 ex

108 2691 288 2743 tanta
338 2684 721 2741 multitudine
766 2684 867 2740 vix
894 2685 1072 2757 pauci
1124 2683 1494 2741 remansisse
1524 2681 1794 2737 videren-

110 2782 217 2834 tur
246 2776 308 2830 in
338 2775 457 2831 illa.
487 2778 651 2830 Tunc
680 2773 1017 2847 episcopus,
1043 2790 1227 2847 quem
1255 2777 1435 2830 tantae
1468 2770 1793 2827 commotio

1904 1703 2037 1773 lege
2063 1704 2310 1775 habere,
2336 1724 2458 1779 quo
2489 1724 2598 1781 per
2629 1711 2917 1768 stationes
2956 1716 3310 1790 episcopum
3337 1703 3574 1780 turma-

1904 1794 2010 1851 tim
2068 1795 2448 1866 prevenirent
2492 1803 2550 1853 et
2588 1807 2999 1871 sequerentur,
3036 1820 3107 1861 ac
3152 1809 3574 1879 predicationis

1904 1884 2313 1971 erogationem
2372 1902 2614 1943 summa
2669 1889 3005 1963 affectione,
3062 1900 3265 1968 utpote
3319 1901 3573 1971 apostoli

1902 1969 2159 2039 bonum,
2188 1972 2691 2047 amplecterentur
2733 1978 3007 2037 odorem.
3042 1986 3148 2038 Per
3184 1969 3376 2057 quem
3411 1987 3573 2043 idem
3666 2032 3669 2039 .

1902 2062 2284 2118 venerandus
2314 2069 2484 2136 pater
2514 2065 2593 2120 ad
2623 2066 2856 2137 pietatis
2902 2074 3184 2131 exercitia
3214 2092 3357 2131 oves
3382 2076 3574 2133 domi-

1902 2149 2071 2206 nicas
2100 2150 2176 2207 de
2223 2153 2319 2208 die
2368 2154 2430 2209 in
2479 2154 2640 2211 diem
2685 2159 2876 2227 magis
2908 2163 3226 2237 magisque
3257 2165 3572 2223 adtrahere

1903 2239 2203 2308 studebat,
2259 2258 2426 2297 more
2482 2243 2700 2300 scilicet
2750 2247 3052 2323 animalis,
3104 2253 3271 2324 quod
3317 2255 3572 2325 panther

1901 2325 2137 2399 dicitur,
2188 2330 2315 2402 qui,
2369 2336 2433 2385 ut
2493 2332 2834 2405 physiologi
2880 2339 3217 2409 perhibent,
3285 2341 3570 2397 omnibus

1902 2414 2271 2473 animalibus
2300 2419 2552 2486 amicus,
2585 2424 2845 2495 exceptis
2889 2425 3155 2484 dracone
3196 2434 3254 2486 et
3281 2430 3568 2502 serpenti-

1899 2503 2037 2571 bus,
2070 2513 2289 2565 cuncta
2317 2509 2667 2579 animantia,
2700 2529 2835 2584 quin
2882 2515 2945 2571 in
2980 2518 3232 2575 vicinate
3277 2520 3368 2575 sui
3407 2524 3565 2590 sunt,

1900 2592 2127 2649 emisso
2176 2595 2339 2653 bono
2368 2598 2552 2653 odore
2594 2601 2670 2656 ad
2723 2618 2786 2657 se
2836 2604 2988 2661 solet
3042 2606 3342 2663 adducere
3387 2612 3567 2681 atque

1902 2681 2056 2737 miro
2088 2685 2274 2741 modo
2301 2702 2573 2743 amorem
2604 2706 2782 2746 suum
2815 2691 2930 2749 illis
2961 2694 3251 2765 ingerere.

118 2903 3546 2933 MM

1088 2984 1691 3083 INCIPIT
1789 2981 2625 3088 DIALOGUS

196 3147 349 3200 Dum
376 3143 505 3198 haec
533 3141 731 3197 scribo
776 3145 832 3197 et
879 3139 1152 3197 animum
1182 3139 1261 3195 ad
1291 3139 1441 3195 alias
1474 3138 1793 3194 scribenda
1832 3137 1873 3193 C
1900 3143 1993 3193 rat
2015 3140 2399 3199 artiﬁciosam
2416 3145 2737 3201 verborum
2758 3150 3276 3219 compositionem,
3294 3153 3401 3208 sed
3423 3154 3565 3213 sim;

114 3233 410 3290 sollicitus
460 3248 759 3305 prmparo,
794 3230 964 3287 adest
1008 3229 1155 3285 mihi
1184 3229 1364 3284 frater
1390 3228 1791 3284 Ammonitius

114 3342 328 3383 comes
358 3340 561 3381 rerum
615 3338 889 3378 mearum
932 3319 1338 3387 ﬁdelissimus,
1375 3319 1480 3392 qui
1524 3335 1619 3374 me
1651 3336 1789 3375 con-

114 3416 285 3473 venit
314 3414 581 3470 otﬁciose
613 3413 697 3468 sic
747 3412 1148 3485 proloquens:
1194 3433 1218 3459 ‹‹
1251 3410 1356 3465 Ubi
1387 3414 1473 3465 est
1514 3409 1790 3481 dialogus

114 3521 307 3578 quem
340 3502 628 3560 devovisti
660 3505 714 3557 te
765 3502 1127 3574 scripturum
1175 3499 1234 3554 in
1280 3499 1524 3554 nomine
1556 3499 1791 3555 Domini

114 3596 198 3651 de
225 3594 533 3650 miraculis
564 3596 622 3648 Β.
654 3590 1083 3647 Emmerammi
1130 3595 1187 3645 et
1212 3590 1286 3645 de
1316 3590 1605 3660 regimine
1635 3589 1790 3645 illius

121 3682 523 3740 monasterii?
556 3685 625 3737 Es
654 3681 881 3754 quippe
908 3679 1141 3735 debitor
1171 3678 1657 3752 sponsionis,aut
1680 3679 1794 3734 for-

122 3775 201 3829 tis
252 3771 722 3828 excusationis.»
780 3774 929 3825 Tum
985 3786 1135 3839 ego:
1194 3792 1217 3817 ‹‹
1251 3769 1485 3825 Minime
1538 3768 1793 3825 ditﬁteor

117 3862 271 3935 quin
301 3861 535 3917 debitor
564 3861 697 3916 sim.
734 3858 847 3917 Sed
875 3863 1195 3932 propterea
1224 3856 1445 3919 distuli,
1478 3856 1621 3930 quia
1668 3873 1792 3912 non

120 3955 320 4007 certus
346 3966 514 4005 eram
545 3949 658 4004 sub
689 3949 861 4019 cujus
892 3962 1154 4020 persona
1194 3946 1578 4019 potissimum
1604 3946 1791 4001 conti-

124 4057 257 4097 cere
286 4055 536 4113 possem
566 4038 899 4109 dialogum,
932 4053 1071 4092 cum
1119 4034 1429 4108 perplures
1476 4034 1550 4089 de
1603 4034 1792 4090 laudi-

124 4131 240 4186 bus
272 4128 465 4185 nostri
494 4128 749 4201 patroni,
778 4132 835 4183 et
877 4126 953 4182 de
1001 4125 1131 4182 aliis
1170 4124 1520 4180 utilitatibus
1551 4141 1792 4179 mecum

127 4235 283 4293 saepe
310 4217 770 4289 disputaverint,
799 4221 856 4271 et
886 4232 947 4271 se
978 4213 1254 4287 parvitati
1284 4229 1434 4269 meae
1467 4214 1791 4270 necessitu-

123 4310 285 4366 dinis
336 4308 577 4364 vinculo
620 4306 947 4379 junxerint.
977 4327 1004 4355 »
1050 4304 1393 4377 Respondit,
1427 4305 1531 4377 qui
1562 4321 1789 4378 supra:

119 4420 151 4453 ‹
186 4400 275 4455 Sit
303 4397 426 4463 tibi,
454 4396 789 4453 secundum
820 4394 1613 4459 Salomonem,consiliarius
1634 4411 1792 4449 unus

1896 3225 2112 3298 plicem
2145 3234 2390 3299 atentat,
2424 3233 2471 3287 si
2499 3233 2654 3301 velit,
2680 3235 2920 3290 humilis
2970 3238 3103 3308 styli
3130 3240 3558 3311 operationem,

1896 3331 2021 3388 qua
2043 3318 2187 3373 mihi
2208 3320 2474 3393 meisque
2498 3322 2714 3379 sudare
2732 3323 2916 3379 malui
2940 3325 3560 3401 confratribus,quam

1898 3406 2131 3480 absque
2166 3425 2413 3465 manum
2447 3428 2627 3484 opere
2659 3413 2908 3469 inveniri
2940 3414 3223 3472 otiosus.»
3258 3420 3375 3473 Hac
3408 3417 3562 3474 fidu-

1900 3496 1991 3552 cia
2021 3502 2077 3552 et
2104 3499 2217 3554 hac
2247 3500 2573 3557 intentione
2606 3503 2878 3575 procedit
2907 3521 3060 3577 opus
3094 3504 3461 3562 inchoatum.

1972 3588 2154 3656 Igitur
2193 3588 2384 3645 beatae
2414 3592 2721 3647 memoriae
2754 3592 3137 3663 Wolfgangus
3168 3596 3559 3653 Ratisbonen-

1900 3676 2002 3740 sis,
2036 3678 2355 3751 episcopus
2408 3683 2737 3754 perspectis
2776 3686 2833 3738 et
2884 3683 3191 3740 intellectis
3232 3686 3413 3742 rebus
3442 3686 3562 3760 epi-

1901 3767 2090 3838 scopii
2140 3768 2586 3841 dispensatione
2640 3772 2845 3828 divina
2892 3773 3003 3828 sibi
3050 3775 3376 3846 commissi,
3410 3776 3562 3832 inter

1900 3859 2111 3911 cratera
2140 3871 2274 3927 quae
2303 3858 2355 3912 ei
2382 3859 2700 3931 pastoralis
2756 3877 2911 3915 curae
2964 3860 3298 3917 sollicitudo
3342 3879 3559 3934 procu-

1898 3945 2110 4009 randa,
2162 3946 2285 4001 sive
2333 3947 2688 4017 corrigenda
2737 3949 3098 4019 injunxerat,
3138 3951 3378 4020 gravius
3432 3952 3560 4008 tulit

1900 4034 2233 4090 monachos
2262 4034 2588 4091 beatissimi
2619 4037 2902 4109 martyris
2952 4039 3378 4095 Emmerammi
3407 4045 3560 4097 eate-

1902 4127 2074 4179 tenus
2107 4122 2328 4179 abbate
2359 4124 2643 4195 caruisse,
2678 4132 2732 4182 et
2757 4126 2932 4199 quasi
2963 4143 3104 4183 oves
3136 4132 3404 4185 errantes
3432 4129 3559 4186 sine

1900 4217 2138 4285 pastore
2169 4212 2367 4268 fuisse.
2399 4214 2583 4284 Hujus
2611 4215 2694 4271 rei
2726 4216 2916 4284 gratia
2961 4215 3121 4273 misit
3150 4217 3229 4274 ad
3259 4219 3560 4276 Treviren-

1901 4317 1963 4357 se
1988 4302 2439 4370 monasterium,
2471 4303 2533 4358 in
2562 4321 2685 4376 quo
2714 4304 2928 4361 beatus
2966 4308 3321 4363 Maximinus
3351 4325 3563 4382 corpo-

1900 4408 1962 4447 re
2011 4392 2282 4464 quiescit,
2314 4396 2370 4448 et
2408 4392 2544 4449 inde
2598 4395 2989 4451 reverendum
3039 4414 3245 4455 senem
3292 4399 3565 4455 Ramvol-

121 4506 207 4545 ex
233 4486 393 4542 mille
421 4488 550 4557 (96),
574 4510 602 4537 »
633 4490 689 4542 et
712 4486 785 4541 de
810 4486 924 4541 hac
953 4502 1016 4540 re
1047 4500 1324 4540 securum
1351 4489 1405 4540 te
1432 4483 1622 4539 faciet.
1644 4488 1793 4540 Nam
1830 4491 1878 4546 ι)
1902 4481 2050 4537 dum
2077 4481 2365 4553 evocavit,
2397 4482 2500 4555 qui
2529 4485 2843 4557 quondam
2891 4486 3005 4541 sub
3053 4487 3301 4543 Henrico
3331 4487 3559 4543 archie-

118 4580 173 4635 si
212 4577 326 4645 vis,
352 4590 674 4649 personam
704 4575 1063 4631 Ammonicii
1102 4573 1524 4629 convenienter
1570 4574 1791 4646 poteris

116 4667 354 4724 habere
384 4681 494 4737 pro
524 4664 792 4738 quolibet
820 4664 997 4721 fratre
1028 4668 1081 4720 te
1131 4664 1208 4719 ad
1248 4662 1481 4719 bonum
1520 4679 1790 4719 commo-

118 4760 308 4813 nente
354 4754 446 4810 vel
474 4754 841 4810 exhortante.
889 4757 1003 4809 Nec
1055 4758 1143 4809 est
1193 4752 1517 4826 quisquam
1567 4752 1792 4808 amico-

118 4861 265 4902 rum
296 4843 403 4916 qui
433 4860 495 4899 se
524 4843 684 4899 dicat
713 4847 1149 4915 contemptum,
1183 4842 1557 4915 alterumque
1586 4842 1646 4898 in
1676 4842 1792 4898 hoc

119 4933 246 4991 sibi
301 4931 644 5003 indignetur
689 4949 821 4988 esse
871 4932 1205 5005 praelatum.
1256 4932 1505 4988 Proinde
1559 4933 1793 5006 absque

120 5022 764 5096 comperendinatione
831 5038 1071 5078 assume
1135 5021 1468 5093 dialogum,
1523 5027 1580 5078 et
1645 5022 1796 5077 sicut

119 5111 519 5188 proposuisti,
552 5111 834 5167 laudibus
874 5111 1152 5184 martyris
1198 5111 1393 5166 intexe
1438 5112 1794 5167 memoriam

119 5200 547 5259 oonfessorum
578 5199 807 5268 Christi,
839 5215 948 5255 nec
978 5216 1101 5256 non
1130 5198 1269 5255 huic
1313 5199 1579 5256 admisce
1625 5199 1797 5273 quid-

119 5289 286 5366 quid
328 5289 567 5346 animus
610 5294 768 5345 recte
810 5306 918 5346 seu
959 5294 1295 5363 opportune
1326 5288 1432 5344 tibi
1465 5288 1793 5359 dictaverit,

121 5385 239 5438 aut
266 5379 423 5436 ratio
451 5379 530 5436 ad
560 5379 1305 5436 scribendum.-—Paratus
1337 5394 1492 5439 sum.
1520 5378 1792 5450 inquam,

122 5471 334 5528 facere
363 5469 530 5543 quod
548 5468 826 5540 hortaris,
849 5468 954 5525 sed
969 5470 1083 5525 hoc
1105 5467 1271 5541 prius
1301 5482 1336 5522 a
1367 5467 1581 5522 lectore
1602 5467 1796 5523 humi-

122 5560 264 5618 liter
285 5558 726 5632 postulandum
736 5573 973 5626 censeo,
987 5573 1064 5615 ne
1074 5558 1135 5614 in
1151 5554 1455 5631 opusculis
1474 5554 1625 5612 meis
1639 5571 1798 5629 quaa-

207 5649 331 5721 (96)
369 5649 560 5707 Eccli.
598 5665 671 5706 v1.

1900 4571 2149 4644 piscopo
2179 4572 2309 4643 ejus
2352 4572 2700 4645 capellanus
2732 4574 2859 4630 fuit.
2904 4598 2932 4623 ‹‹
2959 4577 3174 4645 Quare,
3204 4574 3398 4647 inquit
3424 4579 3561 4630 Am-

1901 4662 2216 4730 monicius,
2250 4666 2413 4720 tanto
2462 4668 2729 4737 tempore
2778 4664 2903 4719 sine
2957 4663 3175 4720 abbate
3226 4663 3477 4731 fuerant,
3510 4664 3560 4720 si

1902 4751 2183 4807 monachi
2212 4754 2429 4809 erant?
2455 4753 2503 4808 si
2528 4769 2670 4808 vero
2709 4751 3011 4823 monachi,
3042 4751 3155 4806 sub
3185 4751 3357 4822 cujus
3388 4767 3560 4821 regu-

1900 4841 1959 4897 la
2004 4840 2353 4912 degebant?
2408 4845 2538 4897 Haec
2589 4858 2832 4914 quoque
2881 4840 3181 4898 enucleari
3226 4840 3359 4912 ipsa
3407 4840 3559 4897 ratio

1902 4931 2110 5002 poscit.
2145 4963 2214 4971 —
2243 4931 2365 4986 Hoc
2396 4934 2506 4996 est,
2537 4931 2812 5001 inquam,
2844 4929 3010 5003 quod
3051 4928 3220 4985 brevi
3246 4929 3558 4985 revelatio-

1903 5036 1977 5074 ne
2007 5034 2367 5090 cognoscere
2399 5022 2586 5091 potes.
2622 5018 2755 5074 Fuit
2800 5019 3025 5090 quippe
3077 5017 3276 5090 prisca
3313 5034 3561 5075 consue-

1903 5108 2048 5164 tudo
2099 5108 2161 5162 in
2203 5106 2615 5163 Ratisbonensi
2668 5106 2925 5162 Ecclesia
2975 5111 3041 5162 ut
3082 5106 3187 5179 qui
3243 5108 3555 5177 antistites,

1903 5197 2084 5252 iidem
2114 5200 2311 5251 essent
2336 5201 2392 5251 et
2420 5196 2687 5251 abbates.
2725 5198 2988 5262 Quorum
3028 5195 3281 5254 nomina
3309 5197 3560 5271 quidam

1905 5286 1984 5342 ob
2038 5284 2391 5357 temporalia
2440 5285 2762 5341 commoda
2811 5284 3113 5356 tenebant,
3162 5302 3287 5344 non
3340 5286 3554 5343 ofﬁcia.

1904 5372 2215 5431 Timebant
2241 5373 2402 5428 enim
2430 5388 2505 5428 ne
2537 5372 2584 5427 si
2615 5373 2983 5429 monasterio
3023 5373 3307 5431 abbatem
3335 5390 3557 5449 prices-

1906 5483 1968 5521 se
2012 5464 2293 5529 facerent,
2327 5461 2469 5536 quia
2520 5478 2557 5518 a
2601 5465 2766 5519 Patre
2805 5463 3149 5520 monasterii
3196 5464 3401 5521 omnia
3431 5477 3560 5535 spe-

1904 5552 2098 5611 randa
2127 5556 2283 5619 sunt,
2316 5549 2427 5607 sibi
2462 5554 2739 5608 coactum
2784 5551 3152 5610 minueretur
3175 5551 3555 5627 obsequium.
