3984 6180
473 127 609 181 1027

1518 112 1831 169 ARNOLDI
1871 110 2464 168 EMHEBAIMENSIS
2503 112 2840 169 MONACHI.

3740 118 3852 175 1028

471 247 560 305 0b
584 247 699 303 hoc
718 238 1322 316 atqui(97)licentiam
1349 236 1578 292 dabant
1602 235 1916 291 monachis
1937 234 2126 290 aliun-
2150 236 2198 290 Α
2233 236 2402 300 Quod
2451 252 2604 306 aegre
2658 235 2907 291 ferentes
2946 233 3131 305 aliqui
3176 250 3248 290 ex
3279 236 3793 293 consacerdotibus
3812 247 3858 296 et

469 338 544 393 de
572 333 874 407 acquirere
904 346 1015 402 pro
1042 324 1200 383 victu
1230 332 1288 382 et
1320 326 1527 381 vestitu
1557 341 1933 399 quaecunque
1978 342 2121 397 pos-

468 428 616 492 sent,
646 421 791 493 quia
844 418 958 492 ipsi
1000 416 1196 481 bonis,
1227 432 1365 487 quae
1414 414 1492 470 ad
1549 430 1858 470 annonam
1912 431 2120 470 eorum

466 509 863 584 pertinebant,
895 507 975 563 ad
1009 522 1188 561 suum
1218 504 1624 560 abutebantur
1654 502 1979 559 servitium.
2008 527 2033 551 η

536 600 636 655 His
684 596 875 666 dictis,
906 595 1086 651 frater
1128 608 1267 648 cum
1308 608 1430 664 quo
1461 591 1770 660 dialogum
1801 591 1953 662 coepi
1984 607 2122 645 con-

464 704 679 753 serere,
708 702 856 741 usus
882 682 1127 739 nomine
1157 697 1287 748 suo,
1320 680 1638 736 admonuit
1678 696 1775 735 me
1823 679 1885 734 in
1911 695 2118 735 aurem

463 777 706 833 dicens:
758 795 785 824 ‹‹
812 775 1079 844 Loquere
1109 774 1301 838 caute,
1333 774 1387 824 et
1415 768 1654 824 scribito
1685 768 1935 824 cautius.
1971 772 2118 823 Nam

464 867 513 921 si
539 862 808 938 episcopi
862 862 989 917 haec
1035 858 1330 915 audierint
1375 857 1534 913 dicta
1564 858 1657 913 vel
1688 857 1937 913 viderint
1982 857 2122 913 scri-

462 960 587 1029 pta,
632 952 900 1009 fortassis
953 950 1153 1005 dicent
1192 948 1343 1003 velle
1409 953 1462 1004 te
1510 965 1613 1003 eos
1669 948 2017 1020 rapinarum
2063 952 2120 1003 et

462 1042 760 1115 injustitise
808 1045 1054 1105 notare;
1107 1038 1310 1110 sicque
1346 1037 1680 1093 libertatem
1708 1043 1875 1093 tuam
1909 1054 2116 1110 super-

459 1134 574 1191 biae
602 1131 999 1206 deputabunt,
1030 1129 1203 1202 quasi
1236 1133 1297 1183 tu
1329 1133 1548 1184 temere
1577 1145 1680 1185 eos
1722 1144 1964 1201 carpere
1996 1135 2118 1184 ten-

460 1222 698 1293 taveris,
729 1238 838 1293 pro
867 1236 1128 1293 quorum
1159 1217 1505 1274 defensione
1548 1219 1847 1290 Scriptura
1872 1219 2112 1286 clamat,

459 1312 583 1368 imo
634 1310 921 1367 Dominus
963 1326 1071 1381 per
1125 1308 1492 1381 Scripturam
1538 1308 1819 1381 praecipit.
1866 1308 2111 1363 dicens:

462 1424 490 1451 α
514 1399 702 1456 Nolite
749 1403 991 1469 tangere
1038 1397 1289 1452 christos
1320 1412 1489 1451 meos
1518 1397 1651 1467 (98).
1682 1419 1710 1446 ››
1754 1400 1815 1451 Et
1859 1396 2109 1452 iterum:

460 1513 488 1542 ‹‹
517 1490 629 1557 Qui
656 1505 764 1545 vos
791 1488 1000 1557 tangit,
1034 1486 1218 1555 tangit
1250 1486 1544 1558 pupillam
1586 1485 1742 1541 oculi
1773 1486 1889 1542 mei
1920 1487 2051 1557 (99).
2086 1509 2113 1536 »

458 1579 563 1635 Cui
610 1577 897 1650 respondi
942 1576 1151 1645 lingua
1204 1579 1261 1629 et
1309 1574 1481 1645 stylo.
1537 1598 1563 1623 «
1593 1574 1648 1631 Si
1679 1574 1945 1647 episcopi
1977 1580 2116 1630 sunt
2142 1588 2182 1641 Β

457 1669 625 1742 quod
664 1668 963 1734 dicuntur,
995 1682 1119 1721 non
1147 1664 1323 1720 nobis
1352 1664 1590 1731 obsunt,
1627 1664 1731 1720 sed
1762 1665 1935 1721 valde
1975 1681 2111 1737 pro~

458 1763 615 1814 sunt.
649 1755 821 1823 Quod
870 1759 926 1809 et
979 1754 1212 1809 efﬁcere
1259 1751 1537 1822 dignetur
1585 1753 1866 1825 Princeps
1918 1758 2115 1825 pasto-

457 1862 614 1909 rum,
674 1846 735 1900 in
790 1860 913 1917 quo
964 1842 1271 1915 plenitudo
1321 1846 1408 1897 est
1460 1842 1731 1898 omnium
1788 1842 2109 1898 bonorum.

456 1934 584 1991 Tibi
614 1950 755 1990 vero
803 1933 946 2005 quia
996 1932 1081 1986 sic
1132 1930 1346 2003 placet,
1378 1930 1500 1987 imo
1544 1931 1689 2003 quia
1730 1932 1962 2001 justum
2001 1937 2110 2002 est,

456 2023 791 2080 habeamus
821 2037 1035 2094 pacem
1064 2038 1205 2077 cum
1233 2020 1337 2087 eis,
1370 2025 1425 2075 et
1470 2020 1657 2076 simus
1706 2020 1929 2076 subditi
1975 2021 2108 2077 illis.

457 2113 607 2169 Illud
659 2117 862 2168 autem
910 2111 1057 2167 scire
1087 2114 1141 2166 te
1188 2109 1345 2177 volo,
1377 2110 1521 2182 quia
1570 2126 1693 2165 non
1740 2127 1836 2165 me
1867 2111 2113 2183 poenitet

455 2219 599 2260 vera
627 2202 866 2270 dixisse,
896 2200 1393 2274 quandoquidem
1424 2200 1568 2254 boni
1616 2216 1737 2255 non
1783 2200 1976 2255 solum
2008 2200 2112 2255 bo-

455 2294 568 2360 nis,
598 2292 703 2348 sed
733 2292 909 2347 etiam
956 2289 1128 2345 malis
1159 2293 1406 2344 utuntur
1432 2289 1511 2344 ad
1556 2289 1808 2344 bonum.
1840 2290 1952 2345 Sed
1982 2290 2110 2360 jam

456 2388 692 2456 tempus
720 2381 920 2450 exigit,
951 2384 1007 2436 et
1035 2378 1398 2435 desiderium
1430 2384 1621 2445 tuum,
1657 2383 1720 2436 ut
1748 2385 2007 2435 revertas
2032 2380 2111 2435 ad

454 2470 813 2528 narrationis
842 2485 991 2526 meae
1020 2468 1321 2541 reliquias.
1356 2472 1456 2524 Est
1481 2485 1724 2542 quoque
1764 2468 1881 2525 alia
1928 2485 2112 2524 causa

455 2578 563 2637 per
589 2577 778 2634 quam
831 2576 955 2617 non
995 2564 1134 2616 sunt
1180 2559 1478 2615 constituti
1518 2559 1769 2615 abbates
1793 2559 1853 2614 in
1884 2574 2113 2631 praeno-

455 2652 684 2708 minato
727 2648 1114 2706 monasterio.
1160 2650 1239 2703 Ex
1282 2664 1354 2703 eo
1401 2648 1625 2720 quippe
1674 2651 1940 2718 tempore
1988 2663 2111 2718 quo

455 2741 721 2814 primum
769 2756 805 2794 a
852 2739 1030 2793 beato
1083 2736 1382 2791 Itonifacio
1413 2736 1749 2808 apostolicae
1776 2736 1931 2790 sedis
1957 2736 2112 2791 vica-

454 2831 564 2896 rio,
590 2830 762 2899 juxta
813 2827 1051 2882 decreta
1081 2837 1404 2890 canonum,
1440 2824 1501 2879 in
1552 2824 1825 2894 Bajoaria
1877 2824 2113 2880 ordina-

2230 325 2581 382 consiliariis
2613 326 2859 391 antistis,
2888 324 3203 380 dicebant:
3248 348 3275 373 ‹‹
3304 328 3373 381 Ut
3400 325 3547 398 quid
3598 325 3689 382 ibi
3718 332 3769 383 et
3791 347 3856 385 sa-

2228 415 2569 471 cerdotibus
2600 415 2714 470 tuis
2745 413 2943 486 perdis
2970 413 3151 479 bona,
3177 413 3257 468 ad
3287 416 3341 471 S.
3375 417 3857 474 Emmerammum

2228 505 2631 574 pertinentia?
2674 502 2946 559 Laudant
3000 507 3051 557 te
3096 502 3289 572 multi,
3342 504 3447 558 sed
3495 504 3559 559 in
3604 505 3725 561 hoc
3768 523 3854 562 non

2226 596 2476 653 laudant
2500 612 2514 661 ;
2562 594 2685 650 imo
2716 594 3076 664 vituperant.
3113 595 3284 649 Utere
3312 609 3456 663 ergo
3485 594 3787 666 pontiﬁcis
3809 615 3853 651 ac

2229 685 2462 741 abbatis
2489 682 2705 753 oﬂ‘icio,
2738 682 2890 737 sicut
2918 686 3325 738 antecessores
3383 684 3464 739 tui
3515 683 3722 739 facere
3750 702 3855 740 con-

2227 777 2545 830 sueverant
2585 788 2774 843 usque
2823 769 3028 839 modo,
3060 786 3133 825 ne
3168 777 3436 827 carerent
3476 776 3856 844 quarumdam

2225 879 2426 918 rerum
2470 860 2896 916 emolumento.
2940 859 3302 929 Hujusmodi
3328 877 3579 934 quoque
3613 860 3855 934 insipien~

2227 954 2329 1016 tia,
2356 956 2443 1007 est
2473 950 2777 1022 sapientiae
2807 948 2926 1004 sale
2957 948 3295 1005 contienda.
3320 972 3347 999 ››
3380 950 3621 1015 Quibus
3643 951 3735 1006 ille
3754 969 3857 1025 pru~

2226 1042 2433 1098 denter
2454 1039 2776 1112 respondit,
2800 1039 3007 1094 dicens
3036 1057 3048 1094 :
3084 1043 3256 1095 «Non
3281 1041 3580 1095 erubesco
3603 1041 3858 1113 insipiens

2228 1136 2282 1187 et
2311 1131 2522 1186 stultus
2551 1129 2667 1185 dici
2700 1135 2941 1202 propter
2972 1133 3177 1185 Deum.
3210 1131 3331 1185 Hoc
3368 1136 3575 1186 autem
3615 1136 3757 1186 scire
3780 1149 3855 1185 V03

2226 1217 2363 1273 volo
2410 1218 2547 1290 quia
2600 1233 2916 1288 nunquam
2971 1218 3117 1274 mihi
3168 1218 3458 1290 inponam
3519 1235 3686 1274 onus
3728 1221 3855 1291 quod

2224 1313 2463 1380 portare
2496 1324 2619 1363 non
2652 1307 2843 1375 valeo,
2870 1307 3135 1380 episcopi
3164 1323 3385 1363 nomen
3415 1312 3473 1364 et
3507 1308 3748 1365 abbatis
3773 1311 3851 1365 mi-

2227 1397 2289 1452 hi
2316 1397 2699 1454 vindicando.
2732 1400 2880 1453 Nam
2908 1401 2975 1452 ut
3021 1397 3234 1453 beatus
3277 1398 3604 1467 Gregorius
3648 1402 3851 1453 testatur

2225 1492 2395 1558 (100),
2427 1487 2602 1543 valde
2634 1487 3036 1556 incongruum
3066 1492 3172 1556 est,
3206 1486 3256 1542 si
3295 1503 3432 1543 cum
3463 1504 3670 1543 unum
3696 1505 3759 1543 ex
3783 1487 3848 1542 bis

2220 1593 2330 1650 pro
2372 1576 2461 1631 sui
2494 1575 2925 1646 magnitudine,
2962 1575 3113 1631 sicut
3141 1580 3391 1648 oportet,
3425 1576 3577 1648 quis
3606 1593 3722 1632 non
3743 1593 3849 1648 pos-

2222 1666 2294 1722 sit
2323 1665 2581 1737 explere,
2614 1666 2691 1721 ad
2718 1670 3040 1737 utrumque
3066 1665 3364 1735 judicetur
3392 1665 3683 1721 idoneus.
3716 1664 3848 1723 Saﬁ-

2222 1756 2297 1811 cit
2340 1756 2499 1811 enim
2545 1755 2852 1827 episcopo,
2890 1759 2953 1809 ut
3004 1770 3245 1809 summa
3297 1754 3616 1823 vigilantia
3662 1756 3847 1811 insistat

2222 1846 2502 1920 pastorali
2526 1844 2743 1900 ofﬁcio.
2772 1848 2834 1899 Et
2858 1844 3063 1900 abbati
3089 1844 3231 1900 satis
3254 1844 3661 1914 laboriosum,
3678 1861 3845 1918 quam-

2221 1936 2309 1992 vis
2340 1936 2593 1991 multum
2623 1934 3018 2003 fructuosum,
3051 1934 3359 2007 providere
3388 1934 3655 1991 fratrum
3689 1935 3845 1995 saluti.

2220 2032 2277 2081 et
2303 2042 2410 2097 per
2439 2024 2645 2080 omnia
2695 2023 2847 2079 bene
2891 2039 3211 2095 procurare
3260 2039 3352 2078 res
3381 2025 3734 2081 monasterii
3759 2024 3841 2078 sui.

2220 2113 2386 2169 Unde
2434 2117 2490 2168 et
2518 2112 2645 2184 ipse
2675 2111 2853 2168 etiam
2885 2110 3238 2167 distribuere
3277 2112 3456 2167 debet
3485 2112 3650 2168 inter
3675 2112 3841 2168 fratres

2217 2200 2434 2269 ofﬁcia,
2464 2200 2523 2254 in
2573 2199 2795 2272 quibus
2842 2215 2965 2254 non
3015 2198 3221 2255 leviter
3272 2199 3485 2270 leviget
3544 2216 3717 2256 onera
3739 2216 3838 2265 sua,

2219 2289 2678 2346 rememorando
2727 2289 2947 2344 scilicet
2990 2288 3100 2344 viri
3146 2289 3481 2362 prudentis,
3520 2307 3700 2363 quem
3731 2306 3839 2361 pm»-

2221 2378 2687 2447 nominavimus,
2716 2378 2876 2433 dicta
2902 2383 2958 2433 et
2987 2378 3229 2451 scripta,
3261 2379 3321 2435 in
3348 2378 3583 2451 quibus
3626 2380 3835 2434 contine-

2222 2473 2351 2525 tur;
2387 2468 2547 2525 Sicut
2574 2466 2927 2523 indecorum
2975 2472 3063 2523 est
3110 2472 3171 2522 ut
3220 2467 3279 2523 in
3329 2484 3589 2541 corpore
3618 2469 3833 2524 humano

2220 2558 2473 2614 alterum
2522 2557 2863 2611 membrum
2916 2556 3155 2613 alterius
3203 2557 3492 2627 fungatur
3548 2557 3835 2623 ofﬁcimus

2220 2648 2503 2703 nimirum
2542 2647 2791 2702 noxium
2840 2647 3135 2720 simulque
3186 2647 3634 2719 turpissimum,
3665 2650 3706 2704 si
3748 2648 3833 2702 sin-

2221 2737 2360 2806 gula
2388 2752 2587 2791 rerum
2618 2734 2945 2791 ministeria
2984 2736 3258 2808 personis
3309 2737 3564 2793 totidem
3604 2753 3715 2793 non
3740 2737 3831 2791 fue-

2219 2826 2336 2881 rint
2365 2824 2697 2880 distributa.
2733 2825 3044 2893 Cteterum,
3078 2830 3140 2882 ut
3182 2841 3527 2899 prosequar
3573 2844 3697 2901 quae
3730 2842 3831 2899 pro-

454 2919 675 2973 bantur
720 2914 1006 2986 episcopi,
1038 2913 1297 2968 vicissim
1338 2913 1448 2968 sibi
1481 2912 1887 2969 succedebant
1915 2913 1976 2968 in
2004 2914 2113 2969 hu-
2138 2940 2180 2997 C
2220 2915 2520 2987 posuistis,
2557 2916 2615 2968 Β.
2648 2914 3074 2969 Emmerammi
3101 2915 3284 2986 bona,
3317 2932 3454 2988 quae
3486 2933 3583 2972 me
3624 2931 3833 2989 pessun-

450 3007 549 3077 jus
587 3004 937 3076 episcopatu
982 3002 1264 3058 monachi
1309 3006 1489 3074 atque
1536 3001 1825 3067 canonici,
1860 3002 1940 3058 ita
1971 3008 2033 3058 ut
2063 3003 2109 3058 si

452 3098 803 3165 antecessor
824 3096 978 3148 esset
1008 3090 1355 3158 canonicus,
1380 3091 1544 3146 ﬁeret
1569 3108 1877 3146 successor
1904 3108 2111 3148 mona-

455 3186 626 3251 chus,
657 3187 715 3240 et
741 3183 955 3239 iterum
986 3181 1124 3243 huic
1163 3180 1523 3237 antecessori
1551 3181 1896 3237 succederet
1926 3198 2107 3237 cano-

450 3275 644 3333 nicus.
679 3274 813 3329 Haec
843 3270 1215 3328 consuetudo
1244 3287 1435 3344 usque
1466 3270 1546 3327 ad
1584 3276 1795 3335 nostra
1826 3288 2106 3343 perman-

452 3361 527 3416 sit
576 3366 866 3434 tempora.
919 3358 1284 3432 Episcopalis
1341 3376 1484 3415 vero
1534 3359 1704 3414 sedes
1762 3364 1889 3415 erat
1942 3360 2104 3432 apud

436 3452 509 3507 -S.
543 3453 1056 3506 Emmerammum
1098 3464 1287 3520 usque
1317 3449 1396 3504 ad
1426 3454 1696 3521 tempora
1726 3449 1915 3505 Caroli
1948 3449 2105 3521 prin-

453 3538 622 3610 cipis,
639 3539 744 3611 qui
774 3539 931 3594 hanc
961 3538 1212 3593 restituit
1230 3538 1290 3593 in
1318 3538 1615 3594 civitatem
1644 3538 1748 3593 ubi
1768 3538 1933 3611 prius
1958 3544 2101 3595 erat.

453 3627 627 3693 Quod
656 3632 858 3683 autem
886 3632 1271 3699 percontatus
1305 3645 1389 3699 es,
1422 3627 1536 3682 sub
1567 3628 1738 3697 cujus
1773 3627 1980 3695 regula
2008 3628 2107 3683 de-

451 3723 679 3789 gerent,
710 3716 919 3790 paucis
950 3715 1280 3773 absolvam.
1319 3721 1378 3772 ln
1417 3715 1625 3789 primis
1663 3731 1805 3785 ergo
1851 3717 2103 3788 promis-

450 3807 680 3863 sionem
696 3807 1016 3877 faciebant,
1045 3807 1379 3862 secundum
1410 3805 1681 3875 regulam
1714 3806 1900 3861 sancti
1931 3810 2107 3863 Bene-

448 3897 610 3966 dicti,
643 3914 849 3955 coram
892 3897 1180 3970 episcopo
1223 3894 1458 3951 abbatis
1496 3894 1655 3951 vices
1694 3901 1925 3965 agente.
1960 3898 2104 3954 Dein

447 3985 751 4044 licentiam
781 3985 945 4042 dedit
973 3985 1056 4041 eis
1099 3984 1420 4058 episcopus
1463 3983 1649 4040 dandi
1686 3988 1744 4039 et
1773 3985 2103 4058 accipiendi

448 4078 692 4144 propter
736 4072 1008 4144 inopiam
1053 4072 1187 4128 loci.
1236 4071 1425 4127 Lineis
1475 4071 1736 4127 camisiis
1782 4072 2105 4129 utebantur

449 4159 730 4226 seniores,
758 4162 863 4233 qui
892 4176 997 4216 eas
1026 4161 1249 4216 habere
1278 4164 1637 4233 potuerunt;
1690 4161 1885 4216 creteri
1911 4162 2100 4218 laneis

446 4247 872 4316 induebantur,
906 4251 985 4306 ob
1010 4250 1326 4322 penuriam
1365 4248 1585 4304 scilicet
1613 4249 1981 4308 cilicinarum
2008 4270 2105 4309 ve-

444 4336 647 4394 stium.
675 4338 1033 4410 Praepositus
1078 4342 1135 4394 et
1181 4337 1449 4394 decanus
1478 4340 1907 4396 monasterium
1939 4358 2103 4413 rege-

443 4426 595 4484 bant
648 4430 785 4499 post
831 4426 1204 4499 episcopum.
1264 4426 1373 4493 Qui
1430 4428 1674 4499 majoris
1740 4434 1910 4486 erant
1957 4436 2100 4487 aeta-

444 4517 541 4585 tis,
571 4517 880 4574 habebant
927 4516 1105 4574 cellas
1135 4534 1241 4573 seu
1270 4517 1624 4588 caminatas,
1651 4519 1991 4589 junioribus
2016 4522 2102 4577 in-

442 4608 533 4662 ter
559 4621 620 4661 se
644 4604 850 4661 divisis
873 4610 1117 4679 propter
1139 4605 1495 4662 custodiam.
1522 4608 1928 4664 Communiter
1957 4625 2101 4682 pau-

443 4710 651 4769 perem
704 4710 1015 4751 annonam
1069 4695 1398 4762 habebant,
1446 4696 1710 4753 volatilia
1763 4699 2098 4754 manduca-

440 4784 608 4841 bant.
644 4786 868 4842 Caetera
896 4784 1196 4842 faciebant
1244 4786 1576 4843 secundum
1609 4788 2092 4852 consuetudines,

441 4890 578 4947 quas
607 4873 669 4930 in
699 4875 1082 4931 monasteriis
1128 4874 1433 4947 regalibus
1463 4875 1541 4932 ad
1571 4875 1633 4931 id
1662 4877 1943 4948 temporis
1970 4877 2095 4932 fue-

440 4967 594 5020 rant.

514 5074 543 5101 «
562 5053 705 5119 Quae
731 5068 872 5109 cum
898 5052 1340 5127 displicuissent
1366 5053 1804 5127 praenominato
1832 5053 1979 5121 viro,
2008 5071 2096 5111 re-

438 5141 705 5199 verendo
747 5141 967 5199 scilicet
994 5142 1278 5216 episcopo
1309 5142 1678 5213 Wolfgango,
1711 5143 1797 5199 uti
1824 5143 2095 5216 praedixi-

439 5246 599 5301 mus,
628 5230 1030 5288 Ramualdum
1059 5232 1233 5289 annis
1276 5236 1334 5288 et
1369 5231 1641 5288 moribus
1668 5236 1975 5288 maturum
2000 5249 2095 5289 as-

441 5318 703 5393 sumpsit
719 5318 781 5375 in
806 5335 960 5392 opus
985 5320 1295 5377 ministerii
1321 5321 1526 5388 divini,
1553 5325 1610 5377 et
1633 5322 1937 5377 constituit
1954 5338 2091 5378 eum

438 5409 704 5482 primum
746 5410 1158 5482 praepositum,
1203 5410 1341 5466 dein
1394 5411 1677 5467 abbatem
1724 5411 2088 5468 monasterii.

512 5518 627 5592 (97)
659 5517 851 5592 ,μακε
874 5531 987 5588 pro
1014 5518 1217 5591 itaque
1246 5534 1407 5592 sape
1437 5522 1708 5590 usurpat.

514 5590 627 5659 (98)
664 5589 703 5645 Ι
720 5589 869 5646 Par.
900 5604 1015 5645 XVI.

2218 3004 2364 3060 dare
2412 3002 2719 3076 conquesti
2767 3004 2923 3071 estis,
2974 3004 3221 3076 perdere
3273 3004 3435 3075 nolo,
3488 3005 3591 3061 sed
3644 3005 3716 3061 illi
3759 3004 3830 3059 cui

2220 3094 2433 3149 tradita
2460 3098 2598 3148 sunt
2623 3108 2692 3148 ac
2723 3108 3033 3147 servorum
3064 3093 3163 3148 Dei
3184 3093 3395 3149 usibus
3418 3100 3475 3149 et
3495 3100 3701 3150 nostra:
3729 3092 3833 3147 sedi

2217 3181 2582 3238 omnimodis
2612 3196 2966 3236 conservare
2997 3180 3154 3236 volo.
3187 3181 3299 3237 Sed
3331 3181 3503 3253 longe
3542 3182 3698 3237 aliter
3721 3196 3829 3236 sese

2221 3288 2310 3326 res
2373 3270 2599 3325 habent
2657 3268 3078 3340 hujuscemodi
3144 3286 3332 3342 quam
3406 3268 3679 3340 cogitatis.
3739 3269 3829 3323 ViX

2217 3360 2396 3415 etiam
2444 3374 2655 3430 poenas
2685 3357 2937 3414 evadere
2984 3358 3332 3431 poterimus,
3378 3360 3474 3432 qui
3512 3365 3829 3415 sanctorum

2215 3449 2378 3504 bona
2427 3448 2743 3503 famulatui
2785 3452 2988 3503 nostro
3035 3448 3457 3520 deputavimus,
3484 3462 3600 3501 non
3640 3446 3825 3500 solum

2214 3537 2542 3609 quantitate
2573 3537 2827 3607 majora,
2862 3538 2966 3592 sed
2998 3538 3179 3593 etiam
3206 3536 3455 3611 qualitate
3478 3533 3728 3593 meliora.
3760 3538 3818 3589 et

2214 3626 2325 3681 illis
2350 3624 2579 3696 justitia
2606 3626 2793 3682 coacti
2824 3642 2927 3681 seu
2951 3627 3213 3698 superati
3233 3623 3548 3697 reliquimus
3573 3622 3813 3688 minora,

2214 3715 2317 3787 qui
2348 3714 2656 3770 viciniores
2688 3731 2757 3770 eo
2806 3731 2928 3788 quo
2958 3714 3381 3788 frequentiores
3423 3712 3509 3769 die
3545 3716 3826 3784 noctuque

2212 3804 2542 3859 familiarus
2597 3804 2971 3860 adhaererent
2999 3804 3250 3873 Christo,
3281 3804 3583 3860 laudantes
3622 3818 3757 3858 eum
3778 3801 3833 3855 in

2215 3893 2435 3948 sanctis
2464 3893 2593 3964 ejus
2642 3892 2911 3948 electis.»
2964 3892 3053 3948 Ad
3104 3892 3232 3949 haec
3280 3891 3716 3966 respondebant
3747 3888 3837 3963 qui

2211 3983 2606 4056 quaestionem
2650 3983 3012 4039 movebant:
3070 4007 3097 4033 ‹‹
3126 3982 3587 4041 Misericordiam
3624 3988 3679 4037 et
3709 3980 3839 4053 judi-

2213 4073 2371 4128 cium
2406 4072 2656 4128 Domino
2683 4073 2956 4139 cantasti,
2979 4073 3263 4128 humanis
3293 4072 3522 4145 divina,
3554 4077 3620 4128 ut
3638 4072 3840 4144 justum

2212 4168 2321 4233 est,
2354 4161 2681 4235 przetulisti,
2704 4178 2846 4218 vera
2876 4161 3090 4219 utiliter
3116 4163 3475 4219 immutasti.
3512 4162 3668 4230 Quid
3694 4166 3845 4218 restat

2211 4258 2419 4308 nostra
2444 4256 2633 4324 parte,
2662 4252 2774 4307 nisi
2804 4258 2868 4309 ut
2889 4253 3110 4326 pariter
3146 4253 3446 4323 dicamus,
3481 4256 3606 4310 Deo
3637 4253 3843 4327 gratias,

2213 4357 2411 4408 amen,
2444 4340 2683 4397 feliciter
2706 4342 2735 4397 ?

2282 4462 2351 4470 —
2375 4430 2573 4485 Finem
2604 4430 2909 4486 sententiae
2930 4430 3131 4501 hujus,
3156 4430 3349 4504 inquit
3369 4432 3786 4500 Ammonicus,
3803 4436 3849 4483 ut

2209 4519 2354 4575 mihi
2384 4518 2637 4586 videtur,
2670 4518 2811 4575 satis
2843 4536 3105 4590 congrue
3137 4520 3509 4577 conclusisti.
3540 4520 3659 4579 Sed
3682 4522 3849 4578 fortas-

2212 4608 2292 4663 sis
2327 4607 2628 4680 aliquibus
2657 4608 2769 4663 hoc
2814 4607 3141 4681 disciplicet
3170 4608 3333 4681 quod
3378 4614 3514 4666 tam
3559 4627 3790 4668 morose
3811 4616 3849 4663 et

2207 4699 2383 4771 quasi
2412 4697 2794 4753 dormitando
2826 4698 3032 4754 scribis
3065 4716 3133 4755 ac
3163 4699 3372 4756 dictas.
3414 4704 3582 4773 Ergo
3603 4702 3748 4775 jube
3766 4708 3852 4773 st)"-

2206 4786 2333 4842 lum
2363 4785 2641 4841 velociter
2671 4802 2926 4841 currere.
2952 4810 2978 4835 »
3014 4787 3119 4843 A-io
3150 4787 3230 4844 ad
3256 4804 3398 4844 eum
3430 4807 3444 4844 :
3485 4814 3515 4839 ‹‹
3536 4790 3848 4847 lnﬁrmitate

2206 4875 2506 4932 interdum
2537 4879 2593 4930 et
2623 4875 3088 4948 occupationum
3117 4876 3394 4933 varietate
3422 4880 3850 4954 praepedior,ne

2207 4965 2321 5020 cito
2337 4981 2472 5037 quae
2487 4964 2805 5021 scribenda
2826 4970 2964 5022 sunt
2984 4967 3307 5039 proferam.
3326 4967 3445 5023 Sed
3474 4969 3633 5043 quia
3662 4970 3759 5026 tibi
3769 4969 3849 5023 hoc

2206 5058 2438 5109 comate
2471 5053 2839 5111 satisfactum
2886 5072 3013 5111 esse
3053 5071 3175 5112 non
3220 5056 3463 5126 ignoro,
3497 5058 3851 5116 dilectionem

2206 5141 2290 5197 tui
2310 5146 2366 5198 et
2390 5147 2762 5213 caeterorum,
2794 5144 3015 5217 quibus
3045 5145 3422 5219 impatientia
3444 5147 3720 5221 longum
3746 5152 3852 5203 tear

2203 5247 2345 5305 pore
2374 5232 2532 5301 facit,
2549 5234 2713 5290 haud
2736 5233 2965 5303 ordine,
2994 5234 3041 5290 si
3071 5235 3218 5308 quid
3239 5235 3621 5309 aliquandiu
3641 5234 3853 5314 protele-

2202 5326 2318 5392 tur,
2336 5323 2499 5395 quod
2516 5324 2712 5380 videre
2729 5323 3072 5382 desiderant
3092 5329 3149 5382 et
3169 5326 3396 5394 audire,
3418 5328 3711 5401 primum
3722 5324 3853 5384 dictis

2200 5410 2361 5468 beati
2382 5413 2719 5487 Hieronymi
2740 5415 3256 5473 commonefacere
3272 5416 3443 5485 volo;
3467 5418 3627 5477 dein
3646 5418 3856 5490 subjun—

2426 5524 2609 5580 Ζαρὰ.
2642 5540 2699 5579 n.

2406 5594 2613 5664 )Greg.
2643 5595 2699 5651 R

2301 5594 2423 5665 100)
2445 5596 2613 5665 Greg.
2643 5595 2863 5667 Regist.
2894 5594 2999 5653 lib.
3030 5612 3109 5665 m,
3141 5595 3312 5670 epist.
3346 5597 3427 5653 ll.
