3984 6180
171 116 291 170 1029

861 131 866 134 ·
934 108 1025 162 DE
1061 101 1435 163 MIRACULIS
1474 101 1531 156 S.
1573 95 1984 153 EMMERAHMI
2024 96 2215 152 LIBRI
2257 97 2422 153 DUO.
2454 126 2523 137 -—
2546 96 2676 151 LIB.
2710 100 2776 152 ll.

3430 100 3571 155 1030

167 252 295 307 gam
341 234 586 309 qualem
635 231 824 306 quibo
875 228 1140 287 invenire
1207 224 1644 284 sententiolam.
1703 219 1805 274 Hic
1838 219 1885 272 A
1919 220 2098 290 Cujus
2128 236 2339 277 curam
2362 236 2499 275 cum
2524 220 2805 289 egissem,
2829 222 2886 275 et
2900 218 3297 293 multipliciter
3315 217 3570 277 salutem

164 326 313 381 enim
342 341 482 380 vere
512 321 930 395 spermologus
959 317 1391 384 nominandus,
1419 315 1479 369 in
1539 310 1807 384 quadam
1918 310 2046 378 ejus
2074 310 2507 381 qureritassem,
2541 309 2793 364 concilio
2817 308 3323 381 presbyterorum,
3343 309 3571 382 quipro

165 414 403 489 epistola
432 428 621 484 quam
648 412 727 467 ad
789 413 846 465 Β.
888 408 1287 479 Augustinum
1346 403 1566 467 scribit,
1618 398 1811 489 solida

165 487 297 560 usus
326 500 615 557 brevitate
642 499 783 554 dicit
816 516 827 552 :
863 500 1030 569 Sirpe
1059 496 1225 568 quod
1256 508 1525 566 praeceps
1578 493 1688 553 est,
1748 487 1810 541 in

167 608 364 650 casum
393 588 636 644 vertitur
678 588 846 659 (lOl).
902 586 1086 657 Cujus
1135 583 1407 640 versiculi
1458 579 1811 636 brevitatem

169 684 505 737 convertens
532 676 611 732 ad
640 692 841 732 meam
862 674 1194 742 utilitatem,
1223 670 1517 744 paulatim
1539 666 1815 723 inceden-

171 772 244 827 do
270 769 363 825 vel
389 766 723 833 scribendo,
754 780 963 820 cavere
995 763 1268 818 desidero
1323 761 1572 832 laqueos
1624 758 1813 811 haere-

171 876 307 916 seon
333 878 346 925 ;
369 860 430 914 in
450 873 603 931 quos
629 855 799 911 multi
827 854 1060 910 cautela
1090 852 1379 920 neglecta,
1414 854 1472 905 et
1524 862 1813 903 sensuum

169 966 410 1006 suorum
467 945 829 1003 conﬁdentia
880 943 1214 1017 praecipites
1250 941 1604 996 inciderunt.
1664 934 1817 991 Illud

170 1044 362 1096 autem
390 1036 556 1110 quod
579 1034 776 1091 dixisti
797 1050 893 1089 me
918 1031 1090 1106 quasi
1119 1029 1502 1087 dormitando
1527 1026 1815 1094 dictitare,

171 1124 628 1184 commonefacit
658 1139 753 1179 me
808 1138 884 1178 ne
944 1122 1061 1177 sim
1107 1118 1545 1181 dormitantius,
1596 1115 1702 1170 sed
1757 1117 1820 1167 ut

174 1216 365 1271 studio
402 1212 633 1269 liberali
680 1210 904 1266 eﬁiciar
950 1208 1315 1278 vigilantius.
1376 1204 1551 1272 Quod
1591 1204 1819 1259 utinam

176 1306 337 1378 sequi
390 1304 570 1360 velim
618 1306 676 1359 et
718 1301 975 1365 valeam,
1020 1304 1086 1354 ut
1130 1297 1499 1353 lucrifaciam
1553 1294 1819 1351 animam

174 1412 420 1452 meam.»
457 1395 545 1450 Ad
572 1393 701 1448 haec
722 1391 945 1460 dialogi
977 1390 1172 1445 socius
1210 1388 1385 1443 infert
1416 1405 1427 1442 :
1473 1406 1502 1439 α
1541 1384 1821 1440 Admoni-

172 1485 496 1541 tiunculam
526 1498 728 1539 meam
760 1497 832 1536 ne
864 1484 1036 1552 putes
1062 1478 1364 1549 injuriam.
1402 1476 1664 1531 Edissere
1712 1489 1820 1546 po-

1920 412 1991 450 eo
2022 396 2399 465 laborabant,
2430 413 2539 452 nec
2567 397 2943 452 orationibus
2964 396 3016 453 ei
3047 397 3362 453 sanitatem
3410 397 3572 454 resti-

1921 489 2083 539 tuere
2111 491 2404 557 poterant,
2438 485 2649 541 reduxi
2671 501 2811 541 eum
2842 485 2903 541 in
2934 485 3236 543 civitatem
3268 486 3574 559 Hiatospo-

1922 573 2169 628 litanam
2201 576 2650 651 (Regenspurg),
2683 574 2785 629 ubi
2816 574 3063 643 contigit
3091 572 3171 629 illi
3204 573 3318 629 hoc
3346 574 3578 629 malum

1924 662 2173 717 bonum.
2210 663 2292 717 Ibi
2318 680 2559 735 quoque
2582 664 2660 718 ad
2685 663 2870 736 pedes
2897 663 3166 737 episcopi
3232 679 3330 719 me
3385 662 3580 718 humi-

1924 751 2098 813 lians,
2121 769 2258 807 cum
2290 752 2502 808 vellem
2533 754 2793 809 hominis
2818 770 3153 810 aerumnam
3184 758 3242 809 et
3263 767 3462 811 meam
3486 769 3582 808 ex-

1925 856 2168 913 ponere,
2202 840 2292 895 vir
2324 834 2442 905 Dei,
2472 841 2731 896 necdum
2762 842 2874 897 sibi
2889 858 3137 899 causam
3164 858 3274 915 pro
3298 858 3423 915 qua
3444 841 3580 897 veni

1928 930 2132 1002 aliquo
2182 929 2501 984 hominum
2552 931 2965 997 annuntiante,
3020 930 3363 1005 anticipavit
3412 930 3580 1004 quod

1927 1018 2123 1073 dicere
2152 1018 2335 1083 volui,
2365 1018 2609 1073 dicens:
2646 1040 2673 1065 ‹‹
2709 1021 2914 1089 Surge,
2952 1026 3102 1085 tace,
3137 1022 3259 1076 scio
3279 1021 3427 1093 quid
3477 1036 3580 1075 ve-

1928 1107 2017 1162 lis.
2052 1130 2078 1157 »
2107 1110 2172 1162 Et
2213 1123 2539 1162 conversus
2565 1107 2645 1162 ad
2681 1108 3105 1163 vicedomnum
3146 1108 3262 1164 ait:
3325 1131 3353 1158 ‹‹
3384 1111 3584 1165 Frater

1929 1195 2157 1265 Tagiui,
2210 1195 2344 1250 tolle
2369 1212 2592 1267 aquam
2608 1211 2844 1251 sacram
2870 1197 3042 1267 juxta
3059 1196 3341 1253 lectulum
3355 1213 3582 1263 meum,

1931 1300 1999 1339 ac
2031 1299 2248 1355 sparge
2280 1300 2460 1355 super
2514 1284 2821 1339 hominem
2860 1301 2984 1356 prae
3042 1284 3272 1340 foribus
3328 1283 3589 1340 cubiculi

1932 1378 2206 1429 stantem.
2244 1396 2272 1422 ››
2305 1377 2433 1445 lpse
2465 1376 2669 1428 autem
2701 1378 2908 1430 contra
2948 1374 3173 1430 ostium
3219 1389 3406 1430 manu
3456 1389 3590 1429 cru-

1932 1479 2062 1519 cem
2086 1462 2570 1534 pingens,nescio
2600 1462 2747 1534 quid
2767 1462 3189 1519 murmurabat
3212 1481 3224 1533 ;
3261 1468 3317 1519 et
3345 1466 3591 1520 sanatus

174 1574 281 1629 tius
335 1571 577 1643 egregia
620 1586 756 1644 quae
801 1549 1031 1641 cmpisti
1090 1581 1347 1622 narrare'
1410 1563 1822 1620 confessorum
1855 1570 1900 1623 Β
1932 1556 2020 1607 est
2046 1551 2231 1605 homo
2256 1550 2316 1604 in
2342 1549 2445 1644 1118
2469 1550 2638 1605 hora-

176 1662 381 1719 Christi
409 1659 732 1734 praeconia.
769 1691 835 1697 —
866 1656 1172 1724 Quamvis,
1213 1655 1486 1727 inquam,
1532 1651 1822 1724 importu-

172 1766 284 1805 nus
314 1753 557 1805 exactor
578 1747 724 1802 mihi
752 1746 1009 1812 insistas,
1042 1743 1191 1800 adeo
1239 1746 1301 1797 ut
1352 1742 1529 1797 etiam
1576 1751 1826 1807 gravare

172 1856 265 1895 me
290 1837 569 1904 videaris,
598 1836 704 1892 tibi
734 1841 955 1903 tamen,
1010 1832 1292 1889 charitate
1333 1831 1598 1902 jubente,
1650 1832 1828 1899 prout

170 1934 402 2002 potero,
435 1927 774 1984 satisfacere
797 1925 1058 1982 tentabo.

244 2109 272 2137 «
300 2086 667 2142 Venerabilis
688 2084 865 2154 igitur
892 2082 1135 2139 antistes
1166 2080 1575 2151 Wolfgangus,
1608 2078 1696 2133 vir
1743 2075 1828 2131 in-

170 2180 257 2231 ter
286 2175 602 2247 episcopos
630 2188 865 2241 magna:
893 2170 1279 2236 auctoritatis,
1312 2170 1462 2225 inter
1501 2167 1827 2224 canonicos

164 2263 475 2333 regularis,
507 2263 657 2317 inter
676 2260 1007 2317 monachos
1062 2260 1282 2332 pietate
1336 2258 1675 2327 singularis,
1725 2257 1830 2311 hu-

163 2353 412 2408 militate
440 2351 734 2420 sublimis,
767 2350 1053 2405 charitate
1084 2348 1445 2418 communis,
1496 2347 1829 2403 secundum

163 2439 540 2514 Apostolum,
571 2459 599 2492 «
632 2438 915 2495 omnibus
944 2436 1152 2492 omnia
1174 2437 1364 2492 factus
1396 2437 1565 2506 (102),
1601 2458 1628 2485 ››
1677 2450 1829 2506 prae-

168 2531 345 2603 cipue
393 2528 919 2599 eleemosynarum
974 2525 1285 2595 largitione
1342 2524 1624 2597 pollebat.
1684 2528 1833 2587 Qua-

167 2636 309 2676 rum
336 2616 737 2674 laudabilium
766 2615 1115 2683 ministerio,
1150 2630 1251 2669 seu
1274 2620 1622 2670 caeterarum
1656 2613 1833 2669 virtu-

166 2714 303 2764 tum
318 2702 802 2776 oﬁ'ertorio,quia
832 2703 1056 2776 placuit
1082 2702 1603 2773 Deo,multis,du1n
1634 2701 1832 2757 adhuc

164 2800 329 2854 esset
362 2797 423 2851 in
450 2793 730 2868 praesenti
759 2792 1000 2859 saeculo,
1045 2792 1234 2865 patuit
1286 2791 1538 2848 indiciis.
1612 2796 1832 2847 Horum

166 2903 367 2944 unum
388 2884 570 2976 didici
622 2888 908 2976 narrante
940 2882 1211 2976 quodam
1269 2899 1411 2976 sene
1448 2882 1629 2952 fideli,
1662 2884 1834 2953 cujus
1864 2923 1904 2976 Ο

167 2976 439 3033 narratio
470 2974 601 3030 talis
624 2973 733 3029 fuit
761 2990 773 3027 :
802 2972 1037 3029 Militem
1059 2972 1171 3027 sub
1198 2989 1294 3028 me
1315 2972 1546 3042 habuit,
1569 2973 1833 3045 quiqua-

166 3066 324 3123 dam
342 3064 437 3120 die
464 3079 604 3119 cum
634 3062 766 3118 aliis
795 3061 964 3117 affuit
1009 3062 1149 3132 (103)
1208 3064 1267 3116 in
1325 3062 1572 3117 basilica
1629 3064 1838 3118 Sancti

170 3156 368 3213 Pauli
400 3153 503 3209 ubi
526 3153 740 3208 beatus
768 3151 987 3224 praesul
1019 3151 1420 3221 Wolt‘gangus
1443 3151 1660 3207 missas
1691 3153 1836 3208 cele-

168 3243 392 3301 bravit.
425 3243 695 3313 Cumque
716 3256 855 3295 eum
881 3239 1091 3295 humili
1132 3244 1289 3295 veste
1324 3240 1606 3311 primum,
1637 3246 1838 3312 utpote

171 3332 574 3398 monachum,
604 3329 895 3403 aspiceret
921 3329 1199 3385 indutum
1226 3335 1403 3402 atque
1446 3329 1585 3385 dein
1652 3345 1838 3385 sacer-

173 3422 425 3479 dotibus
454 3421 821 3476 vestimentis
848 3418 1073 3474 videret
1098 3418 1440 3488 infulatum,
1468 3417 1702 3491 plebeia
1735 3422 1842 3471 sto-

175 3512 409 3569 liditate
438 3509 734 3582 despexit,
766 3512 823 3564 et
851 3507 1047 3563 cordis
1090 3524 1191 3563 ore
1230 3523 1617 3563 murmurans
1644 3506 1792 3562 dixit
1828 3524 1839 3559 :

178 3621 216 3656 ‹
240 3599 425 3657 Valde
453 3599 738 3671 insipiens
767 3598 876 3653 fuit
896 3598 1220 3669 imperator
1252 3597 1352 3652 illo
1379 3601 1667 3669 tempore,
1720 3612 1842 3667 quo

178 3703 535 3763 pannosum
563 3687 747 3743 istum
783 3701 854 3741 ac
900 3684 1351 3757 despicabilem,
1400 3684 1461 3739 in
1517 3684 1845 3756 pontiﬁcali

175 3775 565 3852 promotione
618 3772 875 3848 praetulit
930 3773 1274 3846 potentibus
1330 3773 1629 3843 personis,
1710 3789 1847 3844 quae

178 3864 505 3926 abundant
533 3866 594 3922 in
615 3863 961 3935 regionibus
983 3880 1109 3918 sua:
1128 3861 1386 3918 ditionis.
1426 3887 1451 3911 ››
1473 3864 1665 3927 Quam
1692 3878 1849 3917 mur-

180 3956 594 4016 murationem
624 3954 728 4027 qui
751 3954 920 4011 novit
948 3952 1337 4021 cogitationes
1393 3950 1711 4006 hominum
1755 3967 1851 4006 eo-

179 4047 333 4105 dem
367 4051 675 4103 momento
705 4050 762 4099 et
792 4043 1112 4100 clementer
1145 4041 1491 4121 increpavit,
1532 4046 1588 4096 et
1617 4040 1854 4096 eviden-

182 4142 280 4195 ter
296 4136 378 4193 ad
407 4136 891 4193 emendationem
922 4133 1103 4204 hujus
1125 4130 1679 4187 vitiimanifestavit.
1706 4133 1853 4185 Nam

187 4231 259 4283 ut
322 4226 386 4282 in
433 4225 754 4295 Evangelia
809 4223 888 4279 ad
932 4223 1190 4292 cogitata
1211 4220 1539 4293 respondit,
1563 4220 1644 4276 ita
1674 4220 1854 4290 hujus

185 4315 458 4374 hominis
508 4315 833 4385 cogitatam
890 4311 1431 4369 murmurationem
1480 4314 1559 4365 ad
1616 4314 1855 4382 tempus

186 4405 536 4473 abscondit,
566 4421 689 4477 quo
719 4410 775 4460 et
802 4403 897 4461 ille
914 4401 1453 4476 impraesentiarum
1465 4400 1857 4468 corrigeretur

190 4512 275 4555 ac
307 4495 795 4553 murmurationis
815 4494 1046 4551 malum
1077 4492 1157 4549 ab
1179 4492 1309 4548 aliis
1329 4490 1684 4547 imi'uturum
1715 4489 1859 4545 divi-

195 4590 446 4644 taretur.
480 4586 672 4643 Nimio
715 4585 941 4658 quippe
989 4588 1209 4640 terrore
1269 4581 1467 4637 subito
1526 4585 1855 4653 correptus,

190 4676 529 4735 astantium
556 4674 984 4732 sustentatione
1018 4673 1113 4729 vix
1139 4671 1395 4728 residere
1425 4670 1634 4743 potuit.
1670 4672 1859 4736 Quem

194 4782 347 4823 cum
366 4764 632 4822 viderem
670 4763 1137 4821 tremebundum
1167 4767 1224 4818 et
1252 4760 1566 4835 pallidum,
1590 4759 1747 4815 illico
1769 4776 1862 4815 ac-

197 4869 452 4912 currens
478 4854 809 4911 sciscitatus
842 4869 979 4908 sum
1004 4851 1149 4925 quid
1179 4851 1445 4920 haberet,
1474 4849 1565 4919 vel
1593 4848 1741 4922 quid
1760 4865 1863 4920 pa-

194 4948 446 5001 teretur.
468 4947 628 5002 Tunc
658 4944 753 5000 ille
786 4942 1196 4999 sacerdotibus
1226 4940 1508 4997 adhibitis
1554 4939 1863 4996 confessus

194 5037 297 5090 est
322 5032 469 5105 quia
494 5038 702 5089 contra
732 5033 925 5089 virum
957 5030 1059 5088 Dei
1086 5029 1244 5086 male
1296 5029 1660 5099 cogitaverit,
1688 5033 1744 5085 et
1783 5028 1863 5085 ob

194 5123 327 5180 hoc
349 5121 685 5195 periculoso
710 5122 919 5180 timore
934 5120 1247 5194 perculsus
1285 5118 1376 5179 sit.
1433 5120 1669 5183 Quanta
1722 5134 1865 5174 vero

197 5211 473 5271 formido
490 5211 661 5270 illum
673 5228 780 5269 seu
799 5210 1001 5284 passio
1029 5206 1362 5281 arripuerit,
1398 5207 1541 5262 satis
1588 5207 1865 5279 probavi,

199 5300 499 5359 eumdem
520 5317 708 5376 penes
744 5317 841 5357 me
863 5299 1028 5356 domi
1058 5297 1319 5354 retinens
1349 5295 1577 5369 aliquot
1631 5296 1864 5352 diebus.

318 5431 442 5496 101)
482 5429 721 5496 Hieron,

286 5428 442 5643 ἓ101)
482 5429 721 5496 Hieron,
752 5443 791 5500 ιη

321 5498 420 5555 102
482 5502 519 5557 Ι
543 5502 681 5558 Cor.
714 5517 791 5556 ιχ.

319 5500 444 5643 103)
482 5575 617 5630 Haec
644 5570 790 5628 verb

752 5430 919 5500 epist.
954 5441 1186 5482 LXXXIX.

482 5502 830 5630 Iligggelrza
854 5570 916 5628 in
937 5586 1050 5626 ms.
1083 5566 1201 5626 alia
1212 5565 1408 5623 littera
1435 5563 1695 5637 ascripta
1715 5567 1872 5619 sunt.

2004 1673 2074 1681 -
2104 1643 2264 1705 Vere,
2300 1640 2381 1695 ait
2401 1639 2831 1706 Ammonicius,
2864 1640 3094 1696 malum
3125 1656 3487 1697 conversum
3508 1646 3597 1697 est

1934 1730 1995 1785 in
2025 1729 2277 1784 bonum.
2320 1732 2467 1783 Nam
2514 1743 2635 1783 non
2687 1728 2883 1783 solum
2939 1729 3348 1802 increpatione
3390 1729 3593 1786 militis

1935 1818 2234 1873 vindicata
2258 1821 2347 1872 est
2371 1817 2587 1887 injuria
2617 1817 2933 1888 pontiﬁcis,
2973 1818 3081 1873 sed
3138 1818 3384 1891 insuper
3412 1820 3593 1875 etiam

1934 1907 2208 1978 ejusdem
2238 1907 2487 1961 sanitate
2519 1905 2854 1976 miriﬁcata,
2896 1923 3005 1963 nec
3033 1923 3160 1963 non
3212 1908 3451 1981 spiritus
3508 1924 3594 1964 re-

1935 1996 2233 2051 velatione
2258 1994 2604 2065 magniﬁca,
2637 1994 3009 2051 declaratum
3047 2002 3136 2052 est
3181 1996 3384 2053 multis
3421 1996 3596 2053 meri-

1936 2091 2065 2141 tum
2097 2086 2242 2141 tanti
2275 2084 2620 2141 sacerdotis.
2677 2086 2865 2150 Quem
2908 2085 3084 2141 valde
3132 2086 3318 2141 miror
3363 2101 3597 2158 praeno-

1937 2174 2233 2227 minatum
2276 2172 2702 2227 vicedomnum
2726 2173 2879 2228 adeo
2907 2172 3204 2243 dilexisse,
3233 2189 3372 2227 cum
3402 2172 3593 2240 fuerit,

1939 2267 2004 2317 ut
2027 2261 2250 2327 audivi,
2284 2260 2608 2315 iracundus
2641 2276 2711 2315 ac
2751 2277 2933 2332 supra
2958 2262 3213 2316 modum
3244 2276 3510 2328 severus,
3542 2264 3599 2316 et

1939 2351 2019 2406 ob
2046 2350 2127 2421 id,
2158 2365 2310 2422 pene
2337 2349 2623 2404 omnibus
2655 2350 2759 2422 qui
2788 2350 2849 2404 in
2876 2349 3185 2422 episcopio
3218 2353 3406 2417 erant,
3457 2364 3598 2405 exo-

1941 2456 2063 2494 sus.
2092 2438 2419 2509 Episcopus
2447 2442 2651 2492 autem
2682 2443 2810 2493 erat
2839 2443 3194 2494 mansuetus
3250 2443 3309 2493 et
3343 2437 3499 2511 pius.
3528 2471 3597 2478 —

1941 2528 2125 2594 Certe,
2153 2527 2427 2598 inquam,
2460 2542 2570 2581 nec
2596 2526 2723 2597 ipse
2751 2532 2876 2581 erat
2907 2526 3032 2581 sine
3064 2528 3371 2583 severitate
3404 2546 3418 2596 ;
3453 2528 3598 2583 alio-

1942 2618 2087 2690 quin
2146 2616 2346 2671 minus
2395 2617 2745 2672 observaret
2795 2616 2963 2688 quod
3019 2617 3340 2689 Apostolus
3406 2617 3595 2672 dicit:

1944 2713 2219 2775 «Argue,
2251 2706 2526 2775 obsecra,
2582 2706 2827 2778 increpa
2887 2707 3097 2775 (104).»
3142 2706 3344 2762 Virum
3399 2712 3602 2763 autem

1942 2812 2127 2870 quem
2157 2795 2326 2863 dicis,
2356 2796 2436 2851 ob
2463 2796 2858 2865 severitatem,
2887 2796 3160 2869 pluribus
3193 2812 3465 2864 exosum,
3500 2812 3601 2852 ac-

1944 2886 2075 2958 cepi
2100 2889 2408 2940 strenuum
2432 2885 2611 2940 fuisse
2643 2902 2713 2941 ac
2742 2885 3143 2955 ingeniosum.
3175 2886 3286 2952 Qui
3319 2889 3603 2960 proptere.

1945 2974 2291 3031 venerando
2322 2974 2561 3029 antistiti
2593 2975 2812 3031 exstitit
2842 2977 3079 3043 charus,
3112 2975 3255 3048 quia
3281 2976 3458 3032 valde
3502 2992 3603 3032 ne-

1946 3064 2260 3129 cessarius,
2291 3068 2348 3119 et
2375 3064 2520 3136 quia
2552 3064 2738 3121 illum.
2772 3065 2821 3119 si
2864 3064 2925 3119 in
2980 3065 3184 3137 aliquo
3233 3065 3605 3138 reprehensi-

1946 3154 2082 3210 bilis
2111 3158 2256 3221 erat,
2284 3170 2390 3225 per
2414 3153 2896 3208 immutationem
2921 3153 3177 3209 dextera:
3211 3153 3440 3209 Excelsi
3483 3169 3606 3209 me-

1948 3243 2311 3308 liorandum,
2346 3242 2554 3314 spiritu
2576 3241 2896 3310 revelante,
2939 3246 3286 3311 agnoverat.
3322 3241 3376 3296 Is
3432 3256 3607 3297 nam-

1951 3348 2067 3405 que
2100 3336 2236 3404 post
2264 3331 2495 3387 obitum
2519 3331 2675 3386 beati
2706 3331 2977 3403 praesulis
3003 3329 3353 3402 Wolfgangi,
3397 3330 3491 3387 cui
3536 3330 3608 3386 ﬁ-

1952 3422 2159 3477 deliter
2185 3421 2456 3487 adhaesit,
2485 3420 2737 3477 Henrico
2767 3421 3113 3493 imperatori
3155 3420 3306 3477 inter
3344 3418 3614 3476 ﬁdelissi-

1953 3527 2086 3566 mos
2113 3510 2485 3566 ministravit.
2520 3512 2649 3576 Quo
2692 3509 2940 3579 jubente
2989 3510 3153 3583 apud
3213 3510 3614 3582 Parthenope-

1953 3599 2058 3654 lim
2089 3598 2576 3671 archiepiscopus
2601 3598 2817 3668 factus,
2847 3615 2984 3654 cum
3014 3600 3328 3672 plurigena
3366 3598 3615 3672 polleret

1955 3689 2273 3762 probitate,
2306 3688 2500 3759 magis
2530 3688 2741 3744 claruit
2771 3689 2872 3763 pia
2896 3689 3419 3761 eleemosynarum
3461 3689 3611 3761 dap-

1959 3778 2191 3845 silitate,
2223 3793 2332 3832 nec
2358 3794 2483 3833 non
2513 3778 2724 3833 humili
2752 3778 3019 3848 corporis
3050 3777 3316 3832 castitate
3364 3780 3421 3831 et
3463 3776 3614 3831 nihi-

1961 3866 2226 3921 lominus
2250 3864 2547 3921 laudabili
2566 3866 2816 3921 vestitus
2842 3864 3273 3920 mediocritate.
3296 3867 3425 3918 Non
3454 3863 3616 3917 enim

1960 3955 2238 4010 verrebat
2265 3959 2503 4020 terram,
2534 3954 2706 4008 sicuti
2736 3953 2905 4008 multi
2934 3953 3127 4008 facere
3156 3951 3366 4018 solent,
3402 3949 3617 4006 tunicis

1964 4047 2020 4097 et
2048 4040 2314 4115 pelliciis,
2347 4055 2572 4109 magno
2632 4040 2822 4112 pretio
2879 4039 3202 4112 acquisitis,
3265 4038 3393 4107 sed,
3451 4037 3619 4112 quod

1966 4148 2081 4188 usu
2102 4130 2416 4186 mundano
2445 4145 2648 4185 rarum
2679 4134 2791 4201 est,
2821 4130 2955 4185 forti
2984 4135 3186 4187 tenore
3212 4129 3450 4199 mentis,
3482 4145 3620 4186 con-

1966 4225 2164 4277 tentus
2194 4221 2399 4275 ovium
2421 4219 3071 4292 vestimentis,quotidie
3082 4219 3301 4277 missas
3321 4219 3620 4277 celebrare

1968 4309 2216 4377 curavit,
2249 4313 2427 4380 atque
2456 4310 2755 4380 integrum
2781 4309 3130 4366 Psalmodiee
3163 4327 3407 4367 sensum
3437 4310 3621 4366 devo-

1968 4399 2195 4456 tissime
2217 4398 2554 4471 persolvere
2583 4415 2707 4455 non
2737 4399 3009 4455 cessavit.
3039 4401 3220 4471 Cujus
3267 4416 3488 4471 corpus
3518 4412 3622 4453 an-

1968 4504 2049 4545 no
2080 4488 2352 4544 videlicet
2374 4488 2626 4561 septimo
2656 4495 2794 4562 post
2819 4489 3243 4545 resolutionem
3270 4487 3479 4560 ipsius,
3538 4485 3627 4540 in-

1968 4583 2201 4650 tegrum
2228 4583 2316 4633 est
2348 4579 2679 4647 inventum,
2739 4579 2927 4650 gloria
2978 4575 3425 4633 resurrectionis
3472 4574 3625 4630 adeo

1968 4669 2030 4725 in
2060 4684 2131 4725 eo
2159 4668 2595 4742 resplendente,
2625 4675 2691 4725 ut
2718 4673 2982 4725 astantes
3011 4672 3066 4722 et
3117 4666 3412 4721 intuentes
3450 4662 3626 4720 valde

1974 4759 2335 4816 mirarentur
2363 4760 2493 4830 ejus
2552 4760 2807 4813 nitorem
2866 4761 3046 4828 atque
3094 4753 3626 4827 incorruptionem,

1973 4866 2111 4906 cum
2142 4850 2501 4904 successoris
2524 4848 2680 4903 illius
2713 4847 3080 4902 vestimentis
3111 4844 3289 4900 etiam
3344 4859 3628 4899 consum-

1974 4940 2091 5013 psit
2114 4955 2253 4995 ossa
2282 4937 2702 4993 tantummodo
2745 4936 2910 4991 nuda
2957 4933 3320 4990 remansisse
3366 4932 3632 4989 videren-

1976 5033 2087 5086 tur.
2119 5032 2260 5084 Vere
2289 5042 2524 5082 memor
2552 5024 2841 5081 Dominus
2861 5024 3158 5080 dtctorum
3194 5038 3466 5095 suorum,
3495 5023 3630 5096 qui-

1974 5120 2091 5175 bus
2119 5117 2327 5172 ﬁdeles
2357 5131 2500 5171 suos
2524 5114 2872 5171 consolatur
2899 5112 3103 5170 dicens
3138 5131 3151 5169 :
3209 5135 3239 5163 «
3288 5116 3356 5172 Et
3379 5112 3631 5186 capillus

1977 5207 2054 5263 de
2079 5204 2270 5278 capite
2293 5209 2492 5261 vestro
2512 5220 2636 5260 non
2663 5202 2878 5277 peribit
2910 5202 3073 5275 (105).
3105 5224 3133 5252 »
3164 5205 3310 5260 Ecce
3348 5202 3454 5277 qui
3509 5218 3634 5259 om-

1979 5295 2082 5352 nia
2104 5293 2413 5362 benefecit,
2442 5293 2521 5350 ad
2536 5292 3053 5349 corroborandum
3078 5291 3264 5350 ﬁdem
3292 5293 3353 5349 in
3407 5309 3470 5350 se
3514 5309 3634 5350 cre-

2086 5421 2207 5494 104)
2244 5421 2312 5475 II
2340 5421 2485 5475 Tim.
2518 5437 2589 5475 iv.

2085 5495 2208 5562 105)
2244 5494 2388 5548 Luc.
2422 5507 2522 5547 xu.
