3996 6178
159 138 296 192 1083

927 139 1020 191 DE
1060 132 1448 191 MIRACULIS
1488 133 1543 186 S.
1587 123 2022 186 EMMERAMMI
2065 127 2247 183 LIBRI
2288 131 2448 188 DUO.
2493 167 2560 176 —
2603 139 2733 193 LIB.
2778 139 2843 194 II.

3493 151 3630 207 1034

147 259 348 314 Victus
373 275 514 314 vero
547 259 826 329 tantillus,
856 265 919 315 ut
945 274 1067 315 non
1120 257 1675 326 superabundaret,
1732 250 1838 306 sed
1875 252 1924 304 A
1957 255 2050 304 cet
2083 268 2096 305 :
2132 275 2159 301 «
2194 254 2412 323 Venite,
2446 257 2740 316 benedicti
2770 264 2954 318 Patris
3005 265 3150 333 mei,
3208 269 3494 342 percipite
3550 291 3634 330 re-

145 348 454 404 refectioni
502 349 770 404 sufﬁcere
823 353 1043 422 posset.
1113 347 1178 399 In
1221 345 1349 403 hoc
1403 364 1562 419 saepe
1619 343 1844 399 exstitit

149 439 392 494 sibimet
420 437 533 510 ipsi
562 454 797 511 parcus,
829 439 1047 496 czeteris
1081 440 1306 492 autem
1336 437 1588 509 dapsilis
1635 438 1692 489 et
1728 434 1844 488 lar-

154 545 287 598 gus.
323 531 463 583 Post
510 529 709 583 cibum
771 525 1176 585 sustentaculo
1238 528 1516 599 corporis
1562 538 1842 581 necessa-

154 619 333 684 rium,
367 617 619 689 quando
649 617 836 673 verba
867 619 1050 674 solent
1108 613 1460 682 abundare,
1518 631 1627 687 pro
1677 611 1843 668 mille

154 723 460 780 passuum
491 705 996 772 deambulatione,
1027 704 1432 762 exercebatur
1460 707 1518 761 in
1574 702 1842 776 psalmo—

154 797 259 852 dia
292 812 403 852 seu
433 796 699 852 lectione.
737 796 1056 852 Maximam
1100 798 1308 850 autem
1367 811 1573 851 curam
1632 790 1847 848 habuit

158 887 321 942 circa
346 900 644 958 pauperes
678 885 917 940 Christi.
954 884 1116 941 Unde
1140 888 1194 938 et
1224 883 1291 939 in
1323 885 1639 941 refectione
1687 897 1845 954 quo-

160 975 415 1046 tidiana,
444 989 786 1046 pauperum
815 973 1278 1046 quinquaginta,
1311 975 1573 1047 exceptis
1621 971 1849 1028 duode-

168 1064 290 1120 cim
321 1068 377 1119 et
403 1063 608 1132 tribus,
638 1062 870 1134 quibus
893 1063 1102 1118 fratres
1156 1062 1606 1130 ministrabant,
1667 1060 1846 1134 quin-

168 1150 603 1225 quagenariam
614 1149 901 1204 excolens
915 1150 1412 1218 misericordiam,
1427 1152 1848 1207 remissionem

166 1241 383 1298 eodem
407 1256 658 1296 numero
687 1245 1112 1296 consecratam
1144 1242 1474 1312 promereri
1516 1241 1846 1312 satagebat,

163 1329 330 1403 apud
352 1330 559 1401 ipsum
571 1327 1020 1397 misericordiae,
1041 1329 1290 1400 fontem,
1305 1331 1409 1402 qui
1423 1331 1563 1386 dicit
1581 1331 1638 1386 in
1661 1333 1849 1385 Evan-

160 1417 365 1488 gelio:
421 1416 581 1472 Beati
624 1415 1068 1485 misericordes,
1102 1419 1398 1490 quoniam
1456 1419 1568 1491 ipsi
1623 1417 1851 1473 miseri-

1958 352 2172 406 gnum,
2204 344 2369 414 quod
2400 346 2570 402 vobis
2596 355 2873 420 paratum
2905 357 2992 408 est
3017 354 3100 409 ab
3134 356 3362 425 origine
3395 363 3630 419 mundi.

1960 429 2210 500 Esurivi,
2243 438 2300 487 et
2328 433 2571 491 dedistis
2602 440 2748 494 mihi
2778 443 3175 500 manducare.
3212 445 3392 514 Sitivi,
3424 456 3480 505 et
3535 453 3634 507 de-

1959 515 2132 571 distis
2158 520 2305 576 mihi
2329 522 2552 579 bibere.
2587 527 2815 599 Hospes
2869 531 2975 601 fui,
3007 537 3066 587 et
3113 533 3442 603 collegistis
3488 556 3584 595 me
3618 560 3630 606 ;

1962 607 2184 675 nudus,
2218 615 2273 664 et
2301 614 2613 684 Operuistis
2637 633 2750 671 me.
2779 617 3058 674 Infirmus
3092 623 3198 687 fui,
3243 628 3300 678 et
3353 627 3635 684 visitastis

1976 708 2094 748 me.
2131 699 2193 751 In
2209 714 2440 755 carcere
2471 717 2656 768 eram,
2687 705 3003 762 etvenistis
3031 709 3113 763 ad
3143 727 3241 764 me
3266 711 3431 783 (115).
3459 739 3486 765 ››
3519 718 3636 773 Ho—

1963 796 2099 878 rum
2125 786 2423 881 particeps
2457 794 2518 844 ut
2538 790 2721 850 ﬁeret.
2745 795 3084 851 secundum
3117 801 3279 868 Apos
3292 800 3508 867 tolum,
3537 806 3642 877 qui

1966 876 2090 925 sine
2121 876 2554 932 intermissione
2585 895 2754 935 orare
2772 882 2944 951 jubet
2973 884 3149 955 (116),
3195 902 3336 942 cum
3369 876 3635 948 Psaluio-

1967 961 2195 1032 grapho
2247 963 2353 1018 iste
2409 966 2498 1020 vir
2551 969 2652 1022 Dei
2708 970 3080 1028 incessanter
3131 975 3348 1045 oravit,
3379 978 3585 1036 dicens
3622 1001 3634 1036 :
3670 1037 3680 1040 ..

1965 1046 2316 1122 Participem
2347 1069 2444 1107 me
2472 1053 2586 1122 fac,
2622 1059 2794 1124 Deus,
2825 1060 3104 1116 omnium
3157 1062 3500 1124 timentium
3559 1075 3637 1141 te,

1963 1140 2018 1192 et
2047 1141 2505 1197 custodientium
2538 1145 2826 1202 mandata
2847 1153 2952 1203 tua
2979 1153 3153 1222 (117).
3179 1152 3284 1207 His
3311 1171 3346 1210 a
3380 1173 3474 1213 me
3520 1140 3643 1215 dic-

1961 1225 2032 1280 tis
2061 1244 2127 1282 ac
2155 1229 2405 1301 scriptis,
2438 1235 2829 1289 Ammonicus
2884 1237 3077 1293 movit
3125 1243 3526 1311 quaestionem
3553 1248 3641 1303 di-

1959 1318 2595 1408 censzTestimonium
2643 1321 2716 1377 de
2768 1325 3065 1396 Apostolo
3116 1335 3454 1404 sumptum,
3511 1353 3638 1408 quo

1958 1404 2294 1461 continetur
2317 1407 2443 1462 sine
2475 1408 2915 1469 intermissione
2947 1417 3272 1486 orandum,
3312 1422 3420 1477 etsi
3453 1404 3640 1479 credi-

161 1506 438 1562 cordiam
467 1510 919 1577 consequentur
961 1506 1136 1578 (H3).
1199 1507 1310 1562 Iste
1361 1508 1546 1563 homo
1600 1508 1736 1580 cupi

2061 1512 2093 1563 ε,
2126 1497 2288 1552 velut
2306 1498 2473 1570 quod
2503 1500 2831 1558 subnixum
2864 1509 2954 1560 est
2998 1509 3330 1578 apostolica
3377 1516 3639 1571 auctori-

161 1595 344 1651 nimis
374 1611 563 1668 opere
587 1593 841 1666 implere
871 1594 1036 1666 quod
1085 1596 1374 1668 scriptum
1434 1602 1521 1652 est
1553 1616 1565 1652 :
1619 1620 1646 1645 «

164 1685 649 1756 eleemosynam,
680 1686 738 1738 et
769 1683 976 1738 omnia
1006 1685 1238 1740 munda
1255 1689 1394 1740 sunt
1423 1685 1593 1740 vobis
1625 1686 1790 1756 (114).
1823 1708 1846 1732 ››

169 1776 315 1839 ί)οω
345 1773 466 1828 sibi
493 1775 695 1844 utpote
727 1771 856 1840 seni
893 1777 948 1828 et
973 1772 1216 1830 inﬁrmo
1250 1775 1329 1830 ad
1392 1773 1850 1830 refocillandum

166 1859 605 1932 corpusculum
637 1874 854 1932 parum
875 1859 1186 1917 delicatius
1212 1862 1544 1935 praeparari
1564 1863 1583 1932 j
1599 1868 1846 1929 usserat,

167 1951 519 2021 frequenter
539 1949 600 2003 in
625 1965 767 2004 usus
822 1965 1159 2022 pauperum
1218 1957 1612 2008 converterat.
1670 1956 1850 2008 Inter-

171 2040 325 2094 dum
347 2045 403 2094 et
429 2039 560 2110 ipse
591 2038 1030 2110 aliquantulum
1057 2057 1127 2096 ex
1179 2042 1268 2096 eis
1328 2042 1408 2098 ob
1453 2041 1850 2098 humilitatem

174 2128 360 2182 simul
383 2132 439 2183 et
470 2127 882 2183 necessitatem
907 2129 1261 2200 degustans,
1297 2136 1510 2186 caetera
1539 2130 1739 2186 divisit
1768 2132 1853 2187 in-

171 2223 264 2274 ter
294 2233 596 2290 pauperes
631 2223 686 2272 et
708 2217 1001 2286 inﬁrmos,
1033 2219 1161 2292 qui,
1197 2220 1504 2276 debilitate
1551 2225 1608 2276 et
1665 2221 1854 2278 nimia

167 2307 566 2377 aegrotatione
592 2307 918 2380 prsepediti,
951 2309 1024 2364 ad
1045 2310 1366 2365 ecclesiam
1385 2326 1699 2366 occurrere
1726 2327 1851 2366 non

169 2400 480 2471 poterant,
514 2396 617 2452 ubi
661 2397 1105 2471 eleemosynam
1165 2399 1441 2471 accipere
1494 2400 1848 2457 debuerant.

169 2487 303 2542 Hoc
335 2501 492 2558 opus
525 2485 635 2540 sibi
661 2486 1020 2558 percharum
1044 2488 1389 2559 injunxerat
1408 2489 1655 2545 cuidam
1678 2489 1851 2544 fami-

164 2576 307 2631 liari
339 2579 394 2630 et
415 2574 598 2643 fideli,
624 2575 719 2630 cui
741 2575 990 2647 speciale
1012 2577 1091 2632 ob
1106 2577 1164 2632 id
1189 2578 1465 2649 praestitit
1489 2578 1853 2634 beneﬁcium

167 2669 241 2718 ut
262 2679 371 2735 per
393 2667 580 2718 totam
607 2662 902 2719 civitatem
923 2665 1410 2722 circumcursans
1429 2667 1745 2737 diligenter
1769 2667 1855 2722 in-

168 2752 504 2822 vestigaret
531 2767 634 2807 eos
663 2751 723 2806 in
745 2752 964 2825 quibus
997 2755 1616 2814 Christusvestiretur
1631 2760 1688 2811 et
1712 2772 1853 2828 pas-

169 2847 432 2899 ceretur.
463 2849 662 2896 Mensa
713 2840 890 2910 illius,
948 2843 1282 2899 secundum
1333 2847 1620 2918 regulam
1673 2847 1856 2900 Bene-

168 2931 344 2997 dicti,
380 2946 618 3003 semper
649 2936 774 2986 erat
803 2948 941 2988 cum
971 2933 1312 3005 hospitibus
1334 2940 1396 2990 et
1427 2935 1783 3009 peregrinis.
1811 2937 1855 2992 Ο
1885 2959 1926 3012 C

171 3021 384 3076 virum
411 3019 802 3087 laudabilem,
834 3022 937 3094 qui
966 3026 1126 3078 totus
1149 3022 1210 3076 in
1254 3023 1684 3081 misericordias
1739 3024 1859 3079 vis-

173 3126 323 3166 cera
355 3109 603 3176 etfusus,
638 3109 932 3166 Christum
961 3112 1022 3167 in
1047 3111 1313 3167 minimis
1369 3115 1497 3170 suis
1557 3113 1857 3183 colligere,

172 3213 436 3272 pascere
465 3202 524 3253 et
551 3198 764 3253 vestire
791 3200 1062 3256 curavit!
1121 3204 1235 3257 Nec
1295 3201 1374 3256 ab
1425 3203 1519 3258 his
1578 3202 1860 3274 operibus

174 3303 464 3360 unquam
490 3292 781 3360 pertaesus
811 3290 1084 3345 cessavit.
1121 3289 1494 3348 Vestimenta
1536 3307 1780 3364 quoque
1805 3297 1863 3348 et

175 3377 497 3445 alimenta,
529 3377 812 3433 manibus
839 3378 1117 3446 aliorum,
1147 3379 1371 3451 quibus
1394 3381 1555 3436 hanc
1607 3396 1860 3454 operam

174 3466 510 3532 commisit,
526 3465 840 3538 aliquoties
864 3466 1233 3540 pauperibus
1249 3467 1668 3542 daripermisit
1694 3488 1706 3537 ;
1731 3470 1858 3542 ipse

177 3572 335 3612 vero
367 3555 750 3628 marsupium
797 3573 1003 3612 secum
1056 3562 1326 3630 portans,
1385 3561 1546 3615 unde
1605 3560 1862 3633 propriis

177 3645 478 3701 manibus
510 3661 797 3700 nummos
824 3651 882 3702 et
911 3645 1126 3702 obulos
1160 3647 1363 3716 egenis
1420 3655 1477 3705 et
1528 3649 1860 3722 peregrinis

181 3740 466 3804 tempore
510 3739 851 3805 opportuno
905 3740 1198 3806 erogaret,
1250 3736 1596 3792 sacellarius
1653 3754 1862 3794 eorum

181 3820 487 3894 appellari
511 3829 565 3877 et
589 3838 717 3877 esse
749 3839 872 3879 non
897 3823 1154 3891 erubuit,
1186 3829 1380 3880 certus
1401 3827 1643 3898 quodet
1675 3827 1863 3884 Chris-

179 3918 310 3978 tus,
342 3911 679 3968 secundum
719 3913 1184 3986 promissionem
1216 3931 1412 3985 suam,
1433 3931 1572 3971 eum
1591 3933 1712 3972 non
1735 3934 1864 3973 eru-

182 4002 407 4057 bescat
437 4017 642 4057 coram
664 4001 893 4072 angelis
916 4003 1034 4057 Dei.
1070 4005 1180 4057 Res
1202 4019 1364 4073 ergo,
1389 4005 1614 4076 quibus
1637 4006 1715 4061 ad
1734 4022 1866 4078 por-

185 4094 322 4145 tam
345 4089 694 4144 monasterii
715 4090 1179 4146 adventantibus
1205 4089 1496 4148 debuerat
1524 4093 1863 4161 ministrari,

188 4185 338 4235 ante
361 4195 423 4233 se
449 4178 778 4234 minoratas
811 4184 989 4251 atque
1022 4179 1378 4252 subtractas,
1413 4182 1536 4237 suis
1581 4182 1865 4256 tempori-

1710 1600 1848 1652 Date
1880 1603 1920 1657 Β
1959 1588 2097 1674 tate,
2131 1585 2329 1641 multis
2361 1592 2561 1644 tamen
2591 1590 2825 1647 videtur
2851 1593 3252 1668 impossibile,
3287 1607 3470 1674 atque
3503 1621 3634 1659 mo-

1959 1673 2107 1728 dum
2138 1675 2475 1731 humanum
2497 1679 2800 1736 excedere.
2840 1682 3056 1741 Dicunt
3100 1687 3302 1744 enim:
3366 1673 3507 1754 Quis
3549 1698 3642 1748 est

1959 1763 2304 1819 mortalium
2335 1766 2438 1837 qui
2471 1768 2696 1823 ceeteris
2728 1770 2973 1826 omissis
3008 1790 3142 1845 quae
3187 1785 3328 1835 sunt
3375 1782 3635 1850 agenda,

1962 1853 2086 1907 sine
2115 1853 2552 1911 intermissione
2583 1859 2772 1928 possit
2802 1875 2978 1917 orare
3005 1863 3034 1918 ‘I
3064 1865 3216 1930 Quid
3264 1869 3510 1938 mirum,
3545 1870 3639 1924 in-

1961 1958 2169 2013 quam,
2201 1942 2250 1997 si
2279 1944 2512 2000 caecitas
2541 1945 2896 2014 ignorantiae
2940 1967 3003 2006 se
3032 1952 3145 2008 illis
3188 1956 3488 2024 oﬂuderit,
3534 1959 3642 2030 qui

1960 2031 2173 2087 nolunt
2200 2033 2506 2090 intendere
2536 2035 2739 2091 lumen
2767 2037 2958 2095 divini
2992 2045 3309 2116 sermonis,
3369 2062 3481 2101 nos
3531 2048 3642 2104 ad-

1961 2121 2251 2176 hortantis
2286 2140 2298 2176 :
2334 2141 2363 2174 ‹
2394 2125 2751 2181 Scrutamini
2801 2129 3140 2203 Scripturas
3171 2136 3338 2205 (118),
3373 2158 3400 2184 ››
3449 2140 3506 2191 et
3545 2137 3640 2192 in—

1961 2209 2206 2265 venietis
2227 2210 2288 2265 in
2315 2212 2416 2266 eis.
2453 2217 2531 2268 De
2564 2215 2786 2285 quibus
2811 2217 2957 2274 alibi
2987 2221 3202 2277 dicitur
3231 2240 3243 2276 :
3278 2245 3305 2271 «
3342 2227 3469 2278 Non
3512 2240 3642 2281 om-

1961 2315 2070 2354 nes
2102 2300 2348 2372 capiunt
2366 2301 2640 2372 verbum,
2667 2303 2772 2358 sed
2799 2307 3026 2377 quibus
3056 2309 3266 2366 datum
3295 2315 3382 2366 est
3415 2312 3580 2382 (119).
3611 2340 3638 2366 ››

1963 2391 2141 2443 Porro
2169 2388 2230 2442 in
2274 2405 2445 2445 sacra
2488 2391 2791 2464 Scriptura
2841 2395 3236 2469 simpliciores
3297 2400 3544 2473 quique,
3590 2405 3640 2460 si

1961 2482 2313 2550 qurererent,
2364 2478 2698 2536 invenirent
2745 2497 2882 2554 quae
2951 2485 3314 2543 sufﬁcienter
3367 2505 3470 2545 eos
3523 2507 3638 2564 pa-

1964 2570 2168 2633 scant;
2202 2566 2617 2637 prudentiores
2665 2587 2807 2625 vero
2852 2572 3079 2630 habent
3126 2575 3187 2630 in
3233 2593 3305 2632 ea
3345 2594 3477 2649 quae
3522 2582 3638 2637 mi-

1963 2659 2186 2722 rentur,
2218 2655 2364 2711 etin
2404 2657 2623 2729 quibus
2674 2676 2735 2714 se
2776 2669 3115 2720 exerceant.
3162 2668 3320 2729 Quos
3368 2667 3636 2726 Psalmo-

1965 2746 2231 2818 graphus
2291 2745 2588 2816 designat,
2648 2749 2900 2808 dicens:
2956 2753 3073 2826 Ipsi
3132 2755 3412 2812 viderunt
3449 2774 3637 2831 opera

1967 2833 2202 2891 Domini
2231 2839 2288 2890 et
2311 2836 2611 2892 mirabilia
2643 2839 2772 2908 ejus
2802 2839 2862 2895 in
2890 2843 3195 2913 profundo
3242 2847 3408 2916 (120).
3469 2849 3636 2907 Unde

1969 2930 2025 2981 et
2051 2941 2159 2999 per
2186 2927 2516 2997 quemdam
2548 2929 2879 3001 sapientem
2902 2933 3074 3003 (121),
3105 2935 3318 2992 eadem
3336 2937 3636 3011 Scriptura

1970 3013 2111 3069 satis
2141 3029 2405 3084 congrue
2459 3023 2844 3088 comparatur
2890 3019 3093 3090 ﬂuvio,
3143 3023 3203 3078 in
3259 3040 3381 3096 quo
3441 3041 3635 3095 agnus

1969 3102 2241 3159 ambulat
2271 3108 2327 3158 et
2356 3103 2602 3176 elephas
2630 3110 2819 3161 natat.
2853 3110 2934 3164 De
2978 3110 3150 3180 cujus
3191 3111 3355 3167 ﬂuvii
3407 3115 3633 3188 quippe

1967 3191 2224 3262 ﬂuentis,
2276 3192 2392 3249 hoc
2445 3199 2537 3249 est
2588 3211 2747 3250 same
2821 3196 3105 3254 doctrinae
3159 3200 3631 3273 imbutamentis,

1968 3283 2072 3355 qui
2104 3283 2399 3354 acceperit
2446 3284 2664 3339 trinam
2717 3302 2856 3341 cum
2893 3289 3114 3344 unitate
3168 3305 3540 3360 mensuram,
3572 3294 3633 3349 id

1969 3378 2074 3440 est,
2108 3373 2247 3428 ﬁdei
2276 3390 2460 3430 sacrae
2492 3376 2777 3446 mysteria
2824 3381 2880 3431 et
2927 3377 3045 3434 alia
3103 3379 3308 3436 salutis
3356 3381 3630 3453 donaria,

1968 3462 2202 3535 primis,
2256 3463 2470 3519 mediis
2500 3470 2555 3520 et
2588 3464 2808 3520 ultimis
2838 3467 3240 3540 multipliciter
3289 3469 3367 3524 ab
3399 3487 3520 3527 uno
3550 3473 3633 3527 di-

1969 3552 2174 3608 dicerit
2201 3552 2361 3609 fonte
2393 3554 2732 3625 distributa,
2767 3557 2975 3613 sentiet
3001 3558 3114 3613 hoc
3162 3560 3330 3630 quod
3377 3560 3632 3617 inﬁrmi-

1968 3643 2072 3698 tati
2101 3643 2384 3698 humanze
2416 3643 2650 3699 videtur
2674 3644 3048 3718 impossibile
3072 3663 3146 3703 ex
3167 3649 3373 3705 divino
3401 3651 3635 3722 adjuto«

1968 3731 2056 3787 rio
2087 3748 2214 3787 esse
2246 3732 2526 3804 possibile
2552 3752 2565 3796 ς
2594 3733 2883 3805 alioquin,
2904 3735 2951 3789 si
2977 3752 3174 3808 neque
3204 3743 3292 3792 est
3323 3741 3631 3810 possibile,

1970 3836 2080 3876 nec
2106 3821 2213 3876 erit
2242 3821 2542 3888 credibile,
2572 3826 2628 3876 et
2657 3823 2930 3891 cogimur
2958 3813 3310 3895 Apostolum
3360 3843 3632 3896 arguere,

1972 3914 2175 3982 utpote
2205 3909 2308 3981 qui
2337 3911 2452 3966 hoc
2472 3909 2750 3965 ﬁdelibus
2777 3911 3081 3980 agendum
3103 3915 3453 3985 praeceperit
3468 3917 3634 3987 quod

1972 3998 2098 4070 ipse
2129 4013 2252 4052 non
2280 3998 2518 4068 faceret,
2551 4013 2661 4052 nec
2689 3998 2809 4053 ullo
2841 3999 3023 4054 modo
3052 3999 3178 4055 ﬁeri
3210 4007 3430 4073 posset.
3450 4005 3636 4075 Hujus

1973 4087 2174 4160 itaque
2205 4088 2418 4143 erroris
2448 4087 2739 4143 involutio
2792 4087 2915 4143 sive
2970 4088 3241 4162 deceptio
3289 4091 3467 4163 longe
3499 4094 3574 4149 sit
3603 4111 3640 4150 a

1975 4177 2149 4232 nobis
2175 4181 2231 4232 et
2259 4177 2542 4232 omnibus
2570 4176 2937 4232 Christianis.
2971 4176 3249 4235 Dicamus
3298 4197 3440 4252 ergo
3471 4183 3638 4255 quod

187 4268 318 4324 bus
348 4267 430 4322 ita
457 4267 788 4324 melioravit
817 4273 874 4323 et
917 4267 1228 4341 ampliavit
1277 4274 1342 4325 ut
1387 4270 1465 4325 ad
1523 4271 1868 4327 exhibenda
1905 4314 1945 4341 η
1976 4264 2127 4321 ﬁdes
2179 4266 2385 4338 recipit
2437 4265 2788 4322 Christiana.
2851 4266 3002 4332 Quia
3045 4269 3210 4324 omni
3249 4271 3479 4326 homini
3524 4276 3640 4329 Deo

189 4356 593 4414 humanitatis
621 4356 837 4424 ofﬁcia,
873 4374 1065 4430 usque
1095 4357 1158 4412 in
1189 4358 1549 4415 hodiernum
1577 4361 1763 4432 diem,
1788 4361 1870 4416 ibi
1903 4355 1943 4367 ν
1977 4355 2288 4412 famulanti
2317 4355 2614 4427 quidquid
2643 4360 2798 4411 recte
2830 4355 3033 4412 fecerit
3065 4372 3174 4429 pro
3223 4361 3490 4417 oratione
3535 4363 3639 4417 de-

197 4445 358 4501 satis
408 4445 482 4501 sit
556 4446 1055 4518 compendiosum
1114 4462 1188 4501 ex
1237 4464 1360 4504 una
1410 4454 1578 4521 parte
1607 4450 1870 4506 xenodo-

201 4535 435 4604 chium,
453 4552 525 4591 ex
548 4536 732 4592 altera
752 4540 918 4608 parte
938 4536 1298 4593 miserorum
1325 4539 1662 4596 venerabile
1693 4556 1871 4596 noso-

199 4625 497 4683 comium.
527 4626 690 4682 Unde
719 4632 777 4683 et
804 4626 884 4682 ob
915 4627 1316 4699 frequentiam
1338 4644 1698 4701 pauperum,
1735 4646 1872 4685 con-

200 4715 567 4771 solationem
593 4715 671 4770 ab
698 4732 768 4771 eo
789 4715 1055 4788 quotidie
1082 4716 1526 4789 accipientium,
1576 4719 1872 4776 vocitatus

199 4810 301 4861 est
334 4807 506 4860 Pater
537 4805 1014 4877 peregrinorum,
1045 4805 1389 4875 viduarum,
1433 4809 1869 4880 orphanorum.

201 4897 322 4950 Pro
354 4910 616 4967 quorum
646 4895 910 4965 benigna
941 4895 1342 4966 susceptione,
1367 4913 1475 4952 nec
1504 4913 1630 4953 non
1681 4897 1875 4952 multi-

203 4982 354 5057 plici
382 4982 762 5051 revelatione,
788 4982 926 5054 quis
958 4986 1048 5038 est
1072 4982 1178 5055 qui
1206 4984 1436 5040 dubitet
1463 4987 1624 5042 hunc
1669 5002 1875 5042 senem

207 5071 637 5128 venerandum
667 5089 809 5128 cum
837 5072 1052 5128 ovibus
1083 5088 1118 5127 a
1141 5072 1362 5128 dextris
1394 5074 1817 5132 collocandum
1846 5075 1874 5130 ‘I

208 5158 448 5227 Quibus
496 5164 618 5216 Rex
666 5160 881 5217 sedens
913 5160 976 5216 in
1024 5160 1166 5216 sede
1227 5161 1556 5231 majestatis
1614 5180 1736 5219 suae
1791 5162 1878 5218 di-

317 5305 680 5376 113)Μαίι1ι.
712 5323 769 5362 v.

319 5379 444 5448 114)
470 5377 614 5432 Luc.
647 5393 726 5432 xI.

319 5451 443 5514 M5)
472 5448 691 5505 Matth.
726 5463 887 5504 XIIII.

324 5518 447 5660 116)
476 5519 513 5574 Ι
538 5520 735 5576 Thess.
767 5535 824 5574 v.

324 5593 420 5645 117
471 5591 638 5646 Psat.
667 5605 824 5647 cxvm

321 5591 447 5647 117)
471 5591 638 5646 Psat.
667 5605 856 5647 cxvm.

583 5681 824 5738 PATROL.
858 5681 1030 5736 CXLI.
1113 5762 1120 5768 ﬁ

1977 4445 2325 4518 putabimur
2349 4463 2361 4513 ;
2388 4444 2554 4500 verbi
2585 4445 2796 4516 gratia,
2839 4463 2980 4502 cum
3025 4450 3090 4502 tu
3117 4450 3382 4521 corporis
3431 4467 3639 4506 curam

1976 4536 2317 4593 necessario
2347 4536 2557 4607 egeris,
2589 4553 2699 4609 pro
2730 4541 2786 4592 te
2839 4537 3036 4594 orabit
3085 4538 3487 4610 elecmosyna,
3535 4558 3640 4595 seu

1979 4631 2325 4681 ceeterarum
2355 4641 2555 4681 rerum
2587 4626 3023 4682 administratio
3048 4626 3211 4696 justa
3235 4644 3247 4694 ;
3273 4627 3322 4680 si
3353 4644 3490 4684 vero
3516 4645 3638 4684 non

1980 4719 2068 4770 est
2096 4714 2256 4769 unde
2289 4714 2533 4784 tribuas,
2576 4715 2831 4771 sufﬁciat
2877 4714 3040 4769 bona
3089 4713 3386 4770 voluntas.
3450 4718 3639 4782 Quem

1979 4819 2122 4873 ergo
2151 4821 2260 4876 pro
2288 4805 2467 4860 Paulo
2497 4820 2701 4859 orasse
2725 4804 2986 4872 credis,o
3017 4790 3372 4870 Ammonici,
3391 4807 3638 4878 quando

1980 4908 2234 4962 regnum
2291 4893 2387 4948 Dei
2465 4893 2801 4965 prtedicans
2879 4897 2998 4948 tota
3075 4892 3209 4962 die,
3299 4909 3638 4950 sermonem

1981 4983 2268 5056 protraxit
2295 4998 2447 5054 pene
2499 4998 2690 5053 usque
2744 4981 2804 5036 in
2856 4981 3120 5036 mediam
3158 4995 3399 5038 noctem
3431 4986 3581 5055 (122)
3615 4987 3642 5040 ?

1982 5071 2390 5129 Ammonicius
2447 5091 2458 5127 :
2516 5071 2811 5127 Justitiam
2891 5088 2962 5127 ac
3049 5071 3544 5132 misericordiam.
3613 5098 3640 5125 »

1985 5165 2052 5218 Et
2103 5177 2214 5231 ego
2276 5178 2288 5216 :
2346 5183 2374 5210 «
2433 5164 2603 5216 Recte
2655 5159 2956 5231 judicasti.
3046 5159 3136 5216 Sic
3217 5161 3380 5218 enim
3457 5179 3644 5237 opera

2063 5305 2206 5376 (H8)
2244 5305 2431 5376 Joan._
2455 5320 2512 5358 v.

2064 5374 2207 5448 (119)
2247 5374 2466 5448 Matth.
2498 5391 2617 5429 χιχ.

2090 5451 2212 5514 120)
2253 5447 2421 5502 Psal.
2457 5462 2562 5502 cvr.

2090 5451 2212 5514 120)
2253 5451 2421 5502 Psal.
2457 5462 2562 5502 cvr.

2062 5451 2213 5661 aut;
2252 5519 2306 5574 S.
2341 5519 2510 5574 Gnec.
2542 5518 2708 5587 epist.
2741 5518 2803 5573 in
2831 5517 2941 5573 Job
2971 5532 3106 5587 cap.
3138 5534 3214 5572 Iv.

2093 5595 2189 5647 122
2251 5590 2385 5646 Act.
2417 5607 2514 5645 xx.

2093 5590 2213 5647 122)
2251 5590 2385 5646 Act.
2417 5607 2514 5645 xx.

3293 5683 3356 5735 33
