  <div class='ocr_page' id='page_1' title='image "/cluster/home/n/w/nwhite01/storage/ocr_20150623/141/hvd.32044054760012/522.png"; bbox 0 0 3996 6178; ppageno 0'>
   <div class='ocr_carea' id='block_1_1' title="bbox 197 131 331 187">
    <p class='ocr_par' dir='ltr' id='par_1_1' title="bbox 197 131 331 187">
     <span class='ocr_line' id='line_1_1' title="bbox 197 131 331 187; baseline 0.015 -2"><span class='ocrx_word' id='word_1_1' title='bbox 197 131 331 187; x_wconf 70' lang='grc'><strong>1037</strong></span> 
     </span>
    </p>
   </div>
   <div class='ocr_carea' id='block_1_2' title="bbox 960 120 2851 207">
    <p class='ocr_par' dir='ltr' id='par_1_2' title="bbox 960 120 2851 207">
     <span class='ocr_line' id='line_1_2' title="bbox 960 120 2851 207; baseline -0.002 -23"><span class='ocrx_word' id='word_1_2' title='bbox 960 131 1056 184; x_wconf 91' lang='lat' dir='ltr'>DE</span> <span class='ocrx_word' id='word_1_3' title='bbox 1096 124 1473 184; x_wconf 79' lang='lat' dir='ltr'>MIRACULIS</span> <span class='ocrx_word' id='word_1_4' title='bbox 1509 124 1566 182; x_wconf 88' lang='lat' dir='ltr'>s.</span> <span class='ocrx_word' id='word_1_5' title='bbox 1611 120 2027 183; x_wconf 64' lang='lat' dir='ltr'>annumin</span> <span class='ocrx_word' id='word_1_6' title='bbox 2066 121 2253 207; x_wconf 70' lang='lat' dir='ltr'>nam</span> <span class='ocrx_word' id='word_1_7' title='bbox 2292 123 2455 183; x_wconf 82' lang='lat' dir='ltr'>uno.</span> <span class='ocrx_word' id='word_1_8' title='bbox 2499 157 2567 168; x_wconf 81' lang='grc'><strong><em>-</em></strong></span> <span class='ocrx_word' id='word_1_9' title='bbox 2608 126 2738 182; x_wconf 88' lang='lat' dir='ltr'>LIB.</span> <span class='ocrx_word' id='word_1_10' title='bbox 2783 127 2851 184; x_wconf 87' lang='lat' dir='ltr'>Il.</span> 
     </span>
    </p>
   </div>
   <div class='ocr_carea' id='block_1_3' title="bbox 3500 132 3639 189">
    <p class='ocr_par' dir='ltr' id='par_1_3' title="bbox 3500 132 3639 189">
     <span class='ocr_line' id='line_1_3' title="bbox 3500 132 3639 189; baseline 0.022 -3"><span class='ocrx_word' id='word_1_11' title='bbox 3500 132 3639 189; x_wconf 75' lang='lat'>1038</span> 
     </span>
    </p>
   </div>
   <div class='ocr_carea' id='block_1_4' title="bbox 194 245 3644 325">
    <p class='ocr_par' dir='ltr' id='par_1_4' title="bbox 194 245 3644 325">
     <span class='ocr_line' id='line_1_4' title="bbox 194 245 3644 325; baseline 0.001 -17"><span class='ocrx_word' id='word_1_12' title='bbox 194 266 331 308; x_wconf 82' lang='lat' dir='ltr'>mus</span> <span class='ocrx_word' id='word_1_13' title='bbox 357 255 413 307; x_wconf 85' lang='lat' dir='ltr'>et</span> <span class='ocrx_word' id='word_1_14' title='bbox 436 249 706 316; x_wconf 70' lang='lat' dir='ltr'>legimus,</span> <span class='ocrx_word' id='word_1_15' title='bbox 756 250 941 320; x_wconf 84' lang='lat' dir='ltr'>atque</span> <span class='ocrx_word' id='word_1_16' title='bbox 974 246 1132 304; x_wconf 88' lang='lat' dir='ltr'>inter</span> <span class='ocrx_word' id='word_1_17' title='bbox 1174 266 1286 305; x_wconf 75' lang='lat' dir='ltr'>nos</span> <span class='ocrx_word' id='word_1_18' title='bbox 1322 250 1397 305; x_wconf 92' lang='lat' dir='ltr'>de</span> <span class='ocrx_word' id='word_1_19' title='bbox 1422 250 1640 308; x_wconf 86' lang='lat' dir='ltr'>talibus</span> <span class='ocrx_word' id='word_1_20' title='bbox 1670 248 1851 303; x_wconf 87' lang='lat' dir='ltr'>ratio-</span> <span class='ocrx_word' id='word_1_21' title='bbox 1889 251 1936 303; x_wconf 75' lang='grc' dir='ltr'>Α</span> <span class='ocrx_word' id='word_1_22' title='bbox 1966 245 2134 300; x_wconf 89' lang='lat' dir='ltr'>miris</span> <span class='ocrx_word' id='word_1_23' title='bbox 2165 246 2456 301; x_wconf 81' lang='lat' dir='ltr'>hactenus</span> <span class='ocrx_word' id='word_1_24' title='bbox 2510 247 2722 321; x_wconf 87' lang='lat' dir='ltr'>scripsi</span> <span class='ocrx_word' id='word_1_25' title='bbox 2746 253 2807 306; x_wconf 90' lang='lat' dir='ltr'>et</span> <span class='ocrx_word' id='word_1_26' title='bbox 2854 248 3057 306; x_wconf 85' lang='lat' dir='ltr'>adhuc</span> <span class='ocrx_word' id='word_1_27' title='bbox 3104 255 3438 325; x_wconf 71' lang='lat' dir='ltr'>sumpturus</span> <span class='ocrx_word' id='word_1_28' title='bbox 3486 267 3644 322; x_wconf 81' lang='lat' dir='ltr'>sum,</span> 
     </span>
    </p>
   </div>
   <div class='ocr_carea' id='block_1_5' title="bbox 189 338 1862 409">
    <p class='ocr_par' dir='ltr' id='par_1_5' title="bbox 189 338 1862 409">
     <span class='ocr_line' id='line_1_5' title="bbox 189 338 1862 409; baseline -0.004 -12"><span class='ocrx_word' id='word_1_29' title='bbox 189 341 453 398; x_wconf 84' lang='lat' dir='ltr'>cinando</span> <span class='ocrx_word' id='word_1_30' title='bbox 481 353 814 394; x_wconf 79' lang='lat' dir='ltr'>sermonem</span> <span class='ocrx_word' id='word_1_31' title='bbox 863 354 1030 409; x_wconf 59' lang='lat' dir='ltr'>siepe</span> <span class='ocrx_word' id='word_1_32' title='bbox 1063 340 1450 406; x_wconf 84' lang='lat' dir='ltr'>conferimus,</span> <span class='ocrx_word' id='word_1_33' title='bbox 1502 354 1622 395; x_wconf 88' lang='lat' dir='ltr'>non</span> <span class='ocrx_word' id='word_1_34' title='bbox 1664 338 1862 393; x_wconf 88' lang='lat' dir='ltr'>solum</span> 
     </span>
    </p>
   </div>
   <div class='ocr_carea' id='block_1_6' title="bbox 195 427 1867 503">
    <p class='ocr_par' dir='ltr' id='par_1_6' title="bbox 195 427 1867 503">
     <span class='ocr_line' id='line_1_6' title="bbox 195 427 1867 503; baseline -0.004 -17"><span class='ocrx_word' id='word_1_35' title='bbox 195 446 376 503; x_wconf 82' lang='lat' dir='ltr'>super</span> <span class='ocrx_word' id='word_1_36' title='bbox 404 429 495 484; x_wconf 86' lang='lat' dir='ltr'>his</span> <span class='ocrx_word' id='word_1_37' title='bbox 536 442 672 501; x_wconf 68' lang='lat' dir='ltr'>quin</span> <span class='ocrx_word' id='word_1_38' title='bbox 702 427 795 481; x_wconf 87' lang='lat' dir='ltr'>hic</span> <span class='ocrx_word' id='word_1_39' title='bbox 823 442 950 498; x_wconf 68' lang='lat' dir='ltr'>pm</span> <span class='ocrx_word' id='word_1_40' title='bbox 980 429 1181 484; x_wconf 85' lang='lat' dir='ltr'>oculis</span> <span class='ocrx_word' id='word_1_41' title='bbox 1229 435 1284 485; x_wconf 89' lang='lat' dir='ltr'>et</span> <span class='ocrx_word' id='word_1_42' title='bbox 1316 430 1598 487; x_wconf 88' lang='lat' dir='ltr'>manibus</span> <span class='ocrx_word' id='word_1_43' title='bbox 1638 427 1867 483; x_wconf 87' lang='lat' dir='ltr'>haben-</span> 
     </span>
    </p>
   </div>
   <div class='ocr_carea' id='block_1_7' title="bbox 197 517 1870 589">
    <p class='ocr_par' dir='ltr' id='par_1_7' title="bbox 197 517 1870 589">
     <span class='ocr_line' id='line_1_7' title="bbox 197 517 1870 589; baseline -0.003 -13"><span class='ocrx_word' id='word_1_44' title='bbox 197 526 314 586; x_wconf 89' lang='lat' dir='ltr'>tur,</span> <span class='ocrx_word' id='word_1_45' title='bbox 344 534 556 575; x_wconf 84' lang='lat' dir='ltr'>verum</span> <span class='ocrx_word' id='word_1_46' title='bbox 585 517 761 574; x_wconf 85' lang='lat' dir='ltr'>etiam</span> <span class='ocrx_word' id='word_1_47' title='bbox 805 532 995 589; x_wconf 84' lang='lat' dir='ltr'>super</span> <span class='ocrx_word' id='word_1_48' title='bbox 1038 519 1334 575; x_wconf 80' lang='lat' dir='ltr'>universis</span> <span class='ocrx_word' id='word_1_49' title='bbox 1382 520 1556 575; x_wconf 79' lang='lat' dir='ltr'>donis</span> <span class='ocrx_word' id='word_1_50' title='bbox 1586 534 1655 574; x_wconf 87' lang='lat' dir='ltr'>ac</span> <span class='ocrx_word' id='word_1_51' title='bbox 1687 518 1870 573; x_wconf 89' lang='lat' dir='ltr'>bene-</span> 
     </span>
    </p>
   </div>
   <div class='ocr_carea' id='block_1_8' title="bbox 192 606 1625 680">
    <p class='ocr_par' dir='ltr' id='par_1_8' title="bbox 192 606 1625 680">
     <span class='ocr_line' id='line_1_8' title="bbox 192 606 1625 680; baseline 0 -15"><span class='ocrx_word' id='word_1_52' title='bbox 192 609 339 666; x_wconf 78' lang='lat' dir='ltr'>ﬂciis</span> <span class='ocrx_word' id='word_1_53' title='bbox 368 609 527 664; x_wconf 88' lang='lat' dir='ltr'>illius</span> <span class='ocrx_word' id='word_1_54' title='bbox 554 606 681 680; x_wconf 86' lang='lat' dir='ltr'>pari</span> <span class='ocrx_word' id='word_1_55' title='bbox 707 612 849 663; x_wconf 89' lang='lat' dir='ltr'>voto</span> <span class='ocrx_word' id='word_1_56' title='bbox 877 606 1132 663; x_wconf 87' lang='lat' dir='ltr'>laudem</span> <span class='ocrx_word' id='word_1_57' title='bbox 1172 608 1389 665; x_wconf 88' lang='lat' dir='ltr'>demus</span> <span class='ocrx_word' id='word_1_58' title='bbox 1422 611 1558 665; x_wconf 90' lang='lat' dir='ltr'>Deo.</span> <span class='ocrx_word' id='word_1_59' title='bbox 1595 629 1625 658; x_wconf 70' lang='grc' dir='ltr'><strong>η</strong></span> 
     </span>
    </p>
   </div>
   <div class='ocr_carea' id='block_1_9' title="bbox 807 695 1248 754">
    <p class='ocr_par' dir='ltr' id='par_1_9' title="bbox 807 695 1248 754">
     <span class='ocr_line' id='line_1_9' title="bbox 807 695 1248 754; baseline 0.002 -3"><span class='ocrx_word' id='word_1_60' title='bbox 807 695 1248 754; x_wconf 64' lang='lat' dir='ltr'>Ammonis-ius.</span> 
     </span>
    </p>
   </div>
   <div class='ocr_carea' id='block_1_10' title="bbox 268 782 1878 861">
    <p class='ocr_par' dir='ltr' id='par_1_10' title="bbox 268 782 1878 861">
     <span class='ocr_line' id='line_1_10' title="bbox 268 782 1878 861; baseline 0.001 -23"><span class='ocrx_word' id='word_1_61' title='bbox 268 809 298 838; x_wconf 74' lang='grc' dir='ltr'><strong><em>κ</em></strong></span> <span class='ocrx_word' id='word_1_62' title='bbox 337 792 592 861; x_wconf 66' lang='lat' dir='ltr'>Equum</span> <span class='ocrx_word' id='word_1_63' title='bbox 640 800 770 842; x_wconf 82' lang='lat' dir='ltr'>esse</span> <span class='ocrx_word' id='word_1_64' title='bbox 826 788 1116 842; x_wconf 81' lang='lat' dir='ltr'>novimus</span> <span class='ocrx_word' id='word_1_65' title='bbox 1166 794 1230 843; x_wconf 87' lang='lat' dir='ltr'>ut</span> <span class='ocrx_word' id='word_1_66' title='bbox 1279 792 1549 845; x_wconf 86' lang='lat' dir='ltr'>creatura</span> <span class='ocrx_word' id='word_1_67' title='bbox 1611 782 1878 845; x_wconf 74' lang='lat' dir='ltr'>Creatori</span> 
     </span>
    </p>
   </div>
   <div class='ocr_carea' id='block_1_11' title="bbox 201 876 1876 950">
    <p class='ocr_par' dir='ltr' id='par_1_11' title="bbox 201 876 1876 950">
     <span class='ocr_line' id='line_1_11' title="bbox 201 876 1876 950; baseline -0.002 -15"><span class='ocrx_word' id='word_1_68' title='bbox 201 877 512 947; x_wconf 70' lang='lat' dir='ltr'>deserviat,</span> <span class='ocrx_word' id='word_1_69' title='bbox 569 882 769 950; x_wconf 87' lang='lat' dir='ltr'>atque,</span> <span class='ocrx_word' id='word_1_70' title='bbox 826 876 999 948; x_wconf 77' lang='lat' dir='ltr'>juxta</span> <span class='ocrx_word' id='word_1_71' title='bbox 1056 877 1431 950; x_wconf 80' lang='lat' dir='ltr'>Apostolum,</span> <span class='ocrx_word' id='word_1_72' title='bbox 1488 881 1550 934; x_wconf 90' lang='lat' dir='ltr'>in</span> <span class='ocrx_word' id='word_1_73' title='bbox 1590 877 1876 934; x_wconf 88' lang='lat' dir='ltr'>omnibus</span> 
     </span>
    </p>
   </div>
   <div class='ocr_carea' id='block_1_12' title="bbox 207 963 1876 1041">
    <p class='ocr_par' dir='ltr' id='par_1_12' title="bbox 207 963 1876 1041">
     <span class='ocr_line' id='line_1_12' title="bbox 207 963 1876 1041; baseline -0.002 -16"><span class='ocrx_word' id='word_1_74' title='bbox 207 970 425 1039; x_wconf 87' lang='lat' dir='ltr'>gratias</span> <span class='ocrx_word' id='word_1_75' title='bbox 451 973 585 1038; x_wconf 83' lang='lat' dir='ltr'>agat</span> <span class='ocrx_word' id='word_1_76' title='bbox 628 967 796 1039; x_wconf 75' lang='lat'>(132).</span> <span class='ocrx_word' id='word_1_77' title='bbox 846 963 1023 1033; x_wconf 97' lang='lat' dir='ltr'>Quod</span> <span class='ocrx_word' id='word_1_78' title='bbox 1066 973 1125 1023; x_wconf 90' lang='lat' dir='ltr'>et</span> <span class='ocrx_word' id='word_1_79' title='bbox 1172 968 1428 1024; x_wconf 83' lang='lat' dir='ltr'>libenter</span> <span class='ocrx_word' id='word_1_80' title='bbox 1475 984 1585 1041; x_wconf 89' lang='lat' dir='ltr'>pro</span> <span class='ocrx_word' id='word_1_81' title='bbox 1624 966 1876 1024; x_wconf 89' lang='lat' dir='ltr'>modulo</span> 
     </span>
    </p>
   </div>
   <div class='ocr_carea' id='block_1_13' title="bbox 210 1055 1879 1130">
    <p class='ocr_par' dir='ltr' id='par_1_13' title="bbox 210 1055 1879 1130">
     <span class='ocr_line' id='line_1_13' title="bbox 210 1055 1879 1130; baseline -0.002 -16"><span class='ocrx_word' id='word_1_82' title='bbox 210 1063 417 1114; x_wconf 84' lang='lat' dir='ltr'>nostro</span> <span class='ocrx_word' id='word_1_83' title='bbox 442 1057 874 1129; x_wconf 73' lang='lat' dir='ltr'>amplectimur,</span> <span class='ocrx_word' id='word_1_84' title='bbox 931 1055 1203 1128; x_wconf 85' lang='lat' dir='ltr'>primum</span> <span class='ocrx_word' id='word_1_85' title='bbox 1248 1057 1563 1130; x_wconf 61' lang='lat' dir='ltr'>praeceptis</span> <span class='ocrx_word' id='word_1_86' title='bbox 1614 1056 1879 1113; x_wconf 87' lang='lat' dir='ltr'>Domini-</span> 
     </span>
    </p>
   </div>
   <div class='ocr_carea' id='block_1_14' title="bbox 212 1145 1879 1219">
    <p class='ocr_par' dir='ltr' id='par_1_14' title="bbox 212 1145 1879 1219">
     <span class='ocr_line' id='line_1_14' title="bbox 212 1145 1879 1219; baseline -0.001 -16"><span class='ocrx_word' id='word_1_87' title='bbox 212 1148 298 1203; x_wconf 83' lang='lat' dir='ltr'>cis</span> <span class='ocrx_word' id='word_1_88' title='bbox 329 1162 398 1201; x_wconf 86' lang='lat' dir='ltr'>ac</span> <span class='ocrx_word' id='word_1_89' title='bbox 422 1146 753 1219; x_wconf 77' lang='lat' dir='ltr'>apostolicis</span> <span class='ocrx_word' id='word_1_90' title='bbox 804 1145 1103 1218; x_wconf 79' lang='lat' dir='ltr'>parendo,</span> <span class='ocrx_word' id='word_1_91' title='bbox 1132 1146 1272 1201; x_wconf 82' lang='lat' dir='ltr'>dein</span> <span class='ocrx_word' id='word_1_92' title='bbox 1324 1146 1629 1203; x_wconf 82' lang='lat' dir='ltr'>cbaritatis</span> <span class='ocrx_word' id='word_1_93' title='bbox 1674 1152 1791 1202; x_wconf 63' lang='lat' dir='ltr'>tua:</span> <span class='ocrx_word' id='word_1_94' title='bbox 1822 1150 1879 1202; x_wconf 93' lang='lat' dir='ltr'>et</span> 
     </span>
    </p>
   </div>
   <div class='ocr_carea' id='block_1_15' title="bbox 210 1234 1877 1292">
    <p class='ocr_par' dir='ltr' id='par_1_15' title="bbox 210 1234 1877 1292">
     <span class='ocr_line' id='line_1_15' title="bbox 210 1234 1877 1292; baseline -0.001 0"><span class='ocrx_word' id='word_1_95' title='bbox 210 1237 459 1292; x_wconf 86' lang='lat' dir='ltr'>aliorum</span> <span class='ocrx_word' id='word_1_96' title='bbox 500 1236 660 1290; x_wconf 87' lang='lat' dir='ltr'>sanis</span> <span class='ocrx_word' id='word_1_97' title='bbox 713 1235 1239 1290; x_wconf 76' lang='lat' dir='ltr'>exhortationibus</span> <span class='ocrx_word' id='word_1_98' title='bbox 1292 1234 1696 1291; x_wconf 70' lang='lat' dir='ltr'>assentiendo.</span> <span class='ocrx_word' id='word_1_99' title='bbox 1762 1234 1877 1292; x_wconf 86' lang='lat' dir='ltr'>Sed</span> 
     </span>
    </p>
   </div>
   <div class='ocr_carea' id='block_1_16' title="bbox 207 1322 1880 1396">
    <p class='ocr_par' dir='ltr' id='par_1_16' title="bbox 207 1322 1880 1396">
     <span class='ocr_line' id='line_1_16' title="bbox 207 1322 1880 1396; baseline -0.001 -16"><span class='ocrx_word' id='word_1_100' title='bbox 207 1325 324 1380; x_wconf 89' lang='lat' dir='ltr'>hoc</span> <span class='ocrx_word' id='word_1_101' title='bbox 347 1324 574 1379; x_wconf 86' lang='lat' dir='ltr'>animos</span> <span class='ocrx_word' id='word_1_102' title='bbox 592 1322 1004 1396; x_wconf 85' lang='lat' dir='ltr'>quorumdam</span> <span class='ocrx_word' id='word_1_103' title='bbox 1054 1322 1365 1395; x_wconf 87' lang='lat' dir='ltr'>perturbat</span> <span class='ocrx_word' id='word_1_104' title='bbox 1394 1323 1667 1379; x_wconf 75' lang='lat' dir='ltr'>fidelium</span> <span class='ocrx_word' id='word_1_105' title='bbox 1693 1340 1705 1391; x_wconf 92' lang='lat'>;</span> <span class='ocrx_word' id='word_1_106' title='bbox 1733 1324 1880 1396; x_wconf 89' lang='lat' dir='ltr'>quia</span> 
     </span>
    </p>
   </div>
   <div class='ocr_carea' id='block_1_17' title="bbox 200 1410 1879 1484">
    <p class='ocr_par' dir='ltr' id='par_1_17' title="bbox 200 1410 1879 1484">
     <span class='ocr_line' id='line_1_17' title="bbox 200 1410 1879 1484; baseline 0 -16"><span class='ocrx_word' id='word_1_107' title='bbox 200 1413 377 1469; x_wconf 88' lang='lat' dir='ltr'>multi</span> <span class='ocrx_word' id='word_1_108' title='bbox 426 1413 684 1468; x_wconf 79' lang='lat' dir='ltr'>existunt</span> <span class='ocrx_word' id='word_1_109' title='bbox 736 1410 1101 1479; x_wconf 80' lang='lat' dir='ltr'>mortalium,</span> <span class='ocrx_word' id='word_1_110' title='bbox 1155 1413 1259 1484; x_wconf 88' lang='lat' dir='ltr'>qui</span> <span class='ocrx_word' id='word_1_111' title='bbox 1316 1412 1417 1467; x_wconf 80' lang='lat' dir='ltr'>vix</span> <span class='ocrx_word' id='word_1_112' title='bbox 1462 1412 1524 1467; x_wconf 87' lang='lat' dir='ltr'>in</span> <span class='ocrx_word' id='word_1_113' title='bbox 1574 1413 1879 1484; x_wconf 85' lang='lat' dir='ltr'>prosperis</span> 
     </span>
    </p>
   </div>
   <div class='ocr_carea' id='block_1_18' title="bbox 199 1501 1880 1574">
    <p class='ocr_par' dir='ltr' id='par_1_18' title="bbox 199 1501 1880 1574">
     <span class='ocr_line' id='line_1_18' title="bbox 199 1501 1880 1574; baseline 0.001 -18"><span class='ocrx_word' id='word_1_114' title='bbox 199 1504 390 1557; x_wconf 82' lang='lat' dir='ltr'>Deum</span> <span class='ocrx_word' id='word_1_115' title='bbox 449 1501 717 1571; x_wconf 87' lang='lat' dir='ltr'>laudant,</span> <span class='ocrx_word' id='word_1_116' title='bbox 767 1501 829 1556; x_wconf 91' lang='lat' dir='ltr'>in</span> <span class='ocrx_word' id='word_1_117' title='bbox 888 1501 1205 1557; x_wconf 73' lang='lat' dir='ltr'>contrariis</span> <span class='ocrx_word' id='word_1_118' title='bbox 1258 1517 1403 1558; x_wconf 90' lang='lat' dir='ltr'>vero</span> <span class='ocrx_word' id='word_1_119' title='bbox 1453 1507 1640 1574; x_wconf 87' lang='lat' dir='ltr'>atque</span> <span class='ocrx_word' id='word_1_120' title='bbox 1668 1502 1880 1559; x_wconf 85' lang='lat' dir='ltr'>adver-</span> 
     </span>
    </p>
   </div>
   <div class='ocr_carea' id='block_1_19' title="bbox 1978 339 3654 416">
    <p class='ocr_par' dir='ltr' id='par_1_19' title="bbox 1978 339 3654 416">
     <span class='ocr_line' id='line_1_19' title="bbox 1978 339 3654 416; baseline 0.005 -26"><span class='ocrx_word' id='word_1_121' title='bbox 1978 350 2101 391; x_wconf 87' lang='lat' dir='ltr'>non</span> <span class='ocrx_word' id='word_1_122' title='bbox 2154 350 2408 408; x_wconf 90' lang='lat' dir='ltr'>parvum</span> <span class='ocrx_word' id='word_1_123' title='bbox 2451 339 2727 408; x_wconf 86' lang='lat' dir='ltr'>parvitati</span> <span class='ocrx_word' id='word_1_124' title='bbox 2760 355 2910 395; x_wconf 69' lang='lat' dir='ltr'>mea:</span> <span class='ocrx_word' id='word_1_125' title='bbox 2948 339 3158 397; x_wconf 83' lang='lat' dir='ltr'>incutit</span> <span class='ocrx_word' id='word_1_126' title='bbox 3181 340 3483 411; x_wconf 81' lang='lat' dir='ltr'>timorem,</span> <span class='ocrx_word' id='word_1_127' title='bbox 3506 341 3654 416; x_wconf 85' lang='lat' dir='ltr'>quia</span> 
     </span>
    </p>
   </div>
   <div class='ocr_carea' id='block_1_20' title="bbox 1979 431 3656 503">
    <p class='ocr_par' dir='ltr' id='par_1_20' title="bbox 1979 431 3656 503">
     <span class='ocr_line' id='line_1_20' title="bbox 1979 431 3656 503; baseline 0.005 -24"><span class='ocrx_word' id='word_1_128' title='bbox 1979 440 2092 495; x_wconf 87' lang='lat' dir='ltr'>ego</span> <span class='ocrx_word' id='word_1_129' title='bbox 2135 440 2441 493; x_wconf 86' lang='lat' dir='ltr'>cognosco</span> <span class='ocrx_word' id='word_1_130' title='bbox 2488 442 2582 483; x_wconf 90' lang='lat' dir='ltr'>me</span> <span class='ocrx_word' id='word_1_131' title='bbox 2616 432 3021 500; x_wconf 85' lang='lat' dir='ltr'>peccatorem,</span> <span class='ocrx_word' id='word_1_132' title='bbox 3069 435 3128 487; x_wconf 89' lang='lat' dir='ltr'>et</span> <span class='ocrx_word' id='word_1_133' title='bbox 3168 431 3314 503; x_wconf 83' lang='lat' dir='ltr'>quia</span> <span class='ocrx_word' id='word_1_134' title='bbox 3348 431 3531 488; x_wconf 85' lang='lat' dir='ltr'>valde</span> <span class='ocrx_word' id='word_1_135' title='bbox 3568 432 3656 488; x_wconf 83' lang='lat' dir='ltr'>in-</span> 
     </span>
    </p>
   </div>
   <div class='ocr_carea' id='block_1_21' title="bbox 1979 515 3659 593">
    <p class='ocr_par' dir='ltr' id='par_1_21' title="bbox 1979 515 3659 593">
     <span class='ocr_line' id='line_1_21' title="bbox 1979 515 3659 593; baseline 0.006 -24"><span class='ocrx_word' id='word_1_136' title='bbox 1979 515 2234 584; x_wconf 86' lang='lat' dir='ltr'>dignum</span> <span class='ocrx_word' id='word_1_137' title='bbox 2285 516 2520 573; x_wconf 88' lang='lat' dir='ltr'>videtur</span> <span class='ocrx_word' id='word_1_138' title='bbox 2575 522 2642 574; x_wconf 89' lang='lat' dir='ltr'>ut</span> <span class='ocrx_word' id='word_1_139' title='bbox 2687 523 2971 590; x_wconf 84' lang='lat' dir='ltr'>peccator</span> <span class='ocrx_word' id='word_1_140' title='bbox 3036 525 3141 577; x_wconf 88' lang='lat' dir='ltr'>aut</span> <span class='ocrx_word' id='word_1_141' title='bbox 3191 518 3478 593; x_wconf 78' lang='lat' dir='ltr'>injustas,</span> <span class='ocrx_word' id='word_1_142' title='bbox 3527 536 3659 578; x_wconf 77' lang='lat' dir='ltr'>rem</span> 
     </span>
    </p>
   </div>
   <div class='ocr_carea' id='block_1_22' title="bbox 1982 602 3660 678">
    <p class='ocr_par' dir='ltr' id='par_1_22' title="bbox 1982 602 3660 678">
     <span class='ocr_line' id='line_1_22' title="bbox 1982 602 3660 678; baseline 0.005 -19"><span class='ocrx_word' id='word_1_143' title='bbox 1982 602 2302 661; x_wconf 87' lang='lat' dir='ltr'>scribendo</span> <span class='ocrx_word' id='word_1_144' title='bbox 2332 606 2520 663; x_wconf 82' lang='lat' dir='ltr'>sancti</span> <span class='ocrx_word' id='word_1_145' title='bbox 2552 610 2613 663; x_wconf 88' lang='lat' dir='ltr'>et</span> <span class='ocrx_word' id='word_1_146' title='bbox 2658 607 2825 678; x_wconf 85' lang='lat' dir='ltr'>justi,</span> <span class='ocrx_word' id='word_1_147' title='bbox 2875 608 3190 665; x_wconf 76' lang='lat' dir='ltr'>materiam</span> <span class='ocrx_word' id='word_1_148' title='bbox 3235 610 3349 666; x_wconf 83' lang='lat' dir='ltr'>sibi</span> <span class='ocrx_word' id='word_1_149' title='bbox 3390 610 3660 667; x_wconf 76' lang='lat' dir='ltr'>vindicet</span> 
     </span>
    </p>
   </div>
   <div class='ocr_carea' id='block_1_23' title="bbox 1982 693 3655 773">
    <p class='ocr_par' dir='ltr' id='par_1_23' title="bbox 1982 693 3655 773">
     <span class='ocr_line' id='line_1_23' title="bbox 1982 693 3655 773; baseline 0.005 -22"><span class='ocrx_word' id='word_1_150' title='bbox 1982 693 2182 768; x_wconf 89' lang='lat' dir='ltr'>operis</span> <span class='ocrx_word' id='word_1_151' title='bbox 2211 695 2404 751; x_wconf 86' lang='lat' dir='ltr'>ardui.</span> <span class='ocrx_word' id='word_1_152' title='bbox 2458 697 2582 753; x_wconf 86' lang='lat' dir='ltr'>Sub</span> <span class='ocrx_word' id='word_1_153' title='bbox 2610 698 2726 753; x_wconf 86' lang='lat' dir='ltr'>hac</span> <span class='ocrx_word' id='word_1_154' title='bbox 2767 712 2833 752; x_wconf 85' lang='lat' dir='ltr'>re</span> <span class='ocrx_word' id='word_1_155' title='bbox 2863 698 3340 755; x_wconf 76' lang='lat' dir='ltr'>consolationem</span> <span class='ocrx_word' id='word_1_156' title='bbox 3379 700 3655 773; x_wconf 79' lang='lat' dir='ltr'>porrigit,</span> 
     </span>
    </p>
   </div>
   <div class='ocr_carea' id='block_1_24' title="bbox 1984 784 3662 861">
    <p class='ocr_par' dir='ltr' id='par_1_24' title="bbox 1984 784 3662 861">
     <span class='ocr_line' id='line_1_24' title="bbox 1984 784 3662 861; baseline 0.004 -20"><span class='ocrx_word' id='word_1_157' title='bbox 1984 784 2284 841; x_wconf 87' lang='lat' dir='ltr'>timiditati</span> <span class='ocrx_word' id='word_1_158' title='bbox 2338 801 2490 842; x_wconf 71' lang='lat' dir='ltr'>mere</span> <span class='ocrx_word' id='word_1_159' title='bbox 2546 786 2863 844; x_wconf 86' lang='lat' dir='ltr'>clementia</span> <span class='ocrx_word' id='word_1_160' title='bbox 2912 787 3071 843; x_wconf 79' lang='lat' dir='ltr'>illius</span> <span class='ocrx_word' id='word_1_161' title='bbox 3098 788 3204 860; x_wconf 86' lang='lat' dir='ltr'>qui</span> <span class='ocrx_word' id='word_1_162' title='bbox 3253 803 3367 861; x_wconf 86' lang='lat' dir='ltr'>pro</span> <span class='ocrx_word' id='word_1_163' title='bbox 3398 789 3662 861; x_wconf 82' lang='lat' dir='ltr'>peccatis</span> 
     </span>
    </p>
   </div>
   <div class='ocr_carea' id='block_1_25' title="bbox 1986 874 3662 951">
    <p class='ocr_par' dir='ltr' id='par_1_25' title="bbox 1986 874 3662 951">
     <span class='ocr_line' id='line_1_25' title="bbox 1986 874 3662 951; baseline 0.003 -21"><span class='ocrx_word' id='word_1_164' title='bbox 1986 874 2202 931; x_wconf 85' lang='lat' dir='ltr'>nostris</span> <span class='ocrx_word' id='word_1_165' title='bbox 2240 881 2513 932; x_wconf 87' lang='lat' dir='ltr'>mortuus</span> <span class='ocrx_word' id='word_1_166' title='bbox 2539 881 2646 944; x_wconf 89' lang='lat' dir='ltr'>est,</span> <span class='ocrx_word' id='word_1_167' title='bbox 2685 877 2890 948; x_wconf 78' lang='lat' dir='ltr'>justus</span> <span class='ocrx_word' id='word_1_168' title='bbox 2916 892 3027 950; x_wconf 88' lang='lat' dir='ltr'>pro</span> <span class='ocrx_word' id='word_1_169' title='bbox 3078 877 3342 948; x_wconf 77' lang='lat' dir='ltr'>injustis.</span> <span class='ocrx_word' id='word_1_170' title='bbox 3375 879 3484 936; x_wconf 86' lang='lat' dir='ltr'>Cui</span> <span class='ocrx_word' id='word_1_171' title='bbox 3509 892 3662 951; x_wconf 75' lang='lat' dir='ltr'>quo-</span> 
     </span>
    </p>
   </div>
   <div class='ocr_carea' id='block_1_26' title="bbox 1985 964 3664 1040">
    <p class='ocr_par' dir='ltr' id='par_1_26' title="bbox 1985 964 3664 1040">
     <span class='ocr_line' id='line_1_26' title="bbox 1985 964 3664 1040; baseline 0.003 -21"><span class='ocrx_word' id='word_1_172' title='bbox 1985 964 2323 1020; x_wconf 88' lang='lat' dir='ltr'>dammodo</span> <span class='ocrx_word' id='word_1_173' title='bbox 2368 965 2685 1033; x_wconf 80' lang='lat' dir='ltr'>ministrat,</span> <span class='ocrx_word' id='word_1_174' title='bbox 2736 966 2841 1040; x_wconf 87' lang='lat' dir='ltr'>qui</span> <span class='ocrx_word' id='word_1_175' title='bbox 2885 966 3299 1024; x_wconf 83' lang='lat' dir='ltr'>ministrorum</span> <span class='ocrx_word' id='word_1_176' title='bbox 3350 969 3489 1040; x_wconf 82' lang='lat' dir='ltr'>ejus</span> <span class='ocrx_word' id='word_1_177' title='bbox 3532 982 3664 1024; x_wconf 81' lang='lat' dir='ltr'>me-</span> 
     </span>
    </p>
   </div>
   <div class='ocr_carea' id='block_1_27' title="bbox 1987 1054 3666 1130">
    <p class='ocr_par' dir='ltr' id='par_1_27' title="bbox 1987 1054 3666 1130">
     <span class='ocr_line' id='line_1_27' title="bbox 1987 1054 3666 1130; baseline 0.002 -19"><span class='ocrx_word' id='word_1_178' title='bbox 1987 1055 2243 1111; x_wconf 87' lang='lat' dir='ltr'>moriam</span> <span class='ocrx_word' id='word_1_179' title='bbox 2300 1055 2378 1111; x_wconf 89' lang='lat' dir='ltr'>ad</span> <span class='ocrx_word' id='word_1_180' title='bbox 2430 1054 2675 1111; x_wconf 87' lang='lat' dir='ltr'>laudem</span> <span class='ocrx_word' id='word_1_181' title='bbox 2732 1060 2790 1111; x_wconf 87' lang='lat' dir='ltr'>et</span> <span class='ocrx_word' id='word_1_182' title='bbox 2839 1055 3097 1126; x_wconf 75' lang='lat' dir='ltr'>gloriam</span> <span class='ocrx_word' id='word_1_183' title='bbox 3149 1057 3421 1114; x_wconf 86' lang='lat' dir='ltr'>nominis</span> <span class='ocrx_word' id='word_1_184' title='bbox 3476 1056 3666 1130; x_wconf 73' lang='lat' dir='ltr'>ipsius</span> 
     </span>
    </p>
   </div>
   <div class='ocr_carea' id='block_1_28' title="bbox 1986 1142 3668 1216">
    <p class='ocr_par' dir='ltr' id='par_1_28' title="bbox 1986 1142 3668 1216">
     <span class='ocr_line' id='line_1_28' title="bbox 1986 1142 3668 1216; baseline 0.002 -17"><span class='ocrx_word' id='word_1_185' title='bbox 1986 1142 2269 1199; x_wconf 76' lang='lat' dir='ltr'>diffundit</span> <span class='ocrx_word' id='word_1_186' title='bbox 2295 1159 2365 1199; x_wconf 88' lang='lat' dir='ltr'>ac</span> <span class='ocrx_word' id='word_1_187' title='bbox 2401 1143 2707 1216; x_wconf 66' lang='lat' dir='ltr'>praedicat.</span> <span class='ocrx_word' id='word_1_188' title='bbox 2747 1143 2914 1200; x_wconf 85' lang='lat' dir='ltr'>Unde</span> <span class='ocrx_word' id='word_1_189' title='bbox 2962 1149 3021 1199; x_wconf 90' lang='lat' dir='ltr'>et</span> <span class='ocrx_word' id='word_1_190' title='bbox 3049 1159 3163 1215; x_wconf 87' lang='lat' dir='ltr'>ego</span> <span class='ocrx_word' id='word_1_191' title='bbox 3207 1144 3519 1201; x_wconf 82' lang='lat' dir='ltr'>animatus</span> <span class='ocrx_word' id='word_1_192' title='bbox 3555 1158 3668 1202; x_wconf 70' lang='lat' dir='ltr'>nec</span> 
     </span>
    </p>
   </div>
   <div class='ocr_carea' id='block_1_29' title="bbox 1987 1232 3667 1306">
    <p class='ocr_par' dir='ltr' id='par_1_29' title="bbox 1987 1232 3667 1306">
     <span class='ocr_line' id='line_1_29' title="bbox 1987 1232 3667 1306; baseline 0.002 -17"><span class='ocrx_word' id='word_1_193' title='bbox 1987 1248 2110 1289; x_wconf 90' lang='lat' dir='ltr'>non</span> <span class='ocrx_word' id='word_1_194' title='bbox 2155 1239 2364 1289; x_wconf 86' lang='lat' dir='ltr'>contra</span> <span class='ocrx_word' id='word_1_195' title='bbox 2417 1232 2729 1289; x_wconf 87' lang='lat' dir='ltr'>otiositatis</span> <span class='ocrx_word' id='word_1_196' title='bbox 2781 1237 3092 1305; x_wconf 89' lang='lat' dir='ltr'>torporem</span> <span class='ocrx_word' id='word_1_197' title='bbox 3157 1237 3439 1291; x_wconf 83' lang='lat' dir='ltr'>armatus</span> <span class='ocrx_word' id='word_1_198' title='bbox 3473 1234 3667 1306; x_wconf 74' lang='lat' dir='ltr'>iubeo</span> 
     </span>
    </p>
   </div>
   <div class='ocr_carea' id='block_1_30' title="bbox 1987 1323 3668 1398">
    <p class='ocr_par' dir='ltr' id='par_1_30' title="bbox 1987 1323 3668 1398">
     <span class='ocr_line' id='line_1_30' title="bbox 1987 1323 3668 1398; baseline 0.001 -17"><span class='ocrx_word' id='word_1_199' title='bbox 1987 1323 2342 1381; x_wconf 85' lang='lat' dir='ltr'>ﬁducialiter</span> <span class='ocrx_word' id='word_1_200' title='bbox 2386 1323 2612 1397; x_wconf 83' lang='lat' dir='ltr'>stylum</span> <span class='ocrx_word' id='word_1_201' title='bbox 2659 1338 2831 1381; x_wconf 83' lang='lat' dir='ltr'>arare</span> <span class='ocrx_word' id='word_1_202' title='bbox 2879 1325 3333 1398; x_wconf 81' lang='lat' dir='ltr'>propositiones</span> <span class='ocrx_word' id='word_1_203' title='bbox 3362 1324 3668 1383; x_wconf 82' lang='lat' dir='ltr'>charitatis</span> 
     </span>
    </p>
   </div>
   <div class='ocr_carea' id='block_1_31' title="bbox 1988 1421 2187 1470">
    <p class='ocr_par' dir='ltr' id='par_1_31' title="bbox 1988 1421 2187 1470">
     <span class='ocr_line' id='line_1_31' title="bbox 1988 1421 2187 1470; baseline -0.005 0"><span class='ocrx_word' id='word_1_204' title='bbox 1988 1421 2124 1470; x_wconf 75' lang='lat' dir='ltr'>tum.</span> <span class='ocrx_word' id='word_1_205' title='bbox 2156 1437 2187 1464; x_wconf 78' lang='grc' dir='ltr'>›ι</span> 
     </span>
    </p>
   </div>
   <div class='ocr_carea' id='block_1_32' title="bbox 2603 1506 3038 1561">
    <p class='ocr_par' dir='ltr' id='par_1_32' title="bbox 2603 1506 3038 1561">
     <span class='ocr_line' id='line_1_32' title="bbox 2603 1506 3038 1561; baseline 0 -2"><span class='ocrx_word' id='word_1_206' title='bbox 2603 1506 3038 1561; x_wconf 68' lang='lat' dir='ltr'>Ammonicius.</span> 
     </span>
    </p>
   </div>
   <div class='ocr_carea' id='block_1_33' title="bbox 202 1590 3668 1667">
    <p class='ocr_par' dir='ltr' id='par_1_33' title="bbox 202 1590 3668 1667">
     <span class='ocr_line' id='line_1_33' title="bbox 202 1590 3668 1667; baseline 0.002 -20"><span class='ocrx_word' id='word_1_207' title='bbox 202 1591 287 1647; x_wconf 87' lang='lat' dir='ltr'>sis</span> <span class='ocrx_word' id='word_1_208' title='bbox 310 1607 433 1647; x_wconf 84' lang='lat' dir='ltr'>non</span> <span class='ocrx_word' id='word_1_209' title='bbox 458 1595 686 1647; x_wconf 86' lang='lat' dir='ltr'>tantum</span> <span class='ocrx_word' id='word_1_210' title='bbox 744 1605 865 1646; x_wconf 90' lang='lat' dir='ltr'>non</span> <span class='ocrx_word' id='word_1_211' title='bbox 894 1590 1165 1658; x_wconf 83' lang='lat' dir='ltr'>laudant,</span> <span class='ocrx_word' id='word_1_212' title='bbox 1216 1590 1359 1655; x_wconf 86' lang='lat' dir='ltr'>imo,</span> <span class='ocrx_word' id='word_1_213' title='bbox 1405 1590 1572 1662; x_wconf 85' lang='lat' dir='ltr'>quod</span> <span class='ocrx_word' id='word_1_214' title='bbox 1615 1590 1876 1647; x_wconf 87' lang='lat' dir='ltr'>deterius</span> <span class='ocrx_word' id='word_1_215' title='bbox 1912 1599 1956 1654; x_wconf 84' lang='grc' dir='ltr'>Β</span> <span class='ocrx_word' id='word_1_216' title='bbox 2058 1610 2089 1648; x_wconf 83' lang='grc'><strong><em>‹</em></strong></span> <span class='ocrx_word' id='word_1_217' title='bbox 2121 1593 2457 1650; x_wconf 87' lang='lat' dir='ltr'>Dilecticnis</span> <span class='ocrx_word' id='word_1_218' title='bbox 2485 1594 2901 1667; x_wconf 84' lang='lat' dir='ltr'>operationem</span> <span class='ocrx_word' id='word_1_219' title='bbox 2929 1592 3038 1666; x_wconf 87' lang='lat' dir='ltr'>qui</span> <span class='ocrx_word' id='word_1_220' title='bbox 3070 1594 3194 1661; x_wconf 83' lang='lat' dir='ltr'>dat,</span> <span class='ocrx_word' id='word_1_221' title='bbox 3227 1593 3363 1667; x_wconf 83' lang='lat' dir='ltr'>ipse</span> <span class='ocrx_word' id='word_1_222' title='bbox 3386 1608 3668 1653; x_wconf 84' lang='lat' dir='ltr'>remune-</span> 
     </span>
    </p>
   </div>
   <div class='ocr_carea' id='block_1_34' title="bbox 201 1680 1872 1753">
    <p class='ocr_par' dir='ltr' id='par_1_34' title="bbox 201 1680 1872 1753">
     <span class='ocr_line' id='line_1_34' title="bbox 201 1680 1872 1753; baseline -0.001 -16"><span class='ocrx_word' id='word_1_223' title='bbox 201 1685 313 1750; x_wconf 86' lang='lat' dir='ltr'>est,</span> <span class='ocrx_word' id='word_1_224' title='bbox 346 1680 681 1752; x_wconf 82' lang='lat' dir='ltr'>vituperant</span> <span class='ocrx_word' id='word_1_225' title='bbox 732 1680 856 1735; x_wconf 89' lang='lat' dir='ltr'>sive</span> <span class='ocrx_word' id='word_1_226' title='bbox 894 1680 1340 1753; x_wconf 86' lang='lat' dir='ltr'>blasphemaut,</span> <span class='ocrx_word' id='word_1_227' title='bbox 1396 1680 1662 1736; x_wconf 84' lang='lat' dir='ltr'>dicentes</span> <span class='ocrx_word' id='word_1_228' title='bbox 1692 1680 1872 1753; x_wconf 87' lang='lat' dir='ltr'>quid—</span> 
     </span>
    </p>
   </div>
   <div class='ocr_carea' id='block_1_35' title="bbox 202 1768 1873 1842">
    <p class='ocr_par' dir='ltr' id='par_1_35' title="bbox 202 1768 1873 1842">
     <span class='ocr_line' id='line_1_35' title="bbox 202 1768 1873 1842; baseline 0 -17"><span class='ocrx_word' id='word_1_229' title='bbox 202 1769 355 1842; x_wconf 88' lang='lat' dir='ltr'>quid</span> <span class='ocrx_word' id='word_1_230' title='bbox 403 1768 682 1825; x_wconf 82' lang='lat' dir='ltr'>acciderit</span> <span class='ocrx_word' id='word_1_231' title='bbox 728 1772 934 1824; x_wconf 87' lang='lat' dir='ltr'>contra</span> <span class='ocrx_word' id='word_1_232' title='bbox 981 1775 1188 1825; x_wconf 86' lang='lat' dir='ltr'>votum</span> <span class='ocrx_word' id='word_1_233' title='bbox 1238 1784 1393 1842; x_wconf 86' lang='lat' dir='ltr'>opus</span> <span class='ocrx_word' id='word_1_234' title='bbox 1443 1786 1577 1825; x_wconf 82' lang='lat' dir='ltr'>esse</span> <span class='ocrx_word' id='word_1_235' title='bbox 1616 1769 1873 1825; x_wconf 81' lang='lat' dir='ltr'>diaboli—</span> 
     </span>
    </p>
   </div>
   <div class='ocr_carea' id='block_1_36' title="bbox 206 1874 439 1915">
    <p class='ocr_par' dir='ltr' id='par_1_36' title="bbox 206 1874 439 1915">
     <span class='ocr_line' id='line_1_36' title="bbox 206 1874 439 1915; baseline -0.009 0"><span class='ocrx_word' id='word_1_236' title='bbox 206 1874 369 1915; x_wconf 88' lang='lat' dir='ltr'>cum.</span> <span class='ocrx_word' id='word_1_237' title='bbox 404 1879 439 1908; x_wconf 67' lang='grc' dir='ltr'>»ι</span> 
     </span>
    </p>
   </div>
   <div class='ocr_carea' id='block_1_37' title="bbox 838 1948 1229 2005">
    <p class='ocr_par' dir='ltr' id='par_1_37' title="bbox 838 1948 1229 2005">
     <span class='ocr_line' id='line_1_37' title="bbox 838 1948 1229 2005; baseline -0.003 -1"><span class='ocrx_word' id='word_1_238' title='bbox 838 1948 1229 2005; x_wconf 73' lang='lat' dir='ltr'>Collectitz‘us.</span> 
     </span>
    </p>
   </div>
   <div class='ocr_carea' id='block_1_38' title="bbox 286 2036 1876 2103">
    <p class='ocr_par' dir='ltr' id='par_1_38' title="bbox 286 2036 1876 2103">
     <span class='ocr_line' id='line_1_38' title="bbox 286 2036 1876 2103; baseline 0.004 -15"><span class='ocrx_word' id='word_1_239' title='bbox 286 2060 315 2088; x_wconf 70' lang='grc' dir='ltr'><strong>α</strong></span> <span class='ocrx_word' id='word_1_240' title='bbox 346 2037 492 2103; x_wconf 90' lang='lat' dir='ltr'>Quia</span> <span class='ocrx_word' id='word_1_241' title='bbox 519 2036 689 2093; x_wconf 88' lang='lat' dir='ltr'>multi</span> <span class='ocrx_word' id='word_1_242' title='bbox 736 2037 923 2093; x_wconf 87' lang='lat' dir='ltr'>multa</span> <span class='ocrx_word' id='word_1_243' title='bbox 968 2036 1209 2093; x_wconf 87' lang='lat' dir='ltr'>incaute</span> <span class='ocrx_word' id='word_1_244' title='bbox 1255 2053 1326 2094; x_wconf 92' lang='lat' dir='ltr'>ac</span> <span class='ocrx_word' id='word_1_245' title='bbox 1376 2039 1753 2095; x_wconf 87' lang='lat' dir='ltr'>mendaciter</span> <span class='ocrx_word' id='word_1_246' title='bbox 1790 2040 1876 2096; x_wconf 89' lang='lat' dir='ltr'>lo-</span> 
     </span>
    </p>
   </div>
   <div class='ocr_carea' id='block_1_39' title="bbox 210 2124 1879 2201">
    <p class='ocr_par' dir='ltr' id='par_1_39' title="bbox 210 2124 1879 2201">
     <span class='ocr_line' id='line_1_39' title="bbox 210 2124 1879 2201; baseline 0.002 -20"><span class='ocrx_word' id='word_1_247' title='bbox 210 2130 493 2199; x_wconf 84' lang='lat' dir='ltr'>quuntur,</span> <span class='ocrx_word' id='word_1_248' title='bbox 512 2124 731 2181; x_wconf 89' lang='lat' dir='ltr'>idcirco</span> <span class='ocrx_word' id='word_1_249' title='bbox 756 2124 939 2180; x_wconf 88' lang='lat' dir='ltr'>variis</span> <span class='ocrx_word' id='word_1_250' title='bbox 964 2140 1237 2181; x_wconf 87' lang='lat' dir='ltr'>errorum</span> <span class='ocrx_word' id='word_1_251' title='bbox 1266 2124 1560 2200; x_wconf 88' lang='lat' dir='ltr'>decipulis</span> <span class='ocrx_word' id='word_1_252' title='bbox 1583 2128 1879 2201; x_wconf 89' lang='lat' dir='ltr'>periculo-</span> 
     </span>
    </p>
   </div>
   <div class='ocr_carea' id='block_1_40' title="bbox 207 2213 1875 2290">
    <p class='ocr_par' dir='ltr' id='par_1_40' title="bbox 207 2213 1875 2290">
     <span class='ocr_line' id='line_1_40' title="bbox 207 2213 1875 2290; baseline 0.002 -20"><span class='ocrx_word' id='word_1_253' title='bbox 207 2215 450 2270; x_wconf 77' lang='lat' dir='ltr'>sissime</span> <span class='ocrx_word' id='word_1_254' title='bbox 477 2213 873 2287; x_wconf 84' lang='lat' dir='ltr'>implicantur.</span> <span class='ocrx_word' id='word_1_255' title='bbox 905 2216 1173 2280; x_wconf 84' lang='lat' dir='ltr'>Quorum</span> <span class='ocrx_word' id='word_1_256' title='bbox 1202 2214 1609 2273; x_wconf 88' lang='lat' dir='ltr'>involutiones</span> <span class='ocrx_word' id='word_1_257' title='bbox 1639 2218 1745 2290; x_wconf 83' lang='lat' dir='ltr'>qui</span> <span class='ocrx_word' id='word_1_258' title='bbox 1773 2235 1875 2274; x_wconf 91' lang='lat' dir='ltr'>cu-</span> 
     </span>
    </p>
   </div>
   <div class='ocr_carea' id='block_1_41' title="bbox 202 2303 1876 2379">
    <p class='ocr_par' dir='ltr' id='par_1_41' title="bbox 202 2303 1876 2379">
     <span class='ocr_line' id='line_1_41' title="bbox 202 2303 1876 2379; baseline 0.001 -20"><span class='ocrx_word' id='word_1_259' title='bbox 202 2304 385 2377; x_wconf 87' lang='lat' dir='ltr'>piunt</span> <span class='ocrx_word' id='word_1_260' title='bbox 422 2303 700 2369; x_wconf 79' lang='lat' dir='ltr'>devitarc,</span> <span class='ocrx_word' id='word_1_261' title='bbox 752 2319 891 2359; x_wconf 84' lang='lat' dir='ltr'>cum</span> <span class='ocrx_word' id='word_1_262' title='bbox 940 2304 1128 2360; x_wconf 72' lang='lat' dir='ltr'>l-‘aulo</span> <span class='ocrx_word' id='word_1_263' title='bbox 1177 2304 1524 2377; x_wconf 86' lang='lat' dir='ltr'>insipientes</span> <span class='ocrx_word' id='word_1_264' title='bbox 1573 2308 1876 2379; x_wconf 83' lang='lat' dir='ltr'>sapienter</span> 
     </span>
    </p>
   </div>
   <div class='ocr_carea' id='block_1_42' title="bbox 200 2391 1875 2468">
    <p class='ocr_par' dir='ltr' id='par_1_42' title="bbox 200 2391 1875 2468">
     <span class='ocr_line' id='line_1_42' title="bbox 200 2391 1875 2468; baseline 0.002 -19"><span class='ocrx_word' id='word_1_265' title='bbox 200 2392 437 2449; x_wconf 86' lang='lat' dir='ltr'>debent</span> <span class='ocrx_word' id='word_1_266' title='bbox 462 2391 889 2464; x_wconf 79' lang='lat' dir='ltr'>suiferre(l33),</span> <span class='ocrx_word' id='word_1_267' title='bbox 903 2393 1098 2448; x_wconf 89' lang='lat' dir='ltr'>donec</span> <span class='ocrx_word' id='word_1_268' title='bbox 1124 2393 1449 2450; x_wconf 83' lang='lat' dir='ltr'>multitudo</span> <span class='ocrx_word' id='word_1_269' title='bbox 1473 2396 1875 2468; x_wconf 88' lang='lat' dir='ltr'>reproborum</span> 
     </span>
    </p>
   </div>
   <div class='ocr_carea' id='block_1_43' title="bbox 199 2481 1874 2554">
    <p class='ocr_par' dir='ltr' id='par_1_43' title="bbox 199 2481 1874 2554">
     <span class='ocr_line' id='line_1_43' title="bbox 199 2481 1874 2554; baseline 0.002 -16"><span class='ocrx_word' id='word_1_270' title='bbox 199 2481 359 2538; x_wconf 80' lang='lat' dir='ltr'>nihil</span> <span class='ocrx_word' id='word_1_271' title='bbox 380 2482 655 2537; x_wconf 84' lang='lat' dir='ltr'>minuens</span> <span class='ocrx_word' id='word_1_272' title='bbox 681 2482 881 2551; x_wconf 68' lang='lat' dir='ltr'>gloriae</span> <span class='ocrx_word' id='word_1_273' title='bbox 927 2482 1190 2538; x_wconf 81' lang='lat' dir='ltr'>ﬁliorum</span> <span class='ocrx_word' id='word_1_274' title='bbox 1226 2484 1353 2554; x_wconf 83' lang='lat' dir='ltr'>Dei,</span> <span class='ocrx_word' id='word_1_275' title='bbox 1398 2484 1477 2540; x_wconf 86' lang='lat' dir='ltr'>ad</span> <span class='ocrx_word' id='word_1_276' title='bbox 1506 2485 1762 2541; x_wconf 84' lang='lat' dir='ltr'>nihilum</span> <span class='ocrx_word' id='word_1_277' title='bbox 1787 2502 1874 2541; x_wconf 89' lang='lat' dir='ltr'>re-</span> 
     </span>
    </p>
   </div>
   <div class='ocr_carea' id='block_1_44' title="bbox 199 2571 1875 2648">
    <p class='ocr_par' dir='ltr' id='par_1_44' title="bbox 199 2571 1875 2648">
     <span class='ocr_line' id='line_1_44' title="bbox 199 2571 1875 2648; baseline 0.001 -19"><span class='ocrx_word' id='word_1_278' title='bbox 199 2572 472 2643; x_wconf 61' lang='lat' dir='ltr'>digatur,</span> <span class='ocrx_word' id='word_1_279' title='bbox 494 2571 551 2626; x_wconf 90' lang='lat' dir='ltr'>id</span> <span class='ocrx_word' id='word_1_280' title='bbox 602 2577 711 2637; x_wconf 85' lang='lat' dir='ltr'>est,</span> <span class='ocrx_word' id='word_1_281' title='bbox 762 2572 823 2627; x_wconf 91' lang='lat' dir='ltr'>in</span> <span class='ocrx_word' id='word_1_282' title='bbox 853 2572 1155 2628; x_wconf 78' lang='lat' dir='ltr'>infernum</span> <span class='ocrx_word' id='word_1_283' title='bbox 1186 2574 1482 2641; x_wconf 86' lang='lat' dir='ltr'>trudatur,</span> <span class='ocrx_word' id='word_1_284' title='bbox 1516 2579 1572 2631; x_wconf 90' lang='lat' dir='ltr'>et</span> <span class='ocrx_word' id='word_1_285' title='bbox 1602 2577 1875 2648; x_wconf 73' lang='lat' dir='ltr'>paucitas</span> 
     </span>
    </p>
   </div>
   <div class='ocr_carea' id='block_1_45' title="bbox 200 2662 1873 2737">
    <p class='ocr_par' dir='ltr' id='par_1_45' title="bbox 200 2662 1873 2737">
     <span class='ocr_line' id='line_1_45' title="bbox 200 2662 1873 2737; baseline 0.001 -18"><span class='ocrx_word' id='word_1_286' title='bbox 200 2662 541 2719; x_wconf 74' lang='lat' dir='ltr'>electorum</span> <span class='ocrx_word' id='word_1_287' title='bbox 566 2662 627 2717; x_wconf 89' lang='lat' dir='ltr'>in</span> <span class='ocrx_word' id='word_1_288' title='bbox 677 2662 841 2719; x_wconf 66' lang='lat' dir='ltr'>catis</span> <span class='ocrx_word' id='word_1_289' title='bbox 868 2663 1225 2717; x_wconf 83' lang='lat' dir='ltr'>nominatim</span> <span class='ocrx_word' id='word_1_290' title='bbox 1278 2663 1497 2737; x_wconf 86' lang='lat' dir='ltr'>scripta</span> <span class='ocrx_word' id='word_1_291' title='bbox 1528 2664 1873 2735; x_wconf 86' lang='lat' dir='ltr'>collocetur,</span> 
     </span>
    </p>
   </div>
   <div class='ocr_carea' id='block_1_46' title="bbox 204 2750 1877 2826">
    <p class='ocr_par' dir='ltr' id='par_1_46' title="bbox 204 2750 1877 2826">
     <span class='ocr_line' id='line_1_46' title="bbox 204 2750 1877 2826; baseline 0.001 -18"><span class='ocrx_word' id='word_1_292' title='bbox 204 2768 356 2808; x_wconf 84' lang='lat' dir='ltr'>cum</span> <span class='ocrx_word' id='word_1_293' title='bbox 404 2750 783 2807; x_wconf 85' lang='lat' dir='ltr'>multitudine</span> <span class='ocrx_word' id='word_1_294' title='bbox 825 2751 1244 2821; x_wconf 80' lang='lat' dir='ltr'>angeloruum,</span> <span class='ocrx_word' id='word_1_295' title='bbox 1304 2754 1661 2810; x_wconf 69' lang='lat' dir='ltr'>mternaliter</span> <span class='ocrx_word' id='word_1_296' title='bbox 1720 2755 1877 2826; x_wconf 80' lang='lat' dir='ltr'>gavi-</span> 
     </span>
    </p>
   </div>
   <div class='ocr_carea' id='block_1_47' title="bbox 203 2841 1873 2917">
    <p class='ocr_par' dir='ltr' id='par_1_47' title="bbox 203 2841 1873 2917">
     <span class='ocr_line' id='line_1_47' title="bbox 203 2841 1873 2917; baseline 0.002 -19"><span class='ocrx_word' id='word_1_297' title='bbox 203 2857 379 2910; x_wconf 78' lang='lat' dir='ltr'>sura,</span> <span class='ocrx_word' id='word_1_298' title='bbox 437 2841 857 2915; x_wconf 75' lang='lat' dir='ltr'>Christumque</span> <span class='ocrx_word' id='word_1_299' title='bbox 884 2842 943 2897; x_wconf 90' lang='lat' dir='ltr'>in</span> <span class='ocrx_word' id='word_1_300' title='bbox 993 2857 1180 2907; x_wconf 78' lang='lat' dir='ltr'>regno</span> <span class='ocrx_word' id='word_1_301' title='bbox 1223 2858 1338 2899; x_wconf 90' lang='lat' dir='ltr'>suo</span> <span class='ocrx_word' id='word_1_302' title='bbox 1385 2860 1624 2917; x_wconf 85' lang='lat' dir='ltr'>semper</span> <span class='ocrx_word' id='word_1_303' title='bbox 1654 2845 1873 2915; x_wconf 78' lang='lat' dir='ltr'>visura,</span> 
     </span>
    </p>
   </div>
   <div class='ocr_carea' id='block_1_48' title="bbox 1981 1682 3666 1757">
    <p class='ocr_par' dir='ltr' id='par_1_48' title="bbox 1981 1682 3666 1757">
     <span class='ocr_line' id='line_1_48' title="bbox 1981 1682 3666 1757; baseline 0.002 -17"><span class='ocrx_word' id='word_1_304' title='bbox 1981 1688 2091 1740; x_wconf 87' lang='lat' dir='ltr'>rat.</span> <span class='ocrx_word' id='word_1_305' title='bbox 2142 1682 2395 1740; x_wconf 87' lang='lat' dir='ltr'>Proinde</span> <span class='ocrx_word' id='word_1_306' title='bbox 2444 1688 2507 1739; x_wconf 89' lang='lat' dir='ltr'>tu</span> <span class='ocrx_word' id='word_1_307' title='bbox 2538 1698 2710 1756; x_wconf 86' lang='lat' dir='ltr'>spem</span> <span class='ocrx_word' id='word_1_308' title='bbox 2735 1696 2975 1756; x_wconf 86' lang='lat' dir='ltr'>ponens</span> <span class='ocrx_word' id='word_1_309' title='bbox 3002 1686 3202 1739; x_wconf 80' lang='lat' dir='ltr'>macte</span> <span class='ocrx_word' id='word_1_310' title='bbox 3247 1683 3311 1739; x_wconf 84' lang='lat' dir='ltr'>in</span> <span class='ocrx_word' id='word_1_311' title='bbox 3365 1684 3666 1757; x_wconf 64' lang='lat' dir='ltr'>adiutorio</span> 
     </span>
    </p>
   </div>
   <div class='ocr_carea' id='block_1_49' title="bbox 1980 1770 3665 1847">
    <p class='ocr_par' dir='ltr' id='par_1_49' title="bbox 1980 1770 3665 1847">
     <span class='ocr_line' id='line_1_49' title="bbox 1980 1770 3665 1847; baseline 0.004 -17"><span class='ocrx_word' id='word_1_312' title='bbox 1980 1772 2377 1830; x_wconf 86' lang='lat' dir='ltr'>miserationis</span> <span class='ocrx_word' id='word_1_313' title='bbox 2401 1772 2642 1841; x_wconf 69' lang='lat' dir='ltr'>divinae,</span> <span class='ocrx_word' id='word_1_314' title='bbox 2674 1786 2859 1846; x_wconf 84' lang='lat' dir='ltr'>perge</span> <span class='ocrx_word' id='word_1_315' title='bbox 2904 1773 3072 1829; x_wconf 86' lang='lat' dir='ltr'>viam</span> <span class='ocrx_word' id='word_1_316' title='bbox 3101 1770 3321 1829; x_wconf 79' lang='lat' dir='ltr'>alacris</span> <span class='ocrx_word' id='word_1_317' title='bbox 3342 1776 3665 1847; x_wconf 64' lang='lat' dir='ltr'>postulatae</span> 
     </span>
    </p>
   </div>
   <div class='ocr_carea' id='block_1_50' title="bbox 1982 1861 2434 1919">
    <p class='ocr_par' dir='ltr' id='par_1_50' title="bbox 1982 1861 2434 1919">
     <span class='ocr_line' id='line_1_50' title="bbox 1982 1861 2434 1919; baseline -0.018 0"><span class='ocrx_word' id='word_1_318' title='bbox 1982 1861 2363 1919; x_wconf 86' lang='lat' dir='ltr'>narrationis.</span> <span class='ocrx_word' id='word_1_319' title='bbox 2406 1883 2434 1910; x_wconf 72' lang='grc' dir='ltr'><strong>υ</strong></span> 
     </span>
    </p>
   </div>
   <div class='ocr_carea' id='block_1_51' title="bbox 2623 1950 3024 2007">
    <p class='ocr_par' dir='ltr' id='par_1_51' title="bbox 2623 1950 3024 2007">
     <span class='ocr_line' id='line_1_51' title="bbox 2623 1950 3024 2007; baseline -0.01 0"><span class='ocrx_word' id='word_1_320' title='bbox 2623 1950 3024 2007; x_wconf 70' lang='lat' dir='ltr'>Collectitius.</span> 
     </span>
    </p>
   </div>
   <div class='ocr_carea' id='block_1_52' title="bbox 2059 2036 3665 2112">
    <p class='ocr_par' dir='ltr' id='par_1_52' title="bbox 2059 2036 3665 2112">
     <span class='ocr_line' id='line_1_52' title="bbox 2059 2036 3665 2112; baseline 0.007 -23"><span class='ocrx_word' id='word_1_321' title='bbox 2059 2064 2087 2091; x_wconf 71' lang='grc' dir='ltr'>«ε</span> <span class='ocrx_word' id='word_1_322' title='bbox 2128 2042 2379 2112; x_wconf 79' lang='lat' dir='ltr'>Pergam</span> <span class='ocrx_word' id='word_1_323' title='bbox 2407 2039 2603 2096; x_wconf 89' lang='lat' dir='ltr'>libens</span> <span class='ocrx_word' id='word_1_324' title='bbox 2630 2038 2835 2112; x_wconf 88' lang='lat' dir='ltr'>ipsum</span> <span class='ocrx_word' id='word_1_325' title='bbox 2866 2037 3018 2094; x_wconf 86' lang='lat' dir='ltr'>mihi</span> <span class='ocrx_word' id='word_1_326' title='bbox 3049 2036 3265 2095; x_wconf 75' lang='lat' dir='ltr'>adesse</span> <span class='ocrx_word' id='word_1_327' title='bbox 3293 2041 3665 2101; x_wconf 73' lang='lat' dir='ltr'>omniinodls</span> 
     </span>
    </p>
   </div>
   <div class='ocr_carea' id='block_1_53' title="bbox 1986 2132 2255 2204">
    <p class='ocr_par' dir='ltr' id='par_1_53' title="bbox 1986 2132 2255 2204">
     <span class='ocr_line' id='line_1_53' title="bbox 1986 2132 2255 2204; baseline -0.004 -17"><span class='ocrx_word' id='word_1_328' title='bbox 1986 2132 2255 2204; x_wconf 88' lang='lat' dir='ltr'>cupiens.</span> 
     </span>
    </p>
   </div>
   <div class='ocr_carea' id='block_1_54' title="bbox 2060 2218 3659 2293">
    <p class='ocr_par' dir='ltr' id='par_1_54' title="bbox 2060 2218 3659 2293">
     <span class='ocr_line' id='line_1_54' title="bbox 2060 2218 3659 2293; baseline -0.001 -15"><span class='ocrx_word' id='word_1_329' title='bbox 2060 2245 2087 2272; x_wconf 85' lang='lat'><strong><em>«</em></strong></span> <span class='ocrx_word' id='word_1_330' title='bbox 2122 2222 2302 2293; x_wconf 81' lang='lat' dir='ltr'>Igitur</span> <span class='ocrx_word' id='word_1_331' title='bbox 2324 2223 2462 2286; x_wconf 86' lang='lat' dir='ltr'>post</span> <span class='ocrx_word' id='word_1_332' title='bbox 2509 2218 2698 2275; x_wconf 88' lang='lat' dir='ltr'>multa</span> <span class='ocrx_word' id='word_1_333' title='bbox 2726 2218 2969 2291; x_wconf 84' lang='lat' dir='ltr'>pietatis</span> <span class='ocrx_word' id='word_1_334' title='bbox 3016 2221 3077 2273; x_wconf 88' lang='lat' dir='ltr'>et</span> <span class='ocrx_word' id='word_1_335' title='bbox 3119 2219 3420 2289; x_wconf 65' lang='lat' dir='ltr'>equitatis</span> <span class='ocrx_word' id='word_1_336' title='bbox 3450 2234 3659 2293; x_wconf 80' lang='lat' dir='ltr'>opera,</span> 
     </span>
    </p>
   </div>
   <div class='ocr_carea' id='block_1_55' title="bbox 1982 2305 3651 2384">
    <p class='ocr_par' dir='ltr' id='par_1_55' title="bbox 1982 2305 3651 2384">
     <span class='ocr_line' id='line_1_55' title="bbox 1982 2305 3651 2384; baseline 0 -16"><span class='ocrx_word' id='word_1_337' title='bbox 1982 2311 2210 2384; x_wconf 87' lang='lat' dir='ltr'>quibus</span> <span class='ocrx_word' id='word_1_338' title='bbox 2269 2313 2390 2365; x_wconf 91' lang='lat' dir='ltr'>Deo</span> <span class='ocrx_word' id='word_1_339' title='bbox 2442 2307 2661 2363; x_wconf 88' lang='lat' dir='ltr'>servire</span> <span class='ocrx_word' id='word_1_340' title='bbox 2711 2307 3015 2373; x_wconf 86' lang='lat' dir='ltr'>studebat,</span> <span class='ocrx_word' id='word_1_341' title='bbox 3070 2305 3420 2380; x_wconf 81' lang='lat' dir='ltr'>quibusque</span> <span class='ocrx_word' id='word_1_342' title='bbox 3469 2310 3651 2369; x_wconf 80' lang='lat' dir='ltr'>Eccle-</span> 
     </span>
    </p>
   </div>
   <div class='ocr_carea' id='block_1_56' title="bbox 1986 2396 3660 2468">
    <p class='ocr_par' dir='ltr' id='par_1_56' title="bbox 1986 2396 3660 2468">
     <span class='ocr_line' id='line_1_56' title="bbox 1986 2396 3660 2468; baseline -0.001 -11"><span class='ocrx_word' id='word_1_343' title='bbox 1986 2402 2139 2457; x_wconf 88' lang='lat' dir='ltr'>siam</span> <span class='ocrx_word' id='word_1_344' title='bbox 2188 2400 2305 2455; x_wconf 86' lang='lat' dir='ltr'>sibi</span> <span class='ocrx_word' id='word_1_345' title='bbox 2351 2397 2744 2453; x_wconf 83' lang='lat' dir='ltr'>commissam</span> <span class='ocrx_word' id='word_1_346' title='bbox 2773 2396 3043 2467; x_wconf 86' lang='lat' dir='ltr'>regebat,</span> <span class='ocrx_word' id='word_1_347' title='bbox 3098 2408 3257 2468; x_wconf 69' lang='lat' dir='ltr'>saepe</span> <span class='ocrx_word' id='word_1_348' title='bbox 3306 2399 3660 2456; x_wconf 88' lang='lat' dir='ltr'>nominatus</span> 
     </span>
    </p>
   </div>
   <div class='ocr_carea' id='block_1_57' title="bbox 1986 2483 3660 2563">
    <p class='ocr_par' dir='ltr' id='par_1_57' title="bbox 1986 2483 3660 2563">
     <span class='ocr_line' id='line_1_57' title="bbox 1986 2483 3660 2563; baseline -0.002 -15"><span class='ocrx_word' id='word_1_349' title='bbox 1986 2491 2329 2563; x_wconf 67' lang='lat' dir='ltr'>saepiusque</span> <span class='ocrx_word' id='word_1_350' title='bbox 2368 2485 2781 2543; x_wconf 88' lang='lat' dir='ltr'>nominandus</span> <span class='ocrx_word' id='word_1_351' title='bbox 2828 2483 3193 2541; x_wconf 84' lang='lat' dir='ltr'>venerabilis</span> <span class='ocrx_word' id='word_1_352' title='bbox 3228 2488 3452 2556; x_wconf 67' lang='lat' dir='ltr'>praesul</span> <span class='ocrx_word' id='word_1_353' title='bbox 3493 2488 3660 2545; x_wconf 82' lang='lat' dir='ltr'>Wol-</span> 
     </span>
    </p>
   </div>
   <div class='ocr_carea' id='block_1_58' title="bbox 1983 2571 3660 2650">
    <p class='ocr_par' dir='ltr' id='par_1_58' title="bbox 1983 2571 3660 2650">
     <span class='ocr_line' id='line_1_58' title="bbox 1983 2571 3660 2650; baseline -0.002 -14"><span class='ocrx_word' id='word_1_354' title='bbox 1983 2580 2244 2650; x_wconf 75' lang='lat' dir='ltr'>fgangus</span> <span class='ocrx_word' id='word_1_355' title='bbox 2270 2594 2410 2634; x_wconf 89' lang='lat' dir='ltr'>cum</span> <span class='ocrx_word' id='word_1_356' title='bbox 2435 2571 2783 2631; x_wconf 65' lang='lat' dir='ltr'>Ratisbonaa</span> <span class='ocrx_word' id='word_1_357' title='bbox 2808 2573 3190 2644; x_wconf 85' lang='lat' dir='ltr'>constitutus,</span> <span class='ocrx_word' id='word_1_358' title='bbox 3220 2586 3427 2631; x_wconf 84' lang='lat' dir='ltr'>rerum</span> <span class='ocrx_word' id='word_1_359' title='bbox 3457 2590 3660 2634; x_wconf 78' lang='lat' dir='ltr'>neces-</span> 
     </span>
    </p>
   </div>
   <div class='ocr_carea' id='block_1_59' title="bbox 1985 2662 3659 2739">
    <p class='ocr_par' dir='ltr' id='par_1_59' title="bbox 1985 2662 3659 2739">
     <span class='ocr_line' id='line_1_59' title="bbox 1985 2662 3659 2739; baseline -0.004 -13"><span class='ocrx_word' id='word_1_360' title='bbox 1985 2671 2144 2726; x_wconf 88' lang='lat' dir='ltr'>saria</span> <span class='ocrx_word' id='word_1_361' title='bbox 2168 2666 2497 2724; x_wconf 81' lang='lat' dir='ltr'>mutatione</span> <span class='ocrx_word' id='word_1_362' title='bbox 2526 2664 2901 2737; x_wconf 83' lang='lat' dir='ltr'>poscente,in</span> <span class='ocrx_word' id='word_1_363' title='bbox 2933 2662 3285 2719; x_wconf 88' lang='lat' dir='ltr'>orientalem</span> <span class='ocrx_word' id='word_1_364' title='bbox 3310 2664 3499 2737; x_wconf 84' lang='lat' dir='ltr'>hujus</span> <span class='ocrx_word' id='word_1_365' title='bbox 3519 2681 3659 2739; x_wconf 86' lang='lat' dir='ltr'>pro-</span> 
     </span>
    </p>
   </div>
   <div class='ocr_carea' id='block_1_60' title="bbox 1983 2752 3661 2827">
    <p class='ocr_par' dir='ltr' id='par_1_60' title="bbox 1983 2752 3661 2827">
     <span class='ocr_line' id='line_1_60' title="bbox 1983 2752 3661 2827; baseline 0 -14"><span class='ocrx_word' id='word_1_366' title='bbox 1983 2760 2193 2815; x_wconf 82' lang='lat' dir='ltr'>vinciae</span> <span class='ocrx_word' id='word_1_367' title='bbox 2242 2756 2548 2827; x_wconf 83' lang='lat' dir='ltr'>regionem</span> <span class='ocrx_word' id='word_1_368' title='bbox 2613 2753 2722 2810; x_wconf 90' lang='lat' dir='ltr'>iter</span> <span class='ocrx_word' id='word_1_369' title='bbox 2774 2770 2954 2809; x_wconf 89' lang='lat' dir='ltr'>suum</span> <span class='ocrx_word' id='word_1_370' title='bbox 3009 2755 3269 2824; x_wconf 80' lang='lat' dir='ltr'>pararet,</span> <span class='ocrx_word' id='word_1_371' title='bbox 3325 2752 3661 2813; x_wconf 80' lang='lat' dir='ltr'>febricitare</span> 
     </span>
    </p>
   </div>
   <div class='ocr_carea' id='block_1_61' title="bbox 1986 2840 3660 2921">
    <p class='ocr_par' dir='ltr' id='par_1_61' title="bbox 1986 2840 3660 2921">
     <span class='ocr_line' id='line_1_61' title="bbox 1986 2840 3660 2921; baseline 0.002 -21"><span class='ocrx_word' id='word_1_372' title='bbox 1986 2849 2187 2921; x_wconf 64' lang='lat' dir='ltr'>coepit.</span> <span class='ocrx_word' id='word_1_373' title='bbox 2230 2849 2422 2912; x_wconf 87' lang='lat' dir='ltr'>Quam</span> <span class='ocrx_word' id='word_1_374' title='bbox 2467 2843 2736 2915; x_wconf 85' lang='lat' dir='ltr'>corporis</span> <span class='ocrx_word' id='word_1_375' title='bbox 2765 2840 3107 2899; x_wconf 86' lang='lat' dir='ltr'>molestiam</span> <span class='ocrx_word' id='word_1_376' title='bbox 3149 2842 3241 2897; x_wconf 90' lang='lat' dir='ltr'>vir</span> <span class='ocrx_word' id='word_1_377' title='bbox 3272 2843 3377 2899; x_wconf 91' lang='lat' dir='ltr'>Dei</span> <span class='ocrx_word' id='word_1_378' title='bbox 3404 2860 3531 2901; x_wconf 91' lang='lat' dir='ltr'>non</span> <span class='ocrx_word' id='word_1_379' title='bbox 3561 2862 3660 2903; x_wconf 90' lang='lat' dir='ltr'>so-</span> 
     </span>
    </p>
   </div>
   <div class='ocr_carea' id='block_1_62' title="bbox 204 2929 3660 3017">
    <p class='ocr_par' dir='ltr' id='par_1_62' title="bbox 204 2929 3660 3017">
     <span class='ocr_line' id='line_1_62' title="bbox 204 2929 3660 3017; baseline 0.002 -32"><span class='ocrx_word' id='word_1_380' title='bbox 204 2947 326 3005; x_wconf 87' lang='lat' dir='ltr'>per</span> <span class='ocrx_word' id='word_1_381' title='bbox 351 2946 512 2997; x_wconf 90' lang='lat' dir='ltr'>eum,</span> <span class='ocrx_word' id='word_1_382' title='bbox 544 2931 607 2986; x_wconf 89' lang='lat' dir='ltr'>in</span> <span class='ocrx_word' id='word_1_383' title='bbox 635 2931 721 2986; x_wconf 86' lang='lat' dir='ltr'>eis</span> <span class='ocrx_word' id='word_1_384' title='bbox 747 2931 1047 3003; x_wconf 88' lang='lat' dir='ltr'>completo</span> <span class='ocrx_word' id='word_1_385' title='bbox 1077 2947 1331 2989; x_wconf 87' lang='lat' dir='ltr'>numero</span> <span class='ocrx_word' id='word_1_386' title='bbox 1370 2933 1622 3003; x_wconf 75' lang='lat' dir='ltr'>angelici</span> <span class='ocrx_word' id='word_1_387' title='bbox 1651 2935 1877 2990; x_wconf 87' lang='lat' dir='ltr'>ordinis</span> <span class='ocrx_word' id='word_1_388' title='bbox 1916 2960 1958 3017; x_wconf 70' lang='grc' dir='ltr'>ο</span> <span class='ocrx_word' id='word_1_389' title='bbox 1985 2938 2116 2994; x_wconf 88' lang='lat' dir='ltr'>lum</span> <span class='ocrx_word' id='word_1_390' title='bbox 2168 2934 2379 3007; x_wconf 82' lang='lat' dir='ltr'>vigiliis</span> <span class='ocrx_word' id='word_1_391' title='bbox 2407 2937 2464 2989; x_wconf 89' lang='lat' dir='ltr'>et</span> <span class='ocrx_word' id='word_1_392' title='bbox 2516 2932 2892 2989; x_wconf 83' lang='lat' dir='ltr'>orationibus</span> <span class='ocrx_word' id='word_1_393' title='bbox 2919 2929 3139 2987; x_wconf 68' lang='lat' dir='ltr'>animae</span> <span class='ocrx_word' id='word_1_394' title='bbox 3168 2944 3295 2987; x_wconf 77' lang='lat' dir='ltr'>suae</span> <span class='ocrx_word' id='word_1_395' title='bbox 3343 2931 3484 2990; x_wconf 81' lang='lat' dir='ltr'>fecit</span> <span class='ocrx_word' id='word_1_396' title='bbox 3528 2949 3660 2991; x_wconf 86' lang='lat' dir='ltr'>esse</span> 
     </span>
    </p>
   </div>
   <div class='ocr_carea' id='block_1_63' title="bbox 204 3018 3661 3100">
    <p class='ocr_par' dir='ltr' id='par_1_63' title="bbox 204 3018 3661 3100">
     <span class='ocr_line' id='line_1_63' title="bbox 204 3018 3661 3100; baseline 0.002 -25"><span class='ocrx_word' id='word_1_397' title='bbox 204 3020 325 3093; x_wconf 87' lang='lat' dir='ltr'>qui</span> <span class='ocrx_word' id='word_1_398' title='bbox 370 3019 598 3086; x_wconf 80' lang='lat' dir='ltr'>cecidit,</span> <span class='ocrx_word' id='word_1_399' title='bbox 647 3018 894 3092; x_wconf 82' lang='lat' dir='ltr'>quando</span> <span class='ocrx_word' id='word_1_400' title='bbox 938 3020 1336 3088; x_wconf 76' lang='lat' dir='ltr'>arcliangelus</span> <span class='ocrx_word' id='word_1_401' title='bbox 1377 3038 1489 3095; x_wconf 86' lang='lat' dir='ltr'>per</span> <span class='ocrx_word' id='word_1_402' title='bbox 1533 3024 1880 3095; x_wconf 87' lang='lat' dir='ltr'>superbiam</span> <span class='ocrx_word' id='word_1_403' title='bbox 1990 3026 2349 3100; x_wconf 77' lang='lat' dir='ltr'>proﬁcuum,</span> <span class='ocrx_word' id='word_1_404' title='bbox 2399 3023 2505 3078; x_wconf 88' lang='lat' dir='ltr'>sed</span> <span class='ocrx_word' id='word_1_405' title='bbox 2551 3022 2735 3078; x_wconf 86' lang='lat' dir='ltr'>etiam</span> <span class='ocrx_word' id='word_1_406' title='bbox 2778 3020 3157 3077; x_wconf 85' lang='lat' dir='ltr'>eleemosiuis</span> <span class='ocrx_word' id='word_1_407' title='bbox 3199 3035 3359 3094; x_wconf 86' lang='lat' dir='ltr'>opus</span> <span class='ocrx_word' id='word_1_408' title='bbox 3388 3028 3449 3079; x_wconf 88' lang='lat' dir='ltr'>et</span> <span class='ocrx_word' id='word_1_409' title='bbox 3476 3023 3661 3081; x_wconf 84' lang='lat' dir='ltr'>decus</span> 
     </span>
    </p>
   </div>
   <div class='ocr_carea' id='block_1_64' title="bbox 205 3107 1380 3181">
    <p class='ocr_par' dir='ltr' id='par_1_64' title="bbox 205 3107 1380 3181">
     <span class='ocr_line' id='line_1_64' title="bbox 205 3107 1380 3181; baseline -0.003 -16"><span class='ocrx_word' id='word_1_410' title='bbox 205 3125 359 3165; x_wconf 75' lang='lat' dir='ltr'>cum</span> <span class='ocrx_word' id='word_1_411' title='bbox 392 3107 516 3164; x_wconf 84' lang='lat' dir='ltr'>suis</span> <span class='ocrx_word' id='word_1_412' title='bbox 541 3109 901 3181; x_wconf 80' lang='lat' dir='ltr'>sequacibus</span> <span class='ocrx_word' id='word_1_413' title='bbox 932 3109 1313 3181; x_wconf 84' lang='lat' dir='ltr'>apostatavit.</span> <span class='ocrx_word' id='word_1_414' title='bbox 1351 3133 1380 3161; x_wconf 63' lang='grc' dir='ltr'><strong>κ</strong></span> 
     </span>
    </p>
   </div>
   <div class='ocr_carea' id='block_1_65' title="bbox 837 3198 1264 3255">
    <p class='ocr_par' dir='ltr' id='par_1_65' title="bbox 837 3198 1264 3255">
     <span class='ocr_line' id='line_1_65' title="bbox 837 3198 1264 3255; baseline 0 -2"><span class='ocrx_word' id='word_1_415' title='bbox 837 3198 1264 3255; x_wconf 71' lang='lat' dir='ltr'>Ammonicz&#39;us.</span> 
     </span>
    </p>
   </div>
   <div class='ocr_carea' id='block_1_66' title="bbox 294 3287 1885 3362">
    <p class='ocr_par' dir='ltr' id='par_1_66' title="bbox 294 3287 1885 3362">
     <span class='ocr_line' id='line_1_66' title="bbox 294 3287 1885 3362; baseline 0.004 -22"><span class='ocrx_word' id='word_1_416' title='bbox 294 3310 324 3340; x_wconf 72' lang='grc' dir='ltr'><strong>α</strong></span> <span class='ocrx_word' id='word_1_417' title='bbox 354 3290 436 3345; x_wconf 68' lang='lat' dir='ltr'>Me</span> <span class='ocrx_word' id='word_1_418' title='bbox 470 3287 879 3360; x_wconf 81' lang='lat' dir='ltr'>quorumdam</span> <span class='ocrx_word' id='word_1_419' title='bbox 909 3287 1423 3360; x_wconf 85' lang='lat' dir='ltr'>perturbationem</span> <span class='ocrx_word' id='word_1_420' title='bbox 1454 3294 1759 3362; x_wconf 69' lang='lat' dir='ltr'>quaerente</span> <span class='ocrx_word' id='word_1_421' title='bbox 1790 3304 1885 3347; x_wconf 88' lang='lat' dir='ltr'>su-</span> 
     </span>
    </p>
   </div>
   <div class='ocr_carea' id='block_1_67' title="bbox 205 3376 1884 3453">
    <p class='ocr_par' dir='ltr' id='par_1_67' title="bbox 205 3376 1884 3453">
     <span class='ocr_line' id='line_1_67' title="bbox 205 3376 1884 3453; baseline 0.003 -22"><span class='ocrx_word' id='word_1_422' title='bbox 205 3393 331 3453; x_wconf 85' lang='lat' dir='ltr'>per</span> <span class='ocrx_word' id='word_1_423' title='bbox 381 3376 790 3450; x_wconf 86' lang='lat' dir='ltr'>insipientium</span> <span class='ocrx_word' id='word_1_424' title='bbox 845 3391 1070 3432; x_wconf 84' lang='lat' dir='ltr'>vesana</span> <span class='ocrx_word' id='word_1_425' title='bbox 1125 3379 1473 3443; x_wconf 72' lang='lat' dir='ltr'>temeritate,</span> <span class='ocrx_word' id='word_1_426' title='bbox 1525 3393 1651 3436; x_wconf 84' lang='lat' dir='ltr'>non</span> <span class='ocrx_word' id='word_1_427' title='bbox 1688 3380 1884 3436; x_wconf 86' lang='lat' dir='ltr'>solum</span> 
     </span>
    </p>
   </div>
   <div class='ocr_carea' id='block_1_68' title="bbox 205 3463 1883 3541">
    <p class='ocr_par' dir='ltr' id='par_1_68' title="bbox 205 3463 1883 3541">
     <span class='ocr_line' id='line_1_68' title="bbox 205 3463 1883 3541; baseline 0.001 -18"><span class='ocrx_word' id='word_1_428' title='bbox 205 3466 479 3541; x_wconf 85' lang='lat' dir='ltr'>qualiter</span> <span class='ocrx_word' id='word_1_429' title='bbox 504 3465 620 3521; x_wconf 86' lang='lat' dir='ltr'>sint</span> <span class='ocrx_word' id='word_1_430' title='bbox 644 3463 936 3522; x_wconf 85' lang='lat' dir='ltr'>tolerandi</span> <span class='ocrx_word' id='word_1_431' title='bbox 988 3465 1151 3521; x_wconf 84' lang='lat' dir='ltr'>brevi</span> <span class='ocrx_word' id='word_1_432' title='bbox 1198 3466 1495 3524; x_wconf 87' lang='lat' dir='ltr'>versiculo</span> <span class='ocrx_word' id='word_1_433' title='bbox 1538 3470 1883 3541; x_wconf 82' lang='lat' dir='ltr'>exposuisti,</span> 
     </span>
    </p>
   </div>
   <div class='ocr_carea' id='block_1_69' title="bbox 208 3555 1888 3627">
    <p class='ocr_par' dir='ltr' id='par_1_69' title="bbox 208 3555 1888 3627">
     <span class='ocr_line' id='line_1_69' title="bbox 208 3555 1888 3627; baseline 0 -12"><span class='ocrx_word' id='word_1_434' title='bbox 208 3556 331 3615; x_wconf 81' lang='lat' dir='ltr'>sed</span> <span class='ocrx_word' id='word_1_435' title='bbox 356 3556 535 3612; x_wconf 88' lang='lat' dir='ltr'>etiam</span> <span class='ocrx_word' id='word_1_436' title='bbox 558 3556 805 3627; x_wconf 86' lang='lat' dir='ltr'>insuper</span> <span class='ocrx_word' id='word_1_437' title='bbox 827 3555 1147 3611; x_wconf 83' lang='lat' dir='ltr'>terribilem</span> <span class='ocrx_word' id='word_1_438' title='bbox 1187 3564 1469 3614; x_wconf 71' lang='lat' dir='ltr'>extremm</span> <span class='ocrx_word' id='word_1_439' title='bbox 1496 3559 1888 3615; x_wconf 83' lang='lat' dir='ltr'>examinatio-</span> 
     </span>
    </p>
   </div>
   <div class='ocr_carea' id='block_1_70' title="bbox 206 3645 1888 3719">
    <p class='ocr_par' dir='ltr' id='par_1_70' title="bbox 206 3645 1888 3719">
     <span class='ocr_line' id='line_1_70' title="bbox 206 3645 1888 3719; baseline -0.001 -15"><span class='ocrx_word' id='word_1_440' title='bbox 206 3646 319 3704; x_wconf 80' lang='lat' dir='ltr'>nis</span> <span class='ocrx_word' id='word_1_441' title='bbox 341 3645 681 3701; x_wconf 87' lang='lat' dir='ltr'>invehendo</span> <span class='ocrx_word' id='word_1_442' title='bbox 723 3647 1102 3715; x_wconf 83' lang='lat' dir='ltr'>sententiam,</span> <span class='ocrx_word' id='word_1_443' title='bbox 1155 3652 1335 3719; x_wconf 87' lang='lat' dir='ltr'>atque</span> <span class='ocrx_word' id='word_1_444' title='bbox 1383 3654 1733 3705; x_wconf 87' lang='lat' dir='ltr'>sanctorum</span> <span class='ocrx_word' id='word_1_445' title='bbox 1764 3648 1888 3718; x_wconf 86' lang='lat' dir='ltr'>glo-</span> 
     </span>
    </p>
   </div>
   <div class='ocr_carea' id='block_1_71' title="bbox 217 3735 1890 3806">
    <p class='ocr_par' dir='ltr' id='par_1_71' title="bbox 217 3735 1890 3806">
     <span class='ocr_line' id='line_1_71' title="bbox 217 3735 1890 3806; baseline 0.001 -14"><span class='ocrx_word' id='word_1_446' title='bbox 217 3736 386 3792; x_wconf 79' lang='lat' dir='ltr'>riam</span> <span class='ocrx_word' id='word_1_447' title='bbox 410 3735 945 3793; x_wconf 86' lang='lat' dir='ltr'>commemorando</span> <span class='ocrx_word' id='word_1_448' title='bbox 972 3736 1381 3806; x_wconf 79' lang='lat' dir='ltr'>magniﬁcam,</span> <span class='ocrx_word' id='word_1_449' title='bbox 1413 3738 1575 3793; x_wconf 88' lang='lat' dir='ltr'>hunc</span> <span class='ocrx_word' id='word_1_450' title='bbox 1607 3738 1890 3795; x_wconf 88' lang='lat' dir='ltr'>eumdem</span> 
     </span>
    </p>
   </div>
   <div class='ocr_carea' id='block_1_72' title="bbox 214 3824 1890 3895">
    <p class='ocr_par' dir='ltr' id='par_1_72' title="bbox 214 3824 1890 3895">
     <span class='ocr_line' id='line_1_72' title="bbox 214 3824 1890 3895; baseline -0.001 -10"><span class='ocrx_word' id='word_1_451' title='bbox 214 3826 588 3887; x_wconf 75' lang='lat' dir='ltr'>versiculum</span> <span class='ocrx_word' id='word_1_452' title='bbox 631 3824 877 3882; x_wconf 67' lang='lat' dir='ltr'>effecisti</span> <span class='ocrx_word' id='word_1_453' title='bbox 910 3825 1103 3895; x_wconf 83' lang='lat' dir='ltr'>magis</span> <span class='ocrx_word' id='word_1_454' title='bbox 1152 3828 1505 3883; x_wconf 87' lang='lat' dir='ltr'>auctoritate</span> <span class='ocrx_word' id='word_1_455' title='bbox 1551 3827 1738 3885; x_wconf 85' lang='lat' dir='ltr'>divini</span> <span class='ocrx_word' id='word_1_456' title='bbox 1768 3844 1890 3885; x_wconf 85' lang='lat' dir='ltr'>ser-</span> 
     </span>
    </p>
   </div>
   <div class='ocr_carea' id='block_1_73' title="bbox 215 3914 1889 3988">
    <p class='ocr_par' dir='ltr' id='par_1_73' title="bbox 215 3914 1889 3988">
     <span class='ocr_line' id='line_1_73' title="bbox 215 3914 1889 3988; baseline -0.002 -14"><span class='ocrx_word' id='word_1_457' title='bbox 215 3914 431 3974; x_wconf 80' lang='lat' dir='ltr'>monis</span> <span class='ocrx_word' id='word_1_458' title='bbox 470 3915 881 3988; x_wconf 77' lang='lat' dir='ltr'>ponderosum</span> <span class='ocrx_word' id='word_1_459' title='bbox 936 3929 1125 3988; x_wconf 89' lang='lat' dir='ltr'>quam</span> <span class='ocrx_word' id='word_1_460' title='bbox 1172 3916 1509 3988; x_wconf 80' lang='lat' dir='ltr'>prolixitate</span> <span class='ocrx_word' id='word_1_461' title='bbox 1560 3928 1889 3971; x_wconf 86' lang='lat' dir='ltr'>morosum.</span> 
     </span>
    </p>
   </div>
   <div class='ocr_carea' id='block_1_74' title="bbox 216 4004 1897 4077">
    <p class='ocr_par' dir='ltr' id='par_1_74' title="bbox 216 4004 1897 4077">
     <span class='ocr_line' id='line_1_74' title="bbox 216 4004 1897 4077; baseline -0.002 -14"><span class='ocrx_word' id='word_1_462' title='bbox 216 4009 401 4063; x_wconf 74' lang='lat' dir='ltr'>Nunc</span> <span class='ocrx_word' id='word_1_463' title='bbox 430 4018 572 4074; x_wconf 88' lang='lat' dir='ltr'>ergo</span> <span class='ocrx_word' id='word_1_464' title='bbox 610 4009 961 4076; x_wconf 87' lang='lat' dir='ltr'>competens</span> <span class='ocrx_word' id='word_1_465' title='bbox 1006 4011 1113 4075; x_wconf 86' lang='lat' dir='ltr'>est,</span> <span class='ocrx_word' id='word_1_466' title='bbox 1144 4010 1464 4077; x_wconf 83' lang='lat' dir='ltr'>quatenus,</span> <span class='ocrx_word' id='word_1_467' title='bbox 1507 4005 1603 4060; x_wconf 87' lang='lat' dir='ltr'>his</span> <span class='ocrx_word' id='word_1_468' title='bbox 1651 4004 1897 4061; x_wconf 87' lang='lat' dir='ltr'>remotis</span> 
     </span>
    </p>
   </div>
   <div class='ocr_carea' id='block_1_75' title="bbox 215 4093 1898 4169">
    <p class='ocr_par' dir='ltr' id='par_1_75' title="bbox 215 4093 1898 4169">
     <span class='ocr_line' id='line_1_75' title="bbox 215 4093 1898 4169; baseline 0 -19"><span class='ocrx_word' id='word_1_469' title='bbox 215 4095 337 4169; x_wconf 84' lang='lat' dir='ltr'>qui</span> <span class='ocrx_word' id='word_1_470' title='bbox 369 4094 547 4150; x_wconf 85' lang='lat' dir='ltr'>nobis</span> <span class='ocrx_word' id='word_1_471' title='bbox 587 4093 669 4150; x_wconf 92' lang='lat' dir='ltr'>ob</span> <span class='ocrx_word' id='word_1_472' title='bbox 712 4094 1057 4151; x_wconf 74' lang='lat' dir='ltr'>induratum</span> <span class='ocrx_word' id='word_1_473' title='bbox 1087 4095 1181 4150; x_wconf 90' lang='lat' dir='ltr'>sui</span> <span class='ocrx_word' id='word_1_474' title='bbox 1228 4094 1613 4151; x_wconf 87' lang='lat' dir='ltr'>stoliditatem</span> <span class='ocrx_word' id='word_1_475' title='bbox 1649 4110 1781 4151; x_wconf 87' lang='lat' dir='ltr'>esse</span> <span class='ocrx_word' id='word_1_476' title='bbox 1807 4110 1898 4150; x_wconf 88' lang='lat' dir='ltr'>so-</span> 
     </span>
    </p>
   </div>
   <div class='ocr_carea' id='block_1_76' title="bbox 215 4181 1897 4256">
    <p class='ocr_par' dir='ltr' id='par_1_76' title="bbox 215 4181 1897 4256">
     <span class='ocr_line' id='line_1_76' title="bbox 215 4181 1897 4256; baseline -0.001 -17"><span class='ocrx_word' id='word_1_477' title='bbox 215 4184 358 4239; x_wconf 75' lang='lat' dir='ltr'>lent</span> <span class='ocrx_word' id='word_1_478' title='bbox 382 4181 573 4239; x_wconf 83' lang='lat' dir='ltr'>labori</span> <span class='ocrx_word' id='word_1_479' title='bbox 605 4182 803 4255; x_wconf 86' lang='lat' dir='ltr'>potius</span> <span class='ocrx_word' id='word_1_480' title='bbox 833 4198 1018 4255; x_wconf 85' lang='lat' dir='ltr'>quam</span> <span class='ocrx_word' id='word_1_481' title='bbox 1051 4185 1206 4251; x_wconf 86' lang='lat' dir='ltr'>usui,</span> <span class='ocrx_word' id='word_1_482' title='bbox 1241 4183 1464 4256; x_wconf 85' lang='lat' dir='ltr'>stylum</span> <span class='ocrx_word' id='word_1_483' title='bbox 1514 4183 1594 4239; x_wconf 88' lang='lat' dir='ltr'>ad</span> <span class='ocrx_word' id='word_1_484' title='bbox 1624 4199 1728 4240; x_wconf 88' lang='lat' dir='ltr'>eos</span> <span class='ocrx_word' id='word_1_485' title='bbox 1753 4198 1897 4240; x_wconf 89' lang='lat' dir='ltr'>con-</span> 
     </span>
    </p>
   </div>
   <div class='ocr_carea' id='block_1_77' title="bbox 216 4272 1897 4345">
    <p class='ocr_par' dir='ltr' id='par_1_77' title="bbox 216 4272 1897 4345">
     <span class='ocr_line' id='line_1_77' title="bbox 216 4272 1897 4345; baseline -0.001 -16"><span class='ocrx_word' id='word_1_486' title='bbox 216 4277 434 4329; x_wconf 73' lang='lat' dir='ltr'>vertas</span> <span class='ocrx_word' id='word_1_487' title='bbox 487 4272 592 4345; x_wconf 88' lang='lat' dir='ltr'>qui</span> <span class='ocrx_word' id='word_1_488' title='bbox 650 4276 772 4329; x_wconf 88' lang='lat' dir='ltr'>tota</span> <span class='ocrx_word' id='word_1_489' title='bbox 827 4273 1034 4329; x_wconf 89' lang='lat' dir='ltr'>virtute</span> <span class='ocrx_word' id='word_1_490' title='bbox 1089 4274 1470 4330; x_wconf 88' lang='lat' dir='ltr'>conabantur</span> <span class='ocrx_word' id='word_1_491' title='bbox 1523 4273 1650 4329; x_wconf 83' lang='lat' dir='ltr'>vias</span> <span class='ocrx_word' id='word_1_492' title='bbox 1701 4273 1897 4330; x_wconf 89' lang='lat' dir='ltr'>bonas</span> 
     </span>
    </p>
   </div>
   <div class='ocr_carea' id='block_1_78' title="bbox 1992 3110 3661 3186">
    <p class='ocr_par' dir='ltr' id='par_1_78' title="bbox 1992 3110 3661 3186">
     <span class='ocr_line' id='line_1_78' title="bbox 1992 3110 3661 3186; baseline -0.01 -14"><span class='ocrx_word' id='word_1_493' title='bbox 1992 3115 2307 3185; x_wconf 85' lang='lat' dir='ltr'>adaugens</span> <span class='ocrx_word' id='word_1_494' title='bbox 2336 3113 2511 3168; x_wconf 66' lang='lat' dir='ltr'>bona:</span> <span class='ocrx_word' id='word_1_495' title='bbox 2530 3111 2870 3181; x_wconf 83' lang='lat' dir='ltr'>voluntatis,</span> <span class='ocrx_word' id='word_1_496' title='bbox 2899 3113 3090 3167; x_wconf 87' lang='lat' dir='ltr'>totum</span> <span class='ocrx_word' id='word_1_497' title='bbox 3116 3110 3281 3183; x_wconf 77' lang='lat' dir='ltr'>quod</span> <span class='ocrx_word' id='word_1_498' title='bbox 3311 3112 3539 3170; x_wconf 75' lang='lat' dir='ltr'>habere</span> <span class='ocrx_word' id='word_1_499' title='bbox 3557 3128 3661 3186; x_wconf 82' lang='lat' dir='ltr'>po-</span> 
     </span>
    </p>
   </div>
   <div class='ocr_carea' id='block_1_79' title="bbox 1994 3199 3663 3278">
    <p class='ocr_par' dir='ltr' id='par_1_79' title="bbox 1994 3199 3663 3278">
     <span class='ocr_line' id='line_1_79' title="bbox 1994 3199 3663 3278; baseline -0.001 -17"><span class='ocrx_word' id='word_1_500' title='bbox 1994 3206 2103 3262; x_wconf 87' lang='lat' dir='ltr'>tuit</span> <span class='ocrx_word' id='word_1_501' title='bbox 2131 3221 2238 3278; x_wconf 88' lang='lat' dir='ltr'>per</span> <span class='ocrx_word' id='word_1_502' title='bbox 2267 3216 2485 3259; x_wconf 87' lang='lat' dir='ltr'>manus</span> <span class='ocrx_word' id='word_1_503' title='bbox 2514 3215 2853 3274; x_wconf 83' lang='lat' dir='ltr'>pauperum</span> <span class='ocrx_word' id='word_1_504' title='bbox 2874 3200 2937 3255; x_wconf 88' lang='lat' dir='ltr'>in</span> <span class='ocrx_word' id='word_1_505' title='bbox 2967 3199 3473 3271; x_wconf 81' lang='lat' dir='ltr'>gazophylacium</span> <span class='ocrx_word' id='word_1_506' title='bbox 3504 3201 3663 3259; x_wconf 86' lang='lat' dir='ltr'>Chri-</span> 
     </span>
    </p>
   </div>
   <div class='ocr_carea' id='block_1_80' title="bbox 1994 3288 3658 3364">
    <p class='ocr_par' dir='ltr' id='par_1_80' title="bbox 1994 3288 3658 3364">
     <span class='ocr_line' id='line_1_80' title="bbox 1994 3288 3658 3364; baseline -0.002 -13"><span class='ocrx_word' id='word_1_507' title='bbox 1994 3296 2063 3351; x_wconf 87' lang='lat' dir='ltr'>sti</span> <span class='ocrx_word' id='word_1_508' title='bbox 2097 3292 2460 3360; x_wconf 85' lang='lat' dir='ltr'>transmisit;</span> <span class='ocrx_word' id='word_1_509' title='bbox 2494 3293 2701 3364; x_wconf 87' lang='lat' dir='ltr'>sicque</span> <span class='ocrx_word' id='word_1_510' title='bbox 2740 3292 2939 3363; x_wconf 85' lang='lat' dir='ltr'>partes</span> <span class='ocrx_word' id='word_1_511' title='bbox 2981 3288 3228 3344; x_wconf 88' lang='lat' dir='ltr'>Orientis</span> <span class='ocrx_word' id='word_1_512' title='bbox 3258 3295 3658 3362; x_wconf 86' lang='lat' dir='ltr'>perrecturus,</span> 
     </span>
    </p>
   </div>
   <div class='ocr_carea' id='block_1_81' title="bbox 1993 3376 3661 3455">
    <p class='ocr_par' dir='ltr' id='par_1_81' title="bbox 1993 3376 3661 3455">
     <span class='ocr_line' id='line_1_81' title="bbox 1993 3376 3661 3455; baseline -0.002 -17"><span class='ocrx_word' id='word_1_513' title='bbox 1993 3383 2077 3438; x_wconf 84' lang='lat' dir='ltr'>illi</span> <span class='ocrx_word' id='word_1_514' title='bbox 2097 3381 2203 3455; x_wconf 89' lang='lat' dir='ltr'>qui</span> <span class='ocrx_word' id='word_1_515' title='bbox 2228 3381 2415 3437; x_wconf 82' lang='lat' dir='ltr'>nescit</span> <span class='ocrx_word' id='word_1_516' title='bbox 2438 3394 2745 3447; x_wconf 90' lang='lat' dir='ltr'>occasum,</span> <span class='ocrx_word' id='word_1_517' title='bbox 2797 3377 2933 3433; x_wconf 67' lang='lat' dir='ltr'>vitae</span> <span class='ocrx_word' id='word_1_518' title='bbox 2966 3392 3086 3432; x_wconf 73' lang='lat' dir='ltr'>sure</span> <span class='ocrx_word' id='word_1_519' title='bbox 3119 3376 3341 3433; x_wconf 84' lang='lat' dir='ltr'>sedulis</span> <span class='ocrx_word' id='word_1_520' title='bbox 3380 3378 3661 3452; x_wconf 87' lang='lat' dir='ltr'>precibus</span> 
     </span>
    </p>
   </div>
   <div class='ocr_carea' id='block_1_82' title="bbox 1996 3465 3663 3539">
    <p class='ocr_par' dir='ltr' id='par_1_82' title="bbox 1996 3465 3663 3539">
     <span class='ocr_line' id='line_1_82' title="bbox 1996 3465 3663 3539; baseline -0.002 -11"><span class='ocrx_word' id='word_1_521' title='bbox 1996 3469 2447 3528; x_wconf 88' lang='lat' dir='ltr'>commendavit</span> <span class='ocrx_word' id='word_1_522' title='bbox 2470 3482 2808 3523; x_wconf 78' lang='lat' dir='ltr'>excursum.</span> <span class='ocrx_word' id='word_1_523' title='bbox 2843 3468 3115 3539; x_wconf 84' lang='lat' dir='ltr'>Cumque</span> <span class='ocrx_word' id='word_1_524' title='bbox 3143 3482 3250 3539; x_wconf 89' lang='lat' dir='ltr'>per</span> <span class='ocrx_word' id='word_1_525' title='bbox 3272 3465 3531 3524; x_wconf 80' lang='lat' dir='ltr'>Danubii</span> <span class='ocrx_word' id='word_1_526' title='bbox 3557 3466 3663 3523; x_wconf 79' lang='lat' dir='ltr'>de-</span> 
     </span>
    </p>
   </div>
   <div class='ocr_carea' id='block_1_83' title="bbox 1998 3554 3665 3629">
    <p class='ocr_par' dir='ltr' id='par_1_83' title="bbox 1998 3554 3665 3629">
     <span class='ocr_line' id='line_1_83' title="bbox 1998 3554 3665 3629; baseline -0.002 -12"><span class='ocrx_word' id='word_1_527' title='bbox 1998 3576 2245 3617; x_wconf 84' lang='lat' dir='ltr'>cursum</span> <span class='ocrx_word' id='word_1_528' title='bbox 2271 3563 2518 3614; x_wconf 86' lang='lat' dir='ltr'>veutum</span> <span class='ocrx_word' id='word_1_529' title='bbox 2544 3561 2697 3613; x_wconf 86' lang='lat' dir='ltr'>esset</span> <span class='ocrx_word' id='word_1_530' title='bbox 2720 3556 2781 3611; x_wconf 92' lang='lat' dir='ltr'>in</span> <span class='ocrx_word' id='word_1_531' title='bbox 2802 3554 2951 3629; x_wconf 81' lang='lat' dir='ltr'>pubi</span> <span class='ocrx_word' id='word_1_532' title='bbox 2977 3555 3055 3611; x_wconf 90' lang='lat' dir='ltr'>ad</span> <span class='ocrx_word' id='word_1_533' title='bbox 3085 3555 3287 3612; x_wconf 86' lang='lat' dir='ltr'>locum</span> <span class='ocrx_word' id='word_1_534' title='bbox 3312 3556 3423 3629; x_wconf 82' lang='lat' dir='ltr'>qui</span> <span class='ocrx_word' id='word_1_535' title='bbox 3448 3555 3665 3613; x_wconf 78' lang='lat' dir='ltr'>dicitur</span> 
     </span>
    </p>
   </div>
   <div class='ocr_carea' id='block_1_84' title="bbox 1999 3645 3664 3724">
    <p class='ocr_par' dir='ltr' id='par_1_84' title="bbox 1999 3645 3664 3724">
     <span class='ocr_line' id='line_1_84' title="bbox 1999 3645 3664 3724; baseline -0.004 -17"><span class='ocrx_word' id='word_1_536' title='bbox 1999 3651 2314 3724; x_wconf 86' lang='lat' dir='ltr'>Puppinga</span> <span class='ocrx_word' id='word_1_537' title='bbox 2340 3650 2505 3721; x_wconf 69' lang='grc'>(434),</span> <span class='ocrx_word' id='word_1_538' title='bbox 2562 3647 2719 3703; x_wconf 78' lang='lat' dir='ltr'>ultra</span> <span class='ocrx_word' id='word_1_539' title='bbox 2761 3646 2871 3701; x_wconf 89' lang='lat' dir='ltr'>iter</span> <span class='ocrx_word' id='word_1_540' title='bbox 2924 3645 3171 3701; x_wconf 85' lang='lat' dir='ltr'>tendere</span> <span class='ocrx_word' id='word_1_541' title='bbox 3223 3661 3347 3703; x_wconf 84' lang='lat' dir='ltr'>non</span> <span class='ocrx_word' id='word_1_542' title='bbox 3402 3646 3664 3716; x_wconf 77' lang='lat' dir='ltr'>valebat,</span> 
     </span>
    </p>
   </div>
   <div class='ocr_carea' id='block_1_85' title="bbox 1999 3734 3662 3812">
    <p class='ocr_par' dir='ltr' id='par_1_85' title="bbox 1999 3734 3662 3812">
     <span class='ocr_line' id='line_1_85' title="bbox 1999 3734 3662 3812; baseline -0.002 -17"><span class='ocrx_word' id='word_1_543' title='bbox 1999 3740 2146 3812; x_wconf 88' lang='lat' dir='ltr'>quia</span> <span class='ocrx_word' id='word_1_544' title='bbox 2196 3744 2431 3810; x_wconf 88' lang='lat' dir='ltr'>tempus</span> <span class='ocrx_word' id='word_1_545' title='bbox 2498 3734 2881 3791; x_wconf 84' lang='lat' dir='ltr'>resolutionis</span> <span class='ocrx_word' id='word_1_546' title='bbox 2950 3734 3266 3803; x_wconf 84' lang='lat' dir='ltr'>instabat;</span> <span class='ocrx_word' id='word_1_547' title='bbox 3323 3734 3407 3791; x_wconf 85' lang='lat' dir='ltr'>ibi</span> <span class='ocrx_word' id='word_1_548' title='bbox 3480 3735 3662 3803; x_wconf 78' lang='lat' dir='ltr'>enim,</span> 
     </span>
    </p>
   </div>
   <div class='ocr_carea' id='block_1_86' title="bbox 2001 3822 3666 3900">
    <p class='ocr_par' dir='ltr' id='par_1_86' title="bbox 2001 3822 3666 3900">
     <span class='ocr_line' id='line_1_86' title="bbox 2001 3822 3666 3900; baseline -0.003 -18"><span class='ocrx_word' id='word_1_549' title='bbox 2001 3842 2267 3900; x_wconf 85' lang='lat' dir='ltr'>superna</span> <span class='ocrx_word' id='word_1_550' title='bbox 2324 3841 2389 3882; x_wconf 84' lang='lat' dir='ltr'>se</span> <span class='ocrx_word' id='word_1_551' title='bbox 2438 3823 2713 3880; x_wconf 87' lang='lat' dir='ltr'>visitante</span> <span class='ocrx_word' id='word_1_552' title='bbox 2762 3822 2973 3892; x_wconf 83' lang='lat' dir='ltr'>gratia,</span> <span class='ocrx_word' id='word_1_553' title='bbox 3030 3822 3316 3891; x_wconf 81' lang='lat' dir='ltr'>cognovit</span> <span class='ocrx_word' id='word_1_554' title='bbox 3379 3822 3499 3877; x_wconf 90' lang='lat' dir='ltr'>cito</span> <span class='ocrx_word' id='word_1_555' title='bbox 3540 3822 3666 3877; x_wconf 83' lang='lat' dir='ltr'>fore</span> 
     </span>
    </p>
   </div>
   <div class='ocr_carea' id='block_1_87' title="bbox 2003 3907 3667 3988">
    <p class='ocr_par' dir='ltr' id='par_1_87' title="bbox 2003 3907 3667 3988">
     <span class='ocr_line' id='line_1_87' title="bbox 2003 3907 3667 3988; baseline -0.005 -15"><span class='ocrx_word' id='word_1_556' title='bbox 2003 3913 2365 3988; x_wconf 89' lang='lat' dir='ltr'>complenda</span> <span class='ocrx_word' id='word_1_557' title='bbox 2411 3928 2555 3986; x_wconf 64' lang='lat' dir='ltr'>quae</span> <span class='ocrx_word' id='word_1_558' title='bbox 2598 3911 2710 3967; x_wconf 66' lang='lat' dir='ltr'>sxbi</span> <span class='ocrx_word' id='word_1_559' title='bbox 2766 3924 2873 3983; x_wconf 89' lang='lat' dir='ltr'>per</span> <span class='ocrx_word' id='word_1_560' title='bbox 2919 3908 3215 3964; x_wconf 88' lang='lat' dir='ltr'>visionem</span> <span class='ocrx_word' id='word_1_561' title='bbox 3262 3907 3442 3979; x_wconf 86' lang='lat' dir='ltr'>longe</span> <span class='ocrx_word' id='word_1_562' title='bbox 3489 3912 3667 3966; x_wconf 83' lang='lat' dir='ltr'>antea</span> 
     </span>
    </p>
   </div>
   <div class='ocr_carea' id='block_1_88' title="bbox 2004 4001 2609 4062">
    <p class='ocr_par' dir='ltr' id='par_1_88' title="bbox 2004 4001 2609 4062">
     <span class='ocr_line' id='line_1_88' title="bbox 2004 4001 2609 4062; baseline -0.021 0"><span class='ocrx_word' id='word_1_563' title='bbox 2004 4007 2239 4062; x_wconf 79' lang='lat' dir='ltr'>fuerant</span> <span class='ocrx_word' id='word_1_564' title='bbox 2266 4001 2545 4059; x_wconf 85' lang='lat' dir='ltr'>revelata.</span> <span class='ocrx_word' id='word_1_565' title='bbox 2580 4022 2609 4049; x_wconf 83' lang='lat'><em>»</em></span> 
     </span>
    </p>
   </div>
   <div class='ocr_carea' id='block_1_89' title="bbox 2624 4087 3055 4144">
    <p class='ocr_par' dir='ltr' id='par_1_89' title="bbox 2624 4087 3055 4144">
     <span class='ocr_line' id='line_1_89' title="bbox 2624 4087 3055 4144; baseline 0.002 -3"><span class='ocrx_word' id='word_1_566' title='bbox 2624 4087 3055 4144; x_wconf 70' lang='lat' dir='ltr'>Ammonicius.</span> 
     </span>
    </p>
   </div>
   <div class='ocr_carea' id='block_1_90' title="bbox 2081 4174 3673 4252">
    <p class='ocr_par' dir='ltr' id='par_1_90' title="bbox 2081 4174 3673 4252">
     <span class='ocr_line' id='line_1_90' title="bbox 2081 4174 3673 4252; baseline 0 -20"><span class='ocrx_word' id='word_1_567' title='bbox 2081 4206 2110 4232; x_wconf 86' lang='grc'>‹‹</span> <span class='ocrx_word' id='word_1_568' title='bbox 2144 4180 2325 4252; x_wconf 88' lang='lat' dir='ltr'>Cujus</span> <span class='ocrx_word' id='word_1_569' title='bbox 2366 4177 2449 4233; x_wconf 87' lang='lat' dir='ltr'>rei</span> <span class='ocrx_word' id='word_1_570' title='bbox 2497 4174 2923 4231; x_wconf 84' lang='lat' dir='ltr'>revelationem</span> <span class='ocrx_word' id='word_1_571' title='bbox 2975 4175 3289 4248; x_wconf 84' lang='lat' dir='ltr'>acceperit.</span> <span class='ocrx_word' id='word_1_572' title='bbox 3323 4180 3380 4233; x_wconf 85' lang='lat' dir='ltr'>et</span> <span class='ocrx_word' id='word_1_573' title='bbox 3409 4175 3537 4247; x_wconf 86' lang='lat' dir='ltr'>ubi,</span> <span class='ocrx_word' id='word_1_574' title='bbox 3568 4179 3673 4232; x_wconf 85' lang='lat' dir='ltr'>aut</span> 
     </span>
    </p>
   </div>
   <div class='ocr_carea' id='block_1_91' title="bbox 2010 4262 3674 4347">
    <p class='ocr_par' dir='ltr' id='par_1_91' title="bbox 2010 4262 3674 4347">
     <span class='ocr_line' id='line_1_91' title="bbox 2010 4262 3674 4347; baseline -0.005 -19"><span class='ocrx_word' id='word_1_575' title='bbox 2010 4269 2279 4347; x_wconf 88' lang='lat' dir='ltr'>quando,</span> <span class='ocrx_word' id='word_1_576' title='bbox 2308 4266 2432 4323; x_wconf 90' lang='lat' dir='ltr'>sive</span> <span class='ocrx_word' id='word_1_577' title='bbox 2457 4279 2563 4338; x_wconf 89' lang='lat' dir='ltr'>per</span> <span class='ocrx_word' id='word_1_578' title='bbox 2590 4278 2773 4336; x_wconf 83' lang='lat' dir='ltr'>quem</span> <span class='ocrx_word' id='word_1_579' title='bbox 2805 4279 2942 4319; x_wconf 88' lang='lat' dir='ltr'>eam</span> <span class='ocrx_word' id='word_1_580' title='bbox 2966 4262 3256 4331; x_wconf 81' lang='lat' dir='ltr'>didicerit,</span> <span class='ocrx_word' id='word_1_581' title='bbox 3285 4264 3567 4333; x_wconf 87' lang='lat' dir='ltr'>admone,</span> <span class='ocrx_word' id='word_1_582' title='bbox 3597 4279 3674 4320; x_wconf 92' lang='lat' dir='ltr'>ne</span> 
     </span>
    </p>
   </div>
   <div class='ocr_carea' id='block_1_92' title="bbox 223 4352 3677 4435">
    <p class='ocr_par' dir='ltr' id='par_1_92' title="bbox 223 4352 3677 4435">
     <span class='ocr_line' id='line_1_92' title="bbox 223 4352 3677 4435; baseline -0.003 -18"><span class='ocrx_word' id='word_1_583' title='bbox 223 4360 569 4427; x_wconf 79' lang='lat' dir='ltr'>ambulare,</span> <span class='ocrx_word' id='word_1_584' title='bbox 596 4364 657 4416; x_wconf 88' lang='lat' dir='ltr'>et</span> <span class='ocrx_word' id='word_1_585' title='bbox 685 4363 1021 4419; x_wconf 86' lang='lat' dir='ltr'>Creatorem</span> <span class='ocrx_word' id='word_1_586' title='bbox 1050 4361 1112 4418; x_wconf 74' lang='lat' dir='ltr'>in</span> <span class='ocrx_word' id='word_1_587' title='bbox 1150 4362 1435 4418; x_wconf 84' lang='lat' dir='ltr'>omnibus</span> <span class='ocrx_word' id='word_1_588' title='bbox 1464 4362 1747 4435; x_wconf 87' lang='lat' dir='ltr'>operibus</span> <span class='ocrx_word' id='word_1_589' title='bbox 1777 4363 1900 4422; x_wconf 86' lang='lat' dir='ltr'>suis</span> <span class='ocrx_word' id='word_1_590' title='bbox 1935 4352 1980 4371; x_wconf 77' lang='lat'><em>&quot;</em></span> <span class='ocrx_word' id='word_1_591' title='bbox 2011 4359 2243 4417; x_wconf 88' lang='lat' dir='ltr'>silentio</span> <span class='ocrx_word' id='word_1_592' title='bbox 2274 4352 2715 4429; x_wconf 81' lang='lat' dir='ltr'>suprimas,sed</span> <span class='ocrx_word' id='word_1_593' title='bbox 2741 4352 3016 4410; x_wconf 80' lang='lat' dir='ltr'>ebaritati</span> <span class='ocrx_word' id='word_1_594' title='bbox 3045 4352 3323 4411; x_wconf 69' lang='lat' dir='ltr'>fraternas</span> <span class='ocrx_word' id='word_1_595' title='bbox 3347 4353 3677 4410; x_wconf 78' lang='lat' dir='ltr'>luculenter</span> 
     </span>
    </p>
   </div>
   <div class='ocr_carea' id='block_1_93' title="bbox 227 4448 2396 4524">
    <p class='ocr_par' dir='ltr' id='par_1_93' title="bbox 227 4448 2396 4524">
     <span class='ocr_line' id='line_1_93' title="bbox 227 4448 2396 4524; baseline -0.001 -20"><span class='ocrx_word' id='word_1_596' title='bbox 227 4450 461 4521; x_wconf 78' lang='lat' dir='ltr'>optime</span> <span class='ocrx_word' id='word_1_597' title='bbox 488 4448 764 4504; x_wconf 88' lang='lat' dir='ltr'>noverint</span> <span class='ocrx_word' id='word_1_598' title='bbox 798 4449 1070 4507; x_wconf 87' lang='lat' dir='ltr'>laudare.</span> <span class='ocrx_word' id='word_1_599' title='bbox 1125 4452 1392 4516; x_wconf 84' lang='lat' dir='ltr'>Quorum</span> <span class='ocrx_word' id='word_1_600' title='bbox 1443 4455 1629 4521; x_wconf 83' lang='lat' dir='ltr'>gesta,</span> <span class='ocrx_word' id='word_1_601' title='bbox 1680 4451 1903 4524; x_wconf 88' lang='lat' dir='ltr'>quibus</span> <span class='ocrx_word' id='word_1_602' title='bbox 2011 4450 2331 4508; x_wconf 87' lang='lat' dir='ltr'>edisseras.</span> <span class='ocrx_word' id='word_1_603' title='bbox 2367 4467 2396 4494; x_wconf 73' lang='grc' dir='ltr'>ι»</span> 
     </span>
    </p>
   </div>
   <div class='ocr_carea' id='block_1_94' title="bbox 233 4538 1904 4613">
    <p class='ocr_par' dir='ltr' id='par_1_94' title="bbox 233 4538 1904 4613">
     <span class='ocr_line' id='line_1_94' title="bbox 233 4538 1904 4613; baseline 0.001 -19"><span class='ocrx_word' id='word_1_604' title='bbox 233 4538 354 4594; x_wconf 88' lang='lat' dir='ltr'>iter</span> <span class='ocrx_word' id='word_1_605' title='bbox 398 4538 595 4595; x_wconf 75' lang='lat' dir='ltr'>saeculi</span> <span class='ocrx_word' id='word_1_606' title='bbox 654 4540 967 4610; x_wconf 73' lang='lat' dir='ltr'>prmsentis</span> <span class='ocrx_word' id='word_1_607' title='bbox 1010 4540 1296 4607; x_wconf 82' lang='lat' dir='ltr'>triverint,</span> <span class='ocrx_word' id='word_1_608' title='bbox 1347 4540 1492 4613; x_wconf 88' lang='lat' dir='ltr'>quia</span> <span class='ocrx_word' id='word_1_609' title='bbox 1538 4545 1593 4595; x_wconf 88' lang='lat' dir='ltr'>te</span> <span class='ocrx_word' id='word_1_610' title='bbox 1643 4539 1904 4597; x_wconf 86' lang='lat' dir='ltr'>dictante</span> 
     </span>
    </p>
   </div>
   <div class='ocr_carea' id='block_1_95' title="bbox 224 4629 1908 4703">
    <p class='ocr_par' dir='ltr' id='par_1_95' title="bbox 224 4629 1908 4703">
     <span class='ocr_line' id='line_1_95' title="bbox 224 4629 1908 4703; baseline 0.001 -19"><span class='ocrx_word' id='word_1_611' title='bbox 224 4629 369 4701; x_wconf 76' lang='lat' dir='ltr'>jam</span> <span class='ocrx_word' id='word_1_612' title='bbox 410 4633 553 4684; x_wconf 85' lang='lat' dir='ltr'>sunt</span> <span class='ocrx_word' id='word_1_613' title='bbox 599 4643 675 4683; x_wconf 77' lang='lat' dir='ltr'>ex</span> <span class='ocrx_word' id='word_1_614' title='bbox 730 4635 898 4700; x_wconf 87' lang='lat' dir='ltr'>parte</span> <span class='ocrx_word' id='word_1_615' title='bbox 954 4629 1380 4685; x_wconf 85' lang='lat' dir='ltr'>commendata</span> <span class='ocrx_word' id='word_1_616' title='bbox 1434 4630 1743 4685; x_wconf 68' lang='lat' dir='ltr'>memoriae</span> <span class='ocrx_word' id='word_1_617' title='bbox 1803 4646 1908 4703; x_wconf 82' lang='lat' dir='ltr'>po-</span> 
     </span>
    </p>
   </div>
   <div class='ocr_carea' id='block_1_96' title="bbox 2653 4532 3046 4588">
    <p class='ocr_par' dir='ltr' id='par_1_96' title="bbox 2653 4532 3046 4588">
     <span class='ocr_line' id='line_1_96' title="bbox 2653 4532 3046 4588; baseline -0.005 0"><span class='ocrx_word' id='word_1_618' title='bbox 2653 4532 3046 4588; x_wconf 71' lang='lat' dir='ltr'>Collectr’t‘ius.</span> 
     </span>
    </p>
   </div>
   <div class='ocr_carea' id='block_1_97' title="bbox 2086 4615 3677 4701">
    <p class='ocr_par' dir='ltr' id='par_1_97' title="bbox 2086 4615 3677 4701">
     <span class='ocr_line' id='line_1_97' title="bbox 2086 4615 3677 4701; baseline -0.004 -24"><span class='ocrx_word' id='word_1_619' title='bbox 2086 4649 2115 4677; x_wconf 84' lang='grc'>‹‹</span> <span class='ocrx_word' id='word_1_620' title='bbox 2151 4625 2357 4683; x_wconf 82' lang='lat' dir='ltr'>Dicam</span> <span class='ocrx_word' id='word_1_621' title='bbox 2385 4621 2725 4701; x_wconf 78' lang='lat' dir='ltr'>scribamve</span> <span class='ocrx_word' id='word_1_622' title='bbox 2751 4620 2866 4675; x_wconf 87' lang='lat' dir='ltr'>hoc</span> <span class='ocrx_word' id='word_1_623' title='bbox 2882 4616 3282 4689; x_wconf 81' lang='lat' dir='ltr'>breviter,etsi</span> <span class='ocrx_word' id='word_1_624' title='bbox 3300 4630 3427 4673; x_wconf 84' lang='lat' dir='ltr'>non</span> <span class='ocrx_word' id='word_1_625' title='bbox 3450 4615 3677 4684; x_wconf 86' lang='lat' dir='ltr'>leviter,</span> 
     </span>
    </p>
   </div>
   <div class='ocr_carea' id='block_1_98' title="bbox 229 4702 3676 4793">
    <p class='ocr_par' dir='ltr' id='par_1_98' title="bbox 229 4702 3676 4793">
     <span class='ocr_line' id='line_1_98' title="bbox 229 4702 3676 4793; baseline -0.005 -18"><span class='ocrx_word' id='word_1_626' title='bbox 229 4716 422 4777; x_wconf 66' lang='lat' dir='ltr'>stillat</span> <span class='ocrx_word' id='word_1_627' title='bbox 464 4717 742 4783; x_wconf 65' lang='lat' dir='ltr'>clientas,</span> <span class='ocrx_word' id='word_1_628' title='bbox 775 4734 885 4775; x_wconf 86' lang='lat' dir='ltr'>nec</span> <span class='ocrx_word' id='word_1_629' title='bbox 916 4734 1037 4775; x_wconf 88' lang='lat' dir='ltr'>non</span> <span class='ocrx_word' id='word_1_630' title='bbox 1089 4719 1313 4775; x_wconf 80' lang='lat' dir='ltr'>laboris</span> <span class='ocrx_word' id='word_1_631' title='bbox 1367 4720 1447 4776; x_wconf 89' lang='lat' dir='ltr'>tui</span> <span class='ocrx_word' id='word_1_632' title='bbox 1499 4719 1739 4787; x_wconf 83' lang='lat' dir='ltr'>utilitas,</span> <span class='ocrx_word' id='word_1_633' title='bbox 1785 4702 1907 4793; x_wconf 85' lang='lat' dir='ltr'>quo</span> <span class='ocrx_word' id='word_1_634' title='bbox 2014 4716 2158 4792; x_wconf 86' lang='lat' dir='ltr'>quia</span> <span class='ocrx_word' id='word_1_635' title='bbox 2186 4728 2404 4771; x_wconf 86' lang='lat' dir='ltr'>cauma</span> <span class='ocrx_word' id='word_1_636' title='bbox 2424 4708 2685 4767; x_wconf 76' lang='lat' dir='ltr'>eestivale</span> <span class='ocrx_word' id='word_1_637' title='bbox 2710 4706 2850 4763; x_wconf 82' lang='lat' dir='ltr'>facit</span> <span class='ocrx_word' id='word_1_638' title='bbox 2873 4723 2945 4762; x_wconf 78' lang='lat' dir='ltr'>ex</span> <span class='ocrx_word' id='word_1_639' title='bbox 2965 4705 3309 4787; x_wconf 78' lang='lat' dir='ltr'>valetudine</span> <span class='ocrx_word' id='word_1_640' title='bbox 3335 4720 3433 4793; x_wconf 88' lang='lat' dir='ltr'>me</span> <span class='ocrx_word' id='word_1_641' title='bbox 3454 4702 3676 4793; x_wconf 81' lang='lat' dir='ltr'>dolere.</span> 
     </span>
    </p>
   </div>
   <div class='ocr_carea' id='block_1_99' title="bbox 228 4807 1905 4884">
    <p class='ocr_par' dir='ltr' id='par_1_99' title="bbox 228 4807 1905 4884">
     <span class='ocr_line' id='line_1_99' title="bbox 228 4807 1905 4884; baseline 0 -18"><span class='ocrx_word' id='word_1_642' title='bbox 228 4808 535 4880; x_wconf 81' lang='lat' dir='ltr'>deinceps</span> <span class='ocrx_word' id='word_1_643' title='bbox 555 4807 717 4864; x_wconf 84' lang='lat' dir='ltr'>haud</span> <span class='ocrx_word' id='word_1_644' title='bbox 745 4809 1057 4881; x_wconf 79' lang='lat' dir='ltr'>pigriteris.</span> <span class='ocrx_word' id='word_1_645' title='bbox 1100 4810 1383 4866; x_wconf 81' lang='lat' dir='ltr'>cudendo</span> <span class='ocrx_word' id='word_1_646' title='bbox 1409 4824 1757 4884; x_wconf 84' lang='lat' dir='ltr'>percurrere</span> <span class='ocrx_word' id='word_1_647' title='bbox 1782 4810 1905 4878; x_wconf 90' lang='lat' dir='ltr'>ubi,</span> 
     </span>
    </p>
   </div>
   <div class='ocr_carea' id='block_1_100' title="bbox 2018 4791 3683 4873">
    <p class='ocr_par' dir='ltr' id='par_1_100' title="bbox 2018 4791 3683 4873">
     <span class='ocr_line' id='line_1_100' title="bbox 2018 4791 3683 4873; baseline -0.009 -12"><span class='ocrx_word' id='word_1_648' title='bbox 2018 4791 2293 4872; x_wconf 86' lang='lat' dir='ltr'>Quodam</span> <span class='ocrx_word' id='word_1_649' title='bbox 2323 4800 2490 4873; x_wconf 89' lang='lat' dir='ltr'>atqui</span> <span class='ocrx_word' id='word_1_650' title='bbox 2516 4805 2781 4869; x_wconf 88' lang='lat' dir='ltr'>tempore</span> <span class='ocrx_word' id='word_1_651' title='bbox 2813 4810 2953 4851; x_wconf 87' lang='lat' dir='ltr'>cum</span> <span class='ocrx_word' id='word_1_652' title='bbox 2978 4794 3037 4849; x_wconf 92' lang='lat' dir='ltr'>in</span> <span class='ocrx_word' id='word_1_653' title='bbox 3064 4791 3419 4850; x_wconf 74' lang='lat' dir='ltr'>Alamaunia</span> <span class='ocrx_word' id='word_1_654' title='bbox 3447 4791 3683 4864; x_wconf 83' lang='lat' dir='ltr'>positus</span> 
     </span>
    </p>
   </div>
   <div class='ocr_carea' id='block_1_101' title="bbox 234 4881 3685 4971">
    <p class='ocr_par' dir='ltr' id='par_1_101' title="bbox 234 4881 3685 4971">
     <span class='ocr_line' id='line_1_101' title="bbox 234 4881 3685 4971; baseline -0.004 -19"><span class='ocrx_word' id='word_1_655' title='bbox 234 4897 519 4971; x_wconf 86' lang='lat' dir='ltr'>quando,</span> <span class='ocrx_word' id='word_1_656' title='bbox 555 4896 647 4952; x_wconf 83' lang='lat' dir='ltr'>vel</span> <span class='ocrx_word' id='word_1_657' title='bbox 670 4899 985 4969; x_wconf 88' lang='lat' dir='ltr'>quomodo</span> <span class='ocrx_word' id='word_1_658' title='bbox 1011 4899 1087 4954; x_wconf 89' lang='lat' dir='ltr'>de</span> <span class='ocrx_word' id='word_1_659' title='bbox 1118 4900 1231 4955; x_wconf 84' lang='lat' dir='ltr'>bac</span> <span class='ocrx_word' id='word_1_660' title='bbox 1261 4899 1379 4956; x_wconf 89' lang='lat' dir='ltr'>vita</span> <span class='ocrx_word' id='word_1_661' title='bbox 1410 4881 1821 4971; x_wconf 67' lang='lat' dir='ltr'>inigraverint,</span> <span class='ocrx_word' id='word_1_662' title='bbox 1854 4901 1913 4954; x_wconf 91' lang='lat' dir='ltr'>et</span> <span class='ocrx_word' id='word_1_663' title='bbox 2016 4896 2106 4952; x_wconf 85' lang='lat' dir='ltr'>vir</span> <span class='ocrx_word' id='word_1_664' title='bbox 2126 4894 2563 4967; x_wconf 84' lang='lat' dir='ltr'>Dei,peregerre</span> <span class='ocrx_word' id='word_1_665' title='bbox 2582 4883 2999 4961; x_wconf 78' lang='lat' dir='ltr'>proﬁciscendi</span> <span class='ocrx_word' id='word_1_666' title='bbox 3019 4883 3387 4939; x_wconf 86' lang='lat' dir='ltr'>voluntatem</span> <span class='ocrx_word' id='word_1_667' title='bbox 3410 4881 3685 4971; x_wconf 71' lang='lat' dir='ltr'>haberet,</span> 
     </span>
    </p>
   </div>
   <div class='ocr_carea' id='block_1_102' title="bbox 231 4984 1909 5077">
    <p class='ocr_par' dir='ltr' id='par_1_102' title="bbox 231 4984 1909 5077">
     <span class='ocr_line' id='line_1_102' title="bbox 231 4984 1909 5077; baseline 0 -35"><span class='ocrx_word' id='word_1_668' title='bbox 231 4987 303 5042; x_wconf 83' lang='lat' dir='ltr'>in</span> <span class='ocrx_word' id='word_1_669' title='bbox 358 4984 581 5077; x_wconf 76' lang='lat' dir='ltr'>quibus</span> <span class='ocrx_word' id='word_1_670' title='bbox 628 4985 777 5041; x_wconf 87' lang='lat' dir='ltr'>locis</span> <span class='ocrx_word' id='word_1_671' title='bbox 827 5002 1081 5058; x_wconf 85' lang='lat' dir='ltr'>corpora</span> <span class='ocrx_word' id='word_1_672' title='bbox 1136 4986 1374 5044; x_wconf 86' lang='lat' dir='ltr'>illorum</span> <span class='ocrx_word' id='word_1_673' title='bbox 1426 4989 1718 5045; x_wconf 86' lang='lat' dir='ltr'>collocata</span> <span class='ocrx_word' id='word_1_674' title='bbox 1776 4986 1909 5055; x_wconf 88' lang='lat' dir='ltr'>sint,</span> 
     </span>
    </p>
   </div>
   <div class='ocr_carea' id='block_1_103' title="bbox 232 5073 1913 5149">
    <p class='ocr_par' dir='ltr' id='par_1_103' title="bbox 232 5073 1913 5149">
     <span class='ocr_line' id='line_1_103' title="bbox 232 5073 1913 5149; baseline 0.002 -20"><span class='ocrx_word' id='word_1_675' title='bbox 232 5073 461 5148; x_wconf 65' lang='lat' dir='ltr'>quave</span> <span class='ocrx_word' id='word_1_676' title='bbox 488 5073 713 5130; x_wconf 58' lang='lat' dir='ltr'>inmeiat</span> <span class='ocrx_word' id='word_1_677' title='bbox 737 5075 1063 5132; x_wconf 78' lang='lat' dir='ltr'>sanctitatis</span> <span class='ocrx_word' id='word_1_678' title='bbox 1088 5091 1299 5133; x_wconf 89' lang='lat' dir='ltr'>eorum</span> <span class='ocrx_word' id='word_1_679' title='bbox 1329 5083 1465 5149; x_wconf 90' lang='lat' dir='ltr'>post</span> <span class='ocrx_word' id='word_1_680' title='bbox 1494 5082 1754 5135; x_wconf 87' lang='lat' dir='ltr'>mortem</span> <span class='ocrx_word' id='word_1_681' title='bbox 1788 5075 1913 5133; x_wconf 81' lang='lat' dir='ltr'>cla-</span> 
     </span>
    </p>
   </div>
   <div class='ocr_carea' id='block_1_104' title="bbox 236 5163 558 5220">
    <p class='ocr_par' dir='ltr' id='par_1_104' title="bbox 236 5163 558 5220">
     <span class='ocr_line' id='line_1_104' title="bbox 236 5163 558 5220; baseline -0.003 0"><span class='ocrx_word' id='word_1_682' title='bbox 236 5163 495 5220; x_wconf 87' lang='lat' dir='ltr'>ruerint.</span> <span class='ocrx_word' id='word_1_683' title='bbox 528 5185 558 5214; x_wconf 87' lang='lat'><strong><em>»</em></strong></span> 
     </span>
    </p>
   </div>
   <div class='ocr_carea' id='block_1_105' title="bbox 889 5253 1280 5311">
    <p class='ocr_par' dir='ltr' id='par_1_105' title="bbox 889 5253 1280 5311">
     <span class='ocr_line' id='line_1_105' title="bbox 889 5253 1280 5311; baseline 0 0"><span class='ocrx_word' id='word_1_684' title='bbox 889 5253 1280 5311; x_wconf 72' lang='lat' dir='ltr'>Collectitius.</span> 
     </span>
    </p>
   </div>
   <div class='ocr_carea' id='block_1_106' title="bbox 2019 4968 3685 5039">
    <p class='ocr_par' dir='ltr' id='par_1_106' title="bbox 2019 4968 3685 5039">
     <span class='ocr_line' id='line_1_106' title="bbox 2019 4968 3685 5039; baseline -0.008 -1"><span class='ocrx_word' id='word_1_685' title='bbox 2019 4981 2434 5038; x_wconf 88' lang='lat' dir='ltr'>beatissimum</span> <span class='ocrx_word' id='word_1_686' title='bbox 2465 4974 2675 5034; x_wconf 83' lang='lat' dir='ltr'>Christi</span> <span class='ocrx_word' id='word_1_687' title='bbox 2706 4972 3131 5039; x_wconf 84' lang='lat' dir='ltr'>confessorem,</span> <span class='ocrx_word' id='word_1_688' title='bbox 3158 4968 3595 5039; x_wconf 77' lang='lat' dir='ltr'>Otmarum,cui</span> <span class='ocrx_word' id='word_1_689' title='bbox 3621 4983 3685 5024; x_wconf 82' lang='lat' dir='ltr'>se</span> 
     </span>
    </p>
   </div>
   <div class='ocr_carea' id='block_1_107' title="bbox 2024 5056 3691 5142">
    <p class='ocr_par' dir='ltr' id='par_1_107' title="bbox 2024 5056 3691 5142">
     <span class='ocr_line' id='line_1_107' title="bbox 2024 5056 3691 5142; baseline -0.009 -15"><span class='ocrx_word' id='word_1_690' title='bbox 2024 5086 2255 5142; x_wconf 87' lang='lat' dir='ltr'>suaque</span> <span class='ocrx_word' id='word_1_691' title='bbox 2266 5064 2743 5140; x_wconf 85' lang='lat' dir='ltr'>frequentissime</span> <span class='ocrx_word' id='word_1_692' title='bbox 2759 5058 3367 5125; x_wconf 86' lang='lat' dir='ltr'>commendabat,sibi</span> <span class='ocrx_word' id='word_1_693' title='bbox 3378 5060 3441 5115; x_wconf 93' lang='lat' dir='ltr'>in</span> <span class='ocrx_word' id='word_1_694' title='bbox 3460 5056 3691 5115; x_wconf 80' lang='lat' dir='ltr'>somnis</span> 
     </span>
    </p>
   </div>
   <div class='ocr_carea' id='block_1_108' title="bbox 2027 5148 3689 5225">
    <p class='ocr_par' dir='ltr' id='par_1_108' title="bbox 2027 5148 3689 5225">
     <span class='ocr_line' id='line_1_108' title="bbox 2027 5148 3689 5225; baseline -0.008 -9"><span class='ocrx_word' id='word_1_695' title='bbox 2027 5165 2221 5217; x_wconf 84' lang='lat' dir='ltr'>astare</span> <span class='ocrx_word' id='word_1_696' title='bbox 2246 5157 2704 5222; x_wconf 84' lang='lat' dir='ltr'>videbat.Quem</span> <span class='ocrx_word' id='word_1_697' title='bbox 2731 5153 2941 5225; x_wconf 82' lang='lat' dir='ltr'>jussus</span> <span class='ocrx_word' id='word_1_698' title='bbox 2966 5150 3380 5223; x_wconf 74' lang='lat' dir='ltr'>intendere,ab</span> <span class='ocrx_word' id='word_1_699' title='bbox 3409 5165 3485 5206; x_wconf 89' lang='lat' dir='ltr'>eo</span> <span class='ocrx_word' id='word_1_700' title='bbox 3509 5148 3689 5219; x_wconf 82' lang='lat' dir='ltr'>huju-</span> 
     </span>
    </p>
   </div>
   <div class='ocr_carea' id='block_1_109' title="bbox 2030 5238 3695 5319">
    <p class='ocr_par' dir='ltr' id='par_1_109' title="bbox 2030 5238 3695 5319">
     <span class='ocr_line' id='line_1_109' title="bbox 2030 5238 3695 5319; baseline -0.007 -14"><span class='ocrx_word' id='word_1_701' title='bbox 2030 5247 2224 5305; x_wconf 89' lang='lat' dir='ltr'>smodi</span> <span class='ocrx_word' id='word_1_702' title='bbox 2251 5246 2479 5319; x_wconf 88' lang='lat' dir='ltr'>accepit</span> <span class='ocrx_word' id='word_1_703' title='bbox 2521 5243 2735 5300; x_wconf 88' lang='lat' dir='ltr'>verba:</span> <span class='ocrx_word' id='word_1_704' title='bbox 2768 5241 2917 5309; x_wconf 84' lang='lat' dir='ltr'>Quia</span> <span class='ocrx_word' id='word_1_705' title='bbox 2936 5245 3187 5311; x_wconf 83' lang='lat' dir='ltr'>rogatus</span> <span class='ocrx_word' id='word_1_706' title='bbox 3208 5244 3322 5297; x_wconf 87' lang='lat' dir='ltr'>ate</span> <span class='ocrx_word' id='word_1_707' title='bbox 3349 5238 3557 5311; x_wconf 84' lang='lat' dir='ltr'>rogavi</span> <span class='ocrx_word' id='word_1_708' title='bbox 3584 5240 3695 5293; x_wconf 84' lang='lat' dir='ltr'>Do-</span> 
     </span>
    </p>
   </div>
   <div class='ocr_carea' id='block_1_110' title="bbox 321 5326 3699 5415">
    <p class='ocr_par' dir='ltr' id='par_1_110' title="bbox 321 5326 3699 5415">
     <span class='ocr_line' id='line_1_110' title="bbox 321 5326 3699 5415; baseline -0.003 -20"><span class='ocrx_word' id='word_1_709' title='bbox 321 5339 547 5406; x_wconf 70' lang='lat' dir='ltr'>cQood</span> <span class='ocrx_word' id='word_1_710' title='bbox 567 5340 643 5397; x_wconf 80' lang='lat' dir='ltr'>de</span> <span class='ocrx_word' id='word_1_711' title='bbox 662 5341 884 5398; x_wconf 87' lang='lat' dir='ltr'>sanctis</span> <span class='ocrx_word' id='word_1_712' title='bbox 910 5344 1071 5415; x_wconf 83' lang='lat' dir='ltr'>viris,</span> <span class='ocrx_word' id='word_1_713' title='bbox 1082 5358 1192 5399; x_wconf 86' lang='lat' dir='ltr'>nec</span> <span class='ocrx_word' id='word_1_714' title='bbox 1218 5356 1340 5398; x_wconf 84' lang='lat' dir='ltr'>non</span> <span class='ocrx_word' id='word_1_715' title='bbox 1371 5357 1583 5399; x_wconf 89' lang='lat' dir='ltr'>eorum</span> <span class='ocrx_word' id='word_1_716' title='bbox 1604 5342 1925 5400; x_wconf 85' lang='lat' dir='ltr'>virtutibus</span> <span class='ocrx_word' id='word_1_717' title='bbox 2031 5338 2263 5394; x_wconf 89' lang='lat' dir='ltr'>minum</span> <span class='ocrx_word' id='word_1_718' title='bbox 2289 5352 2401 5410; x_wconf 89' lang='lat' dir='ltr'>pro</span> <span class='ocrx_word' id='word_1_719' title='bbox 2451 5338 2527 5400; x_wconf 90' lang='lat' dir='ltr'>te,</span> <span class='ocrx_word' id='word_1_720' title='bbox 2576 5331 2639 5387; x_wconf 92' lang='lat' dir='ltr'>in</span> <span class='ocrx_word' id='word_1_721' title='bbox 2667 5346 2790 5406; x_wconf 86' lang='lat' dir='ltr'>quo</span> <span class='ocrx_word' id='word_1_722' title='bbox 2816 5345 2951 5385; x_wconf 87' lang='lat' dir='ltr'>sum</span> <span class='ocrx_word' id='word_1_723' title='bbox 2991 5328 3331 5398; x_wconf 81' lang='lat' dir='ltr'>exauditus,</span> <span class='ocrx_word' id='word_1_724' title='bbox 3374 5326 3699 5385; x_wconf 82' lang='lat' dir='ltr'>manifesto</span> 
     </span>
    </p>
   </div>
   <div class='ocr_carea' id='block_1_111' title="bbox 328 5535 815 5679">
    <p class='ocr_par' dir='ltr' id='par_1_111' title="bbox 328 5535 815 5679">
     <span class='ocr_line' id='line_1_111' title="bbox 328 5535 815 5679; baseline 0 -87"><span class='ocrx_word' id='word_1_725' title='bbox 328 5535 486 5679; x_wconf 42' lang='lat'>$11352)</span> <span class='ocrx_word' id='word_1_726' title='bbox 514 5537 552 5593; x_wconf 90' lang='grc' dir='ltr'><em>Ι</em></span> <span class='ocrx_word' id='word_1_727' title='bbox 579 5539 748 5596; x_wconf 78' lang='lat' dir='ltr'>Thes.</span> <span class='ocrx_word' id='word_1_728' title='bbox 783 5555 815 5592; x_wconf 88' lang='lat' dir='ltr'>v</span> 
     </span>
     <span class='ocr_line' id='line_1_112' title="bbox 435 5607 815 5675; baseline -0.003 -9"><span class='ocrx_word' id='word_1_729' title='bbox 435 5612 489 5675; x_wconf 75' lang='grc' dir='ltr'>τ)</span> <span class='ocrx_word' id='word_1_730' title='bbox 521 5607 591 5666; x_wconf 91' lang='lat' dir='ltr'>II</span> <span class='ocrx_word' id='word_1_731' title='bbox 616 5610 755 5667; x_wconf 78' lang='lat' dir='ltr'>Cor.</span> <span class='ocrx_word' id='word_1_732' title='bbox 793 5626 815 5665; x_wconf 78' lang='lat'><strong><em>1</em></strong></span> 
     </span>
    </p>
   </div>
   <div class='ocr_carea' id='block_1_112' title="bbox 435 5607 899 5675">
    <p class='ocr_par' dir='ltr' id='par_1_112' title="bbox 435 5607 899 5675">
     <span class='ocr_line' id='line_1_113' title="bbox 435 5607 899 5675; baseline -0.002 -9"><span class='ocrx_word' id='word_1_733' title='bbox 435 5612 489 5675; x_wconf 74' lang='grc' dir='ltr'>τ)</span> <span class='ocrx_word' id='word_1_734' title='bbox 521 5607 591 5666; x_wconf 92' lang='lat' dir='ltr'>II</span> <span class='ocrx_word' id='word_1_735' title='bbox 616 5610 755 5667; x_wconf 79' lang='lat' dir='ltr'>Cor.</span> <span class='ocrx_word' id='word_1_736' title='bbox 793 5625 899 5666; x_wconf 83' lang='lat' dir='ltr'>xu.</span> 
     </span>
    </p>
   </div>
   <div class='ocr_carea' id='block_1_113' title="bbox 2058 5519 3711 5660">
    <p class='ocr_par' dir='ltr' id='par_1_113' title="bbox 2058 5519 3711 5660">
     <span class='ocr_line' id='line_1_114' title="bbox 2058 5519 3711 5660; baseline -0.009 -68"><span class='ocrx_word' id='word_1_737' title='bbox 2058 5532 2260 5660; x_wconf 46' lang='grc' dir='ltr'>Ἃ934)</span> <span class='ocrx_word' id='word_1_738' title='bbox 2284 5528 2580 5605; x_wconf 86' lang='lat' dir='ltr'>Pupping,</span> <span class='ocrx_word' id='word_1_739' title='bbox 2602 5540 2727 5585; x_wconf 91' lang='lat' dir='ltr'>non</span> <span class='ocrx_word' id='word_1_740' title='bbox 2751 5524 2931 5597; x_wconf 85' lang='lat' dir='ltr'>longe</span> <span class='ocrx_word' id='word_1_741' title='bbox 2948 5525 3026 5584; x_wconf 89' lang='lat' dir='ltr'>ab</span> <span class='ocrx_word' id='word_1_742' title='bbox 3049 5524 3355 5596; x_wconf 68' lang='lat' dir='ltr'>EHerding</span> <span class='ocrx_word' id='word_1_743' title='bbox 3368 5522 3437 5582; x_wconf 16' lang='lat' dir='ltr'>in.</span> <span class='ocrx_word' id='word_1_744' title='bbox 3459 5519 3711 5579; x_wconf 71' lang='lat' dir='ltr'>Austris.</span> 
     </span>
     <span class='ocr_line' id='line_1_115' title="bbox 2140 5620 2287 5660; baseline 0 0"><span class='ocrx_word' id='word_1_745' title='bbox 2140 5620 2287 5660; x_wconf 64' lang='lat' dir='ltr'>im.</span> 
     </span>
    </p>
   </div>
   <div class='ocr_carea' id='block_1_114' title="bbox 2140 5620 2287 5662">
    <p class='ocr_par' dir='ltr' id='par_1_114' title="bbox 2140 5620 2287 5662">
     <span class='ocr_line' id='line_1_116' title="bbox 2140 5620 2287 5662; baseline 0.007 -1"><span class='ocrx_word' id='word_1_746' title='bbox 2140 5620 2287 5662; x_wconf 71' lang='grc' dir='ltr'>Αἰτι-</span> 
     </span>
    </p>
   </div>
  </div>
