3996 6178
390 153 411 204 1
421 151 528 205 O39

1434 136 1740 193 ARNOLDI
1788 126 2386 190 EMMERAMMENSIS
2422 126 2745 183 MONACHI

3714 126 3817 183 ΙΝ)

383 286 546 327 nunc
571 267 677 326 tibi
724 267 1060 322 futurorum
1104 260 1495 335 praenuntius.
1525 261 1756 331 Pauper
1783 260 1840 313 et
1867 256 2044 328 inops
2071 254 2118 306 Α
2157 248 2296 305 solis
2321 249 2739 322 interciperent
2780 247 3157 305 mortalibus.
3188 247 3377 303 Judas
3422 247 3763 320 apostolus
3786 255 3826 306 in

383 360 460 416 de
489 360 603 415 hac
631 354 941 429 provincia
969 351 1310 422 egredieris,
1331 349 1433 406 sed
1456 348 1516 404 in
1542 347 1680 415 alia,
1700 347 1761 402 in
1790 362 1914 420 qua
1933 359 2044 416 pro

383 462 588 506 amore
614 443 850 501 Domini
875 440 1583 513 exularis,episcopatum
1604 435 1846 493 caducis
1865 433 2046 489 rebus

383 536 522 592 satis
548 532 908 606 locupletem
950 529 1472 604 praedestinatione
1503 526 1708 582 divina
1732 525 2044 595 susceptu-

379 642 483 682 rus
513 623 646 681 eris.
707 623 891 694 Cujus
929 623 992 677 in
1021 617 1556 686 administratione,
1615 615 1665 671 si
1719 613 1960 670 ﬁdelem
1992 614 2045 667 te

379 713 721 772 exhibueris
744 712 1032 785 bonaque
1058 711 1433 783 impertaesus
1465 703 2048 774 seminaveris,juxta

379 806 442 862 id
465 803 632 878 quod
664 802 956 875 scriptum
983 805 1106 857 est:
1139 802 1523 869 Quaecunque
1549 795 1805 852 seminat
1835 794 2042 860 homo,

375 896 507 952 hac
538 897 596 950 et
624 892 972 962 metet(l35)
1001 909 1014 958 ;
1047 888 1296 962 expletis
1327 886 1532 956 viginti
1564 885 1807 940 duobus
1842 881 2039 950 annis,

378 981 566 1038 vitam
618 980 1022 1037 transitoriam
1054 979 1169 1035 eris
1219 977 1502 1044 exiturus,
1535 980 1593 1031 et
1637 980 1923 1030 zeternam
1953 972 2044 1027 in-

381 1086 714 1141 gressurus.
744 1072 809 1125 Et
833 1069 948 1124 hoc
979 1065 1190 1140 procul
1213 1065 1401 1121 dubio
1428 1064 1576 1120 scire
1606 1068 1662 1120 te
1684 1062 1846 1132 volo,
1877 1060 2046 1133 quod

381 1160 649 1216 animam
681 1157 979 1216 Conditori
1036 1156 1379 1212 redditurus
1428 1170 1491 1209 es
1520 1154 1581 1209 in
1611 1153 1745 1209 loco
1793 1151 1899 1207 ubi
1915 1150 2044 1206 -sub

379 1247 624 1304 nomine
656 1246 868 1304 Christi
895 1262 932 1301 a
981 1243 1326 1302 Christianis
1374 1243 1667 1299 memoria
1703 1256 1841 1297 mea
1863 1255 2045 1296 vene-

378 1339 546 1392 ratur
575 1339 631 1392 et
659 1335 1026 1400 colitur.Quo
1047 1349 1146 1389 me
1177 1332 1241 1388 in
1259 1333 1410 1388 hora
1436 1333 1628 1389 exitus
1661 1330 1746 1387 tui
1770 1330 1846 1386 de
1865 1333 2050 1402 Egy-

379 1431 483 1499 pto
513 1427 696 1497 hujus
740 1424 953 1480 mundi
985 1439 1161 1497 spero
1189 1423 1585 1479 adventurum
1617 1437 1757 1477 cum
1796 1419 2045 1490 caeteris,

379 1531 535 1589 quos
565 1515 640 1571 de
667 1515 930 1571 exercitu
958 1513 1192 1570 Domini
1225 1512 1401 1568 bonis
1431 1510 1655 1566 meritis
1675 1510 1754 1566 ad
1775 1509 2050 1580 adjutan-

377 1605 527 1662 dum
539 1604 770 1661 obitum
785 1609 953 1660 tuum
963 1606 1190 1668 ,contra
1200 1604 1526 1674 potestates
1541 1599 1734 1656 aerias
1750 1603 1804 1654 et
1817 1598 2050 1671 spirita-

379 1695 468 1752 les
480 1695 779 1768 nequitias
790 1693 852 1748 in
866 1691 1207 1749 caelestibus
1223 1692 1266 1762 (1
1278 1691 1363 1761 36)
1373 1689 1716 1757 ,adsciveris
1729 1692 1788 1743 et
1807 1703 2050 1760 parave-

379 1784 484 1840 ris.
518 1784 615 1840 His
644 1787 701 1838 et
725 1782 944 1838 talibus
972 1779 1242 1854 prolatis,
1273 1779 1336 1834 in
1371 1778 1594 1833 visione
1625 1776 1836 1844 noctis,
1871 1775 2048 1848 spiri-

382 1876 480 1927 tus
501 1870 607 1942 qui
635 1869 934 1942 apparuit,
985 1881 1374 1934 evanescens,
1416 1865 1609 1920 virum
1641 1863 2047 1920 venerabilem

385 1959 821 2030 Wolfgangum
864 1955 1089 2013 dimisit
1116 1972 1190 2012 ex
1238 1959 1405 2029 parte
1457 1953 1843 2022 lmtiﬁcatum,
1893 1959 1950 2010 et
1977 1970 2049 2010 ex

387 2053 556 2122 parte
609 2047 1052 2103 moestiﬁcatum
1080 2063 1093 2113 ;
1126 2045 1492 2101 laetiticatum
1542 2047 1745 2099 autem
1774 2043 2048 2113 dixerim,

386 2153 511 2194 non
541 2137 621 2192 ob
651 2135 966 2208 gloriolam
993 2133 1216 2203 saeculi,
1263 2150 1400 2206 quae
1443 2133 1704 2189 colorata
1726 2137 1815 2188 est
1836 2132 1898 2188 in
1925 2133 2049 2206 epi-

389 2226 650 2299 scopalis
676 2225 962 2296 dignitate
988 2222 1229 2294 fastigii,
1276 2223 1384 2278 sed
1413 2222 1491 2277 ob
1517 2222 1853 2293 jucundam
1880 2221 2050 2292 regni

384 2313 847 2388 promissionem
891 2311 1130 2379 aeterni;
1191 2309 1640 2367 moestiﬁcatum
1684 2326 1824 2366 vero
1853 2311 2051 2366 virum

387 2405 488 2461 Dei
517 2403 880 2476 scripserim,
925 2417 1048 2457 non
1075 2401 1155 2457 ob
1185 2401 1538 2457 brevitatem
1577 2416 1878 2456 annorum
1908 2400 2048 2456 huic

381 2493 518 2550 vitae
550 2505 999 2557 concessorum‘;
1029 2490 1134 2546 sed
1164 2489 1244 2545 ob
1270 2489 1793 2563 prolongationem
1832 2489 2049 2545 terreni

381 2581 677 2638 incolatus
705 2579 1182 2653 lacrymabilem,
1224 2579 1398 2650 juxta
1426 2577 1596 2634 illum
1637 2594 1880 2635 versum
1909 2579 2049 2635 Psa-

381 2669 760 2744 lmographi:
790 2692 818 2719 ‹‹
861 2673 986 2725 Heu
1012 2667 1161 2724 mihi
1184 2667 1196 2722 !
1231 2667 1376 2739 quia
1400 2667 1696 2724 incolatus
1715 2683 1887 2724 meus
1914 2684 2049 2741 pro-

382 2759 666 2830 longatus
695 2763 784 2814 est
810 2759 982 2828 (137).
1009 2778 1038 2806 ››

1008 2844 1433 2900 Ammonicius.

458 2958 486 2984 «
511 2937 653 2998 Quae
684 2934 801 2989 sint
827 2936 1152 3005 potestates
1178 2931 1373 2999 aeriae,
1399 2938 1454 2988 et
1483 2930 1794 3004 quomodo
1819 2930 2048 3004 spirita-

383 3025 472 3081 les
502 3023 784 3098 nequitiaa
808 3026 1056 3096 possent
1082 3038 1211 3078 esse
1231 3021 1293 3076 in
1323 3021 1685 3089 cmlestibus,
1718 3037 1858 3076 cum
1881 3021 2052 3077 coele-

387 3111 502 3168 stia
527 3112 696 3169 nulla
723 3127 997 3185 unquam
1022 3111 1314 3168 inhabitet
1354 3111 1640 3184 nequitia,
1664 3110 1813 3166 solet
1836 3126 1873 3166 a
1896 3126 2049 3166 non-

384 3201 566 3258 nullis
593 3201 814 3275 inquiri
838 3220 851 3270 ;
881 3201 1042 3257 unde
1071 3206 1130 3257 et
1157 3203 1390 3273 oportet
1413 3199 1652 3272 exponi.
1686 3223 1714 3249 υ

1028 3291 1420 3348 σοιιεείἱιίιιε.

459 3404 488 3430 ‹‹
520 3381 658 3437 Haec
697 3381 772 3437 de
801 3381 1024 3454 quibus
1082 3379 1333 3452 quaestio
1389 3395 1514 3435 non
1568 3383 1707 3434 sunt
1733 3394 1892 3448 mea,
1945 3378 2051 3434 sed

382 3469 544 3526 beati
600 3469 764 3526 Pauli
817 3469 1072 3542 apostoli
1101 3468 1305 3524 verba.
1355 3468 1518 3524 Unde
1549 3473 1606 3523 et
1633 3484 1737 3523 eos
1765 3468 1869 3541 qui
1912 3483 2049 3524 nes-

385 3558 551 3613 ciunt
577 3558 729 3614 aeris
751 3558 944 3630 spatia
963 3557 1304 3629 nuncupari
1329 3557 1672 3628 ccelestia,et
1693 3557 1756 3612 in
1777 3557 1860 3612 eis
1885 3557 2053 3627 igno-

383 3651 522 3702 rant
547 3650 857 3718 apostatas
877 3647 1124 3716 angelos
1141 3646 1446 3714 versari,et
1472 3650 1788 3718 propterea
1812 3646 1886 3701 de
1908 3662 2052 3719 apo-

385 3735 606 3792 stolicis
637 3735 912 3792 dubitare
961 3735 1154 3790 solent
1180 3734 1372 3804 dictis,
1407 3735 1575 3790 mitto
1606 3734 1686 3791 ad
1721 3735 2046 3808 Epistolam

380 3824 543 3882 beati
571 3825 721 3880 Petri
752 3824 1102 3891 secundam,
1131 3823 1193 3880 in
1214 3840 1338 3897 qua
1366 3823 1440 3879 de
1471 3823 1676 3897 spatiis
1708 3824 1880 3894 aeris,
1908 3841 2046 3898 quae

381 3915 515 3972 caeli
544 3919 856 3983 vocantur,
907 3913 1132 3970 diluvio
1170 3914 1368 3987 primo
1410 3913 1657 3986 perditis
1685 3918 1742 3969 et
1781 3915 2046 3970 secundo

378 4003 728 4076 perdendis,
759 4002 965 4059 ﬁdeles
995 4002 1169 4059 docet
1197 4001 1279 4058 sic
1308 4001 1514 4058 dicens
1540 4021 1552 4058 :
1590 4004 1751 4058 Latet
1771 4002 2046 4059 illusores

378 4092 548 4162 quod
599 4092 731 4147 coeli
780 4095 950 4148 erant
1003 4091 1168 4164 prius
1217 4096 1275 4148 et
1325 4096 1480 4148 terra
1517 4091 1592 4147 de
1643 4107 1805 4164 aqua
1833 4096 1889 4147 et
1937 4107 2045 4164 per

380 4193 628 4249 aquam,
661 4179 1051 4235 consistentes
1082 4181 1184 4235 Dei
1212 4179 1433 4248 verbo;
1478 4196 1586 4253 per
1610 4196 1747 4252 quae
1778 4179 1872 4234 ille
1903 4184 2046 4235 tunc

379 4265 648 4320 mundus
695 4265 1024 4322 inundatus
1050 4267 1240 4339 periit.
1296 4267 1438 4324 Caeli
1491 4273 1692 4324 autem
1729 4268 1836 4340 qui
1884 4284 2047 4324 nunc

383 4357 542 4422 sunt,
571 4353 646 4410 de
677 4356 835 4409 terra
853 4353 1069 4410 eodem
1088 4355 1274 4412 verbo
1303 4355 1547 4429 repositi
1577 4360 1735 4423 sunt,
1767 4355 1888 4426 igni
1921 4373 2046 4413 ser-

378 4443 500 4500 vati
524 4441 588 4499 in
608 4442 770 4498 diem
791 4441 1000 4513 judicii
1029 4447 1086 4499 et
1114 4443 1463 4516 perditionis
1491 4445 1817 4518 impiorum
1847 4445 2044 4502 homi-

378 4549 530 4589 num
557 4533 728 4606 (138).
765 4534 830 4587 Et
857 4534 994 4605 post
1021 4547 1236 4604 pauca:
1273 4533 1417 4589 Caeli
1436 4534 1713 4590 ardenter
1743 4535 2050 4592 solventur

380 4627 437 4679 et
478 4623 774 4680 elementa
818 4621 974 4691 ignis
1022 4621 1237 4678 ardore
1279 4621 1604 4679 tabescent.
1661 4627 1857 4680 Novos
1903 4641 2047 4682 vero

379 4714 564 4770 caelos
584 4717 642 4770 et
671 4728 896 4768 novam
927 4717 1145 4768 terram
1175 4717 1232 4769 et
1260 4712 1563 4785 promissa
1603 4713 1836 4769 Domini
1865 4731 2045 4787 expe-

379 4807 637 4871 ctamus,
663 4802 727 4857 in
753 4801 975 4874 quibus
1001 4801 1232 4872 justitia
1256 4800 1486 4858 habitat
1515 4801 1683 4873 (139).
1713 4805 1792 4858 De
1810 4803 2043 4873 angelis

378 4907 624 4964 quoque
662 4891 962 4964 projectis,
1013 4891 1118 4964 qui
1147 4894 1447 4962 vagantur
1484 4891 1546 4947 in
1578 4891 1743 4947 cazlis
1771 4891 1910 4961 igne
1938 4909 2044 4965 pe-

378 4982 643 5049 reundis,
673 4997 829 5054 quos
858 4981 1178 5054 Apostolus
1211 4981 1382 5038 aerias
1412 4986 1736 5055 potestates
1767 4998 1837 5038 ac
1867 4982 2042 5055 spiri-

378 5070 526 5126 tales
559 5069 822 5143 appellat
847 5071 1180 5142 nequitias;
1231 5087 1493 5143 quorum
1519 5075 1683 5128 tanta
1719 5071 2042 5130 multitudo

377 5164 467 5216 est
490 5158 552 5214 in
577 5175 732 5226 aere,
761 5158 823 5214 id
852 5165 940 5215 est
968 5159 1028 5214 in
1058 5160 1223 5216 caelis
1272 5160 1673 5229 inferioribus,
1707 5166 1772 5218 ut
1797 5161 2039 5219 cuidam

379 5253 586 5303 sancto
632 5247 862 5303 homini
891 5249 1223 5306 revelatum
1268 5253 1360 5304 est
1385 5254 1448 5306 ut
1485 5249 1534 5304 si
1581 5250 1872 5306 haberent
1910 5267 2039 5308 cor-

375 5351 527 5409 pora
583 5337 992 5410 corporalibus
1046 5339 1262 5395 nostris
1315 5338 1588 5412 aequalia,
1653 5339 2036 5412 splendorem

475 5464 598 5536 135)
629 5463 764 5520 Gal.
797 5479 870 5519 vr.

445 5465 870 5675 3:33am

472 5537 596 5676 136)
622 5535 842 5605 Ephes.
885 5548 964 5587 vr.

473 5609 569 5661 137
622 5607 791 5663 Psal.
823 5621 937 5661 cxx.

473 5607 593 5663 137)
622 5607 791 5663 Psal.
823 5621 937 5661 cxx.

2084 4325 2130 4378 D

2153 337 2422 411 epistola,
2445 354 2581 411 quae
2611 338 2765 394 inter
2809 337 3133 394 canonicas
3181 341 3610 408 computatur,
3671 338 3834 394 talem

2153 428 2505 484 sententiam
2530 429 2754 502 promit
2799 425 3152 500 hujusmodi
3179 443 3191 482 :
3234 427 3508 497 Angelos
3541 445 3724 500 vero,
3753 432 3840 501 qui

2149 533 2274 574 non
2304 522 2814 574 conservaverunt
2843 534 3023 573 suum
3046 516 3491 590 principatum,
3535 517 3656 573 sed
3685 517 3843 573 dere-

2149 604 2451 678 liquerunt
2533 623 2714 662 suum
2775 605 3171 674 domicilium,
3226 604 3291 660 in
3343 605 3678 675 judicium
3759 609 3845 662 Dei

2151 696 2376 766 magni,
2429 696 2683 752 vinculis
2711 696 2945 752 aeternis
2976 695 3090 751 sub
3149 694 3414 764 caligine
3461 695 3718 766 judicio
3751 699 3846 752 Do-

2151 787 2352 842 minus
2378 786 2725 843 reservabit.
2760 789 2914 856 Ergo
2943 786 3019 841 de
3043 785 3386 858 quaestione
3434 786 3778 858 proposita
3801 795 3850 843 et

2149 875 2495 949 apostolicis
2549 876 2902 932 testimoniis
2956 891 3222 945 congrue
3270 875 3603 946 absoluta,
3654 879 3850 933 nescio

2148 965 2196 1021 si
2215 965 2351 1039 quis
2376 966 2627 1021 dubitet.
2662 969 2782 1035 Ego
2811 981 2938 1021 non
2963 964 3176 1021 dubito
3211 981 3225 1032 ;
3260 964 3376 1020 sed
3433 964 3502 1020 in
3524 964 3778 1022 inferno
3806 973 3854 1022 et

2145 1053 2207 1109 in
2238 1070 2372 1110 aere
2402 1054 2718 1110 diabolum
2745 1070 2815 1110 ac
2843 1054 3122 1110 satellites
3152 1053 3289 1124 ejus
3321 1054 3678 1111 damnatos
3731 1072 3852 1111 esse

2147 1144 2290 1200 novi
2319 1148 2377 1200 et
2406 1144 2529 1200 scio
2553 1163 2567 1211 ;
2599 1144 2738 1200 inde
2767 1145 2963 1214 magis
2993 1148 3212 1215 certus,
3246 1144 3406 1216 quia
3434 1149 3586 1200 ante
3619 1144 3852 1218 aliquos

2149 1249 2344 1290 annos
2374 1233 2437 1288 in
2465 1233 2776 1290 Pannonia
2801 1233 3180 1306 constitutus,
3208 1233 3312 1289 die
3343 1234 3643 1306 quadam
3679 1251 3718 1290 a
3751 1241 3848 1290 ter-

2150 1323 2232 1380 tia
2258 1324 2409 1380 hora
2439 1340 2633 1396 usque
2665 1323 2743 1379 ad
2777 1329 3008 1380 sextam
3031 1323 3364 1379 diabolum
3387 1324 3489 1379 vel
3519 1325 3852 1381 draconem

2152 1412 2216 1469 in
2256 1429 2392 1470 aere
2446 1429 2815 1486 suspensum
2854 1413 2996 1469 vidi.
3043 1417 3183 1469 Erat
3216 1420 3440 1470 autem
3494 1416 3854 1486 magnitudo

2155 1502 2288 1573 ejus
2319 1503 2705 1574 incredibilis,
2749 1503 3061 1572 longitudo
3108 1508 3306 1574 tanta,
3341 1509 3415 1559 ut
3446 1506 3642 1577 quasi
3687 1506 3852 1561 unius

2088 1611 2130 1665 Β
2158 1592 2397 1649 miliarii
2427 1593 2622 1666 spatio
2682 1593 2980 1649 videretur
3045 1610 3182 1649 esse
3234 1600 3612 1667 protensus.
3685 1599 3851 1666 Cujus

2159 1686 2342 1754 caput
2398 1681 2728 1751 cristatum,
2755 1687 2813 1738 et
2847 1682 3034 1739 instar
3062 1683 3296 1738 montis
3346 1683 3698 1752 elevatum,
3757 1701 3852 1740 nec

2155 1786 2281 1826 non
2307 1785 2544 1843 corpus,
2581 1771 2756 1842 juxta
2783 1771 2898 1827 hoc
2947 1772 3114 1846 quod
3137 1773 3452 1828 Dominus
3504 1774 3593 1830 ad
3617 1774 3850 1830 beatum

2153 1859 2266 1915 Job
2293 1859 2368 1916 de
2401 1859 2725 1916 Leviathan
2753 1860 3016 1934 loquitur
3065 1863 3238 1933 (140),
3275 1865 3654 1936 squammis
3680 1865 3851 1920 horri—

2155 1947 2379 2005 bilibus
2403 1955 2810 2021 compactum,
2837 1955 2894 2006 et
2917 1967 3026 2006 ceu
3055 1951 3314 2023 parmis,
3339 1952 3441 2008 vel
3477 1953 3679 2009 scutis
3712 1954 3850 2009 ferro

2157 2039 2428 2107 munitis,
2457 2044 2698 2106 tectum,
2748 2040 2809 2095 in
2861 2040 3150 2096 lateribus
3176 2047 3235 2098 et
3261 2041 3327 2097 in
3362 2048 3550 2112 tergo
3577 2044 3849 2118 quaedam

2158 2127 2479 2199 fuliginosa
2530 2128 2799 2184 foedabat
2852 2130 3146 2199 nigredo;
3193 2131 3439 2186 ventris
3490 2149 3748 2206 quoque
3777 2134 3850 2188 in.

2155 2215 2427 2272 versione
2465 2222 2522 2272 et
2565 2217 2788 2288 pariter
2831 2217 3101 2289 corporis
3144 2219 3208 2274 in
3255 2235 3394 2292 qua
3421 2219 3747 2276 solotenus
3768 2223 3847 2293 ja-

2157 2320 2290 2360 cere
2321 2304 2572 2377 solebat,
2622 2306 2816 2378 pallor
2860 2306 3228 2363 subvenetus
3287 2308 3730 2378 decolorabat,
3781 2310 3848 2366 ad

2158 2393 2607 2450 similitudinem
2637 2395 2946 2469 sulphurei
2987 2396 3152 2452 laris.
3185 2400 3452 2454 Tractus
3482 2416 3661 2467 vero,
3686 2417 3753 2457 ac
3776 2401 3845 2456 in-

2157 2484 2534 2540 curvationes
2563 2489 2745 2557 atque
2779 2487 3159 2541 extensiones
3182 2487 3322 2557 ejus
3373 2487 3724 2556 immanes,
3764 2506 3847 2562 po-

2159 2578 2402 2645 stremo,
2432 2574 2610 2629 totius
2636 2574 2906 2647 corporis
2936 2580 3136 2630 motus
3177 2580 3236 2630 et
3259 2577 3680 2649 particularis
3706 2585 3760 2635 et
3781 2586 3846 2634 to-

2157 2666 2274 2730 tus,
2310 2667 2490 2736 atque
2515 2667 2581 2718 ut
2607 2663 2860 2719 breviter
2912 2664 2973 2719 in
2997 2663 3058 2719 id
3099 2667 3406 2738 temporis
3469 2668 3846 2725 adversantia

2158 2750 2541 2819 concludam,
2573 2751 2783 2808 omnia
2805 2752 3085 2808 draconis
3130 2753 3475 2811 molimina
3509 2763 3690 2813 erant
3715 2774 3846 2813 mor-

2157 2840 2468 2909 talibus,in
2497 2845 2796 2914 quantum
2825 2845 2976 2898 Deus
3006 2842 3300 2914 permisit,
3334 2847 3544 2903 noxia
3581 2853 3844 2920 tantoque

2155 2930 2411 2986 noxiora
2465 2935 2696 3004 quanto
2747 2930 3132 3004 proximiora.
3190 2934 3354 2988 Nam
3409 2951 3569 2992 cum
3627 2943 3845 3010 tempus

2157 3025 2316 3076 esset
2366 3020 2652 3089 aastivale,
2713 3027 2916 3093 utpote
2982 3026 3149 3076 sexta
3205 3021 3368 3078 feria
3441 3026 3843 3083 hebdomadas

2155 3113 2293 3181 post
2330 3111 2714 3166 Pentecosten
2761 3109 3064 3177 secundae,
3111 3127 3187 3166 ex
3217 3111 3368 3181 gelu
3394 3115 3584 3186 quod
3613 3116 3843 3173 draconi

2155 3214 2283 3272 prae
2340 3199 2568 3254 caeteris
2636 3199 3045 3255 animantibus
3107 3202 3311 3270 magis
3373 3208 3478 3259 est
3563 3206 3840 3269 naturale,

2156 3287 2311 3344 adeo
2331 3285 2685 3343 immutatus
2707 3291 2796 3343 est
2824 3303 2926 3343 aer
2947 3292 3012 3342 ut
3036 3292 3092 3343 et
3118 3286 3306 3343 febris
3341 3292 3589 3348 multos
3620 3294 3840 3350 invade-

2155 3381 2243 3431 ret
2269 3391 2340 3432 ac
2358 3376 2776 3446 jumentorum
2805 3392 2929 3433 non
2987 3375 3307 3433 minimam
3366 3385 3626 3452 partem
3675 3384 3837 3453 frigus

2157 3469 2554 3519 consumeret.
2609 3464 2744 3520 alas
2770 3469 2828 3519 et
2875 3481 3051 3520 crura
3079 3465 3169 3521 vel
3198 3466 3420 3538 pedes,
3473 3486 3644 3543 quos
3673 3471 3834 3544 picto~

2155 3569 2250 3620 res
2279 3551 2505 3623 ﬁngere
2536 3553 2747 3621 solent,
2784 3555 3021 3626 penitus
3064 3570 3174 3611 nec
3212 3556 3443 3614 habuit
3476 3576 3600 3616 nec
3631 3561 3825 3615 habere

2155 3643 2321 3698 visus
2349 3648 2455 3712 est,
2481 3642 2708 3716 quippe
2731 3644 2826 3699 cui
2857 3660 3192 3716 squammae
3219 3651 3278 3701 et
3303 3653 3512 3704 costae
3546 3648 3822 3704 suﬁciunt

2157 3747 2267 3804 pro
2349 3731 2860 3789 deambulatione.
2946 3733 3299 3790 Grossitudo
3375 3740 3654 3809 pectoris
3724 3750 3832 3801 erat

2155 3821 2362 3894 parilis
2387 3821 2777 3892 grossitudini
2806 3821 3036 3895 capitis.
3079 3825 3215 3878 Post
3264 3824 3387 3881 hoc
3430 3828 3737 3899 paulatim
3757 3827 3829 3883 di-

2155 3910 2540 3966 minuebalur
2564 3927 2756 3983 usque
2780 3911 2862 3967 ad
2881 3915 3148 3968 extrema
3176 3913 3414 3982 caudae,
3449 3919 3638 3989 cujus
3666 3925 3832 3974 extre-

2087 2975 2128 3029 C

2157 3998 2335 4055 mitas
2363 4015 2517 4072 pene
2544 3999 2910 4072 adaequabat
2933 3999 3158 4057 abietes
3189 4018 3479 4073 magnas.
3515 4007 3694 4064 Hunc
3720 4015 3829 4063 tam

2156 4086 2464 4157 ingentem
2492 4088 2752 4156 hostem,
2781 4094 2886 4144 aut
2939 4088 3254 4146 diabolum
3289 4099 3394 4147 aut
3421 4093 3660 4150 diaboli
3689 4097 3832 4151 ami-

2159 4193 2321 4248 cum,
2352 4177 2563 4233 nolens
2621 4178 2909 4234 Dominus
2951 4178 3176 4234 diutius
3231 4185 3447 4238 terrere
3489 4185 3831 4255 paupulum

2157 4266 2449 4335 ﬁdelium,
2527 4267 2724 4324 subito
2780 4269 2916 4325 fecit
2984 4268 3064 4324 ab
3122 4271 3405 4343 aquilone
3482 4273 3708 4326 moveri
3763 4279 3824 4326 et

2157 4354 2437 4411 densitati
2466 4354 2722 4412 nubium
2754 4373 2895 4412 cum
2916 4357 3134 4427 grandi
3154 4358 3380 4432 impetu
3403 4358 3820 4415 intermisceri.

2159 4445 2350 4510 Quem
2397 4460 2581 4500 cursu
2627 4445 3002 4501 velocissimo
3045 4463 3230 4519 super
3264 4465 3394 4509 nos.
3422 4454 3480 4504 et
3504 4453 3827 4505 transeun-

2156 4539 2277 4591 tem
2304 4535 2588 4604 vidimus,
2641 4533 2936 4608 sibiloque
2982 4536 3112 4607 ejus
3164 4539 3389 4610 pariter
3431 4555 3573 4594 cum
3602 4539 3828 4595 ﬁstula-

2155 4639 2293 4679 rum
2349 4622 2600 4679 stridore
2655 4638 2781 4678 non
2838 4624 2963 4679 sine
3017 4630 3184 4681 metu
3259 4628 3630 4697 audivimus,
3692 4645 3825 4685 mox

2157 4713 2350 4769 nubes
2375 4729 2510 4787 quae
2564 4729 2602 4769 a
2645 4729 2825 4769 mane
2857 4730 3050 4786 usque
3080 4715 3143 4770 in
3193 4716 3363 4772 illam
3405 4718 3628 4774 horam
3661 4719 3824 4793 quasi

2158 4802 2399 4860 stabant
2470 4801 2836 4873 immobiles,
2918 4803 2980 4858 in
3050 4809 3286 4862 tantum
3365 4815 3697 4866 commotae
3779 4816 3827 4864 et

2158 4893 2467 4949 concitatae
2526 4897 2682 4959 sunt,
2741 4897 2805 4949 ut
2856 4897 2980 4949 tota
3028 4893 3129 4951 illa
3185 4896 3281 4951 die
3336 4900 3567 4970 pariter
3629 4906 3688 4956 et
3732 4916 3825 4956 no-

2153 4986 2245 5036 cte
2293 4999 2415 5038 non
2481 4986 2783 5037 cessarent
2854 4982 3111 5038 tonitrua
3171 5001 3277 5041 seu
3349 4990 3822 5053 coruscationes,

2151 5069 2276 5125 imo
2300 5075 2751 5144 perseverarent
2786 5087 2980 5145 usque
3027 5071 3108 5128 ad
3141 5089 3465 5146 vesperam
3519 5078 3822 5152 sequentis

2151 5157 2291 5214 diei.
2326 5182 2355 5209 »

2779 5249 3197 5305 Ammonicius.

2221 5357 2252 5390 ‹
2272 5337 2553 5410 Nunquid
2580 5337 2641 5393 in
2669 5336 2768 5392 illo
2795 5343 3062 5410 tempore
3089 5339 3441 5397 recordatus
3494 5359 3563 5399 es
3593 5343 3816 5418 aliquid

2243 5465 2366 5523 138)
2395 5466 2464 5522 ΙΙ
2483 5464 2648 5522 Petr.
2691 5481 2767 5520 ιιι.

2244 5536 2364 5595 139)
2405 5536 2559 5595 Ibid.

2214 5610 2368 5680 (140)
2388 5609 2500 5665 Job
2527 5624 2641 5665 xu.
