3996 6178
199 224 332 278 1041

984 222 1079 277 DE
1119 225 1492 282 MIRACULIS
1535 226 1589 282 S.
1634 227 2051 283 EMMERAMMI
2092 227 2273 284 LIBRI
2313 229 2479 286 DUO.
2523 260 2593 270 ——
2632 229 2760 286 LIB.
2804 234 2869 287 ll.

3514 241 3652 294 1042

189 347 414 403 horum
481 359 619 434 qua
652 343 866 434 beatus
893 346 1164 434 Joannes
1191 348 1253 405 in
1279 349 1646 423 Apocalypsi
1670 367 1783 408 sua
1796 350 1872 407 de
1904 355 1952 408 Α
1984 350 2116 407 buit
2135 351 2497 426 quidquam,
2529 370 2637 426 per
2667 356 2954 427 suffragia
2996 365 3340 418 sanctorum
3397 377 3649 434 sperans

191 436 455 492 dracone
482 437 540 489 et
571 432 762 489 bestia
789 433 1046 491 scribit?
1073 459 1102 486 »

841 549 1244 610 Collectitius.

265 690 294 715 ‹‹
329 669 474 722 Vere
505 665 567 722 in
601 666 967 723 memoriam
989 674 1282 726 venerunt
1310 671 1460 739 hac,
1489 670 1754 728 maxime
1771 686 1873 726 au-

196 761 318 813 tem
358 754 612 825 urgebat
667 771 765 812 me
824 757 1166 823 recordatio
1235 760 1550 832 Scriptura
1598 761 1871 831 ejusdem

197 843 616 918 Apocalypsis,
649 843 711 900 in
741 860 866 916 qua
899 845 1238 902 continetur
1287 865 1300 902 :
1355 851 1450 904 Va
1480 849 1672 920 vobis,
1727 848 1872 922 quia

200 937 389 990 Draco
412 933 572 990 venit
598 933 678 990 ad
709 951 819 990 vos
850 951 992 991 cum
1045 936 1135 992 ira
1166 952 1410 1007 magna,
1468 938 1661 995 sciens
1703 938 1870 1011 quod

207 1023 508 1079 modicum
530 1027 770 1096 tempus
794 1025 1018 1081 habeat
1049 1026 1216 1097 (141).
1252 1027 1534 1092 Quamvis
1575 1028 1736 1084 enim
1766 1027 1873 1084 sci-

209 1129 339 1168 rem
362 1129 462 1184 per
487 1111 741 1169 bestiam
765 1118 822 1170 et
850 1114 1180 1172 draconem
1211 1116 1640 1174 Antichristum
1669 1122 1726 1174 et
1745 1117 1869 1174 dia-

209 1202 414 1258 bolum
443 1202 765 1273 designari,
799 1208 858 1260 et
885 1205 1048 1260 diem
1073 1206 1428 1262 universalis
1444 1207 1654 1278 judicii
1700 1207 1871 1263 mini-

202 1309 302 1349 me
335 1298 470 1348 tunc
490 1293 735 1365 instare,
765 1299 968 1352 tamen
996 1295 1075 1351 ob
1103 1296 1408 1353 insolitam
1438 1313 1643 1354 rerum
1675 1302 1870 1354 osten-

202 1383 486 1438 tationem
513 1383 787 1439 turbatus
818 1385 1077 1454 cogitavi
1103 1385 1311 1453 multa,
1341 1390 1398 1442 et
1444 1387 1743 1460 suspiravi
1798 1387 1870 1443 ti-

196 1472 402 1527 midus
431 1488 540 1545 pro
580 1479 772 1529 morte
805 1490 941 1530 mea
973 1475 1094 1530 sive
1135 1474 1414 1547 aliorum,
1473 1477 1577 1549 qui
1630 1493 1871 1534 mecum

196 1559 488 1615 videbant
504 1559 621 1615 ista
643 1560 944 1617 terribilia.
971 1561 1137 1617 Tunc
1158 1578 1265 1635 per
1286 1562 1507 1619 divina
1529 1569 1870 1637 respectum

197 1649 526 1705 clementia
555 1650 864 1706 restitutus
895 1651 953 1706 in
983 1667 1152 1723 spem
1181 1652 1444 1722 vivendi,
1487 1654 1686 1726 primo
1735 1670 1871 1724 gra-

197 1739 314 1794 tias
337 1740 426 1809 egi
455 1743 574 1795 Deo
597 1740 993 1814 omnipotenti
1017 1741 1122 1812 qui
1141 1757 1255 1798 nos
1283 1741 1561 1799 liberavit
1579 1743 1656 1799 de
1673 1748 1873 1816 potes-

198 1834 318 1884 tate
347 1829 620 1897 diaboli;
677 1830 893 1886 deinde
951 1831 1104 1903 capi
1161 1848 1403 1888 mecum
1457 1832 1720 1899 volvere,
1767 1850 1873 1889 seu

198 1922 400 1973 mente
431 1923 684 1974 tractare
715 1919 762 1974 si
791 1935 1065 1991 unquam
1104 1920 1165 1975 in
1217 1920 1476 1992 legendo
1536 1921 1873 1994 Scripturas

200 2007 527 2063 scrutando
559 2007 702 2064 talia
731 2008 1081 2077 invenerim,
1113 2006 1320 2082 qualia
1349 2026 1446 2065 me
1476 2009 1577 2066 illo
1606 2010 1704 2066 die
1736 2026 1874 2067 con-

205 2096 337 2166 tigit
363 2097 598 2152 vidisse.
629 2100 695 2153 Et
717 2097 868 2153 inter
892 2102 1106 2154 catera
1134 2115 1271 2171 qua
1290 2099 1531 2155 animus
1559 2115 1871 2173 percurre-

199 2186 330 2256 bat,
363 2186 664 2242 redierunt
686 2186 748 2242 in
777 2187 1134 2244 memoriam
1165 2187 1328 2244 dicta
1363 2193 1420 2244 et
1448 2189 1670 2261 scripta
1713 2189 1872 2246 beati

199 2275 411 2332 lsidori
439 2275 705 2350 episcopi
731 2278 900 2347 (142),
931 2277 1036 2350 qui
1065 2277 1122 2332 in
1150 2277 1306 2334 libro
1352 2278 1870 2350 Etymologiarum

195 2367 276 2422 de
309 2369 527 2422 natura
552 2366 832 2422 draconis
858 2366 1061 2422 scribit
1089 2366 1150 2422 in
1179 2367 1343 2423 hunc
1367 2368 1654 2424 modum:
1681 2372 1870 2426 Draco

192 2452 400 2522 major
427 2458 778 2508 cunctorum
809 2455 1198 2526 serpentium,
1241 2455 1363 2511 sive
1413 2455 1690 2512 omnium
1747 2456 1872 2512 ani-

195 2540 501 2596 mantium
529 2558 707 2614 super
736 2546 953 2598 terram
980 2561 994 2610 ;
1027 2543 1188 2599 hunc
1221 2545 1409 2601 Graci
1439 2545 1731 2602 draconta
1760 2562 1868 2602 vo-

194 2634 361 2685 cant.
394 2630 560 2686 Unde
581 2635 638 2686 et
659 2631 998 2688 derivatum
1029 2636 1116 2688 est
1141 2633 1204 2688 in
1233 2633 1514 2704 latinum,
1574 2638 1639 2690 ut
1685 2634 1869 2690 draco

192 2717 500 2774 diceretur
529 2719 631 2792 qui
661 2735 816 2794 sape
860 2736 897 2776 a
949 2721 1252 2794 speluncis
1298 2723 1639 2779 abstractus
1687 2723 1871 2778 fertur

193 2807 260 2863 in
288 2823 516 2875 aerem,
547 2809 997 2882 concitaturque
1021 2815 1265 2883 propter
1294 2828 1436 2868 eum
1467 2828 1589 2868 aer.
1633 2815 1731 2868 Est
1760 2828 1867 2868 au-

193 2901 322 2953 tem
356 2897 650 2966 cristatus,
677 2914 777 2954 ore
799 2914 991 2972 parvo
1018 2904 1075 2955 et
1102 2900 1276 2955 arctis
1298 2901 1534 2969 ﬁstulis,
1564 2917 1672 2973 per
1713 2917 1868 2973 quas

195 2984 382 3042 trahit
413 2985 686 3057 spiritum
717 2991 772 3043 et
798 2987 1073 3057 linguam
1106 2989 1326 3057 exerit;
1358 2989 1478 3045 vim
1510 2993 1710 3045 autem
1745 3005 1869 3046 non

192 3075 260 3131 in
291 3073 597 3146 dentibus,
627 3075 729 3131 sed
766 3076 828 3132 in
860 3077 1060 3133 cauda
1088 3077 1290 3148 habet,
1323 3082 1381 3135 et
1399 3077 1649 3135 verbere
1670 3078 1868 3150 potius
1905 3067 1947 3122 C

192 3180 390 3237 quam
423 3163 543 3219 ictu
574 3163 825 3236 [legend.
857 3165 1027 3238 rictu]
1058 3171 1252 3222 nocet.
1310 3167 1596 3223 lnnoxius
1625 3172 1712 3223 est
1769 3183 1872 3223 au-

194 3259 322 3310 tem
346 3269 382 3308 a
403 3253 669 3309 venenis.
698 3255 811 3311 Sed
831 3254 969 3310 ideo
989 3255 1127 3310 huic
1153 3256 1230 3311 ad
1252 3261 1512 3312 mortem
1528 3255 1871 3312 faciendam

193 3358 435 3398 venena
455 3342 734 3399 dicuntur
761 3360 885 3400 non
916 3360 1048 3399 esse
1063 3345 1420 3411 necessaria,
1456 3344 1602 3418 quia
1624 3345 1671 3400 si
1687 3361 1872 3418 quem

191 3431 494 3502 ligaverit,
529 3432 762 3488 occidit.
792 3438 838 3488 Α
858 3449 982 3505 quo
1013 3449 1122 3490 nec
1152 3433 1399 3506 elephas
1423 3438 1587 3490 tutus
1637 3438 1726 3490 est
1779 3434 1871 3490 sui

193 3521 476 3594 corporis
505 3522 920 3592 magnitudine
957 3542 970 3591 ;
999 3539 1143 3579 nam
1173 3523 1332 3580 circa
1361 3524 1606 3580 semitas
1635 3523 1871 3580 delites-

193 3627 346 3667 cens
368 3627 476 3684 per
503 3628 656 3684 quas
685 3611 1033 3684 elephantes
1063 3611 1238 3668 solito
1284 3613 1662 3685 gradiuntur,
1694 3630 1871 3670 crura

197 3717 416 3756 eorum
443 3700 617 3756 nodis
647 3701 834 3770 illigat
860 3717 931 3757 ac
953 3701 1280 3758 suffocatos
1311 3703 1569 3774 perimit.
1601 3702 1872 3772 Gignitur

200 3793 409 3844 autem
438 3789 632 3859 magis
656 3789 717 3844 in
750 3789 1055 3862 JEthiopia
1074 3795 1132 3846 et
1155 3789 1325 3846 India
1347 3791 1405 3846 in
1429 3791 1562 3864 ipso
1593 3791 1872 3848 incendio

188 3877 362 3950 jugis
388 3882 586 3934 astus.
627 3901 653 3927 »

820 3967 1249 4025 Ammonicius.

274 4098 303 4123 ‹‹
339 4073 530 4130 Credo
562 4074 832 4132 sufﬁcere
871 4076 984 4132 ista
1011 4076 1106 4133 vel
1135 4093 1172 4134 a
1203 4080 1258 4133 te
1287 4076 1434 4148 visa,
1464 4077 1554 4133 vel
1604 4078 1682 4134 ab
1743 4078 1873 4134 aliis

197 4165 365 4222 dicta
392 4163 467 4220 de
497 4164 778 4221 draconis
809 4170 1046 4235 natura,
1076 4183 1183 4223 seu
1211 4166 1286 4222 de
1315 4165 1510 4222 bestia
1532 4167 1687 4224 hosti
1711 4168 1863 4224 anti-

196 4270 330 4329 quo
353 4254 567 4310 amica.
608 4258 774 4312 Nunc
805 4271 949 4326 ergo
979 4261 1214 4329 oportet
1245 4260 1305 4311 ut
1349 4257 1663 4314 revertaris
1714 4257 1873 4314 unde

196 4343 512 4413 digressus
542 4360 625 4400 es.
663 4367 690 4394 »

843 4434 1234 4491 Collectitius.

285 4563 312 4586 ‹‹
347 4541 492 4603 Quia
519 4543 756 4612 tempus
786 4539 901 4596 hoc
927 4539 1107 4595 simul
1137 4543 1195 4595 et
1222 4539 1373 4596 ratio
1417 4540 1610 4613 poscit
1666 4540 1874 4598 admo-

201 4628 495 4686 nitionem
525 4633 692 4684 tuam
715 4633 989 4685 secutum
1019 4628 1088 4684 iri
1131 4635 1368 4702 meapte
1421 4629 1529 4685 erit
1559 4629 1620 4686 in
1660 4630 1874 4686 volun-

198 4723 349 4787 tate,
407 4720 549 4774 etsi
594 4719 883 4774 Dominus
939 4734 1193 4789 magnus
1253 4720 1530 4786 voluerit,
1585 4736 1705 4776 non
1749 4721 1874 4776 sine

201 4809 554 4865 humititate
602 4808 770 4878 (143).
822 4807 1003 4878 Igitur
1048 4813 1114 4864 ut
1165 4809 1350 4881 paulo
1397 4813 1534 4865 ante
1588 4809 1873 4867 dictando

199 4913 452 4954 narrare
511 4897 686 4970 ccepi,
755 4897 975 4969 praesul
1027 4898 1431 4967 venerandus,
1505 4903 1562 4955 et
1613 4899 1872 4956 multum

201 5005 240 5044 a
299 4985 478 5042 bonis
531 4985 625 5041 vel
678 4985 960 5042 ﬁdelibus
1007 4987 1325 5055 amandus,
1375 5005 1611 5046 memor
1665 4990 1874 5047 admo-

199 5075 453 5132 nitionis
504 5090 695 5146 quam
721 5075 864 5131 olim
923 5081 1234 5149 acceperat
1282 5094 1389 5149 per
1443 5079 1872 5136 revelationem

199 5164 426 5222 Christi
484 5164 847 5220 confessoris
879 5207 896 5236 ,
963 5180 1075 5221 nec
1127 5181 1251 5221 non
1307 5183 1418 5239 pro
1470 5174 1629 5225 certo
1679 5169 1872 5225 sciens

197 5253 546 5328 principem
603 5255 782 5325 hujus
855 5254 1071 5311 mundi
1150 5254 1228 5310 ad
1306 5271 1367 5312 se
1405 5264 1743 5326 venturum,
1818 5263 1876 5315 et

200 5359 350 5399 cum
407 5343 564 5400 aeris
611 5344 1011 5417 potestatibus
1061 5348 1270 5401 contra
1322 5361 1383 5401 se
1438 5353 1871 5419 pugnaturum,

199 5432 316 5489 sed
380 5433 441 5488 in
489 5433 900 5490 misericordia
975 5434 1228 5497 Domini,
1287 5434 1348 5490 in
1399 5451 1522 5508 quo
1591 5452 1716 5492 non
1772 5439 1875 5496 ha-

308 5561 432 5619 141)
466 5560 652 5629 Apoc.
685 5576 787 5616 xu.

307 5632 409 5686 142
469 5632 536 5686 L.
568 5647 650 5686 xu
678 5632 866 5704 Orig.,
897 5646 1031 5704 cap.
1063 5633 1118 5687 4.

311 5631 438 5772 143)
475 5702 685 5759 Hacin
706 5707 995 5760 ms.erant
1009 5701 1129 5759 alia
1137 5703 1368 5762 minore
1378 5704 1574 5764 littera
1589 5705 1739 5765 ascri

285 5701 438 5772 (143)
475 5702 685 5759 Hacin
706 5701 995 5760 malerant
1009 5701 1129 5759 alia
1137 5703 1368 5762 minore
1378 5704 1574 5764 littera
1589 5705 1866 5780 ascripta.

1984 439 2251 498 animam
2283 457 2461 499 suam
2489 442 2744 500 humani
2774 448 3008 515 generis
3032 448 3344 504 inimicum
3388 466 3644 522 supera-

1981 533 2197 596 turam,
2224 530 2410 602 jussit
2436 531 2499 588 in
2521 547 2715 603 agone
2739 535 3075 594 novissimo
3104 542 3170 594 ut
3217 554 3254 594 a
3272 537 3552 594 ﬁdelibus
3584 541 3647 597 in

1980 619 2308 676 oratorium
2336 625 2694 694 portaretur,
2725 627 2784 680 et
2811 629 2948 681 ante
2981 626 3166 683 altare
3191 627 3374 685 beati.
3420 630 3647 686 Otmari

1980 708 2398 782 deponeretur.
2430 711 2602 777 Quod
2629 729 2768 769 cum
2798 713 3024 771 factum
3077 721 3252 784 esset,
3300 717 3642 791 aliquantu-

1980 797 2104 854 lum
2165 815 2238 854 ex
2296 798 2637 857 inﬁrmitate
2678 803 3124 875 convalescens,
3155 805 3484 874 resedit;et
3507 809 3646 864 Ora-

1978 887 2134 944 rium
2161 888 2464 961 accipiens
2484 905 2592 962 per
2614 891 3054 949 confessionem
3076 893 3341 966 primum
3363 911 3424 950 se
3446 896 3646 968 expia-

1977 976 2080 1033 vit.
2116 977 2259 1034 Dein
2289 978 2395 1051 qui
2447 979 2698 1036 aderant
2750 998 2861 1054 pro
2913 982 3052 1054 ﬁde,
3114 999 3221 1056 spe
3279 987 3336 1039 et
3359 984 3644 1041 charitate

1980 1067 2122 1123 satis
2150 1067 2370 1124 utiliter
2393 1073 2452 1126 et
2478 1069 2812 1128 luculenter
2841 1073 3394 1129 commonefaciens
3443 1090 3546 1131 eos
3574 1091 3645 1131 ac

1978 1171 2191 1212 omnes
2251 1157 2365 1213 sibi
2423 1159 2800 1231 commissos,
2861 1165 2918 1217 et
2962 1161 3352 1218 nihilominus
3413 1163 3645 1220 obitum

1980 1261 2159 1301 suum
2190 1263 2330 1302 cum
2385 1247 2611 1304 intimis
2666 1249 2936 1323 suspiriis
2988 1254 3106 1307 Deo
3163 1256 3219 1307 et
3264 1253 3485 1308 sanctis
3515 1254 3645 1324 ejus

1982 1334 2449 1404 commendavit,
2483 1337 2690 1410 sicque
2719 1338 2932 1395 viatico
2986 1343 3228 1412 sumpto
3279 1341 3645 1397 humotenus

1981 1439 2043 1478 se
2073 1423 2428 1482 humiliavit.
2463 1428 2624 1482 Tunc
2655 1427 2859 1483 aditui
2885 1427 3009 1484 sive
3040 1428 3390 1485 cubicularii
3434 1429 3645 1501 ejicere

1979 1512 2293 1569 tentabant
2321 1514 2634 1570 universos
2665 1515 2740 1571 de
2761 1515 3030 1583 ecclesia,
3055 1517 3317 1589 exceptis
3346 1517 3647 1574 familiari-

1980 1601 2098 1656 bus
2129 1601 2214 1657 ibi
2265 1619 2338 1658 ex
2387 1621 2553 1660 more
2596 1606 3143 1662 commanentibus.
3209 1608 3370 1673 Quos
3428 1607 3513 1664 vir
3544 1607 3647 1663 Dei

1982 1691 2288 1764 prohibuit
2317 1693 2524 1750 dicens
2582 1711 2594 1748 :
2654 1698 2926 1751 Reserate
2975 1695 3150 1764 ostia,
3207 1696 3378 1753 sinite
3410 1713 3642 1766 omnes,

1981 1780 2087 1853 qui
2106 1781 2202 1837 hic
2233 1798 2478 1840 manere
2508 1783 2709 1851 velint,
2743 1784 2956 1840 adesse
2999 1785 3349 1842 resolutioni
3401 1791 3642 1842 nostra.

1982 1873 2111 1925 Non
2140 1871 2301 1927 enim
2327 1888 2458 1940 nos,
2509 1873 2615 1945 qui
2671 1889 2880 1928 sumus
2940 1874 3243 1940 mortales,
3297 1875 3648 1931 erubescere

1983 1958 2298 2030 debemus,
2328 1961 2442 2017 nisi
2472 1977 2546 2017 ex
2576 1961 2749 2017 malis
2781 1963 3086 2034 operibus,
3117 1980 3258 2019 cum
3289 1963 3498 2019 mortis
3547 1963 3648 2018 de-

1982 2046 2178 2104 bitum
2234 2050 2572 2106 necessario
2630 2051 3086 2119 exsolverimus,
3145 2051 3648 2125 quandoquidem

1983 2136 2267 2208 Christus,
2299 2139 2403 2212 qui
2441 2139 2589 2196 nihil
2633 2140 2810 2197 morti
2861 2141 3140 2208 debebat,
3201 2141 3387 2198 ferme
3445 2139 3648 2196 nudus

1981 2227 2137 2282 mori
2162 2244 2285 2284 non
2312 2228 2549 2285 erubuit
2583 2229 2644 2284 in
2696 2245 2873 2285 cruce
2931 2246 3041 2302 pro
3101 2229 3335 2300 generis
3388 2227 3646 2284 humani

1981 2315 2193 2374 salute.
2225 2317 2484 2390 Aspiciat
2511 2319 2766 2392 quisque
2795 2319 2857 2374 in
2882 2324 3073 2375 morte
3105 2324 3313 2375 nostra
3342 2317 3510 2391 quod
3530 2333 3642 2390 pa-

1979 2411 2115 2461 veat
2144 2411 2202 2462 et
2228 2423 2351 2463 non
2379 2411 2586 2464 caveat
2615 2407 2676 2463 in
2704 2424 2832 2464 sua.
2863 2411 3019 2464 Deus
3048 2407 3316 2463 misereri
3365 2405 3645 2476 dignetur

1979 2498 2037 2549 et
2065 2495 2213 2551 mihi
2242 2497 2459 2552 misero
2502 2497 2803 2570 peccatori
2850 2492 3108 2554 mortem
3157 2513 3321 2552 nunc
3373 2494 3640 2569 patienti,

1979 2587 2038 2638 et
2067 2584 2286 2657 cuique
2314 2601 2449 2640 eam
2478 2585 2684 2641 timide
2707 2601 2777 2641 ac
2800 2585 3106 2642 humiliter
3133 2584 3468 2658 aspicienti.
3504 2584 3643 2639 Hac

1979 2689 2124 2730 cum
2154 2674 2421 2742 dixisset,
2454 2679 2790 2732 reverenter
2845 2677 3156 2749 expiravit.
3213 2679 3342 2733 Mox
3400 2673 3645 2731 advenit

1980 2762 2472 2837 archiepiscopus
2499 2769 2543 2832 (1
2558 2766 2648 2836 44)
2674 2764 2850 2820 bona
2901 2765 3230 2835 memoria,
3288 2762 3641 2830 Hartwicus,

1979 2853 2038 2906 et
2063 2851 2225 2908 Arbo
2255 2867 2456 2908 comes
2482 2852 2734 2926 quidam
2763 2869 2837 2909 ex
2879 2869 3134 2910 numero
3181 2852 3456 2908 ﬁdelium
3503 2849 3646 2906 ﬁde-

1976 2938 2265 3012 lissimus,
2295 2941 2545 3014 viroque
2574 2941 2674 2998 Dei
2702 2942 2855 2999 inter
2874 2943 3061 2998 laicos
3079 2942 3493 2999 charissimus.
3524 2940 3646 2996 Hos

1978 3045 2224 3102 quoque
2253 3030 2353 3086 illo
2384 3037 2669 3088 venturos
2693 3037 2867 3089 nocte
2896 3032 3196 3106 praterita
3227 3031 3442 3106 spiritu
3499 3046 3648 3105 pra-

1979 3118 2195 3174 doctus
2249 3120 2608 3176 venerabilis
2657 3121 2879 3193 prasul
2936 3121 3342 3192 Wolfgangus
3390 3119 3650 3178 innotuit

1979 3207 2373 3279 quibusdam,
2405 3214 2541 3282 post
2569 3209 2754 3280 longa
2781 3210 3035 3280 silentia,
3063 3215 3119 3266 et
3167 3211 3436 3284 corporis
3493 3209 3647 3266 rela-

1976 3300 2122 3353 xata
2147 3297 2442 3368 molestia,
2475 3303 2737 3355 astantes
2767 3304 3014 3370 terrens,
3061 3316 3132 3355 ac
3190 3299 3276 3355 sic
3335 3300 3530 3355 subito
3559 3298 3646 3354 in-

1979 3384 2195 3457 quiens
2246 3405 2259 3442 :
2323 3387 2598 3444 Mundate
2627 3387 2905 3456 domum,
2936 3392 3190 3462 purgate
3240 3389 3413 3456 atria,
3469 3387 3646 3444 hodie

1981 3475 2223 3532 venient
2248 3477 2424 3533 nobis
2442 3477 2588 3534 boni
2612 3477 2900 3551 hospites.
2960 3481 3027 3534 Et
3073 3483 3140 3534 ut
3189 3479 3444 3536 credatis
3500 3477 3648 3534 mihi

1983 3565 2127 3637 quia
2159 3582 2372 3622 verum
2401 3567 2558 3638 dico,
2582 3568 2699 3623 hoc
2728 3569 2899 3624 vobis
2957 3569 3066 3624 erit
3119 3568 3359 3639 signum
3419 3585 3493 3624 ex
3544 3584 3646 3624 ore

1980 3670 2116 3710 meo
2177 3673 2190 3710 :
2249 3656 2451 3724 Navis,
2513 3656 2574 3712 in
2629 3673 2756 3729 qua
2786 3657 3128 3714 ferebantur
3171 3659 3335 3714 bona
3360 3657 3648 3714 dominici

1981 3744 2256 3801 Hartwici
2282 3745 2750 3819 archipontiﬁcis
2775 3752 2832 3803 et
2874 3748 3099 3803 Arboni
3121 3747 3330 3820 optimi
3391 3747 3642 3815 comitis,

1979 3831 2365 3902 naufragium
2396 3838 2576 3906 atque
2603 3833 2906 3904 jacturam
2933 3834 2995 3889 in
3026 3835 3302 3890 Danubio
3358 3851 3646 3907 perpessa

1981 3923 2105 3987 est;
2140 3919 2247 3974 sed
2304 3937 2410 3992 per
2460 3920 2936 3977 misericordiam
2990 3921 3110 3987 Dei,
3161 3921 3438 3977 homines
3489 3921 3639 3977 salvi

1980 4007 2118 4064 facti
2145 4013 2304 4078 sunt,
2332 4015 2389 4066 et
2416 4009 2530 4082 ipsi
2561 4008 2794 4065 domini
2830 4026 2972 4066 mox
2993 4013 3131 4081 post
3157 4008 3388 4065 obitum
3436 4025 3644 4066 meum

1979 4097 2154 4154 vobis
2185 4104 2360 4155 erunt
2382 4099 2719 4155 adventuri.
2745 4099 2896 4161 Quid
2917 4099 3106 4156 multa
3127 4099 3156 4156 ?
3185 4099 3499 4172 completis
3522 4099 3640 4168 his,

1980 4204 2118 4260 qua
2149 4187 2308 4244 dicta
2337 4193 2495 4258 sunt,
2529 4203 2565 4244 a
2593 4187 2772 4245 beato
2820 4188 3194 4259 Wolfgango,
3247 4205 3466 4263 corpus
3513 4189 3644 4260 ejus

1982 4277 2336 4334 comitatum
2365 4278 2444 4334 ab
2469 4277 2923 4352 archiepiscopo
2953 4283 3009 4334 et
3032 4295 3068 4335 a
3097 4278 3327 4352 populo
3372 4278 3642 4336 ﬁdelium

1983 4367 2229 4440 copioso
2255 4371 2342 4424 est
2370 4367 2643 4436 religiose
2692 4368 3068 4436 translatum,
3120 4385 3232 4425 nec
3282 4385 3405 4426 non
3459 4368 3554 4425 die
3607 4386 3644 4426 a

1908 4427 1951 4480 θ
1982 4427 2235 4513 transitu
2271 4457 2429 4513 illius
2452 4427 2706 4531 septimo
2732 4457 2794 4514 in
2821 4427 3116 4515 civitatem
3146 4459 3536 4515 Ratisbonam
3561 4458 3642 4514 al-

1979 4547 2190 4603 latum.
2222 4547 2330 4603 Ubi
2359 4564 2499 4602 cum
2528 4547 2753 4620 prasul
2795 4547 3010 4604 beatus
3041 4547 3206 4620 apud
3231 4549 3516 4603 Sanctum
3535 4549 3640 4602 Pe-

1981 4640 2139 4691 trum
2170 4640 2325 4692 esset
2349 4640 2680 4710 susceptus,
2714 4652 2785 4692 ac
2814 4636 3152 4707 vigiliarum
3196 4635 3640 4706 missarumque

1984 4725 2486 4782 celebrationibus
2518 4728 2656 4792 Deo,
2692 4725 2788 4780 cui
2839 4725 3267 4795 famulabatur,
3301 4723 3451 4779 foret
3479 4739 3640 4778 com-

1982 4815 2325 4878 mendatus,
2343 4815 2405 4869 in
2420 4815 2666 4870 basilica
2676 4813 2836 4869 beati
2856 4814 3140 4885 Stephani
3159 4811 3637 4886 protomartyris,

1982 4908 2048 4958 ut
2072 4903 2275 4959 vivens
2296 4906 2681 4975 praeceperat,
2711 4901 3154 4974 pontiﬁcalibus
3179 4901 3398 4968 infulis,
3426 4899 3488 4956 in
3504 4900 3640 4973 qui-

1982 4993 2099 5048 bus
2127 4995 2512 5048 consecratus
2542 4995 2685 5059 erat,
2713 4990 3098 5061 induebatur,
3125 4991 3294 5061 juxta
3325 4990 3441 5046 hoc
3471 4990 3639 5062 quod

1983 5082 2270 5154 scriptum
2297 5085 2385 5136 est
2415 5098 2427 5136 :
2464 5081 2715 5136 lnduam
2744 5085 2799 5136 te
2830 5079 3165 5135 mutatoriis
3211 5080 3380 5149 (145).
3433 5079 3518 5135 lbi
3574 5083 3640 5135 ut

1981 5171 2182 5228 audivi
2213 5170 2535 5242 aquodam
2567 5170 2915 5242 presbytero
2946 5185 3086 5225 sene
3113 5185 3183 5225 ac
3213 5169 3509 5240 religioso,
3533 5169 3638 5242 qui

1980 5277 2119 5316 eum
2130 5259 2497 5332 paramentis
2510 5258 2849 5326 amiciebat,
2870 5258 2948 5314 ad
2961 5258 3475 5315 manifestandum
3486 5259 3636 5315 tanti

1981 5348 2279 5424 pontiﬁcis
2309 5349 2608 5416 meritum,
2633 5363 2756 5403 non
2777 5352 3011 5404 tantum
3023 5348 3174 5404 odor
3188 5347 3386 5404 malus
3407 5348 3635 5417 aberat,

1983 5439 2090 5496 sed
2109 5438 2285 5495 etiam
2305 5437 2503 5494 bonus
2520 5437 2727 5494 aderat
2746 5457 2758 5507 ;
2778 5437 3111 5494 secundum
3127 5437 3295 5512 quod
3314 5437 3634 5510 Apostolus

2079 5567 2199 5624 144)
2243 5562 2714 5635 Salsburgensis,
2762 5563 2980 5620 Warrz.

2079 5567 2199 5624 144)
2243 5565 2542 5635 εωεδιιιεε

2053 5565 2200 5708 (145)
2239 5635 2429 5694 Zach.
2462 5651 2542 5692 ιιι.
