3996 6178
150 174 296 232 1048

930 181 1021 235 nr:
1060 181 1435 237 MIRACULIS
1478 182 1534 238 s.
1580 168 2009 237 EMMERAKMI
2051 175 2230 233 mem
2270 179 2432 236 nuo.
2474 212 2542 223 -
2582 158 2821 238 ιιΒῘιι.

3476 185 3617 242 me

142 316 218 356 ac
252 304 454 357 mente
478 298 734 367 inclinis,
768 304 1096 359 venerandi
1125 304 1425 377 pontiﬁcis
1458 303 1734 375 adjuvari
1757 316 1819 356 se
1852 304 1899 355 Α
1937 305 1996 355 et
2020 302 2349 373 potentiam
2380 308 2544 361 tuam
2574 306 2914 378 loquentur.
2959 305 3215 362 Proinde
3252 308 3312 362 et
3339 308 3408 361 tu
3436 304 3622 367 virili-

142 394 387 462 optaret
410 389 690 462 precibus
715 396 774 446 et
804 392 1050 462 meritis,
1086 394 1285 449 subito
1335 394 1534 450 lateris
1585 398 1822 450 contra-

144 477 290 547 ctio,
321 482 381 533 et
409 482 765 535 ceterorum
805 480 1040 537 nodosa
1096 483 1511 538 membrorum
1558 479 1823 545 alligatio

144 569 238 623 est
267 567 483 636 soluta,
513 572 571 623 et
598 568 994 625 nihilominus
1032 574 1155 627 tam
1206 573 1592 628 vehementer
1633 571 1824 626 disru-

144 659 254 728 pta
282 661 347 711 ut
371 656 684 725 sanguinis
722 658 934 713 eil'usio
985 658 1282 714 ditﬂueret
1333 660 1391 714 in
1450 660 1819 732 pavimento.

143 746 312 800 Tunc
342 744 581 814 mulier,
614 746 879 818 primum
902 748 1201 810 exterrita,
1248 766 1370 821 prze
1402 750 1613 805 timore
1645 746 1826 819 cmpit

146 832 434 903 clamare,
465 834 607 890 dein
639 835 915 891 exsiliens
960 842 1156 905 grates
1209 838 1469 893 reddidit
1525 835 1825 895 salvatrici

149 927 375 978 sanctae
398 922 695 979 Trinitatis
720 924 1189 998 omnipotentite,
1246 931 1425 998 atque
1476 930 1822 983 sanctorum

151 1010 426 1067 sanitatis
456 1012 840 1084 impetratrici
868 1015 1217 1071 clementiae.
1258 1020 1461 1087 Itaque
1507 1016 1618 1072 sibi
1658 1012 1822 1070 resti-

152 1103 284 1156 tuta
302 1099 378 1156 de
408 1100 723 1158 salutiferis
751 1102 1014 1160 ecclesiis
1046 1104 1364 1160 domiciliis
1408 1105 1718 1177 repedavit
1742 1100 1823 1158 ad

154 1205 288 1246 sua.
324 1193 455 1248 Post
482 1192 611 1247 haec
641 1192 721 1248 ad
749 1209 904 1265 quos
936 1194 1117 1265 hujus
1154 1195 1238 1250 rei
1268 1211 1412 1251 cura
1462 1194 1819 1267 pertinebat,

147 1279 571 1347 scamnellum,
598 1297 721 1353 quo
751 1282 850 1338 illa
879 1284 1250 1355 paupercula
1280 1284 1416 1340 totis
1462 1284 1688 1340 viribus
1736 1282 1823 1337 in-

142 1364 291 1420 nixa
320 1380 531 1437 repere
563 1367 760 1438 pbtius
800 1384 985 1439 quam
1017 1369 1407 1425 deambulare
1455 1370 1706 1437 solebat,
1741 1368 1821 1423 ad

143 1453 402 1523 gloriam
434 1455 698 1511 nominis
726 1456 929 1522 divini,
954 1462 1010 1512 et
1038 1458 1117 1513 ob
1153 1459 1506 1515 memoriam
1553 1458 1697 1514 tanti
1750 1457 1821 1512 si-

144 1543 271 1613 gni,
302 1559 490 1616 super
521 1545 675 1601 fores
704 1545 966 1601 ecclesiae
999 1547 1469 1619 suspendebant.

214 1632 502 1698 Quadam
528 1634 624 1691 die
651 1634 779 1704 (aL,
810 1635 1132 1709 Dominico]
1176 1637 1501 1695 homuncio
1554 1650 1815 1708 pauper-
1847 1656 1891 1709 Β

141 1720 339 1785 cuius.
369 1727 449 1792 et,
487 1728 551 1780 ut
579 1724 839 1780 veridica
877 1726 1163 1783 relatione
1211 1726 1412 1791 didici,
1466 1730 1817 1783 Ravennati-

142 1810 215 1864 tis
244 1810 520 1884 episcopi
549 1812 1080 1887 eleemosynarius,
1113 1815 1302 1885 gratia
1328 1814 1539 1873 orandi
1568 1813 1727 1871 venit
1754 1813 1815 1869 in

140 1900 461 1961 ecclesiam
494 1905 554 1962 Β.
582 1904 1024 1962 Emmerammi.
1066 1913 1134 1975 Is,
1165 1905 1312 1961 dum
1364 1904 1657 1976 frequenti
1686 1918 1818 1958 ora-

142 1988 309 2046 tione
337 2006 400 2048 se
429 1990 671 2051 liberari
702 1999 1045 2051 sanctorum
1100 1994 1327 2050 meritis
1359 1993 1690 2065 postularet
1736 1992 1817 2048 ab

145 2077 473 2137 inhterente
503 2080 619 2138 sibi
648 2080 751 2138 diu
782 2082 1196 2139 membrorum
1212 2081 1537 2145 debilitate,
1565 2081 1816 2138 demum

141 2167 435 2228 decubuit
462 2170 681 2229 inloco
709 2172 813 2244 qui
858 2172 1012 2229 beati
1064 2172 1396 2243 Wolfgangi
1454 2172 1696 2229 dotatus
1742 2172 1816 2227 si-

140 2257 272 2313 mul
303 2263 487 2331 atque
518 2260 739 2317 ditatus
769 2267 856 2317 est
878 2277 1126 2335 corpore
1177 2278 1370 2319 sacro.
1432 2261 1516 2317 lbi
1572 2260 1816 2316 feliciter

138 2352 488 2421 soporatus,
522 2349 851 2422 quemdam
881 2349 1077 2404 virum
1104 2355 1330 2407 statura
1374 2365 1713 2422 procerum,
1759 2354 1817 2405 et

135 2438 361 2493 canitie
418 2436 830 2494 venerandum
877 2444 1073 2495 astare
1128 2437 1291 2508 vidit,
1371 2438 1475 2513 qui
1535 2438 1613 2495 ad
1672 2455 1814 2494 eum

135 2526 294 2583 dixit
328 2545 341 2582 :
376 2528 446 2583 Ut
473 2527 620 2601 quid
642 2531 704 2583 tu
736 2527 829 2583 hic
854 2532 957 2584 aut
987 2529 1158 2601 cujus
1190 2529 1273 2583 rei
1305 2530 1495 2599 gratia
1542 2528 1661 2583 huc
1712 2527 1814 2583 ad-

132 2617 401 2673 venisti?
449 2618 555 2674 Cui
599 2617 694 2673 ille
753 2618 1065 2690 respondit
1105 2637 1118 2673 :
1170 2619 1438 2685 Domine,
1493 2623 1813 2691 prOpterea

132 2705 326 2761 miser
373 2706 495 2762 huc
533 2706 669 2762 veni
718 2712 783 2763 ut
820 2723 998 2763 saner
1047 2720 1082 2763 a
1128 2707 1525 2775 languoribus
1583 2706 1809 2779 quibus

126 2796 267 2866 jam
297 2810 407 2867 per
435 2795 637 2868 plures
667 2811 859 2851 annos
885 2796 1154 2853 laboravi
1183 2796 1480 2852 detentus.
1530 2798 1603 2851 At
1633 2811 1809 2850 vene-

130 2884 349 2941 rabilis
373 2884 569 2949 heros,
599 2885 765 2956 virga
794 2886 1079 2957 pastorali
1104 2901 1294 2958 quam
1346 2901 1531 2942 manu
1575 2890 1808 2953 gestare

129 2972 459 3029 videbatur
489 2979 740 3043 tangens
771 2979 1085 3045 aegrotum.
1126 2990 1196 3030 ac
1242 2973 1453 3030 ofﬁciis
1508 2973 1807 3030 membro-

128 3079 275 3119 rum
298 3062 650 3119 destiiutum
680 3063 1113 3133 miserabiliter,
1147 3062 1276 3119 iniit
1309 3082 1320 3118 :
1366 3067 1510 3119 Ecce
1554 3063 1810 3120 sanabe-

128 3154 216 3209 ris
246 3152 309 3208 in
336 3152 583 3209 nomine
613 3158 834 3209 sancta;
864 3154 1177 3209 Trinitatis.
1207 3156 1390 3223 Tunc,
1430 3152 1534 3225 qui
1561 3152 1808 3223 jacebat

127 3242 314 3316 quasi
341 3248 641 3309 mortuus,
676 3259 781 3316 per
807 3244 1016 3299 merita
1066 3242 1337 3315 praesulis
1389 3241 1719 3307 reverendi,
1771 3254 1807 3297 a

128 3346 359 3387 sumno
386 3332 755 3401 tegritudinis
806 3333 1113 3397 excitatus,
1163 3337 1405 3403 repente
1453 3331 1710 3387 exsilivit
1752 3336 1810 3386 et

129 3437 260 3494 prte
292 3426 537 3495 stupore
568 3422 689 3478 sive
740 3422 999 3496 tripudio
1051 3421 1343 3491 clamans,
1391 3422 1452 3475 in
1506 3425 1806 3493 quantum

130 3512 350 3585 potuit,
386 3514 574 3568 Deum
605 3516 966 3585 sanctosque
992 3511 1149 3566 illius
1174 3517 1227 3566 et
1259 3510 1384 3584 ipse
1413 3510 1705 3581 laudavit,
1752 3515 1809 3566 et

130 3602 288 3658 alios
316 3600 393 3657 ad
424 3601 799 3658 laudandum
833 3602 1201 3674 provocavit.

212 3712 242 3739 α
286 3690 423 3745 Haec
451 3691 652 3764 itaque
679 3692 790 3747 tria
814 3690 1097 3763 capitula,
1130 3690 1210 3745 ob
1242 3690 1602 3745 memoriam
1632 3703 1808 3745 vene-

132 3779 319 3836 randi
348 3780 614 3854 episcopi
657 3780 717 3854 in
773 3781 1017 3836 nomine
1073 3784 1296 3835 sanctae
1355 3779 1651 3835 Trinitatis
1701 3779 1801 3833 de-

134 3870 386 3942 scripta,
420 3884 531 3942 pro
554 3852 901 3925 testimonio
930 3868 1190 3924 duorum
1225 3868 1317 3923 vel
1349 3868 1526 3924 trium
1569 3868 1804 3923 testium

132 3958 415 4015 sufficere
445 3960 625 4015 credo
654 3959 746 4015 his
778 3960 883 4032 qui
911 3975 1032 4015 non
1065 3958 1327 4031 superbo
1356 3958 1532 4014 oculo
1562 3963 1620 4013 et
1644 3958 1804 4012 insa-

132 4049 326 4105 tiabili
356 4050 537 4106 corde
567 4050 974 4107 contradicere
1001 4054 1230 4105 tentant
1259 4048 1490 4104 nomini
1519 4048 1673 4103 trino
1704 4062 1808 4119 pa-

130 4140 278 4195 riter
304 4144 363 4195 et
387 4139 610 4195 divino.
647 4142 894 4212 Insuper
934 4155 1115 4212 spero
1142 4139 1417 4210 ejusdem
1457 4137 1647 4193 sancti
1679 4150 1805 4192 me-

130 4230 317 4286 ritum
342 4230 472 4295 viri,
502 4244 765 4302 superna
790 4230 1110 4293 revelante,
1143 4234 1199 4283 et
1230 4227 1619 4283 nihilominus
1662 4240 1803 4282 eoo.

130 4324 390 4394 perante
416 4320 626 4389 gratia,
659 4319 1029 4375 manifestius
1059 4318 1257 4374 adhuc
1287 4323 1343 4373 et
1392 4317 1800 4375 abundantius

132 4407 510 4462 declaratum
533 4407 622 4479 iri,
651 4422 760 4463 nec
782 4422 906 4462 non
936 4406 997 4461 in
1027 4406 1280 4462 Domino
1304 4405 1538 4479 plenius
1561 4421 1596 4461 a
1627 4405 1802 4461 nobis

138 4496 271 4552 sive
302 4495 378 4552 ab
406 4496 536 4553 aliis
565 4496 878 4553 laudatum
909 4497 995 4552 iri.
1045 4519 1071 4545 ››

766 4569 1195 4626 Ammonicius.

211 4696 241 4723 κ
285 4675 569 4731 Omnium
596 4674 867 4733 ﬁdelium
897 4690 1034 4749 spes
1065 4690 1187 4730 non
1214 4674 1410 4730 solum
1442 4688 1639 4745 aequo,
1694 4673 1802 4730 sed

133 4765 322 4821 etiam
352 4765 691 4821 necessario
720 4764 961 4837 ponitur
990 4770 1047 4821 et
1075 4765 1276 4835 figitur
1301 4764 1361 4819 in
1394 4763 1803 4835 omnipotente

136 4855 399 4910 Domino
427 4855 532 4927 qui
562 4854 622 4909 in
648 4859 877 4910 tantum
922 4853 1340 4912 misericordiae
1382 4868 1505 4909 sum
1536 4866 1802 4924 unguen-

138 4948 198 4999 ta
228 4942 516 4998 diffundit
536 4948 600 4997 ut
628 4959 737 4998 nec
766 4943 844 4998 ab
874 4942 1124 5011 ingratis
1155 4942 1447 4998 beneficia
1498 4958 1609 4999 sua
1658 4941 1801 4997 sub-

134 5033 374 5087 trahere
403 5031 560 5087 velit.
594 5032 776 5102 Cujus
804 5031 937 5088 laus
984 5033 1045 5087 in
1098 5038 1443 5089 sanctorum
1488 5032 1799 5099 memoria,

134 5136 333 5193 usque
359 5121 421 5175 in
452 5120 635 5176 tinem
666 5120 867 5177 saeculi
892 5120 1329 5178 confertissima
1358 5121 1536 5176 debet
1582 5122 1801 5195 recipe-

131 5226 199 5266 re
222 5210 617 5277 incrementa,
645 5210 980 5266 secundum
1024 5210 1138 5265 hoc
1168 5209 1337 5282 quod
1383 5209 1696 5267 Psalmista
1739 5212 1802 5265 in

132 5300 468 5356 centesimo
516 5300 982 5373 quadragesimo
1030 5304 1244 5371 quarto
1302 5299 1542 5371 psalmo
1596 5300 1739 5357 dicit
1786 5318 1798 5354 :

130 5389 550 5446 Conﬁteantur
604 5389 731 5456 tibi,
786 5388 1055 5459 Domine,
1106 5388 1312 5444 omnia
1355 5400 1539 5460 opera
1582 5392 1705 5459 tua,
1747 5393 1806 5445 et

132 5478 332 5536 sancti
362 5478 446 5534 tui
471 5477 835 5535 benedicant
855 5479 980 5535 tibi.
1006 5476 1265 5535 Gloriam
1285 5476 1455 5548 regni
1476 5474 1561 5534 tui
1584 5474 1801 5547 dicent,

210 5657 360 5731 (152)
399 5655 531 5717 Alia
557 5656 751 5715 littera
777 5657 858 5716 ad
882 5638 1239 5728 marginem.

1940 394 2023 444 tcr
2051 406 2292 448 assume
2318 392 2627 464 dialogum
2672 396 2821 451 inter
2869 396 3025 452 duos
3055 394 3533 468 conferendum,
3567 407 3627 462 et

1935 478 2176 535 scribito
2206 483 2607 539 venerabilem
2637 485 2832 539 virum
2860 484 3299 551 Ramuoldum,
3340 491 3626 558 quando-

1932 583 2052 639 que
2082 570 2384 642 scripseris
2414 573 2661 629 beatum
2694 574 3139 645 Wolfgangum,
3198 589 3468 637 summa
3523 580 3629 641 de-

1930 657 2167 714 votione
2220 662 2656 718 commendans
2723 662 2886 718 ﬁdeli
2942 663 3289 731 memoriae,
3374 674 3631 742 qualiter

1930 745 2251 805 laudabilis
2303 751 2560 807 dualitas
2610 752 2756 808 tanti
2807 751 3084 809 antistitis
3132 756 3190 808 et
3236 752 3513 831 abbatis,
3538 764 3625 820 di-

1932 835 2180 893 lectione
2210 840 2307 895 Dei
2351 845 2408 896 et
2456 842 2713 913 proximi
2770 843 3115 907 comitante,
3175 855 3339 899 cum
3389 848 3507 905 ﬂde
3564 857 3619 908 et

1932 928 2234 998 rharitate,
2268 929 2405 984 illuc
2434 932 2785 1002 pervenerit,
2820 932 2924 987 ubi
2952 935 3165 988 sancta
3196 932 3461 992 Trinitas
3482 954 3613 1009 per-

1930 1017 2242 1086 petualiter
2260 1019 2515 1091 imperat
2544 1036 2651 1075 nec
2678 1037 2800 1077 non
2826 1021 3087 1077 indivisa
3116 1018 3451 1080 divinitatis
3478 1026 3607 1080 uni-

1930 1109 2018 1159 tas
2047 1122 2184 1163 cum
2216 1109 2435 1164 sanctis
2464 1113 2521 1165 et
2545 1110 2745 1166 electis
2778 1109 3137 1166 reternsliter
3160 1116 3396 1179 regnat.
3444 1135 3471 1161 »

2560 1200 2952 1256 Collectitius.

2003 1306 2028 1331 ‹‹
2069 1288 2278 1355 Amen,
2308 1288 2412 1342 tiat
2437 1287 2712 1345 voluntas
2735 1288 2970 1345 Domini
3009 1289 3072 1345 in
3122 1288 3313 1345 salute
3363 1291 3597 1358 generis

1928 1373 2200 1440 immani,
2234 1381 2290 1431 et
2321 1376 2377 1430 in
2407 1378 2775 1449 paupercula
2803 1378 3207 1450 descriptione
3237 1377 3418 1448 hujus
3448 1394 3598 1451 opu-

1929 1461 2097 1523 sculi,
2126 1462 2328 1535 sicque
2361 1479 2539 1519 suum
2582 1466 2772 1538 stylus
2802 1470 2943 1536 agat
2969 1465 3262 1533 ofﬁcium,
3308 1470 3376 1523 ut
3399 1482 3508 1541 per
3536 1468 3597 1525 id

1929 1550 2302 1619 obedientiee,
2339 1556 2456 1607 Deo
2486 1559 2727 1625 paretur
2752 1554 3124 1627 acceptabile
3157 1555 3539 1614 sacrificium.

2001 1661 2029 1687 ‹‹
2072 1641 2206 1695 Post
2233 1640 2463 1697 obitum
2490 1643 2653 1715 atqui
2688 1643 2845 1700 beati
2883 1643 3231 1713 Wolfgangi
3273 1647 3595 1720 pontiﬁcis,

1930 1727 2149 1783 scilicet
2179 1729 2330 1784 servi
2363 1731 2462 1785 Dei
2489 1732 2974 1804 cunctipotentis,
3016 1734 3398 1792 Ramuoldus
3430 1752 3597 1807 egre-

1927 1816 2037 1885 giae
2058 1818 2364 1872 memoriae
2391 1819 2601 1885 abbas,
2634 1820 2694 1875 in
2740 1821 3031 1891 regimine
3081 1826 3437 1882 monasterii
3492 1843 3600 1883 seu

1925 1908 2344 1978 procuratione
2377 1909 2653 1978 coenobii,
2684 1925 2793 1981 per
2830 1910 3200 1968 tentationes
3240 1915 3442 1972 varias
3496 1917 3600 1973 ad-

1924 1994 2230 2050 versitates
2257 2010 2582 2068 perpessus
2613 2002 2704 2054 est
2748 1999 2989 2055 multas.
3050 2001 3196 2066 Quae
3253 2003 3316 2059 in
3364 2009 3601 2063 tantum

1925 2090 2312 2139 excreverunt
2339 2090 2422 2154 ut,
2455 2086 2570 2141 sub
2592 2088 2790 2156 primo
2836 2089 2985 2159 (152)
3031 2089 3394 2149 Gebehardo
3439 2094 3597 2152 sedis

1926 2172 2107 2243 hujus
2134 2173 2419 2247 episcopo
2446 2175 2708 2231 famulus
2737 2176 2837 2232 Dei
2858 2176 3025 2249 apud
3058 2180 3300 2237 tertium
3323 2184 3599 2241 Ottonem

1924 2261 2367 2333 imperatorem,
2401 2265 2814 2336 quorumdam
2843 2266 3321 2326 detractionibus
3345 2250 3522 2327 simul
3542 2278 3600 2331 et

1925 2350 2411 2408 accusationibus
2436 2352 2848 2411 infamaretur.
2884 2355 3053 2411 Unde
3102 2358 3184 2415 ad
3230 2358 3293 2414 id
3348 2365 3596 2418 ventum

1924 2444 2011 2494 est
2035 2454 2160 2512 quo
2184 2440 2399 2497 iisdem
2436 2442 2717 2515 princeps
2746 2443 3050 2500 credendo
3074 2445 3247 2518 quod
3294 2462 3419 2503 non
3468 2465 3595 2507 cre-

1923 2528 2064 2583 dere
2088 2527 2317 2596 debuit,
2352 2530 2425 2584 dc
2457 2530 2742 2599 religione
2771 2531 2881 2587 viri
2910 2532 3011 2589 Dei
3042 2532 3269 2589 dubius
3317 2535 3510 2593 factus
3538 2544 3596 2596 et

1923 2633 2166 2690 anceps,
2199 2617 2344 2672 dum
2374 2620 2451 2674 ad
2495 2624 2774 2675 sanctum
2830 2624 3372 2695 Emmerammum,
3425 2642 3592 2684 more

1921 2707 2371 2779 imperatorum.
2406 2709 2652 2777 veniret,
2685 2713 2742 2765 et
2770 2710 3144 2767 exacerbatis
3189 2713 3428 2784 animis,
3477 2730 3590 2773 nec

1923 2796 2145 2869 alloqui
2177 2812 2338 2867 eum,
2366 2814 2475 2854 nec
2501 2798 2709 2855 oculos
2737 2799 2799 2855 in
2824 2798 2995 2855 illum
3026 2806 3373 2860 convertere
3388 2805 3584 2863 vellet.

1923 2891 2191 2958 Cumque
2218 2886 2296 2942 ab
2326 2903 2398 2943 eo
2428 2892 2665 2945 oratum
2690 2893 2845 2946 esset
2885 2889 2948 2945 in
2992 2892 3310 2948 secretario
3363 2894 3586 2967 altaris,

1921 2991 2124 3031 coram
2155 2992 2226 3031 eo
2252 2977 2355 3048 qui
2386 2977 2522 3033 fecit
2546 2979 2893 3035 machinam
2923 2979 3080 3051 cmli,
3123 2986 3291 3037 terra:
3340 2998 3410 3039 ac
3460 3001 3588 3041 ma-

1919 3065 2022 3132 ris,
2047 3064 2296 3121 accessit
2324 3065 2404 3122 ad
2451 3082 2589 3123 eum
2618 3067 2912 3140 despoton
2966 3069 3221 3141 quidam
3251 3077 3589 3145 symmysta

1918 3154 2048 3223 ejus
2100 3154 2346 3210 nomine
2401 3156 2760 3227 Heribertus,
2818 3160 2959 3212 tunc
3017 3157 3167 3215 forte
3216 3160 3584 3233 capellanus,

1917 3248 2124 3315 postea
2151 3259 2292 3299 vero
2323 3244 2690 3302 Coloniensis
2716 3246 3056 3319 episcopus.
3089 3252 3141 3303 Is
3180 3263 3254 3304 ex
3310 3249 3582 3306 consulto

1919 3332 1995 3387 ad
2027 3348 2165 3387 eum
2197 3331 2345 3389 dixit
2371 3351 2383 3388 :
2425 3334 2692 3401 Domine,
2722 3349 2846 3389 non
2871 3338 3106 3406 oportet
3132 3348 3242 3391 vos
3280 3336 3581 3406 indignari

1918 3426 2127 3477 contra
2153 3421 2344 3477 virum
2378 3422 2498 3479 Dei.
2549 3422 2639 3477 Ad
2683 3423 2810 3477 haec
2859 3421 3187 3494 imperator
3221 3422 3354 3480 iniit
3385 3441 3397 3479 :
3431 3428 3581 3482 Cum

1918 3511 2205 3584 scriptum
2235 3512 2349 3567 sit:
2385 3512 2719 3585 Principem
2749 3510 2958 3585 populi
3010 3512 3092 3567 tui
3139 3528 3215 3568 ne
3262 3512 3582 3571 maledixe-

1916 3600 1995 3655 ris
2028 3605 2199 3673 (153),
2252 3600 2374 3656 scio
2421 3602 2568 3674 quia
2623 3617 2747 3657 non
2796 3601 3076 3658 convenit
3126 3602 3436 3659 hominem
3480 3604 3583 3661 Dei

1917 3690 2062 3745 mihi
2088 3690 2399 3747 detrahere
2427 3691 2551 3747 sive
2572 3690 2927 3747 maledicere
2958 3709 2971 3758 ;
3004 3692 3337 3763 praesertim
3364 3709 3505 3749 cum
3525 3697 3583 3751 et

1917 3794 2029 3848 ego
2059 3779 2141 3835 illi
2173 3781 2320 3836 nihil
2362 3796 2634 3853 unquam
2688 3780 2929 3837 fecerim
2980 3782 3146 3854 quod
3201 3782 3277 3837 sit
3324 3782 3580 3851 dignum

1916 3868 2352 3925 rnaledictione.
2382 3874 2545 3926 Tunc
2572 3869 2856 3926 dominus
2883 3869 3221 3925 Heribertus
3276 3870 3475 3926 bonus
3522 3876 3580 3926 et

1914 3957 2106 4013 ﬁdelis
2136 3958 2528 4025 consiliarius,
2561 3958 2905 4031 respondit:
2956 3957 3012 4014 Si
3058 3957 3427 4029 principatus
3469 3959 3579 4015 im-

1915 4048 2061 4120 perii
2094 4047 2286 4115 gestit,
2309 4048 2460 4103 sicut
2487 4052 2545 4103 et
2563 4047 2741 4103 debet
2767 4046 2828 4101 in
2851 4046 3171 4120 praesentia
3194 4046 3375 4102 vestri
3402 4063 3579 4105 vene-

1914 4137 2174 4193 randum
2212 4136 2518 4206 abbatem,
2575 4152 2777 4192 coram
2836 4139 3044 4193 sancta
3088 4136 3574 4207 congregatione,

1915 4241 2095 4297 super
2123 4226 2237 4281 hac
2268 4241 2330 4283 re
2358 4225 2736 4296 interrogate,
2787 4228 2846 4282 et
2896 4226 2999 4295 ita,
3058 4229 3262 4282 utrum
3318 4240 3460 4282 vera
3497 4236 3577 4282 an

1915 4315 2064 4371 falsa
2117 4315 2233 4370 sint
2284 4330 2419 4387 qum
2478 4314 2558 4371 illi
2614 4314 3003 4387 objiciuntur,
3061 4314 3325 4389 probari.
3386 4315 3576 4374 Credo

1913 4405 1974 4460 in
2022 4407 2232 4474 Deum,
2285 4409 2342 4460 et
2399 4420 2574 4477 spero
2621 4405 2789 4479 quod
2832 4411 2956 4463 tam
3020 4406 3427 4463 venerabilem
3482 4421 3574 4462 se-

1912 4509 2052 4550 nem
2099 4499 2156 4550 et
2209 4495 2532 4550 senectutis
2585 4495 2920 4563 maturitas,
2977 4511 3046 4551 ac
3100 4494 3385 4551 divinitus
3433 4510 3573 4550 con-

1913 4600 2080 4641 cessa
2131 4582 2421 4656 sapientia
2474 4587 2532 4640 et
2586 4584 2894 4641 humilitas
2956 4594 3274 4656 nunquam
3348 4582 3573 4655 permi-

1912 4676 2094 4731 serint
2140 4674 2359 4730 dixisse
2415 4674 2619 4747 qualia
2672 4675 2752 4730 ab
2800 4673 3056 4730 inimicis
3111 4672 3272 4730 dicta
3324 4676 3465 4729 sunt
3496 4671 3572 4729 de

1912 4779 2003 4829 eo,
2036 4762 2130 4820 vel
2158 4761 2317 4819 ficta.
2378 4766 2527 4819 Tum
2560 4763 2887 4834 imperator
2938 4761 3244 4818 remittens
3274 4762 3569 4830 animum,

1913 4853 1990 4909 ad
2020 4852 2237 4909 divina:
2266 4851 2729 4924 dispensationis
2748 4856 2985 4915 nutum,
3015 4866 3220 4908 secum
3246 4850 3571 4926 assumptis

1910 4941 2294 4998 dilectoribus
2320 4942 2530 5015 paucis
2559 4942 2766 5014 [pacis]
2796 4940 3037 4997 intravit
3080 4940 3408 4997 claustrum
3461 4939 3571 4996 hu-

1911 5031 2066 5086 milis
2095 5036 2150 5087 et
2177 5032 2355 5087 mitis.
2387 5030 2471 5087 ibi
2501 5031 2708 5087 videns
2734 5028 3143 5087 venerabilem
3168 5032 3403 5086 Patrem
3430 5044 3568 5086 cum

1910 5119 2191 5175 fratribus
2260 5120 2624 5176 humotenus
2696 5123 3062 5194 prostratum
3095 5162 3109 5187 ,
3196 5119 3438 5192 expavit
3514 5120 3572 5174 et

1911 5208 2058 5263 dixit
2096 5222 2110 5261 :
2150 5208 2387 5264 Grande
2419 5209 2649 5265 malum
2674 5209 2811 5266 fecit
2842 5207 3008 5275 mihi,
3036 5208 3144 5281 qui
3167 5224 3242 5264 ex
3272 5206 3568 5278 legatione

1912 5296 2246 5352 Gebehardi
2277 5296 2544 5369 episcopi
2593 5314 2665 5354 ea
2701 5297 3012 5356 referendo
3064 5298 3281 5355 indidit
3320 5297 3569 5355 auribus

1912 5385 2083 5453 meis,
2114 5385 2336 5459 quibus
2364 5401 2461 5440 me
2493 5386 2902 5458 improvidum
2932 5388 3336 5445 commoveret
3364 5385 3569 5445 adver-

1914 5494 2019 5533 sus
2058 5475 2340 5533 abbatem
2395 5473 2576 5530 istum
2628 5480 2686 5532 et
2732 5477 2845 5533 sibi
2891 5478 3290 5542 commissum
3342 5480 3572 5536 sancto-

1988 5655 2140 5728 (153)
2176 5652 2378 5718 Exod.
2404 5668 2525 5710 xm
2549 5670 2564 5722 ;
2592 5652 2728 5710 Act.
2757 5668 2920 5714 nm.
