3984 6180
230 200 250 251 1
263 198 371 252 049

1016 197 1108 252 DE
1148 196 1522 254 MIBACULIS
1564 195 1621 252 S.
1666 191 2077 250 EMMERAMMI
2114 190 2301 246 LIBRI
2340 192 2505 247 DUO.
2547 223 2617 232 —
2656 192 2785 249 LIB.
2827 193 2892 249 II.

3511 201 3533 252 1
3543 199 3649 254 050

228 322 522 377 Caesarem
580 321 892 390 diligenter
941 320 1310 376 intuerentur
1364 322 1493 392 ejus
1545 318 1881 381 familiares,
1915 319 1961 370 Α
2001 312 2289 387 scriptum
2319 317 2438 370 est:
2492 317 2673 371 Ponet
2712 317 2998 373 Dominus
3039 318 3322 375 terminos
3366 322 3496 392 ejus
3544 337 3648 395 pa-

225 408 504 464 admirati
538 413 678 464 sunt
730 424 911 481 super
937 408 1354 464 immutatione
1409 408 1602 465 vultus
1641 407 1771 477 ejus
1804 404 1888 459 di-

223 499 460 551 centes:
495 497 762 567 Domine,
793 498 940 570 quid
970 497 1075 553 tibi
1102 498 1365 568 contigit,
1388 497 1553 571 quod
1585 496 1739 552 adeo
1760 510 1889 567 per-

227 582 396 638 fusus
417 588 473 639 et
496 582 781 656 lacrymis
801 590 857 640 et
877 585 1133 642 sudore?
1159 586 1386 652 Quibus
1411 586 1506 641 ille
1537 583 1848 657 respondit
1870 600 1883 637 :

228 670 412 727 Nolite
446 672 648 728 mirari
675 672 843 745 quod
873 673 986 728 sim
1035 674 1191 729 udus
1232 691 1304 729 ex
1336 673 1577 741 sudore,
1608 672 1713 727 sed
1743 671 1888 744 quia

229 760 370 816 vivo
418 777 541 834 prae
593 762 821 817 timore.
858 764 1182 833 Nunquam
1235 779 1333 818 me
1377 764 1683 833 contingat
1708 762 1886 818 talem

226 851 621 921 quaestionem
649 850 929 919 incidere,
956 852 1069 907 nisi
1098 868 1209 925 pro
1240 853 1459 909 animae
1488 869 1638 909 mea:
1671 852 1881 908 salute.

228 943 293 994 ln
322 938 436 995 isto
467 945 673 997 sancto
704 942 937 998 seniore
983 943 1249 1016 comperi
1281 942 1593 999 manifeste
1623 948 1886 1015 quantus

226 1028 424 1085 honor
466 1028 682 1085 debeat
710 1030 976 1086 exhiberi
1007 1031 1191 1086 servis
1221 1031 1418 1087 electis
1450 1030 1567 1087 Dei.
1596 1034 1731 1087 Post
1759 1033 1885 1087 haec

219 1118 399 1189 jussit
422 1119 774 1192 episcopum
822 1120 1314 1178 Ratisbonensem
1363 1121 1441 1177 ad
1491 1137 1555 1176 se
1585 1121 1881 1177 accersiri.

228 1208 297 1262 Et
337 1211 503 1263 stans
550 1212 686 1263 ante
716 1208 899 1265 altare
946 1210 1143 1266 Sancti
1172 1210 1617 1280 Emmerammi,
1651 1210 1764 1266 sub
1793 1210 1883 1267 in-

230 1295 641 1351 terminatione
676 1297 753 1353 ad
785 1314 925 1353 eum
955 1297 1133 1354 dixit:
1183 1302 1332 1355 Cave
1356 1315 1432 1354 ne
1476 1298 1649 1369 ultra,
1682 1316 1778 1354 me
1806 1302 1885 1355 vi-

228 1389 418 1452 vente,
450 1385 790 1459 quidquam
820 1387 965 1443 mali
992 1387 1180 1443 facias
1212 1387 1414 1444 abbati
1465 1389 1648 1459 hujus
1688 1404 1884 1444 coeno-

224 1472 308 1528 bii
345 1478 401 1529 et
428 1474 733 1546 fratribus,
764 1478 883 1531 Deo
922 1481 1249 1549 sanctoque
1296 1479 1739 1533 Emmerammo
1786 1477 1883 1533 hic

224 1559 683 1618 famulantibus.
720 1563 844 1620 Sint
875 1563 976 1619 tibi
1024 1568 1128 1620 tua
1180 1564 1259 1620 ad
1305 1565 1723 1638 episcopatum
1748 1566 1883 1637 jure

1997 419 2130 458 cem
2159 405 2329 473 (167),
2352 404 2487 460 filiis
2506 421 2752 478 quoque
2781 406 3097 463 hominum
3117 409 3273 463 dans
3298 414 3647 481 potestatem

1996 492 2150 547 ﬁiios
2182 494 2281 549 Dei
2310 494 2455 562 fieri,
2483 495 2586 568 qui
2617 512 2742 551 non
2794 513 2869 552 ex
2905 498 3303 567 sanguinibus
3353 514 3547 572 neque
3573 517 3647 557 ex

1996 581 2296 638 voluntate
2327 584 2543 654 carnis,
2577 585 2684 641 sed
2724 602 2797 642 ex
2845 588 2965 643 Deo
2993 589 3117 643 nati
3170 591 3309 643 sunt
3336 589 3506 660 (168).
3537 590 3649 646 Sed

1996 671 2140 742 quia
2166 671 2515 729 charitatem
2546 679 2711 731 tuam
2761 675 2821 730 id
2852 675 3025 732 avide
3055 677 3233 733 video
3261 681 3558 750 expetere,
3587 682 3653 733 ut

1994 759 2055 814 in
2085 759 2199 815 hoc
2229 762 2525 833 opusculo
2550 780 2653 835 per
2682 765 3035 837 parvitatem
3062 783 3264 823 meam
3309 765 3538 839 aliquid
3567 766 3652 822 in-

1994 849 2070 905 de
2100 849 2442 918 disseratur,
2476 851 2690 909 faciam
2721 859 2778 910 et
2804 870 2916 924 ego
2968 872 3079 928 pro
3127 856 3376 913 modulo
3403 873 3563 920 meo.
3594 862 3652 914 et

1996 937 2043 993 si
2068 953 2192 993 non
2223 943 2289 993 ut
2310 938 2467 1004 volo,
2500 944 2700 996 tamen
2730 942 2884 998 sicut
2907 948 3134 1016 potero.
3169 945 3350 1015 Igitur
3372 962 3409 1002 a
3435 947 3651 1002 consti-

1996 1028 2220 1084 tutione
2268 1028 2503 1096 mundi,
2534 1029 2735 1085 civitas
2785 1031 2884 1086 Dei
2926 1035 3391 1091 controversiam
3436 1035 3675 1092 habuit‘

1994 1135 2134 1173 cum
2166 1118 2397 1173 civitate
2426 1118 2670 1185 diaboli,
2702 1120 2874 1191 cujus
2904 1137 3044 1193 pars
3080 1139 3203 1178 non
3243 1124 3494 1180 minima
3540 1124 3649 1181 fuit

1996 1207 2262 1280 Babylon
2292 1206 2391 1263 illa
2420 1224 2555 1279 quae
2585 1208 2894 1264 dicebatur
2923 1210 3189 1278 gentium
3227 1212 3448 1284 inclyta
3476 1215 3644 1285 (169),

1992 1295 2054 1351 in
2096 1312 2281 1368 quam
2312 1295 2455 1351 olim
2487 1296 2805 1352 confusum
2837 1302 2924 1353 est
2959 1297 3187 1355 labium
3218 1300 3508 1356 universae
3539 1306 3651 1356 ter-

1993 1402 2074 1441 ra:
2100 1386 2269 1457 (170),
2298 1385 2378 1440 ob
2418 1386 2767 1458 superbiam
2811 1387 3052 1455 scilicet,
3082 1388 3405 1461 plusquam
3454 1390 3650 1445 altitu-

1993 1475 2133 1530 dine
2190 1478 2431 1529 centum
2483 1474 2691 1544 viginti
2757 1476 3097 1533 cubitorum
3151 1483 3426 1535 erectam.
3488 1479 3651 1535 Hanc

1996 1562 2260 1620 Christus
2288 1563 2349 1618 in
2381 1563 2609 1619 civitate
2641 1580 2771 1630 sua,
2800 1564 2863 1619 id
2905 1570 3012 1636 est,
3045 1566 3104 1621 in
3137 1567 3523 1634 Hierusalem,
3555 1584 3654 1623 cu-

223 1649 620 1721 pertinentia;
651 1653 1093 1709 monachorum
1118 1653 1282 1710 bona
1310 1660 1595 1711 maneant
1620 1654 1735 1710 illis
1765 1654 1887 1710 val-
1916 1671 1956 1723 Β
1988 1654 2089 1724 jus
2119 1653 2496 1726 participatio
2526 1654 2576 1723 ej
2588 1670 2660 1708 us
2703 1654 2765 1709 in
2812 1655 3074 1728 idipsum
3113 1658 3281 1729 (171),
3313 1658 3409 1714 die
3447 1661 3651 1715 Pente-

224 1738 348 1794 lata
378 1739 492 1795 sub
524 1741 797 1797 omnium
842 1742 1141 1798 bonorum
1170 1744 1371 1800 tutela.
1403 1746 1771 1817 Quacunque
1801 1761 1886 1799 er-

224 1845 305 1899 go
349 1829 445 1884 die
493 1832 915 1902 praevaricatus
964 1832 1144 1889 fueris
1186 1834 1247 1889 in
1293 1834 1387 1890 his
1433 1851 1571 1907 quas
1622 1850 1885 1907 praesens

222 1918 479 1975 hausisti
507 1920 754 1977 auribus
784 1921 917 1988 tuis,
947 1923 1155 1995 procul
1206 1924 1395 1979 dubio
1442 1925 1607 1986 scito,
1642 1924 1764 1979 sive
1793 1924 1882 1979 di-

226 2005 444 2063 vinitus
474 2008 591 2065 sive
616 2009 984 2077 humanitus,
1016 2027 1125 2082 pro
1156 2010 1316 2067 malo
1363 2012 1508 2067 tanti
1548 2012 1767 2084 piaculi
1798 2017 1881 2068 te-

228 2112 370 2151 cum
407 2096 630 2152 duriter
661 2113 730 2153 ac
778 2098 1066 2154 acerbiter
1093 2102 1402 2155 actitatum
1449 2100 1538 2156 iri.
1574 2101 1713 2157 Dein
1745 2117 1884 2157 con-

224 2201 434 2240 versus
478 2186 804 2257 imperator
848 2188 927 2243 ad
973 2187 1255 2245 abbatem
1302 2195 1359 2245 et
1402 2190 1634 2257 fratres,
1666 2192 1883 2265 pietate

222 2272 397 2329 solita
423 2274 763 2331 valedicens
790 2275 925 2347 illis,
956 2278 1073 2334 ait:
1105 2278 1357 2334 Interius
1400 2285 1457 2335 et
1485 2281 1743 2336 exterius
1777 2297 1883 2337 vos

220 2362 306 2419 ita
351 2378 706 2421 conservare
749 2365 1029 2437 dignetur
1081 2368 1395 2425 miserator
1445 2374 1503 2425 et
1550 2370 1885 2427 misericors

221 2452 536 2525 Dominus,
559 2460 624 2511 ut
651 2456 714 2511 in
738 2457 1112 2514 orationibus
1142 2458 1352 2515 vestris
1379 2474 1501 2515 non
1531 2460 1727 2515 solum
1751 2477 1886 2533 pos-

224 2541 352 2598 sitis
405 2560 706 2602 memores
755 2563 887 2603 esse
940 2548 1148 2615 nostri,
1181 2548 1287 2604 sed
1334 2553 1391 2605 et
1444 2550 1621 2605 totius
1677 2550 1884 2623 populi

223 2631 557 2689 Christiani.
592 2636 722 2699 Quo
751 2636 932 2702 dicto,
964 2636 1217 2709 psalmis
1265 2641 1323 2693 et
1347 2638 1591 2694 canticis
1632 2639 1885 2695 Domino

221 2723 686 2779 commendatus
736 2725 1042 2797 piissimus
1087 2730 1411 2795 Augustus,
1443 2743 1517 2782 ex
1544 2743 1711 2783 more
1740 2744 1888 2801 prte-

222 2811 470 2868 cedente
501 2817 711 2870 sancta
740 2819 797 2870 et
838 2814 1127 2871 crucifera
1165 2815 1461 2887 imperiali
1504 2816 1738 2887 lancea,
1772 2817 1887 2874 exi-

220 2901 303 2957 vit
330 2901 405 2958 de
435 2902 664 2959 civitate
692 2903 825 2971 ista,
852 2904 1143 2977 petiturus
1195 2905 1443 2976 Italiam,
1470 2923 1580 2963 nec
1610 2922 1730 2963 non
1762 2907 1886 2963 adi-

223 2995 393 3048 turus
456 2992 935 3065 potentissimam
1004 2994 1216 3050 urbem
1280 2999 1635 3064 Romanam,
1697 3013 1885 3069 quam
1916 3023 1957 3078 ρ

222 3082 474 3155 quidam
503 3082 767 3140 vocitare
798 3083 990 3141 solent
1040 3085 1254 3141 mundi
1306 3086 1616 3142 dominam
1660 3086 1749 3143 vel
1800 3104 1886 3143 re-

220 3188 359 3228 rum
387 3172 740 3230 maximam.
772 3198 801 3224 ››

835 3299 1262 3358 Ammonicius.

293 3425 319 3448 α
361 3405 527 3462 Unde
567 3406 682 3462 hoc
715 3410 779 3463 ut
808 3408 936 3464 haec
967 3412 1200 3465 terrena
1229 3410 1436 3465 civitas
1465 3426 1665 3466 rerum
1695 3410 1886 3467 nomi-

218 3500 396 3552 netur
419 3496 706 3564 maxima,
736 3515 873 3554 cum
904 3498 1278 3571 amplissima
1306 3498 1513 3556 civitas
1546 3501 1667 3567 Dei,
1698 3518 1886 3574 quam

217 3585 349 3658 ipse
393 3602 501 3658 per
530 3586 699 3642 vivos
741 3592 797 3643 et
827 3587 1045 3644 electos
1078 3588 1310 3661 lapides
1345 3592 1487 3659 (165)
1519 3590 1696 3663 coepit
1742 3606 1885 3646 con-

226 3678 451 3730 struere
485 3674 563 3731 ab
588 3675 756 3731 initio
778 3676 1011 3745 mundi,
1029 3677 1162 3747 jure
1189 3676 1423 3732 dicatur
1451 3678 1614 3733 orbis
1637 3678 1887 3735 domina

223 3760 319 3817 vel
352 3778 549 3819 rerum
576 3763 883 3820 maxima?
910 3764 1021 3819 Pro
1051 3764 1135 3820 rei
1164 3764 1382 3820 etenim
1409 3766 1591 3836 hujus
1620 3766 1884 3834 veritate,

223 3867 349 3924 quo
379 3867 502 3908 non
519 3852 751 3909 dubitet
773 3854 960 3909 homo
978 3852 1041 3908 in
1070 3870 1178 3909 sua
1202 3853 1513 3923 fragilitate
1535 3871 1607 3910 ex
1639 3859 1889 3911 secreta~

220 3939 312 3996 rio
366 3956 476 3996 suo
524 3957 631 4013 per
677 3941 1060 3998 Salomonem
1115 3942 1416 4014 Sapientia
1465 3942 1803 4001 clamitans.
1834 3948 1892 4000 et

222 4029 725 4102 omnipotentiam
775 4046 948 4086 suam
1004 4030 1352 4102 propalans,
1384 4030 1561 4086 dicit:
1614 4035 1677 4087 In
1723 4032 1890 4088 omni

221 4117 453 4192 populo
484 4119 808 4191 primatum
832 4119 1015 4187 tenui,
1036 4118 1436 4192 superborum
1459 4124 1516 4176 et
1541 4119 1888 4176 sublimium

223 4207 379 4264 colla
408 4209 651 4281 propria
698 4209 907 4265 virtute
958 4207 1188 4264 calcavi
1220 4211 1388 4280 (166).
1432 4211 1671 4282 Oportet
1724 4225 1888 4279 ergo,

1994 1747 2189 1798 costes
2214 1741 2655 1798 evidentissime
2682 1744 2903 1811 stravit,
2934 1750 3113 1819 atque
3140 1764 3389 1804 suorum
3419 1748 3653 1803 humili-

1994 1837 2176 1888 tatem
2223 1830 2634 1904 potentissime
2682 1832 2951 1888 exaltans
2987 1834 3327 1891 declaravit.
3361 1836 3463 1892 Illa
3491 1837 3651 1892 enim

1993 1921 2068 1976 de
2101 1920 2351 1994 Spiritus
2384 1924 2628 1975 sanctus
2671 1921 2980 1993 repentino
3026 1923 3225 1979 sonitu
3270 1940 3451 1996 super
3477 1924 3650 1980 disci-

1992 2009 2168 2083 pulos
2213 2008 2481 2077 veniens,
2512 2014 2568 2065 et
2618 2008 2677 2064 in
2718 2008 2940 2080 linguis
2985 2010 3175 2082 igneis
3204 2012 3507 2069 visibiliter
3538 2013 3650 2069 illis

1994 2115 2313 2172 apparens,
2346 2098 2596 2167 collegio
2626 2104 2863 2155 centum
2892 2099 3100 2170 viginti
3149 2100 3396 2157 fratrum
3435 2102 3497 2158 in
3527 2118 3649 2159 uno

1994 2188 2306 2244 caenaculo
2337 2188 2453 2243 sub
2476 2204 2682 2243 amore
2701 2187 2945 2257 benigni
2973 2192 3647 2261 Jesucongregatorum,

1994 2295 2132 2334 cum
2163 2277 2338 2350 copia
2367 2277 2621 2332 ccclestis
2663 2277 3090 2334 benedictionis
3130 2280 3377 2335 contulit
3424 2281 3651 2337 aduna-

1993 2366 2216 2422 tionem
2272 2365 2617 2433 linguarum
2664 2366 2831 2437 (172),
2874 2367 3097 2439 quibus
3149 2383 3257 2439 per
3300 2366 3651 2421 universum

1994 2457 2200 2513 orbem
2248 2456 2643 2528 praedicarent
2688 2461 2745 2511 et
2776 2456 3233 2512 testiﬁcarentur
3274 2456 3652 2513 Dominicum

1995 2544 2389 2616 triumphum,
2424 2559 2548 2615 quo
2593 2543 2875 2599 diabolus
2908 2544 3117 2611 victus,
3150 2548 3208 2600 et
3235 2545 3459 2601 catenis
3487 2544 3653 2601 mali-

1996 2635 2087 2691 tiae
2118 2648 2241 2689 suae
2272 2631 2647 2699 constrictus,
2676 2649 2783 2705 per
2810 2637 3003 2688 totum
3044 2633 3344 2689 mundum
3388 2634 3569 2703 gemit
3597 2637 3655 2689 et

1996 2724 2186 2781 ululat
2214 2726 2556 2796 apostatam
2606 2721 2923 2789 civitatem,
2955 2722 3268 2795 quondam
3317 2739 3426 2796 per
3454 2739 3656 2796 super-

1995 2811 2159 2866 biam
2191 2827 2363 2867 suam
2391 2813 2701 2878 elevatam,
2724 2810 2908 2866 modo
2937 2828 3044 2883 per
3070 2810 3465 2867 humilitatem
3500 2810 3656 2868 Chri-

1997 2900 2037 2956 ti
2065 2899 2499 2972 discipulorum
2523 2900 2837 2971 dejectam,
2866 2900 2988 2957 imo
3019 2905 3204 2957 totam
3230 2906 3468 2971 gentem
3495 2899 3655 2957 Chri-

1998 2987 2224 3043 tianam
2256 2988 2469 3061 clypeo
2498 2989 2711 3044 divinas
2745 2989 3094 3045 munitionis
3122 2989 3487 3063 disqueritur
3514 3004 3654 3061 pro-

1998 3080 2235 3133 tectam.
2281 3078 2428 3133 Hinc
2474 3079 2796 3135 certissime
2839 3079 3194 3151 probabitur
3237 3079 3400 3152 quod
3451 3078 3657 3135 civitas

2001 3167 2102 3222 Dei
2133 3183 2372 3240 semper
2402 3167 2629 3236 crescit,
2661 3172 2720 3223 et
2744 3167 2950 3224 civitas
2999 3167 3224 3223 diaboli
3277 3168 3337 3223 in
3368 3172 3658 3222 aeternum

1998 3256 2309 3313 decrescit.
2343 3257 2532 3327 Hujus
2570 3256 2772 3329 itaque
2801 3256 3025 3326 civitas,
3055 3273 3192 3329 quae
3231 3257 3307 3311 ad
3347 3254 3660 3311 diabolum

1996 3346 2269 3420 pertinet,
2303 3346 2565 3418 antiquis
2608 3345 2978 3419 temporibus
3020 3345 3186 3401 haud
3233 3360 3419 3417 parva
3466 3344 3660 3417 portio

1996 3440 2122 3492 erat
2133 3434 2346 3501 Roma,
2361 3434 2873 3507 peridololatriam
2896 3451 2931 3490 a
2951 3433 3196 3490 diabolo
3207 3449 3503 3507 possessa.
3518 3435 3661 3499 Quae

1997 3524 2354 3597 priusquam
2388 3523 2685 3579 Christum
2729 3528 2819 3579 est
2856 3523 3153 3585 confessa,
3184 3527 3241 3578 et
3271 3522 3387 3578 sub
3416 3522 3660 3578 nomine

1996 3614 2126 3684 ejus
2166 3612 2455 3685 martyria
2485 3611 2673 3668 multa
2704 3628 2990 3685 perpessa
3020 3612 3201 3684 (dictu
3231 3609 3523 3677 mirabile,
3556 3610 3659 3666 sed

1996 3717 2203 3757 revera
2232 3700 2569 3773 probabile)
2599 3717 2706 3774 per
2734 3718 2875 3757 eum
2918 3705 3313 3757 transmutata
3344 3700 3448 3773 qui
3476 3700 3551 3755 de
3578 3699 3663 3755 la-

1997 3789 2243 3860 pidibus
2291 3794 2505 3861 potens
2549 3794 2637 3845 est
2680 3790 2963 3845 suscitare
3015 3789 3169 3843 ﬁlios
3207 3787 3459 3843 Abrahae
3488 3788 3660 3857 (173),

2001 3877 2229 3933 sociata
2278 3882 2368 3933 est
2414 3877 2635 3933 caelesti
2662 3876 3047 3942 hierarchiae;
3098 3881 3155 3931 et
3182 3891 3317 3946 qua:
3367 3879 3544 3929 antea
3571 3875 3662 3929 ni-

2000 3966 2192 4022 mium
2218 3966 2420 4021 dedita
2446 3966 2555 4021 fuit
2577 3965 2879 4020 idolorum
2906 3963 3172 4027 culturae,
3196 3978 3358 4017 nunc
3379 3961 3666 4033 tripudiat

2002 4071 2067 4110 se
2096 4058 2365 4110 dotatam
2396 4069 2526 4109 esse
2566 4052 2780 4108 Christi
2808 4051 2948 4117 ﬁde,
2982 4067 3051 4106 ac
3080 4049 3392 4122 multiplici
3419 4065 3664 4106 venera-

2000 4145 2159 4201 tione
2189 4147 2557 4199 sanctorum.
2580 4144 2724 4197 Vere
2753 4139 2961 4196 ﬁdeles
2992 4140 3052 4195 in
3072 4141 3187 4196 hac
3212 4140 3445 4196 civitate
3475 4140 3665 4196 consi-

2000 4233 2213 4290 derant
2255 4232 2566 4305 impletum
2611 4246 2743 4286 esse
2770 4229 2936 4303 quod
2961 4229 3279 4303 Apostolus
3307 4230 3479 4287 dicit:
3514 4230 3664 4294 Quia

222 4296 466 4393 Πίξηίδί
508 4298 924 4393 νξάθίξξνξαψῖ
967 4314 1234 4370 Praesens
1286 4298 1585 4393 dialogus,
1630 4298 1890 4393 θνίάξέυίί
1919 4375 1961 4393 η
2003 4296 3660 4393 ubiabundavitiniquitas,superabuudavitgratia(l74).

225 4386 475 4482 ratione,
506 4386 870 4461 simplicitati
898 4387 1174 4444 fraternae
1206 4388 1526 4445 satisfaciat
1566 4405 1747 4461 super
1774 4389 1888 4444 hac
1917 4375 1963 4429 Β
2004 4375 2616 4482 ᾗὲέἡῇῑὰᾐῠᾶβγιέη
2648 4375 2916 4482 αηάῳίδ,
2946 4425 3103 4482 qum,
3137 4375 3424 4466 Βαθάξῇξέ
3454 4375 3663 4481 εάρειίξ,

230 4477 579 4549 quaestione.
606 4499 633 4527 ››

864 4577 1256 4633 Collectitius.

305 4702 335 4734 ‹
356 4680 650 4737 Putabam
702 4682 1074 4738 satisfactum
1119 4698 1249 4738 esse
1273 4682 1579 4752 omnibus,
1611 4698 1719 4755 per
1748 4681 1892 4741 illud

228 4770 702 4827 famosissimum
738 4775 794 4827 Β.
814 4772 1127 4842 Augustini
1151 4788 1330 4844 opus,
1355 4787 1477 4844 quo
1502 4771 1895 4828 abundantis-

231 4860 382 4917 sime
411 4862 678 4936 disputat
710 4866 786 4919 De
818 4862 1061 4919 Civitate
1088 4862 1212 4929 Dei,
1246 4863 1341 4919 cui
1370 4861 1670 4918 contraria
1699 4866 1788 4917 est
1816 4861 1894 4916 ci-

231 4949 381 5006 vitas
431 4950 676 5015 diaboli,
709 4967 894 5024 quam
938 4968 1046 5024 per
1089 4951 1435 5023 superbiam
1474 4955 1735 5007 erectam
1766 4950 1893 5022 ipse

230 5040 352 5095 Rex
372 5053 584 5108 regum
606 5040 871 5111 quotidie
901 5040 1102 5109 dejicit
1117 5044 1174 5095 et
1194 5039 1443 5107 minuit;
1475 5044 1532 5096 et
1560 5039 1894 5096 econtrario

226 5142 338 5199 per
368 5126 720 5184 humilitatis
751 5128 1027 5201 spiritum
1055 5127 1274 5183 exaltat
1305 5144 1503 5197 suam,
1536 5145 1572 5185 a
1598 5128 1774 5184 bonis
1802 5129 1893 5183 in-

230 5215 535 5283 choatam,
567 5221 625 5272 et
652 5217 715 5273 in
742 5217 920 5273 bonis
963 5215 1315 5285 ﬁniendam,
1347 5216 1679 5279 secundum
1728 5217 1895 5288 quod

332 5306 454 5362 165)
490 5304 529 5359 Ι
544 5305 709 5362 Petr.
744 5322 804 5360 ιι.

329 5375 451 5431 166)
487 5375 680 5431 Eccli.
714 5392 876 5431 xxxv.

304 5444 456 5513 (167)
493 5446 662 5503 Ρεαι.
697 5462 899 5503 cum.

330 5518 453 5574 168)
488 5518 670 5574 Joan.
699 5533 736 5573 ι.

330 5589 450 5657 169)
489 5589 611 5645 Isa.
634 5604 769 5657 xm;
800 5589 1019 5646 Jerem.
1051 5604 1124 5644 Li.

332 5659 460 5731 176)
496 5660 703 5718 ϐακε.
724 5674 804 5715 xi.

2000 4501 2121 4568 hia,
2143 4500 2457 4574 quondam
2479 4498 2882 4556 arbitrabatur
2912 4516 2977 4555 se
3008 4500 3184 4555 totius
3208 4498 3420 4553 mundi
3444 4496 3665 4568 princi-

1998 4596 2210 4664 patum
2231 4606 2409 4664 posse
2430 4589 2719 4659 obtinere,
2742 4589 2902 4659 jacet
2928 4591 3183 4652 deserta,
3215 4583 3582 4640 draconibus
3604 4587 3663 4640 et

2000 4682 2177 4738 malis
2204 4680 2409 4737 bestiis
2458 4679 2689 4735 referta.
2720 4679 2857 4732 Haec
2887 4681 3109 4738 autem,
3142 4674 3204 4729 id
3232 4677 3321 4728 est
3350 4675 3561 4741 Roma,
3588 4688 3660 4728 eo

1998 4771 2166 4846 quod
2191 4775 2249 4827 et
2274 4770 2407 4843 ipsa
2447 4768 2590 4824 olim
2622 4770 2968 4839 sequeretur
2996 4761 3363 4818 diabolicum
3399 4775 3663 4816 errorem

2000 4866 2056 4917 et
2097 4860 2370 4916 omnium
2416 4856 2716 4911 malorum
2767 4851 3201 4914 confusionem,
3234 4853 3299 4905 ut
3324 4849 3535 4905 beatus
3564 4851 3663 4904 Pe-

2003 4956 2127 5006 trus
2156 4952 2420 5013 testatur,
2456 4943 2660 4999 sortita
2691 4939 3009 5013 Babylonis
3048 4953 3270 4993 nomen
3298 4938 3466 5007 (175),
3500 4941 3556 4992 et
3581 4936 3662 4992 ob

2001 5036 2329 5108 potentiam
2360 5030 2594 5103 imperii
2625 5034 2764 5085 tunc
2787 5032 3001 5084 vocata
3017 5025 3266 5081 domina
3288 5024 3529 5091 mundi;
3559 5024 3665 5080 sed

2002 5128 2214 5196 postea
2246 5137 2352 5194 per
2377 5118 2662 5176 eumdem
2693 5116 3047 5190 Apostolum
3074 5120 3127 5169 et
3158 5130 3265 5186 per
3290 5128 3667 5169 successores

2002 5211 2158 5267 illius
2199 5208 2532 5277 humiliata,
2574 5206 2691 5263 sub
2734 5203 2999 5279 potentia
3039 5203 3275 5273 Christi,
3305 5219 3379 5258 ex
3427 5201 3664 5258 civitate

2075 5299 2223 5369 (171)
2261 5298 2428 5353 Psat.
2458 5311 2610 5351 cm.

2074 5371 2222 5442 (172)
2261 5370 2397 5442 Act.
2426 5384 2483 5442 ir.

2074 5439 2228 5577 (173)
2263 5439 2482 5495 Matth.
2516 5453 2600 5492 ιιι.

2075 5512 2203 5577 (174
2266 5512 2431 5566 Rom.
2466 5526 2519 5564 ν.

2075 5512 2228 5581 (174)
2266 5512 2431 5566 Rom.
2466 5526 2519 5564 ν.

2077 5583 2224 5656 (475)
2262 5583 2299 5637 Ι
2323 5581 2488 5637 Petr.
2522 5596 2574 5634 ν.
