3984 6180
268 179 401 235 1051
1317 167 1627 226 ARNOLDI
1665 163 1959 222 ΕΜΜΕΗΔ

2099 157 2270 216 ΞΝΒΙΒ
2308 153 2642 215 MONACHI.
2853 157 2856 160 “
3557 143 3723 196 1051

260 299 487 358 diaboli
512 298 668 356 facta
693 301 782 353 est
809 295 1016 352 civitas
1047 293 1182 361 Dei;
1215 309 1353 366 quin
1375 293 1438 348 in
1460 297 1693 348 tantum
1723 304 1917 346 excre-
1949 292 1998 344 Α

261 391 346 448 vit
373 389 433 446 in
479 387 680 443 divino
710 385 870 441 cultu
903 389 985 452 ut,
1017 399 1127 456 pro
1181 383 1369 438 ruinis
1399 397 1714 438 murorum
1746 383 1801 434 et
1826 393 1921 432 ve-

265 483 456 535 terum
486 476 784 540 fanorum,
814 478 1066 542 surgant
1095 472 1362 545 quotidie
1392 472 1710 527 innumera
1740 465 1921 523 eedﬁ-

267 567 358 623 cia
400 563 786 621 ecclesiarum
836 562 961 619 sive
1014 562 1539 618 monasteriorum.
1585 563 1623 615 E
1661 571 1920 631 quorum

265 652 592 710 incredibili
623 666 899 721 numero,
931 657 992 706 ut
1035 651 1238 707 audivi
1264 667 1300 706 a
1327 650 1597 722 quodam
1629 663 1789 715 sene,
1820 643 1922 716 qui

267 758 329 798 se
354 741 502 798 dixit
524 741 816 797 nutritum
864 740 1025 796 fusse
1073 741 1136 796 in
1184 739 1397 796 eadem
1437 739 1686 807 civitate,
1720 733 1925 803 viginti

266 830 655 904 possidentur
718 846 755 885 a
800 829 1374 897 sanctimonialibus,
1433 825 1836 901 quadraginta
1889 837 1925 876 a

267 919 600 987 monachis,
632 919 940 987 sexaginta
969 935 1006 974 a
1032 919 1356 984 canonicis,
1389 915 1649 985 exceptis
1679 914 1770 970 his
1790 928 1926 985 quae

270 1014 437 1066 extra
467 1009 761 1066 civitatem
793 1013 949 1071 sunt,
979 1013 1034 1065 et
1065 1008 1193 1064 aliis
1238 1007 1502 1064 ecclesiis
1534 1006 1653 1061 sive
1685 1001 1927 1074 capellis

273 1114 408 1171 quae
455 1097 517 1152 in
549 1097 699 1154 Urbe
731 1097 1062 1154 abundant.
1095 1103 1215 1165 Age
1257 1098 1408 1168 jam,
1441 1096 1641 1160 frater,
1673 1093 1776 1166 qui
1815 1096 1929 1147 sto-

2664 273 3051 335 Collectitius.

2104 395 2132 422 «
2161 375 2278 429 Mos
2309 375 2397 427 est
2441 385 2628 426 sacrm
2680 366 2993 437 Scripturie
3044 365 3110 420 ut
3150 375 3255 433 per
3285 358 3613 416 schemata
3670 360 3738 409 et

2034 462 2262 536 species
2293 460 2485 517 varias
2522 457 2758 516 ordinet
2786 453 3126 511 sententias.
3163 449 3386 504 Harum
3429 463 3558 503 una
3619 444 3737 500 di-

2033 554 2181 610 citur
2229 551 2603 622 metaphora,
2641 548 2703 604 id
2732 550 2842 610 est,
2876 540 3342 604 transformatio,
3373 553 3484 610 per
3510 551 3738 608 quam

2035 658 2233 698 sern‘o
2261 639 2500 696 divinus
2529 637 2672 694 dicit
2700 640 3029 692 Draconem
3059 629 3364 687 edendum
3397 627 3477 683 ab
3510 625 3740 681 homi-

2034 732 2236 793 nibus,
2270 729 2373 786 sed
2419 729 2547 786 haec
2596 724 2885 782 comestio
2936 721 3082 777 nihil
3135 718 3298 776 aliud
3354 714 3740 784 intelligitur

2034 837 2220 894 quam
2265 817 2706 875 consummatio
2748 818 2805 870 et
2849 810 3177 868 annulatio.
3214 808 3374 866 Sicut
3421 805 3590 862 enim
3643 803 3738 858 ci-

2034 892 2150 965 bus
2201 914 2258 965 et
2285 925 2427 964 esca
2467 905 2750 963 dentibus
2794 902 3036 959 molitur
3083 904 3140 956 et
3187 898 3413 963 teritur,
3443 899 3504 951 et
3534 894 3628 949 ita
3661 892 3740 946 in

2034 1000 2289 1057 nihilum
2320 998 2624 1068 redigitur,
2654 996 2738 1051 sic
2759 1009 3003 1067 quoque
3033 993 3240 1052 Draco,
3265 987 3327 1043 id
3347 991 3437 1041 est
3456 981 3740 1040 diaboli-

2039 1106 2165 1159 cus,
2193 1090 2406 1145 virtute
2437 1086 2648 1145 Christi
2679 1079 2988 1150 contritus,
3021 1081 3098 1138 ab
3132 1077 3402 1135 Ecclesiis
3428 1075 3565 1144 ejus
3599 1088 3738 1144 po-

275 1187 575 1243 macharis
632 1193 839 1242 contra
883 1203 986 1242 eos
1043 1187 1146 1259 qui
1198 1187 1404 1242 dicunt
1447 1190 1696 1241 Romam
1729 1197 1929 1238 rerum
2038 1185 2227 1236 tenter
2256 1178 2540 1243 calcatur,
2568 1176 2691 1231 sive
2712 1171 3054 1234 annulatur,
3090 1173 3156 1225 ut
3177 1169 3305 1240 ipse
3339 1161 3740 1222 Salvatorad

275 1274 627 1332 maximam.
662 1275 929 1344 Attende,
963 1275 1011 1331 si
1056 1251 1246 1347 potes,
1277 1292 1413 1347 qua
1442 1274 1702 1341 dignitas
1727 1271 1807 1327 illi
1838 1287 1932 1325 aco
2041 1268 2372 1340 discipulos
2409 1283 2550 1322 suos
2592 1265 2654 1321 in
2703 1260 3020 1331 Evangelia
3069 1275 3179 1314 suo
3220 1257 3336 1312 ait:
3393 1258 3538 1309 Ecce
3569 1251 3738 1306 dedi

277 1363 502 1428 ciderit,
535 1379 607 1418 ex
653 1362 748 1419 die
793 1379 915 1434 qua
958 1343 1179 1427 Petrus,
1213 1343 1378 1420 extra
1419 1368 1655 1436 portam
1685 1357 1935 1417 civitatis
2042 1358 2215 1414 vobis
2279 1361 2636 1430 potestatem
2690 1350 2962 1409 calcandi
3025 1363 3206 1419 super
3279 1345 3592 1416 serpentes
3675 1343 3742 1394 et

278 1449 581 1517 Romanae,
613 1451 752 1506 vidit
771 1451 881 1506 sibi
914 1452 1216 1508 Christum
1243 1441 1573 1516 occurrere,
1594 1449 1696 1504 ubi
1721 1453 1776 1504 et
1797 1446 1937 1502 ado-

278 1539 431 1595 ravit
476 1555 639 1609 eum,
671 1539 910 1596 dicens:
965 1540 1234 1607 Domine,
1274 1556 1395 1612 quo
1439 1539 1651 1595 vadis?
1699 1540 1763 1593 Et
1793 1534 1938 1592 dixit

283 1627 608 1683 Dominus:
643 1629 824 1684 Venio
870 1631 1118 1684 Romam
1165 1629 1379 1685 iterum
1425 1626 1710 1695 cruciﬁgi.
1744 1626 1934 1680 Locus
1966 1653 2011 1707 Β

281 1717 377 1773 ille
401 1716 670 1789 quidem,
699 1717 800 1773 ubi
844 1717 1163 1774 cruciﬁxus
1209 1723 1296 1774 est
1346 1717 1606 1776 Christus
1643 1716 1705 1771 in
1751 1717 1936 1783 Petro,

285 1807 408 1862 sive
443 1809 642 1863 Petrus
671 1822 779 1878 pro
812 1806 1061 1877 Christo,
1086 1823 1196 1864 nec
1225 1824 1346 1864 non
1381 1807 1480 1864 ubi
1510 1805 1727 1863 Paulus
1749 1803 1943 1861 decol-

283 1896 440 1953 latus
473 1901 562 1952 est
583 1913 693 1968 pro
726 1897 926 1969 Capite
956 1913 1214 1960 summo,
1243 1897 1462 1966 dignus
1502 1902 1592 1952 est
1621 1895 1945 1963 omnigena

283 1985 686 2054 veneratione,
719 1984 832 2040 sub
861 1984 1016 2040 illius
1047 1985 1317 2040 videlicet
1363 1984 1676 2041 dilectione
1718 1982 1823 2055 qui
1865 1981 1944 2038 ad

289 2073 543 2129 salutem
573 2073 840 2129 ﬁdelium
879 2077 1045 2129 tanta
1077 2073 1273 2130 sanxit
1321 2072 1607 2128 ineffabili
1634 2088 1744 2129 sua
1773 2071 1944 2128 mise-

288 2162 536 2219 ratione.
567 2161 719 2229 Quid
750 2162 971 2219 mirum
1023 2162 1202 2232 igitur
1251 2162 1300 2219 si
1347 2162 1448 2219 illa
1495 2162 1698 2218 civitas
1747 2177 1947 2216 rerum

289 2253 560 2308 maxima
584 2251 837 2322 dicatur,
859 2267 1048 2323 quam
1062 2251 1190 2323 ipse
1218 2267 1418 2308 rerum
1447 2251 1728 2308 Conditor
1755 2250 1835 2305 ita
1856 2247 1946 2305 di-

291 2344 508 2410 gnatus
537 2345 625 2396 est
654 2339 890 2397 visitare
945 2345 1008 2396 ut
1049 2340 1326 2397 membra
1374 2357 1484 2396 sua
1527 2339 1830 2412 praecipua
1866 2337 1949 2393 ibi

295 2429 621 2486 clariﬁcare
651 2429 824 2486 vellet
847 2429 1276 2501 gloriosissima
1307 2430 1589 2502 passione
1614 2431 1625 2484 Ι

367 2540 395 2569 ‹‹
425 2519 572 2575 Ecce
602 2535 734 2591 nos,
766 2520 870 2592 qui
922 2536 1114 2576 unum
1161 2526 1489 2592 martyrem
1535 2519 1947 2576 beatissimum

297 2607 517 2667 scilicet
563 2611 1100 2675 Emmerammum,
1133 2612 1252 2666 Deo
1297 2609 1578 2674 donante,
1631 2613 1952 2680 patronum

295 2697 614 2768 habemus,
638 2713 748 2770 pro
778 2699 1070 2754 memoria
1100 2703 1442 2754 sanctorum
1469 2697 1875 2768 jocundamus
1900 2701 1956 2752 et

298 2785 654 2856 gaudemus,
682 2791 910 2857 quanto
939 2785 1138 2854 magis
1167 2785 1246 2840 illi
1270 2801 1424 2856 quos
1451 2785 1628 2850 Deus,
1656 2784 1759 2856 qui
1785 2785 1954 2840 dives

297 2879 391 2929 est
432 2873 492 2928 in
524 2889 734 2928 omnes
767 2877 934 2943 (176),
978 2873 1188 2928 ditavit
1232 2873 1584 2944 corporibus
1625 2878 1708 2928 tot
1736 2879 1956 2944 marty-

297 2979 454 3026 rum,
487 2967 562 3027 et,
595 2969 658 3016 ut
697 2962 776 3016 ita
807 2962 1026 3028 dicam,
1063 2961 1501 3033 pretiosissimis
1530 2967 1587 3019 et
1611 2961 1955 3018 clarissimis

297 3050 653 3124 pignoribus
684 3049 1016 3108 caelorum?
1064 3052 1218 3118 Quid
1267 3051 1498 3116 multa?
1552 3055 1670 3109 Deo
1713 3052 1956 3125 gratias,

298 3139 442 3214 quia
491 3140 704 3195 cecidit
753 3140 1021 3213 Babylon
1068 3142 1214 3213 (177)
1261 3141 1322 3198 in
1362 3144 1568 3198 Roma.
1605 3147 1665 3198 ln
1693 3158 1814 3215 qua
1843 3142 1956 3198 sub

298 3229 717 3286 confessionne
767 3231 1028 3288 nominis
1074 3231 1286 3288 Christi
1330 3237 1503 3302 gente
1548 3238 1826 3302 surgente
1854 3249 1959 3288 no-

297 3319 474 3385 vella,
503 3336 681 3393 super
724 3321 1142 3378 immutatione
1173 3321 1263 3378 sui
1293 3320 1520 3394 oppido
1552 3322 1786 3390 mirata,
1818 3322 1960 3378 dicit
2026 3321 2030 3326 ’

300 3425 439 3464 cum
466 3409 812 3466 Psalmista:
862 3410 997 3465 Haec
1023 3415 1111 3464 est
1155 3414 1403 3466 mutatio
1447 3409 1700 3465 dexterae
1735 3410 1959 3467 Excelsi

300 3498 467 3568 (178).
500 3497 665 3552 Hanc
695 3497 990 3568 siquidem
1025 3498 1235 3553 urbem
1265 3498 1440 3570 quasi
1471 3499 1766 3556 intuentes
1793 3499 1960 3555 undi-

301 3601 419 3656 que
449 3584 707 3640 collectas
737 3585 1010 3657 plurimae
1041 3591 1245 3654 gentes
1297 3593 1614 3645 assumunt
1655 3588 1841 3645 verba
1871 3605 1960 3643 sa-

302 3689 414 3728 crae
483 3673 797 3746 Scriptura;
859 3680 912 3729 et
973 3674 1223 3731 dicunt:
1295 3676 1685 3748 Omnipotens
1751 3681 1957 3746 Roma,

302 3759 562 3830 gloriosa
615 3760 772 3818 dicta
849 3766 989 3818 sunt
1059 3763 1132 3820 de
1216 3768 1302 3830 te,
1376 3765 1522 3837 quia
1585 3765 1790 3821 civitas
1864 3767 1962 3822 Dei

303 3851 453 3922 (179)
483 3867 546 3907 es
575 3851 751 3908 facta.
784 3855 887 3908 Per
915 3858 1098 3926 caput
1144 3855 1416 3912 omnium
1445 3855 1765 3921 bonorum,
1795 3857 1959 3929 quod

303 3945 390 3997 est
420 3941 702 4011 Christus,
734 3943 840 4015 qui
887 3949 1098 4012 regnat
1143 3944 1206 3999 in
1259 3960 1478 4016 aevum,
1508 3945 1622 4001 sub
1664 3946 1963 4018 apostolo-

302 4047 438 4086 rum
459 4031 880 4103 praedicatione
912 4049 981 4089 ac
1007 4040 1345 4106 martyrum
1378 4035 1789 4092 testilicatione
1818 4036 1878 4091 in
1910 4042 1963 4092 te

305 4119 610 4175 confracta
639 4126 777 4176 sunt
819 4123 1015 4192 capita
1046 4124 1350 4192 Draconis,
1384 4129 1440 4179 et
1489 4130 1577 4181 est
1617 4125 1794 4182 datus
1827 4142 1965 4182 esca

305 4205 546 4277 populis
576 4207 800 4277 multis,
827 4210 999 4279 juxta
1029 4211 1195 4282 quod
1226 4212 1732 4286 Psalmographus
1765 4215 1964 4270 Domi-

307 4309 456 4349 num
485 4293 742 4349 laudans
789 4297 850 4352 in
900 4299 1146 4354 consilio
1176 4307 1522 4358 sanctorum
1551 4303 1666 4358 ait:
1714 4307 1798 4360 Tu
1827 4321 1966 4360 con-

308 4381 530 4450 fregisti
559 4382 756 4454 capita
783 4385 1102 4452 Draconis;
1130 4386 1345 4445 dedisti
1375 4406 1511 4447 eum
1543 4406 1745 4448 escam
1773 4409 1964 4466 popu-
1994 4366 2040 4420 Β

308 4467 379 4524 lis
407 4469 749 4543 IEthiopum
779 4472 947 4544 (180).
976 4496 1003 4523 ››

917 4563 1345 4621 Ammom'cim.

385 4677 414 4706 «
438 4655 588 4723 Quia
615 4657 762 4715 mihi
791 4658 903 4714 sub
928 4675 1187 4733 persona
1230 4663 1664 4721 concionatoris
1697 4667 1972 4738 quaestio-

313 4759 454 4802 nem
496 4747 782 4818 moventi,
809 4747 1107 4806 luculente
1161 4751 1389 4808 ratione
1429 4753 1779 4822 satisfecisti,
1812 4773 1972 4812 nunc

314 4839 495 4890 restat
525 4841 588 4890 ut
616 4837 950 4894 secundum
977 4855 1197 4895 nomen
1225 4845 1416 4912 tuum,
1440 4859 1476 4898 ο
1507 4844 1806 4914 Collectiti,
1839 4862 1972 4918 quae

314 4927 452 4996 post
473 4923 613 4980 hinc
643 4924 978 4995 colligenda
1005 4928 1140 4996 sint,
1161 4929 1472 5000 diligenter
1498 4933 1969 4990 subscribantur.

319 5012 544 5070 Utilitas
573 5015 732 5071 enim
769 5015 1096 5086 legentium
1139 5020 1330 5090 poscit
1371 5022 1589 5094 exponi
1617 5023 1974 5079 versiculum

318 5100 644 5158 Psalmistss
690 5120 872 5175 quem
903 5108 1287 5179 proposuisti.
1322 5113 1468 5165 Nam
1497 5112 1841 5168 incredibile
1872 5127 1974 5185 pe—

318 5205 396 5247 ne
423 5191 709 5247 omnibus
742 5194 973 5251 videtur
1000 5198 1165 5268 quod
1199 5198 1474 5255 homines
1521 5201 1752 5272 possint
1787 5208 1845 5256 et
1872 5202 1974 5256 de-

320 5276 505 5333 beant
532 5282 864 5337 Draconem
893 5284 1224 5340 comedere.
1250 5309 1278 5336 ››

420 5421 543 5493 176)
579 5422 797 5490 Ephes.
832 5439 892 5479 ιι.

421 5495 544 5563 177)
581 5494 700 5550 Isa.
729 5510 849 5548 xxi.

427 5566 547 5634 178)
586 5566 754 5621 Ρδαι.
787 5580 981 5621 Lxxv1.

425 5635 548 5702 179)
567 5637 755 5708 _Psal.
785 5651 1019 5694 Luxu.

2046 1427 2411 1518 scorpiones,
2475 1448 2534 1500 et
2597 1457 2777 1514 super
2841 1453 3086 1496 omnem
3144 1435 3419 1491 virtutem
3482 1427 3738 1484 inimici

2052 1537 2216 1607 (181).
2248 1559 2276 1586 η

2669 1617 3098 1675 Ammonicius.

2122 1738 2150 1765 ι(
2176 1716 2380 1771 Grates
2409 1715 2547 1775 Deo,
2565 1709 2710 1782 quia
2734 1706 3128 1775 morigeratus
3147 1718 3212 1759 es
3230 1698 3521 1756 inﬁrmati
3544 1711 3736 1762 meae,

2051 1806 2175 1862 sive
2204 1801 2537 1860 necessitati
2565 1800 2863 1861 fraternas,
2895 1794 3077 1850 etiam
3126 1792 3187 1848 in
3217 1791 3468 1860 hujusce
3517 1801 3740 1858 quaes-

2052 1895 2231 1952 tionis
2263 1891 2662 1950 absolutione.
2698 1887 3015 1944 Enimvero
3041 1883 3168 1954 jam
3197 1886 3433 1952 tempus
3463 1881 3526 1933 et
3574 1875 3744 1932 ratio

2054 1983 2235 2052 exigit
2259 1986 2339 2047 ut,
2373 1980 2466 2036 his
2497 1979 2557 2034 in
2599 1989 2866 2045 congruo
2916 1973 3052 2028 loco
3082 1968 3363 2036 dimissis,
3396 1964 3620 2022 redeas
3652 1962 3742 2019 ad

2054 2070 2366 2128 historiam
2395 2065 2732 2128 Ramuoldi,
2759 2060 3086 2119 venerandi
3109 2056 3314 2116 abbati
3340 2072 3412 2112 ac
3437 2052 3741 2112 amanue-
3763 2095 3786 2113 .

2057 2160 2192 2217 simi
2221 2159 2424 2216 Patris.
2451 2181 2478 2207 »

2691 2257 3084 2315 Collectitius.

2135 2373 2157 2408 ι
2181 2357 2314 2410 Post
2344 2349 2828 2425 quinquennium
2875 2360 3117 2418 quoque
3169 2339 3501 2413 imperialis
3533 2338 3742 2392 exitus

2059 2445 2133 2500 de
2182 2442 2413 2499 civitate
2469 2437 2962 2510 Hiatospolitana,
2991 2434 3164 2503 cujus
3214 2445 3326 2486 nos
3381 2426 3603 2484 incola!
3642 2439 3742 2479 su’

2061 2549 2218 2597 mus,
2251 2532 2541 2600 languore
2586 2528 2868 2583 diuturno
2908 2525 2970 2580 B.
3001 2522 3191 2578 abbas
3222 2516 3626 2583 Ramuoldus,
3655 2515 3740 2569 vi-

2062 2623 2228 2678 ribus
2279 2619 2544 2692 corporis
2573 2617 2751 2688 coepit
2779 2612 3039 2677 destitui,
3073 2609 3413 2682 spiritaliter
3455 2604 3742 2675 gaudens

2062 2712 2404 2768 interiorem
2433 2707 2743 2763 hominem
2788 2720 2895 2776 per
2938 2704 3094 2758 hanc
3125 2698 3534 2754 infirmitatem
3571 2695 3743 2750 insti-

2065 2801 2171 2869 tui,
2240 2797 2574 2855 secundum
2639 2792 2988 2867 Apostolum
3048 2789 3324 2844 videlicet
3388 2787 3736 2841 dicentem:

2067 2888 2322 2955 Quando
2351 2887 2641 2951 inﬁrmor,
2661 2889 2802 2939 tunc
2833 2880 3038 2937 fortior
3066 2892 3202 2934 sum
3232 2879 3289 2933 et
3311 2881 3531 2949 potens
3562 2876 3737 2945 (182).

1989 3011 2030 3066 C
2069 2978 2190 3033 Hac
2206 2977 2451 3050 quidem
2473 2973 2668 3030 carnis
2695 2969 3036 3027 inﬁrmitate
3066 2966 3393 3040 perductus
3417 2969 3510 3019 est
3531 2963 3614 3018 ad
3637 2978 3743 3017 no-

2066 3067 2378 3124 vissimam
2407 3063 2715 3137 prementis
2740 3061 2869 3116 vitae
2899 3059 3115 3115 lucem.
3149 3059 3278 3121 Qua
3307 3054 3404 3110 die
3423 3051 3745 3108 venerabi~

2066 3157 2137 3213 lis
2164 3157 2360 3221 heros,
2396 3154 2629 3222 erigens
2663 3167 2724 3205 se
2751 3149 2824 3204 de
2853 3146 3067 3203 lectulo
3093 3161 3276 3217 quem
3300 3145 3426 3214 jam
3460 3157 3571 3214 per
3597 3157 3742 3196 cono

2069 3247 2264 3302 tinuos
2295 3239 2752 3315 quatuordecim
2785 3237 2911 3292 dies
2941 3251 3064 3308 prae
3094 3232 3430 3289 valetudine
3471 3245 3598 3285 non
3633 3245 3740 3300 po-

2069 3339 2217 3391 terat
2244 3333 2537 3398 deserere,
2571 3327 2771 3384 tunica
2803 3325 2989 3381 sancti
3039 3322 3326 3396 propositi
3365 3321 3644 3378 amictus,
3681 3323 3738 3372 et

2070 3441 2174 3497 per
2207 3420 2531 3495 spiritalem
2563 3415 2947 3483 medicinam,
2981 3411 3406 3485 aliquantisper
3448 3407 3523 3460 de
3551 3406 3724 3460 febre

2069 3512 2386 3580 revelatus,
2419 3509 2608 3564 oratio
2643 3510 2886 3580 accepto
2937 3508 2993 3559 et
3046 3503 3275 3572 agmine
3304 3499 3539 3552 n'atrum
3592 3491 3713 3548 col-

2068 3601 2240 3668 lecto,
2272 3597 2489 3654 resedit
2536 3596 2597 3650 in
2646 3593 2866 3659 medio,
2901 3609 2968 3647 ac
3003 3587 3227 3663 potenti
3274 3597 3529 3641 sermone
3561 3595 3712 3636 usus

2070 3694 2158 3744 est
2186 3689 2244 3743 in
2277 3688 2436 3741 hunc
2462 3685 2712 3740 modum
2738 3701 2749 3738 :
2791 3686 2942 3738 Deus
2969 3684 3137 3737 Pater
3169 3691 3387 3745 magna
3412 3670 3726 3727 dilectione

2071 3783 2249 3849 atque
2301 3790 2525 3844 magno
2570 3770 2816 3828 consilio
2846 3767 3006 3824 misit
3039 3766 3416 3832 Unigenitum
3444 3777 3626 3816 suum
3657 3758 3735 3814 ad

2074 3864 2532 3922 salviﬁcandum
2571 3877 2758 3930 genus
2788 3860 3147 3914 humanum.
3184 3853 3348 3911 Unde
3388 3857 3441 3906 et
3472 3867 3580 3922 per
3607 3851 3739 3903 Pro-

2070 3956 2317 4030 phetam
2349 3952 2553 4024 magni
2584 3948 2812 4005 consilii
2843 3946 3103 4016 Angelus
3135 3946 3282 4016 (183)
3306 3945 3393 3998 est
3422 3938 3738 4014 praenomi-

2074 4051 2268 4100 natus.
2305 4043 2436 4112 Qui,
2470 4057 2607 4096 cum
2639 4055 2744 4111 per
2781 4037 3050 4092 divinam
3104 4032 3435 4108 potentiam
3464 4046 3580 4084 nos
3611 4044 3740 4102 pos-

2077 4139 2163 4189 set
2189 4133 2413 4204 eripere
2445 4131 2518 4185 de
2550 4132 2838 4201 potestate
2870 4123 3117 4194 diaboli,
3151 4121 3341 4177 noluit
3371 4135 3444 4175 ea
3488 4133 3598 4194 per
3639 4133 3741 4173 nu-

2079 4224 2227 4279 dum
2259 4221 2342 4277 uti
2375 4219 2452 4276 ad
2481 4217 2956 4289 redemptionem
2989 4211 3220 4284 generis
3246 4209 3521 4271 humani,
3555 4207 3634 4262 ob
3656 4207 3740 4276 ju-

2079 4313 2316 4372 stitiam,
2334 4310 2554 4365 scilicet
2579 4312 2798 4363 sanctis
2825 4303 3090 4361 Trinitati
3115 4301 3375 4357 maxime
3399 4295 3735 4372 propriam,

2080 4399 2184 4455 sed
2237 4396 2521 4454 ineffabili
2576 4412 2684 4452 sua
2733 4391 3139 4449 misericordia
3195 4388 3527 4455 hominem,
3563 4401 3737 4457 quem

2082 4505 2220 4543 cum
2251 4487 2455 4542 anima
2484 4483 2745 4556 suscepit
2768 4483 3112 4538 incarnatus
3144 4477 3218 4533 de
3245 4476 3500 4546 Virgine,
3531 4471 3742 4528 obtulit

2080 4576 2254 4646 Patri,
2289 4589 2620 4647 suspensus
2664 4573 2724 4626 in
2761 4585 2956 4636 cruce,
2994 4569 3112 4623 Deo
3142 4564 3538 4622 reconcilians
3569 4577 3740 4616 mun-

2081 4665 2229 4722 dum
2278 4681 2384 4737 per
2433 4665 2881 4719 sacrosanctum
2931 4656 3286 4727 sanguinem
3343 4668 3542 4715 suum,
3584 4651 3739 4706 hunc

2083 4755 2262 4812 etiam
2294 4754 2354 4810 in
2389 4754 2581 4810 forma
2627 4748 2974 4806 humilitatis
3023 4760 3340 4819 opponens
3394 4740 3550 4797 hosti
3603 4741 3742 4795 anti-

2082 4861 2225 4918 quo,
2260 4859 2441 4916 quem
2487 4841 2581 4897 ille
2613 4857 2674 4896 se
2709 4838 2978 4912 jactabat
3008 4850 3344 4908 superasse,
3375 4831 3742 4904 nequissimo

2085 4934 2380 5006 superbiae
2410 4930 2754 4987 homicidio.
2790 4927 3055 4985 Christus
3084 4925 3300 4980 etenim
3333 4923 3392 4976 in
3423 4920 3587 4989 ligno
3621 4935 3742 4975 cru-

2085 5024 2188 5092 cis,
2218 5021 2494 5094 usquead
2527 5024 2780 5075 mortem
2813 5017 3004 5072 factus
3033 5020 3120 5069 est
3142 5012 3430 5068 obediens
3455 5008 3745 5064 voluntati

2086 5112 2305 5178 Patris;
2341 5111 2514 5180 cujus
2545 5109 2624 5165 ad
2667 5111 2919 5163 mortem
2968 5105 3159 5161 factus
3197 5108 3285 5158 est
3333 5099 3510 5174 primi
3555 5098 3742 5154 homi-

2086 5203 2179 5258 nis
2242 5198 2527 5254 vulniﬁca
2586 5195 3007 5253 inobedientia.
3065 5195 3228 5248 Hanc
3283 5191 3584 5257 virtutem,
3640 5187 3744 5243 {ra-

2089 5297 2225 5353 tres,
2253 5287 2678 5348 obedientiam,
2711 5301 2832 5358 qua
2854 5283 3119 5341 Christus
3177 5277 3434 5353 patravit
3470 5274 3744 5332 humanae

2185 5431 2302 5502 180)
2345 5431 2513 5486 Psal.
2553 5443 2747 5484 Lxxm.

2188 5504 2306 5574 181)
2347 5503 2491 5574 Ιιας.
2521 5516 2580 5554 x.

2190 5576 2313 5646 182)
2351 5574 2422 5646 ζΙ
2445 5573 2583 5628 Cor.
2613 5586 2716 5626 xu.

2191 5645 2314 5714 183)
2352 5645 2586 5716 Isa.;ix.
