3996 6178
391 197 524 290 1055

386 318 487 391 p10
519 315 822 386 majorum
864 311 1050 366 vitam
1112 310 1423 367 virtutibus
1471 307 1748 364 refertam
1808 303 1868 358 in
1926 301 2040 355 hoc
2071 301 2118 354 Α

389 406 606 464 saeculo
637 402 905 467 duxisse,
939 417 1120 472 quem
1153 406 1275 456 tam
1307 402 1654 456 veneranter
1681 391 1923 461 contigit
1951 391 2041 445 in-

389 501 476 552 ter
507 491 785 549 mortales
817 490 1304 562 coicum[xoixéu]
1357 489 1611 546 exuisse.
1667 485 1813 540 Hinc
1861 481 2041 538 etiam

388 580 829 653 conjiciendum
864 579 1095 635 aestimo
1125 580 1267 652 quia
1298 580 1366 646 is,
1399 577 1564 651 quod
1595 572 1904 646 gloriolam
1937 585 2042 624 sae-

387 672 501 729 culi
533 671 626 726 hic
653 669 934 734 vivendo,
976 669 1037 724 in
1058 674 1354 742 quantum
1380 668 1588 741 potuit,
1619 663 1917 721 declinare
1937 676 2040 716 cu-

385 760 561 826 ravit,
592 758 928 825 moriendo,
962 774 1069 813 seu
1098 757 1406 813 hominem
1435 754 1710 811 exuendo
1761 751 1932 821 (192),
1978 748 2043 804 il-

384 853 489 909 lud
521 867 757 924 semper
776 849 1076 904 manentis
1095 849 1295 918 gloriae
1313 846 1572 902 introivit
1592 842 1881 914 gaudium
1898 838 2042 896 inef-

386 941 586 1006 fabile,
613 939 780 1011 quod
811 938 1142 994 secundum
1171 936 1524 1009 Apostolum
1556 953 1568 990 :
1613 938 1724 989 Nec
1748 931 1908 988 auris
1939 947 2042 986 au-

387 1031 555 1096 divit,
581 1045 688 1084 nec
719 1029 779 1083 in
811 1045 912 1083 cor
942 1027 1203 1084 hominis
1232 1026 1522 1096 ascendit,
1555 1041 1688 1097 quae
1741 1036 2041 1095 praepara-

387 1120 469 1175 vit
527 1119 813 1174 Dominus
863 1117 954 1171 his
1016 1117 1121 1189 qui
1174 1115 1430 1183 diligunt
1483 1115 1651 1169 illum
1711 1113 1880 1183 (193).
1937 1109 2041 1167 Cui

387 1207 670 1264 maximae
726 1205 1155 1261 consolationis
1195 1204 1452 1260 evidenti
1512 1201 1852 1260 testimonio
1905 1215 2044 1255 con-

388 1297 595 1352 cordat
616 1296 800 1351 David
821 1295 1012 1350 ﬁdelis
1033 1295 1239 1350 dicens
1270 1295 1523 1350 Domino
1553 1311 1564 1348 :
1595 1295 1789 1359 Quam
1818 1306 2045 1362 magna

387 1387 708 1442 multitudo
738 1385 1072 1440 dulcedinis
1104 1391 1237 1452 tute,
1273 1385 1544 1454 Domine,
1568 1400 1756 1457 quam
1782 1382 2044 1438 abscon-

389 1476 527 1532 disti
558 1475 902 1531 timentibus
929 1481 982 1530 te
1014 1476 1180 1544 (19ft).
1213 1478 1278 1529 Et
1301 1479 1436 1547 post
1475 1490 1668 1547 pauca
1705 1491 1716 1527 :
1776 1472 2042 1527 Abscon-

388 1566 494 1621 des
525 1583 624 1621 eos
655 1565 714 1620 in
746 1564 1104 1619 abscondito
1159 1565 1328 1619 faciei
1362 1569 1475 1618 ture
1507 1580 1542 1618 a
1589 1560 2043 1618 conturbatione

388 1655 704 1710 hominum
735 1655 902 1724 (195).
954 1654 1116 1708 Unde
1143 1659 1200 1708 et
1226 1658 1308 1721 tu,
1343 1670 1378 1707 ο
1415 1652 1716 1716 Collectiti,
1745 1654 2044 1722 protectus
2076 1659 2117 1712 Β

387 1761 422 1800 a
446 1743 909 1799 contradictione
934 1743 1275 1812 linguarum
1298 1743 1356 1797 in
1380 1740 1766 1797 tabernaculo
1789 1739 2042 1806 Domini,

391 1850 572 1906 perge
602 1834 762 1888 viam
794 1833 1044 1902 regiam,
1079 1837 1144 1887 ut
1182 1833 1427 1903 cmpisti,
1458 1831 1894 1904 perscripturus
1923 1829 2042 1885 cla-

387 1922 690 1976 rissimam
709 1922 895 1976 vitam
916 1921 1180 1976 hominis
1209 1921 1327 1976 Dei.
1363 1941 1391 1971 ›

1022 2010 1415 2065 Collectitz’us.

464 2098 739 2166 «Placet,
788 2097 995 2165 fateor,
1047 2115 1082 2154 o
1142 2097 1498 2165 Ammonici,
1571 2097 1715 2170 quia
1760 2113 1857 2152 me
1907 2101 2046 2169 post

388 2191 642 2243 mortem
673 2187 935 2242 hominis
964 2187 1062 2243 Dei
1095 2188 1278 2243 vitam
1332 2188 1486 2243 illius
1531 2187 1915 2260 praescribere
1945 2187 2047 2242 ad-

387 2277 660 2332 hortaris.
690 2279 806 2331 Hoc
833 2277 991 2332 enim
1045 2277 1293 2332 ﬁrmiter
1346 2282 1502 2332 tenet
1552 2280 1687 2345 Lex,
1718 2276 1939 2348 pariter
1989 2280 2048 2331 et

388 2381 526 2438 spes
555 2363 694 2420 fidei
725 2364 1090 2432 Christianae,
1132 2366 1296 2438 quod
1328 2365 1534 2424 sancti.
1585 2364 1805 2420 scilicet
1856 2364 2043 2432 electi,

388 2471 528 2510 cum
555 2453 869 2509 carnaliter
894 2455 1112 2510 mortui
1143 2455 1358 2510 fuerint
1387 2455 1638 2523 mundo,
1666 2470 1803 2509 vere
1833 2471 1903 2509 ac
1934 2452 2047 2524 spi-

388 2543 674 2599 ritualiter
695 2543 983 2615 incipiant
1012 2546 1206 2599 vivere
1235 2548 1372 2600 Deo.
1410 2545 1573 2599 Unde
1621 2548 1677 2599 et
1729 2544 1807 2600 ad
1836 2560 2046 2599 eorum

388 2637 629 2688 mortua
658 2648 800 2686 ossa
839 2632 1223 2688 crebrescunt
1244 2634 1556 2702 miracula,
1586 2649 1697 2688 nec
1724 2649 1845 2688 non
1876 2633 2047 2688 innu-

388 2739 557 2778 mera
585 2721 940 2776 mortalibus
969 2739 1076 2795 per
1100 2723 1367 2796 ipsorum
1414 2724 1544 2794 pias
1594 2723 2046 2778 intercessiones

389 2815 752 2884 priestantur
781 2810 1094 2866 beneficia.
1147 2813 1373 2867 Horum
1405 2829 1647 2884 quoque
1700 2811 2044 2879 commoda,

388 2917 572 2972 quam
601 2899 930 2955 luculenter
982 2900 1061 2954 ad
1113 2901 1386 2956 tumbam
1446 2902 1612 2956 istius
1667 2901 2045 2972 confessoris,

388 2991 462 3045 de
495 3005 618 3061 quo
648 2990 824 3044 nobis
855 2995 943 3045 est
978 3007 1196 3061 sermo,
1244 3009 1273 3046 e
1319 2991 1482 3046 caelis
1531 2993 1866 3048 ministrata
1909 2993 2044 3061 sint,
2080 3014 2121 3067 ο

389 3083 526 3151 post
548 3094 744 3150 pauca
772 3079 1027 3134 breviter
1055 3081 1311 3148 edicam,
1344 3098 1466 3154 quo
1507 3082 1705 3137 minus
1757 3082 2044 3155 protelem

388 3167 740 3224 charitatem
773 3169 1119 3238 fraternam,
1153 3171 1230 3226 ad
1253 3172 1379 3226 haec
1407 3171 1484 3225 ad
1516 3171 1632 3228 alia
1662 3171 2047 3244 percipienda

388 3273 511 3314 non
537 3258 772 3314 modice
822 3259 1086 3315 avidam.
1147 3260 1458 3315 Enimvero
1516 3261 1678 3316 fama
1727 3260 2045 3316 evolitante

387 3349 582 3403 virum
609 3347 704 3402 Dei
735 3349 1075 3421 Oppetiisse,
1110 3366 1182 3404 ex
1212 3350 1506 3405 industria
1523 3350 1862 3406 credentem
1881 3349 2045 3422 apud

391 3439 576 3492 Deum
603 3436 770 3492 illum
801 3438 1040 3498 vixisse.
1067 3438 1126 3492 in
1159 3438 1217 3492 id
1270 3443 1399 3492 rata
1448 3438 1800 3494 ministratio
1844 3455 2045 3493 rerum

388 3526 679 3598 processit
704 3531 766 3580 ut
811 3527 922 3582 sub
962 3527 1362 3595 festinatione,
1392 3527 1470 3582 ad
1523 3528 1838 3600 exsequias
1897 3528 2044 3583 tanti

390 3615 574 3669 Patris
605 3621 1056 3671 concurreretur
1093 3634 1128 3672 a
1157 3617 1381 3682 multis,
1424 3634 1560 3672 cum
1585 3635 1824 3673 summa
1871 3618 2046 3673 devo-

390 3703 548 3757 tione
577 3703 790 3758 cordis.
851 3709 1003 3759 lnter
1052 3723 1207 3778 quos
1273 3711 1396 3761 erat
1448 3707 1730 3761 Henricus
1787 3708 2045 3780 hypatos

388 3796 530 3847 tunc
558 3791 706 3848 forte
740 3793 1142 3866 principatum
1174 3800 1381 3850 tenens
1413 3811 1593 3867 super
1647 3797 1906 3869 populos
1939 3800 2046 3853 No-

386 3880 540 3936 ricos
571 3885 627 3937 et
648 3881 990 3938 Karinthios
1039 3885 1212 3955 (196),
1243 3889 1379 3957 post
1408 3901 1634 3957 paucos
1661 3902 1799 3942 vero
1852 3903 2044 3943 annos

384 3987 488 4026 rex
516 3971 751 4028 futurus
781 3988 903 4027 non
935 3973 1131 4028 solum
1155 3974 1486 4030 Germaniae
1515 3975 1636 4030 sive
1669 3975 1889 4043 Galliae,
1938 3976 2044 4032 sed

385 4058 565 4114 etiam
589 4059 913 4130 imperator
945 4061 1119 4116 totius
1147 4063 1340 4130 ltalim,
1376 4067 1553 4136 atque
1584 4068 1886 4134 Augustus
1920 4067 2042 4121 Cae—

387 4163 486 4201 sar
516 4148 766 4202 civitatis
798 4151 1102 4205 Romanae.
1132 4152 1203 4219 Is,
1238 4157 1554 4224 assumpto
1604 4169 1808 4209 secum
1851 4154 2042 4209 Gobe-

385 4233 576 4289 hardo
607 4237 911 4310 episcopo,
941 4240 1047 4310 qui
1100 4247 1275 4297 antea
1335 4247 1543 4298 sancto
1588 4242 1715 4298 viro
1760 4259 1832 4299 ex
1873 4248 2042 4306 parte

386 4323 718 4422 contrarius
750 4323 877 4391 fuit,
911 4327 1164 4422 sedtum
1187 4335 1334 4422 teste
1391 4331 1799 4422 lacrymarum
1856 4332 2040 4422 fonte,
2077 4369 2119 4422 Β

385 4408 738 4467 immutatus
761 4418 959 4469 mente
985 4417 1244 4484 advenit,
1279 4435 1450 4475 servo
1483 4421 1578 4475 Dei
1619 4420 1679 4475 in
1739 4421 2045 4494 sepultura

385 4501 686 4558 humiliter
711 4502 1109 4576 obsequendo
1149 4525 1210 4562 se
1239 4525 1481 4564 servum
1509 4510 1767 4583 prtebuit
1805 4529 2043 4568 summo

384 4590 594 4647 humili
623 4593 1011 4650 dominorum
1042 4599 1313 4654 Domino.
1344 4603 1512 4664 Nam,
1545 4601 1604 4655 in
1659 4618 1850 4656 unum
1901 4618 2042 4658 con-

386 4682 643 4750 gregatis
681 4686 735 4737 et
768 4682 842 4736 ad
877 4682 1057 4739 funus
1106 4686 1186 4758 pii
1246 4686 1482 4742 abbatis
1542 4687 1804 4744 ofﬁciose
1851 4691 2045 4747 conci-

384 4770 663 4826 nentibus
693 4787 845 4844 pene
876 4775 1159 4830 omnibus
1190 4776 1532 4832 Ratisbonze
1567 4780 1682 4833 Deo
1740 4779 2044 4835 servienti-

385 4855 520 4926 bus,
545 4859 670 4931 ipse
699 4860 978 4934 princeps
1008 4865 1266 4937 propriis
1317 4865 1582 4921 humeris
1629 4883 1749 4922 non
1808 4869 2046 4925 erubuit

386 4945 665 5004 feretrum
699 4953 957 5021 portare,
982 4969 1091 5008 nec
1123 4970 1246 5009 non
1287 4956 1622 5011 accuratius
1673 4955 2043 5028 sepulturam

386 5048 621 5105 parare.
656 5041 907 5094 Demum
940 5040 1197 5098 introivit
1221 5043 1450 5099 fossam
1508 5044 1782 5116 sepulcri,
1811 5049 1868 5099 et
1913 5045 2043 5116 ipse

387 5124 599 5180 clausit
622 5142 845 5192 arcam,
871 5146 1004 5202 quae
1024 5132 1152 5202 jam
1199 5132 1462 5204 suscepit
1489 5149 1708 5206 corpus
1763 5133 1870 5188 viri
1921 5134 2041 5205 Dei,

387 5229 455 5268 ac
481 5214 592 5269 sibi
625 5215 976 5274 claviculam
1007 5221 1281 5292 ejusdem
1311 5238 1464 5278 arcae
1496 5237 1605 5294 pro
1630 5223 1880 5296 pignore
1901 5225 2042 5281 cha-

484 5303 605 5374 192)
645 5306 680 5358 Ι
707 5305 843 5362 Cor.
875 5325 968 5364 xv.

486 5375 608 5444 193)
646 5375 840 5432 ICor.
873 5394 934 5434 ii.

484 5447 605 5510 194)
646 5447 814 5502 Psal.
845 5466 984 5507 xxx.

484 5515 606 5587 195)
645 5517 798 5574 Ibid.

645 5538 778 5644 itii:
786 5561 1006 5647 littera.

492 5659 611 5726 197)
650 5661 820 5716 Psal.
850 5677 1001 5718 van

492 5659 611 5728 197)
650 5661 820 5716 Psal.
850 5677 1021 5719 van.

1436 179 1746 240 ABNOLDI
1785 173 2380 234 EMMERAHMENSIS
2417 177 2748 236 MONACHI.

3703 185 3823 237 {C66

2155 299 2395 357 rissimo
2427 302 2617 373 elegit,
2650 306 2704 360 et
2731 303 3126 360 nihilominus
3179 309 3395 379 postea
3447 305 3515 362 in
3568 289 3839 363 fascibus

2152 393 2509 448 constitutus
2535 393 2721 463 regni,
2772 393 3056 450 eamdem
3113 411 3354 468 semper
3403 412 3627 452 secum
3685 398 3849 451 velut

2151 478 2383 551 insigne
2405 481 2684 555 triumphi
2707 484 3036 539 reservavit
3065 484 3186 540 sive
3215 485 3479 542 retinuit.
3516 509 3546 534 »

2762 574 3191 630 Ammonicius.

2225 682 2252 708 «
2301 659 2475 715 Haud
2519 659 2748 733 absque
2805 662 3203 719 admiratione
3254 663 3558 720 sciscitari
3629 669 3854 737 potero

2153 755 2354 806 utrum
2377 750 2504 806 haec
2527 767 2600 806 ex
2627 758 2929 825 praecepto
2960 757 3017 809 et
3041 753 3348 810 voluntate
3380 755 3498 810 viri
3525 755 3638 809 Dei
3690 753 3857 809 facta

2153 840 2290 910 sint,
2323 855 2402 896 an
2433 856 2578 895 casu
2617 840 2697 896 ita
2749 842 3144 912 contigerunt.
3204 847 3353 900 Nam
3401 860 3548 900 raro
3609 843 3858 899 factum

2155 930 2359 985 audivi
2393 935 2456 986 ut
2483 931 2618 1002 quis
2643 931 2965 1004 sepulturae
2996 933 3246 989 traditus
3279 934 3343 989 in
3382 950 3531 990 arca
3590 933 3857 989 claude-

2152 1023 2315 1075 retur
2343 1019 2488 1074 seris
2519 1019 2769 1076 munita.
2801 1045 2830 1070 ››

2783 1110 3177 1168 Collectitius.

2226 1220 2254 1246 ‹‹
2284 1201 2411 1254 Non
2437 1202 2526 1254 est
2545 1199 2765 1255 mirum
2796 1199 2844 1254 si
2871 1201 3057 1258 homo
3089 1201 3347 1274 simplex
3408 1217 3605 1275 super
3663 1201 3856 1272 huju-

2155 1287 2425 1344 scemodi
2467 1288 2681 1345 reculis
2729 1290 2995 1360 miretur,
3049 1308 3187 1347 cum
3241 1291 3432 1349 David
3455 1308 3571 1348 rex
3602 1295 3669 1348 et
3717 1307 3857 1364 pro-

2155 1379 2360 1451 pheta,
2391 1377 2486 1433 eui
2513 1378 2817 1450 sapientiae
2848 1380 3082 1436 occulta
3130 1385 3272 1437 sunt
3315 1381 3622 1437 divinitus
3658 1382 3857 1436 mani-

2157 1468 2388 1534 festata,
2442 1484 2624 1540 super
2652 1467 2861 1524 virtute
2911 1477 3434 1527 sacramentorum
3493 1470 3852 1527 caelestium

2156 1557 2475 1613 miraretur
2501 1557 2706 1613 dicens
2736 1575 2748 1613 :
2781 1559 3058 1615 Mirabilis
3101 1563 3257 1616 Deus
3285 1560 3345 1616 in
3393 1561 3642 1616 sanctis
3706 1564 3851 1631 suis,

2157 1649 2312 1702 Deus
2344 1646 2540 1712 Israel,
2569 1646 2696 1718 ipse
2719 1647 2886 1704 dabit
2911 1649 3189 1705 virtutem
3221 1650 3392 1720 (197).
3456 1651 3666 1721 Cujus
3727 1667 3855 1723 per-

2154 1736 2370 1792 validee
2399 1753 2638 1792 summo
2692 1737 2955 1794 donante
3003 1740 3304 1812 particeps
3357 1739 3570 1796 factus
3628 1740 3851 1796 beatus

2158 1829 2328 1882 Pater
2356 1825 2726 1882 Ramuoldus
2777 1828 2839 1882 in
2887 1827 3253 1884 ﬁrmitudine
3302 1828 3449 1884 ﬁdei
3494 1830 3849 1896 catholicae,

2159 1916 2352 1971 sciens
2408 1918 2638 1971 Petram
2697 1916 3012 1984 Christum,
3070 1918 3326 1974 modum
3390 1918 3690 1976 salvasse
3747 1937 3853 1993 per

2156 2005 2409 2074 lignum,
2456 2005 2831 2077 sarcophago
2860 2005 3099 2078 lapideo
3141 2007 3325 2078 jussit
3375 2010 3707 2066 are-enare
3760 2012 3851 2066 vel

2155 2095 2492 2162 sepulcrale
2519 2094 2660 2163 (198)
2686 2093 2972 2150 scrinium
3000 2095 3241 2152 immitti
3269 2097 3582 2167 ligneum,
3611 2097 3698 2154 ob
3732 2114 3847 2153 me-

2156 2182 2411 2237 moriam
2441 2181 2664 2254 quippe
2718 2182 3017 2255 passionis
3076 2185 3405 2241 Dominicaa
3463 2187 3648 2243 corio
3697 2187 3846 2242 rubi-

2157 2272 2357 2328 cundo
2387 2271 2662 2327 vestitum
2695 2291 2707 2340 ;
2742 2273 2908 2345 quod
2930 2280 3064 2346 post
3105 2275 3376 2332 defuncti
3434 2277 3844 2333 condendum

2161 2361 2489 2434 susciperet
2522 2361 2970 2433 corpusculum,
2999 2380 3071 2419 ea
3101 2364 3378 2421 videlicet
3404 2381 3523 2437 spe
3565 2373 3639 2422 ut
3667 2383 3843 2438 quem

2157 2451 2305 2523 ipse,
2354 2451 2500 2505 dum
2557 2453 2615 2505 in
2665 2454 2952 2520 praesenti
2980 2455 3124 2524 (199)
3178 2455 3435 2523 vixerat,
3487 2455 3573 2510 de
3632 2455 3841 2512 eodem

2159 2541 2375 2596 scrinio
2405 2540 2465 2596 in
2492 2557 2830 2614 pauperum
2885 2558 3063 2612 grege
3106 2544 3378 2616 quotiuie
3439 2545 3696 2601 solebat
3744 2562 3841 2618 pa-

2160 2646 2322 2685 scere
2353 2635 2530 2702 atque
2560 2631 2793 2691 vestire,
2828 2647 2950 2687 non
2981 2631 3418 2703 dedignaretur
3442 2651 3512 2690 se
3530 2635 3597 2690 in
3629 2651 3835 2690 nume-

2154 2737 2222 2776 ro
2253 2719 2577 2776 electorum
2603 2720 2998 2793 omnipotenti
3029 2739 3140 2777 sua
3190 2722 3634 2780 misericordia
3694 2741 3842 2780 resu-

2158 2808 2369 2864 scitare
2424 2814 2480 2864 et
2526 2809 2587 2864 in
2638 2809 2773 2863 sinu
2809 2814 3044 2866 aeternae
3073 2811 3476 2868 beatitudinis
3522 2814 3836 2870 collocare.

2159 2899 2256 2954 His
2289 2915 2431 2968 ergo
2457 2899 2732 2970 pauculis
2759 2899 2979 2971 verbis,
3011 2917 3047 2955 ο
3077 2902 3450 2970 Ammonici,
3489 2903 3544 2959 si
3599 2904 3837 2959 minime

2156 2988 2527 3045 satisfactum
2554 3005 2682 3044 esse
2713 2989 3017 3046 arbitraris
3062 2996 3175 3046 tuae
3225 2992 3642 3049 admirationi
3675 2994 3837 3049 simul

2155 3083 2211 3134 et
2241 3077 2642 3146 sciscitationi,
2672 3095 2928 3147 recurre,
2961 3097 3190 3152 quaeso,
3220 3081 3302 3137 ad
3331 3082 3398 3138 id
3429 3084 3615 3156 quod
3655 3084 3835 3156 Scrip-

2157 3172 2289 3223 tura
2341 3167 2527 3223 dicit:
2583 3168 2734 3224 Nihil
2782 3168 2842 3224 in
2897 3170 3064 3224 terris
3113 3169 3176 3225 ﬁt
3225 3171 3357 3226 sine
3423 3189 3627 3228 causa
3681 3175 3830 3244 (200).

2156 3257 2324 3320 Quod
2351 3259 2412 3312 in
2465 3262 2808 3313 sanctorum
2861 3259 3040 3329 gestis
3099 3260 3498 3332 potissimum
3534 3263 3829 3318 debetno-

2154 3347 2285 3414 tari,
2314 3352 2370 3402 et
2397 3347 2699 3403 verissime
2727 3353 2923 3420 potest
2951 3349 3212 3422 probari.
3263 3353 3426 3407 Nam
3476 3353 3660 3425 quod
3713 3353 3831 3409 bea-

2156 3436 2426 3492 tissimus
2455 3436 2649 3492 abbas
2678 3438 3046 3494 Ramuoldus
3076 3439 3153 3494 ad
3195 3445 3449 3514 tempus
3484 3443 3827 3516 compulsus

2153 3531 2242 3582 est
2272 3526 2702 3582 Ratisbonense
2743 3528 3087 3584 coenobium
3145 3529 3456 3599 deserere,
3521 3550 3599 3589 ac
3653 3533 3818 3588 Trevi-

2153 3632 2325 3672 rense
2351 3622 2639 3688 repetere,
2687 3633 2871 3674 causa
2898 3619 3113 3674 exstitit
3143 3620 3316 3676 civile
3342 3620 3614 3690 bellum,
3664 3619 3809 3695 quod

2153 3711 2280 3762 erat
2306 3706 2457 3762 inter
2489 3706 2801 3762 Henricum
2852 3707 3070 3763 ducem
3119 3714 3178 3764 et
3229 3710 3654 3768 Perchtolfum
3675 3727 3815 3767 mar-

2152 3796 2554 3865 chicomitem,
2587 3801 2765 3870 atque
2794 3797 2948 3854 inter
2977 3803 3222 3854 caeteros
3270 3800 3616 3872 optimates
3677 3801 3816 3874 prino

2151 3885 2300 3958 cipis
2355 3886 2583 3942 Ottonis
2637 3893 2762 3942 tum
2814 3889 3110 3945 civitatem
3144 3890 3652 3948 Ratisbonensem
3693 3891 3822 3947 obsi-

2151 3976 2344 4031 dentis
2374 3976 2544 4048 (201).
2580 3976 2751 4042 Quod
2785 3976 2992 4033 sedato
3031 3981 3088 4034 et
3117 3977 3296 4049 quasi
3325 3978 3629 4036 innuente
3659 3980 3820 4035 beato

2154 4067 2617 4131 Emmerammo,
2674 4081 2784 4135 per
2839 4068 2956 4122 loci
3007 4068 3102 4122 sui
3141 4069 3524 4138 provisorem
3583 4070 3821 4138 repeda-

2153 4158 2278 4209 tum
2331 4155 2410 4208 iri
2459 4155 2627 4224 (202),
2685 4155 2884 4210 senior
2961 4156 3344 4213 venerandus
3418 4174 3455 4213 a
3512 4158 3821 4213 Treverica

2151 4241 2381 4298 civitate
2432 4242 2819 4315 Hiatospolim
2868 4249 2959 4300 est
3004 4260 3337 4314 reversus;
3393 4246 3532 4301 inde
3609 4261 3815 4299 secum

2153 4331 2514 4387 transferens
2552 4331 2775 4388 multas
2826 4337 3171 4390 sanctorum
3231 4335 3526 4408 reliquias.
3585 4335 3812 4388 Harum

2151 4437 2396 4493 quoque
2457 4421 2733 4478 salutaris
2803 4422 3002 4479 allatio
3066 4423 3292 4480 exstitit
3361 4438 3535 4480 causa
3579 4428 3818 4495 cryptae

2151 4512 2316 4583 apud
2365 4514 2648 4568 Sanctum
2699 4516 3220 4569 Emmerammum
3267 4514 3597 4570 aediﬁcatae.
3633 4515 3822 4585 Cujus

2151 4601 2489 4668 aediﬁcatio,
2520 4618 2626 4674 per
2653 4603 2849 4659 virum
2881 4604 2980 4659 Dei
3033 4604 3178 4660 satis
3211 4605 3534 4660 artificiose
3587 4604 3822 4660 ordina-

2151 4693 2232 4756 ta,
2265 4690 2553 4746 trifariam
2583 4707 2693 4747 nec
2741 4709 2863 4748 non
2923 4692 3362 4766 quadrifariam
3419 4694 3692 4766 speciem
3741 4694 3819 4749 in-

2153 4780 2456 4836 tuentibus
2490 4780 2744 4836 exhibet.
2795 4785 2860 4838 Et
2916 4782 3058 4854 quia
3121 4782 3308 4854 hujus
3358 4784 3561 4856 operis
3619 4789 3821 4840 auctor

2153 4874 2425 4925 sanctam
2455 4869 2724 4926 dilexerit
2743 4871 3104 4939 Trinitatem,
3134 4877 3315 4944 atque
3335 4878 3609 4945 quatuor
3640 4877 3818 4930 Evan—

2152 4959 2446 5029 geliorum
2517 4960 2764 5016 ﬁrmiter
2825 4961 3077 5017 tenuerit
3149 4961 3360 5028 ﬁdem,
3430 4965 3619 5036 quasi
3681 4981 3816 5038 quo-

2150 5048 2294 5104 dam
2318 5049 2656 5104 testimonio
2683 5051 2962 5107 credibile
2991 5051 3280 5124 perhibet.
3313 5052 3658 5109 Columma:
3689 5070 3813 5110 vero

2150 5154 2286 5210 qute
2307 5137 2583 5194 eamdem
2611 5139 2943 5212 crypticam
2965 5140 3275 5196 ecclesiam
3297 5146 3670 5210 sustentant,
3685 5145 3813 5200 dua-

2149 5226 2310 5282 litate
2364 5243 2476 5283 sua
2515 5227 2819 5296 geminam
2869 5229 3267 5296 dilectionem,
3326 5231 3429 5286 Dei
3492 5232 3722 5290 scilicet
3767 5237 3814 5288 et

2250 5317 2368 5373 198)
2410 5315 2536 5371 Alia
2566 5315 2756 5372 littera
2786 5317 2844 5373 in
2869 5334 2981 5373 ms.

2248 5387 2366 5444 199)
2407 5387 2534 5443 Alia
2563 5387 2753 5444 littera
2782 5389 2842 5444 in
2873 5406 2985 5444 ms.

2244 5459 2369 5514 200)
2408 5459 2540 5514 Job.
2573 5475 2631 5514 v.

2244 5529 2374 5587 201)
2411 5529 2538 5586 Alia
2565 5529 2756 5587 littera
2783 5529 2846 5586 in
2870 5547 2982 5587 ms.

2247 5599 2376 5659 202)
2413 5601 2540 5657 Alia
2564 5599 2776 5659 littera.

2222 5315 2244 5672 Ξ

2351 5317 2376 5672 ἒ
