3984 6180
234 145 370 200 1057

989 144 1088 202 ’ΒΕ
1126 147 1498 205 MIRACULIS
1537 149 1595 205 S.
1637 143 2057 204 EMMERAMMI
2097 145 2282 200 LIBRI
2326 145 2490 202 DUO.
2531 177 2601 187 —
2641 148 2772 202 LIB.
2814 148 2883 204 II.

3520 153 3660 210 1058

227 267 512 340 proximi.
543 268 939 341 pulcherrime
985 271 1397 343 compingunt.
1461 273 1734 344 Quinque
1789 287 1890 326 au-
1915 274 1961 326 Α
2001 268 2258 325 multum
2287 269 2569 342 perdidit.
2601 271 2689 328 Ob
2719 271 2833 327 hoc
2864 271 3044 327 etiam
3091 272 3186 328 die
3238 279 3540 350 noctuque
3579 279 3663 336 la-

227 361 349 413 tem
382 358 611 426 altaria,
644 359 704 412 in
735 359 956 431 quibus
990 361 1232 416 totidem
1281 361 1534 433 pyxides
1588 361 1889 417 collocataa

227 463 366 503 cum
394 447 659 519 reliquiis
683 464 836 520 quas
864 450 1338 521 prmnominatus
1379 451 1555 506 heros
1580 450 1654 506 de
1688 451 1894 506 Lotha-

229 535 422 606 ringia
452 535 773 605 transtulit,
801 537 1068 609 quinque
1098 537 1389 594 librorum
1418 539 1636 612 Moysis
1680 538 1894 612 princi—

230 623 428 696 palem
458 624 903 681 observantiam
927 625 988 681 in
1019 628 1310 684 memoria
1327 633 1575 685 monent
1607 629 1813 695 teneri,
1837 632 1894 683 et

231 713 293 769 in
317 714 585 788 quinque
617 714 890 770 sensibus
916 717 1183 788 corporis
1208 717 1522 774 hortantur
1550 718 1892 791 quinariam

229 803 611 875 prudentiam
637 820 873 876 semper
901 805 1129 860 haberi.
1151 807 1391 862 Sextum
1410 807 1656 879 quidem
1683 807 1887 873 altare,

226 892 396 964 quod
421 892 633 948 dicitur
662 893 739 949 ad
764 894 967 966 pedes,
1002 895 1220 950 senarii
1251 896 1609 968 perfectione
1659 896 1890 951 denun-

228 980 334 1037 tiat
388 983 594 1040 omnia
642 983 938 1040 concludi.
998 988 1059 1039 In
1107 984 1221 1041 hac
1279 1002 1422 1056 ergo
1466 990 1590 1041 tam
1636 985 1890 1058 typifera

226 1069 496 1138 basilica,
529 1088 564 1128 a
592 1071 770 1128 beato
800 1072 1154 1144 Wolfgango
1186 1074 1247 1130 in
1290 1075 1516 1130 honore
1569 1079 1790 1130 sanctae
1834 1079 1891 1130 et

229 1159 554 1216 individuae
584 1161 878 1218 Trinitatis
925 1167 983 1218 et
1027 1163 1303 1218 omnium
1353 1170 1700 1220 sanctorum
1729 1163 1891 1219 dedi-

233 1253 385 1319 cata,
412 1250 900 1307 venerabillimus
932 1255 1099 1308 Pater
1136 1253 1530 1322 Ramuoldus,
1590 1253 1652 1307 in
1700 1252 1892 1324 sepul-

233 1354 335 1395 cro
358 1339 522 1412 quod
548 1339 660 1395 sibi
689 1344 823 1396 ante
852 1340 1200 1413 quindecim
1239 1357 1433 1397 annos
1469 1342 1599 1412 jam
1647 1357 1890 1413 parave-

229 1433 335 1486 rat.
369 1429 430 1484 in
462 1429 708 1485 australi
735 1430 918 1486 latere
945 1430 1216 1500 ejusdem
1244 1435 1486 1504 crypta,
1504 1447 1673 1486 secus
1704 1430 1889 1486 altare

229 1518 288 1570 Β.
322 1517 584 1588 Gregorii
611 1534 784 1590 papae
815 1522 906 1573 est
953 1518 1285 1591 depositus,
1339 1525 1518 1592 atque
1569 1519 1888 1588 magnifice

227 1607 516 1679 sepultus,
559 1612 789 1664 astante
819 1608 1040 1681 pariter
1085 1613 1142 1664 et
1195 1609 1484 1681 psallente
1539 1609 1886 1664 clericorum
1918 1623 1958 1676 Β

225 1696 457 1767 ordine,
509 1702 566 1754 et
594 1697 987 1754 nihilominus
1043 1698 1393 1754 concinente
1450 1700 1888 1755 monachorum

227 1799 428 1854 grege,
478 1801 588 1841 nec
632 1801 755 1841 non
809 1786 1106 1855 virginum
1163 1786 1285 1843 sive
1339 1787 1888 1844 sanctimonialium

227 1873 382 1929 trina
407 1874 716 1943 concione,
748 1875 1018 1931 animam
1047 1876 1194 1931 tanti
1237 1877 1421 1932 Patris
1467 1893 1706 1932 summo
1736 1876 1888 1932 Patri

229 1963 714 2020 commendante.
746 1967 880 2020 Post
903 1965 1052 2031 haec,
1084 1982 1120 2020 ο
1151 1966 1504 2030 Ammonici,
1549 1966 1629 2021 ad
1659 1971 1886 2037 tempe-

230 2053 489 2109 randum
521 2055 874 2110 miraculum
905 2055 1142 2111 claustri
1172 2056 1258 2111 vel
1286 2056 1586 2112 claviculas
1635 2061 1798 2112 tanto
1853 2072 1889 2111 a

224 2141 494 2214 principe
525 2143 604 2198 ob
631 2143 1025 2198 humilitatem
1057 2150 1327 2216 arreptae,
1390 2161 1496 2200 seu
1539 2145 1619 2201 ob
1657 2145 1890 2215 religio-

223 2243 362 2284 nem
391 2230 674 2303 abreptze,
705 2232 1229 2289 satisfactionalem
1259 2251 1446 2290 unum
1497 2251 1682 2291 sacrae
1743 2235 1889 2292 Scri-

221 2321 410 2390 pturae
453 2319 832 2390 versiculum,
885 2321 1160 2378 charitati
1209 2327 1342 2392 tuae,
1406 2328 1644 2396 meapte
1692 2323 1892 2396 placet

225 2407 597 2465 subnectere.
635 2409 726 2466 Sic
750 2409 911 2465 enim
936 2410 1080 2466 dicit
1111 2411 1417 2474 Dominus.
1449 2413 1526 2468 ad
1555 2414 1890 2484 quemdam

223 2496 480 2552 electum
512 2515 690 2554 suum
725 2516 737 2552 :
771 2500 838 2554 In
865 2499 965 2555 illo
1004 2500 1100 2555 die
1160 2501 1484 2574 suscipiam
1541 2506 1595 2557 te
1648 2518 1890 2558 servum

223 2602 452 2652 meum,
485 2593 542 2642 et
563 2603 790 2660 ponam
823 2594 876 2643 te
903 2588 1054 2643 sicut
1079 2589 1460 2658 signaculum
1481 2589 1540 2645 in
1563 2598 1890 2664 conspectu

225 2690 386 2744 meo,
417 2675 711 2748 quoniam
739 2675 888 2745 elegi
921 2681 971 2731 te
1004 2677 1176 2747 (203).
1221 2701 1250 2727 »

847 2765 1276 2822 Ammonicius.

305 2873 333 2905 ‹
371 2852 677 2923 Pigmenta
709 2869 846 2908 cum
877 2858 1167 2924 teruntur,
1225 2855 1285 2910 in
1335 2856 1643 2912 meliorem
1692 2857 1888 2913 visum

224 2946 677 3033 convertuntur,
704 2942 785 3033 ita
814 2947 873 3033 et
897 2947 960 2998 tu
991 2961 1130 3033 cum
1161 2959 1268 3016 per
1309 2945 1704 3018 quaestionem
1758 2963 1894 3020 pro—
1920 2977 1961 3033 ρ

223 3035 476 3087 vocatus
501 3029 699 3097 fueris,
733 3031 794 3086 in
819 3031 1102 3088 dictando
1129 3037 1185 3088 et
1209 3032 1270 3088 in
1300 3034 1638 3103 scribendo,
1693 3035 1797 3090 tibi
1837 3041 1894 3092 et

225 3117 507 3190 proximo
539 3119 735 3176 utilior
763 3121 896 3177 eris.
931 3125 1076 3178 Ecce
1129 3122 1277 3178 dum
1329 3140 1586 3196 parvam
1641 3130 1892 3180 conatus

224 3222 296 3262 es
320 3206 627 3264 absolvere
657 3210 1180 3282 quaestiunculam,
1207 3228 1330 3267 non
1363 3213 1557 3268 solum
1600 3215 1893 3283 grandem

219 3299 582 3371 promovisti
611 3301 989 3373 sententiam,
1019 3301 1123 3358 sed
1154 3301 1334 3358 etiam
1375 3303 1635 3372 agilitate
1685 3303 1897 3358 divini-

220 3393 326 3446 tus
356 3405 664 3458 concessa,
695 3391 847 3448 adeo
875 3408 1013 3448 eam
1045 3392 1230 3449 fecisti
1257 3393 1532 3448 festivam
1560 3398 1624 3449 ut
1660 3393 1894 3466 lapides

220 3477 686 3551 quodammodo
736 3496 979 3550 cogeres
1052 3498 1181 3538 esse
1252 3482 1557 3556 loquaces.
1642 3484 1893 3539 Proinde

221 3567 397 3640 quod
422 3584 582 3624 nunc
611 3573 810 3636 restat,
843 3570 950 3626 erit
979 3576 1214 3627 strenue
1243 3572 1571 3642 agendum,
1616 3572 1898 3644 pedibus-

226 3671 353 3728 que
385 3658 687 3713 charitatis
719 3660 828 3716 hoc
853 3661 968 3716 iter
993 3664 1142 3728 (204)
1175 3661 1812 3734 tuapteincedendum,
1837 3662 1892 3718 id

230 3749 347 3812 est,
382 3751 444 3801 ut
471 3747 850 3816 miraculum,
879 3749 1044 3821 quod
1087 3751 1418 3822 perduxisti
1463 3751 1541 3807 ad
1596 3753 1895 3822 propheti-

227 3851 374 3891 cum
431 3837 828 3906 signaculum,
883 3844 1215 3911 sequantur
1267 3839 1560 3894 miracula
1614 3841 1892 3909 etsigna,

225 3923 455 3997 quibus
509 3933 642 3996 post
708 3933 953 3984 mortem
1042 3928 1186 3999 (205)
1266 3927 1555 4000 probetur
1632 3929 1895 3984 hominis

230 4013 336 4070 Dei
366 4014 504 4071 vita.
552 4038 579 4065 ››

865 4107 1260 4163 Collectitz'us.

307 4215 334 4242 «
377 4197 620 4250 Paratus
651 4211 808 4262 sum,
841 4197 1090 4252 Domino
1130 4196 1512 4258 concedente,
1561 4196 1897 4252 secundum

229 4281 579 4355 petitionem
611 4287 775 4340 tuam
806 4284 1022 4348 facere,
1059 4285 1558 4358 quandoquidem
1595 4290 1651 4341 et
1692 4285 1895 4358 ipsum

230 4388 330 4427 me
361 4372 485 4428 scio
508 4372 612 4427 tibi
643 4377 820 4430 antea
850 4375 1268 4446 spopondisse.

311 4482 337 4508 «
376 4460 633 4523 Quidam
682 4463 867 4518 homo
897 4464 1055 4520 venit
1083 4463 1161 4520 ad
1201 4468 1477 4519 sanctum
1537 4467 1899 4520 Emmeram-

234 4564 403 4604 mum
435 4550 724 4622 petiturus
748 4552 1033 4622 suﬂragia
1056 4557 1423 4608 sanctorum.
1458 4557 1529 4619 ls,
1583 4553 1724 4624 quia
1770 4557 1897 4608 erat

231 4636 511 4694 daemone
542 4655 882 4711 possessus,
913 4657 1119 4697 coram
1171 4641 1455 4697 omnibus
1503 4641 1759 4697 nimium
1811 4645 1900 4697 est

232 4724 535 4796 fatigatus.
595 4730 756 4783 Tunc
810 4728 1039 4799 fratres,
1094 4730 1337 4802 qualem
1385 4732 1616 4786 Patrem
1667 4730 1896 4785 noviter

233 4813 590 4886 sepelissent
616 4816 1017 4884 recordantes,
1058 4816 1326 4873 fecerunt
1369 4818 1679 4874 hominem
1731 4818 1892 4888 duci,

231 4901 358 4957 imo
385 4903 535 4959 trahi
565 4903 627 4959 in
657 4910 950 4978 cryptam,
1011 4906 1119 4961 viri
1147 4902 1278 4962 'Dei
1307 4923 1556 4980 corpore
1601 4907 1893 4964 dotatam.

235 4991 347 5048 Ubi
375 4991 482 5048 diu
513 4993 809 5050 volutatus
842 4998 900 5051 et
927 5012 963 5051 a
1003 5012 1349 5067 possessore
1375 4998 1699 5068 plusquam
1738 4999 1898 5054 male

231 5079 568 5149 discerptus
617 5081 797 5154 coepit
844 5084 1098 5138 stridere
1147 5089 1202 5138 et
1259 5100 1390 5140 cum
1442 5087 1691 5154 fremitu
1745 5087 1896 5158 (206)

233 5167 519 5236 clamare,
552 5185 662 5226 nec
689 5186 811 5228 non
841 5188 981 5228 cum
1003 5171 1282 5227 conviciis
1313 5174 1720 5230 maledicendo
1746 5175 1895 5246 (207)

231 5262 604 5332 perstrepere
647 5259 853 5316 dicens
913 5278 925 5315 :
980 5262 1076 5315 Vae
1134 5259 1260 5330 tibi,
1316 5261 1569 5328 Rantolt,
1611 5263 1755 5334 quia
1788 5265 1897 5318 Do-

233 5345 404 5402 mino
459 5364 596 5404 meo
649 5348 840 5406 multa
888 5349 1050 5405 mala
1096 5348 1282 5404 fecisti
1321 5352 1378 5404 et
1405 5365 1513 5420 per
1541 5353 1594 5405 te
1624 5350 1715 5406 sui
1740 5351 1894 5420 juris

333 5476 459 5603 :33
494 5476 753 5603 λἚὲευῖιὰ

329 5547 459 5605 204)
497 5547 625 5604 Alia
655 5547 869 5605 littera.

330 5617 458 5678 20!)
496 5617 630 5677 Alia
651 5619 866 5678 littera.

1998 357 2226 414 borasti
2261 364 2322 416 ut
2349 359 2429 415 illi
2458 361 2747 432 injuriam
2785 360 3031 430 faceres,
3093 367 3150 417 et
3203 366 3319 420 Deo
3373 372 3472 422 tuo
3518 386 3660 442 quo-

2001 463 2268 520 scunque
2300 465 2507 521 posses
2539 451 2870 522 colligeres.
2923 456 3005 506 Ac
3051 467 3231 522 super
3281 455 3407 509 haec
3457 459 3660 515 omnia

1999 537 2182 592 modo
2213 554 2308 592 me
2333 538 2625 607 incendis,
2651 545 2707 596 et
2737 555 3028 609 magnam
3058 540 3181 594 vim
3213 541 3451 611 ingeris.
3485 548 3659 600 Cum-

1998 641 2116 697 que
2165 626 2277 681 sub
2332 628 2750 698 hujuscemodi
2803 628 3132 699 angoribus
3191 630 3432 686 daamon
3485 639 3664 705 caput

1999 714 2198 769 miseri
2228 715 2490 772 hominis
2529 720 2876 790 pavimento
2905 723 3030 774 tam
3061 718 3256 775 valide
3295 721 3664 793 imprimeret

1998 808 2064 859 ut
2092 820 2232 859 eum
2258 821 2410 876 pene
2436 813 2691 862 mortem
2719 807 2884 863 obire
2935 809 3338 880 compelleret,
3381 826 3663 867 accuren-

1998 897 2085 948 tes
2115 893 2221 966 qui
2251 894 2500 951 aderant
2538 895 2886 952 levaverunt
2908 913 3067 964 eum,
3127 903 3184 954 et
3230 902 3538 956 traxerunt
3582 901 3660 956 ad

1999 981 2275 1036 tumbam
2303 981 2661 1038 confessoris
2690 984 2919 1040 Christi.
2955 985 3036 1040 lbi
3066 1002 3329 1058 quoque,
3373 993 3436 1044 ut
3465 987 3655 1055 illum,

1996 1069 2226 1125 viribus
2251 1070 2479 1126 diaboli
2511 1071 2842 1143 periculose
2885 1074 3254 1145 renitentem,
3288 1077 3385 1131 vix
3413 1094 3660 1150 compu-

1996 1157 2193 1213 lerunt
2223 1165 2404 1231 caput
2428 1159 2716 1216 inclinare
2749 1177 2816 1215 ac
2862 1177 3042 1232 super
3088 1163 3431 1233 sepulcrum
3475 1183 3658 1238 pone-

1996 1263 2081 1317 re,
2112 1248 2302 1317 gratia
2335 1249 2432 1304 Dei
2464 1248 2751 1305 liberatus
2803 1254 2908 1304 est.
2967 1253 3094 1315 Quo
3141 1251 3311 1320 signo
3362 1253 3657 1324 laetiticati,

1997 1337 2102 1409 qui
2141 1353 2248 1409 per
2304 1338 2792 1410 compassionem
2845 1337 3012 1410 prius
3063 1345 3233 1394 erant
3291 1342 3658 1410 maestificati,

1998 1426 2217 1495 gratias
2242 1427 2619 1498 Redemptori
2647 1427 2974 1482 retulerunt
3001 1427 3375 1496 magniﬁcas,
3397 1446 3516 1484 non
3539 1435 3662 1485 tan-

2000 1517 2124 1568 tum
2156 1531 2262 1586 per
2289 1515 2423 1580 hoc,
2455 1515 2600 1588 quia
2629 1516 2814 1570 homo
2872 1533 2909 1571 a
2962 1521 3250 1588 potestate
3303 1517 3528 1574 diaboli
3573 1524 3662 1575 est

1999 1608 2258 1676 ereptus,
2288 1608 2587 1677 quantum
2620 1621 2728 1676 pro
2755 1621 2826 1659 eo
2878 1606 3046 1677 quod
3093 1621 3199 1677 per
3227 1623 3491 1678 praesens
3538 1625 3662 1665 ma-

1998 1693 2176 1762 gnale
2209 1693 2536 1748 revelatum
2566 1700 2657 1749 est
2689 1695 2863 1763 cujus
2907 1694 3098 1750 meriti
3130 1695 3206 1750 sit
3234 1699 3400 1751 Pater
3427 1697 3532 1770 qui
3559 1698 3666 1753 ini-

1995 1782 2055 1837 bi
2086 1798 2280 1854 nuper
2310 1782 2578 1854 sepultus
2611 1783 2802 1838 fuerit.

2068 1893 2096 1919 ‹‹
2138 1874 2291 1927 More
2322 1871 2495 1927 solito
2523 1871 2850 1944 peregrinis
2880 1876 2938 1927 et
2981 1872 3208 1927 civibus
3259 1874 3337 1928 ad
3384 1874 3664 1932 festivita-

1995 1963 2116 2015 tem
2147 1960 2334 2015 sancti
2391 1960 2816 2015 Emmerammi
2880 1961 3144 2033 undique
3197 1962 3658 2030 confluentibus,

1997 2048 2147 2103 inter
2177 2053 2422 2104 caeteros
2447 2049 2552 2121 qui
2583 2055 2963 2105 accurrerant
2983 2050 3334 2106 muliercula
3353 2051 3657 2123 quaedam,

1997 2137 2312 2193 oculorum
2343 2139 2576 2210 privata
2605 2139 2852 2208 lumine,
2897 2139 3156 2201 advenit.
3207 2157 3342 2212 quae
3393 2146 3659 2213 tempore

1997 2231 2292 2282 nocturno
2332 2227 2564 2282 felicem
2595 2233 2871 2298 cryptam
2914 2229 3174 2298 intravit,
3231 2234 3288 2283 et
3339 2229 3417 2283 ad
3469 2229 3662 2300 sepul-

1999 2332 2168 2370 crum
2201 2316 2560 2371 confessoris
2620 2316 2828 2372 Christi
2883 2317 3197 2371 Ramuoldi
3251 2317 3540 2385 adoravit,
3592 2333 3662 2372 ac

1998 2421 2206 2477 preces
2235 2421 2372 2460 cum
2401 2404 2687 2476 lacrymis
2716 2405 2884 2460 fudit.
2913 2408 3073 2459 Tunc
3119 2405 3503 2476 omnipotens
3555 2409 3664 2461 Do-

1999 2495 2220 2556 minus,
2277 2493 2481 2548 volens
2539 2493 2836 2547 famulum
2897 2509 3077 2547 suum
3129 2493 3454 2549 clarificare
3511 2493 3664 2550 inter

2000 2581 2282 2637 mortales
2313 2597 2419 2654 per
2446 2581 2746 2637 ineffabile
2777 2597 3024 2648 numen,
3059 2582 3139 2637 illi
3177 2599 3311 2655 quae
3337 2600 3496 2639 caeca
3542 2585 3663 2639 fue-

1999 2676 2092 2726 rat
2121 2669 2382 2726 reddidit
2404 2670 2628 2725 lumen.
2664 2669 2862 2726 Mulier
2892 2675 3093 2726 autem
3134 2687 3384 2741 surgens
3431 2674 3664 2727 vocavit

2000 2759 2283 2814 maritum
2315 2775 2494 2814 suum
2524 2759 2584 2813 in
2612 2774 2820 2814 aurem
2847 2757 2928 2813 illi
2955 2759 3160 2814 dicens
3193 2778 3205 2814 :
3243 2759 3510 2826 Domine,
3545 2763 3662 2815 Deo

2001 2847 2242 2917 gratias,
2270 2848 2414 2920 quia
2443 2847 2640 2903 visum
2670 2848 2886 2921 recepi.
2932 2849 3061 2913 Quo
3087 2864 3210 2903 non
3258 2848 3552 2916 credente,
3609 2851 3666 2904 et

1999 2937 2100 2993 illa
2129 2937 2460 2993 econtrario
2499 2942 2659 2994 certa
2714 2939 2885 3006 signa
2936 2943 3331 3005 monstrante,
3379 2938 3549 2994 inﬁt:
3583 2937 3663 2996 Si-

1999 3027 2180 3083 lentio
2207 3027 2430 3083 factum
2479 3027 2817 3101 opprimere
2870 3028 3075 3097 debes,
3124 3029 3268 3101 quia
3321 3029 3664 3085 clanculum

2002 3116 2105 3172 tibi
2137 3121 2194 3172 et
2223 3116 2550 3185 agendum,
2586 3122 2648 3171 ut
2677 3122 2813 3172 ante
2840 3117 3035 3172 lucem
3066 3117 3447 3186 egrediamur
3483 3118 3558 3174 de
3590 3119 3665 3174 ci-

2000 3205 2218 3271 vitate;
2275 3203 2524 3260 clericus
2572 3205 2734 3259 enim
2773 3221 2928 3269 sum,
2975 3210 3030 3259 et
3078 3205 3212 3260 ideo
3265 3206 3554 3261 erubesco
3603 3208 3664 3261 in

2003 3299 2167 3350 tanta
2199 3293 2577 3349 multitudine
2610 3298 2806 3349 tecum
2836 3294 3177 3349 consistere.
3210 3297 3479 3365 Cumque
3510 3300 3666 3350 tene-

2003 3383 2252 3438 brarum
2282 3381 2530 3437 consilio
2561 3384 2942 3437 consentiens
2979 3382 3202 3437 femina
3245 3388 3510 3438 recenter
3539 3383 3667 3438 illu-

2005 3471 2251 3539 minata,
2311 3487 2450 3525 cum
2490 3470 2702 3526 clerico
2762 3471 2887 3526 sine
2946 3471 3178 3526 cautela
3224 3471 3537 3543 repedaret
3587 3473 3666 3528 ad

2001 3559 2246 3632 propria
2291 3558 2593 3631 extemplo
2649 3576 2756 3631 per
2806 3558 3267 3615 incommodum
3325 3560 3437 3616 sibi
3496 3560 3666 3616 valde

2003 3648 2198 3704 aliena
2226 3652 2318 3704 est
2348 3648 2608 3704 caecitate
2639 3665 2942 3721 percussa.
2990 3673 3016 3698 κ

2619 3779 3048 3833 Ammonicz'us.

2078 3922 2105 3949 ‹‹
2148 3904 2282 3957 Haec
2312 3917 2406 3956 res
2444 3901 2504 3956 in
2535 3901 2894 3956 memoriam
2924 3901 3206 3972 perduxit
3242 3901 3412 3971 quod
3458 3901 3668 3955 decem

2006 3989 2257 4061 leprosis
2285 4005 2322 4044 a
2351 3988 2604 4044 Domino
2631 3988 2956 4053 mundatis,
2996 4003 3104 4043 nec
3152 4004 3277 4042 non
3330 3987 3565 4042 decimo
3593 3989 3671 4043 ad

2009 4078 2469 4149 gratiﬁcandum
2517 4093 2756 4132 reverso
2808 4076 2932 4146 ipse
2982 4077 3041 4131 in
3097 4076 3416 4146 Evangelio
3473 4077 3613 4133 dicit
3657 4095 3668 4132 :

2010 4173 2216 4225 Nonne
2245 4167 2454 4222 decem
2485 4165 2758 4221 mundati
2791 4169 2950 4233 sunt,
2980 4171 3036 4221 et
3062 4183 3280 4221 novem
3332 4167 3435 4222 ubi
3481 4172 3673 4224 sunt?

2011 4261 2138 4314 Non
2168 4261 2257 4313 est
2280 4256 2556 4311 inventus
2586 4255 2689 4327 qui
2716 4253 3026 4320 rediret,et
3050 4256 3218 4311 daret
3248 4255 3499 4326 gloriam
3530 4260 3668 4326 Deo,

1926 4334 1971 4387 Ῑ)
2010 4347 2124 4403 nisi
2149 4347 2243 4403 hic
2268 4345 2650 4415 alienigena?
2681 4344 2785 4401 Cui
2811 4361 2953 4400 mox
3001 4346 3374 4416 Evangelista
3428 4347 3674 4418 subjun-

2010 4440 2092 4510 git
2120 4457 2132 4493 :
2167 4441 2232 4493 Et
2256 4437 2304 4491 is
2333 4441 2459 4492 erat
2491 4436 2903 4493 Samaritanus
2928 4438 3092 4509 (208).
3147 4439 3285 4493 Inde
3317 4438 3545 4510 liquido
3570 4453 3672 4508 pa-

2007 4533 2088 4584 tet
2115 4527 2408 4600 quoniam
2433 4526 2537 4599 qui
2566 4527 2837 4583 animam
2859 4543 3033 4581 suam
3055 4527 3332 4592 custodit,
3363 4541 3432 4579 ac
3456 4525 3672 4595 iniqui-

2007 4623 2187 4674 tatem
2225 4615 2353 4672 odit
2383 4615 2794 4672 Samaritanici
2827 4614 3122 4682 vocabuli,
3167 4628 3286 4666 non
3320 4615 3430 4666 erit
3455 4626 3669 4682 expers

2006 4713 2064 4764 et
2089 4707 2286 4763 ofﬁcii.
2314 4709 2465 4778 Ergo
2495 4711 2576 4776 tu,
2605 4722 2640 4761 ο
2683 4704 2998 4768 Collectici,
3045 4702 3190 4773 quia
3217 4704 3349 4772 post
3378 4699 3672 4754 tristitiam

2006 4797 2289 4853 induxisti
2317 4795 2604 4858 laetitiam,
2633 4799 2692 4849 et
2722 4793 2860 4848 huic
2894 4792 3094 4846 denuo
3140 4789 3503 4858 subjunxisti
3531 4807 3675 4845 mm-

2006 4885 2245 4955 stitiam,
2279 4887 2628 4954 competens
2653 4885 2741 4935 est
2769 4896 2892 4952 quo
2924 4879 2971 4933 si
3005 4877 3292 4933 Dominus
3333 4883 3456 4932 tam
3505 4879 3673 4948 gravi

2005 4974 2328 5031 infortunio
2350 4970 2596 5043 aliquod
2627 4969 2961 5025 remedium
2992 4969 3052 5022 in
3096 4966 3158 5021 id
3197 4966 3485 5038 temporis
3535 4983 3676 5022 con-

2006 5065 2220 5133 tulerit,
2275 5061 2532 5118 charitas
2587 5063 2708 5125 tua,
2759 5059 2893 5129 jure
2952 5055 3194 5125 dialogi,
3251 5055 3417 5112 ocius
3466 5057 3670 5130 expla-

2008 5159 2130 5209 net.
2175 5176 2203 5202 »

2644 5237 3038 5294 Collectitius.

2081 5370 2109 5396 «
2152 5345 2562 5418 Redemptoris
2591 5344 2777 5402 nostri
2809 5343 3001 5414 gratia
3031 5342 3436 5399 remediorum
3484 5344 3675 5400 nescit

2103 5470 2228 5543 206)
2267 5469 2395 5543 Alia
2423 5469 2638 5543 littera.

2103 5540 2232 5608 207)
2271 5541 2400 5598 Alia
2426 5540 2639 5597 littera.

2087 5615 2234 5687 (208)
2274 5615 2419 5670 Luc.
2449 5627 2591 5670 xm.
