3996 6178
1036 88 1123 145 DE
1163 86 1542 147 MIRAGULIS
1580 83 1638 145 8.
1681 83 1926 147 EMMER.

2038 85 2100 148 lli
2138 91 2323 156 LIBRI
2369 97 2534 162 DUO.
2577 133 2644 149 —-
2685 111 2814 169 LIB.
2859 116 2926 172 ll.
3584 120 3729 186 1062

255 229 366 270 seu
395 209 776 313 dilectionem
806 215 1172 324 sequitqutr;
1199 214 1367 270 omni
1405 214 1634 324 homini
1655 215 1937 324 Phristia-
1965 217 2013 270 Α
2053 221 2112 275 in
2145 237 2396 282 carruca
2427 244 2587 296 eum,
2620 238 2900 306 quamvis
2928 240 3260 300 laboriosse
3290 245 3732 324 advectabant,

251 320 359 369 no,
411 301 460 358 si
503 306 664 399 recto
712 303 952 406 tramite
1001 304 1242 406 incedit,
1276 311 1565 406 aeternam
1597 304 1934 406 felicitatem
2050 317 2254 406 utpote
2281 315 2356 370 de
2383 316 2516 374 loco
2544 301 2898 399 longinquo.
2927 330 2979 384 Is
3007 332 3065 387 in
3098 333 3295 406 prima
3324 301 3488 392 hora
3517 301 3742 404 Oeta—va

251 391 681 494 parituranerit-
719 392 890 462 (213).
920 391 1094 492 Quod
1127 394 1448 494 apostolus
1499 395 1819 450 conﬁrmat
1846 395 1935 494 di-
2047 400 2184 469 diei,
2231 405 2480 494 nutibus
2520 415 2577 464 et
2602 391 2791 479 signis
2818 419 3040 489 quibus
3079 391 3293 494 potuit,
3349 439 3422 480 se
3476 391 3745 494 liba—mi:

251 497 397 536 cens
432 499 445 535 :
485 479 726 536 Dilectio
759 483 1018 552 proximi
1045 482 1279 538 malum
1311 499 1433 538 non
1480 489 1783 556 operatur,
1816 485 1936 557 ple-
2047 489 2131 544 cis
2159 492 2282 545 suis
2308 490 2368 548 in
2400 497 2717 556 ecclesiam
2763 506 2816 560 S.
2837 479 3302 568 ‘Emmei‘ammi
3368 479 3749 586 deduci“

251 567 479 678 nitudq
500 582 646 637 ergo
655 567 822 678 [legis
846 575 933 624 est
949 569 1202 678 Idilectio
1226 571 1417 678 ’(214).
1453 571 1635 640 Igitur
1664 579 1934 678 postvre:
2047 579 2226 645 gavit.
2261 583 2370 646 Qui
2403 599 2538 642 cum
2597 606 2842 648 suorum
2890 598 3174 654 manibus
3207 567 3608 672 et

251 655 594 758 verendum
633 659 886 755 .Patrem
949 657 1376 765 itamupldum,
1429 661 1938 762 magnasHscilicet
2045 673 2339 725 stentatus
2394 674 2452 729 in
2506 679 2861 738 occidentali
2913 693 3082 758 parte
3129 655 3750 765 consisteretugujﬁ

253 746 566 801 memoriis
591 746 809 815 virum,
845 747 1114 816 regimen
1146 748 1330 846 hnujus
1364 751 1708 806 monasterii
1739 767 1936 806 susce-
2043 757 2330 824 basilicae,
2365 778 2536 820 secus
2564 746 3166 831 columnam‘scilicet
3213 794 3363 850 quae
3387 746 3744 852 “consedi:

255 835 344 908 pit
375 835 570 890 abbas
607 835 1065 903 Wolframmus,
1095 841 1152 892 et
1181 837 1309 909 ipse
1359 839 1417 892 in
1472 841 1934 896 mansuetudine
2047 852 2171 902 tam
2216 847 2275 903 in
2317 857 2486 922 petra
2517 856 2664 912 solet
2708 860 2930 917 habere
2989 835 3739 938 aquam‘con‘:8"1‘;;;“a“é

264 925 618 996 ueterisque
661 925 979 981 virtutibus
1011 927 1108 982 Dei
1157 943 1384 983 servus.
1435 929 1532 983 Hic
1563 929 1774 986 habuit
1807 947 1936 986 suc-
2043 936 2357 1009 orientem,
2399 944 2714 1013 paululum
2762 925 3068 1007 inclinato.
3099 956 3299 1027 capite
3357 925 3733 1022 sies-"$13;

2043 1027 2432 1123 orav_it,‘quia
2456 1032 2620 1106 loqui
2651 1053 2770 1093 non
2802 1041 3014 1112 potuit.
3053 1046 3196 1099 Ecce
3223 1045 3379 1103 vidit
3411 1067 3442 1105 e
3484 1055 3726 1123 regione

2044 1115 2371 1175 beatissimi
2408 1125 2685 1196 martyris
2731 1141 2898 1183 aram
2933 1132 3107 1202 quasi
3137 1132 3384 1203 igneam
3412 1145 3470 1194 et
3497 1115 3722 1210 magno

2044 1203 2271 1260 lumine
2300 1207 2753 1283 circumdatam,
2789 1221 2844 1271 et
2888 1217 2962 1272 de
2994 1235 3065 1274 ea
3096 1221 3278 1277 veluti
3323 1225 3465 1281 solis
3513 1203 3716 1284 radios

2045 1293 2196 1347 mitti
2226 1300 2535 1366 conspexit
2561 1301 2617 1355 in
2646 1302 2861 1359 faciem
2896 1321 3089 1362 suam.
3125 1312 3286 1366 Tunc
3313 1313 3713 1370 obinsolitam

2045 1382 2337 1440 visionem
2368 1390 2713 1458 perterritus
2745 1399 2924 1464 atque
2955 1399 3357 1467 tremefactus,
3404 1402 3714 1475 nimioque

2045 1471 2263 1527 sudore
2331 1476 2729 1544 humefactus,
2782 1482 3032 1539 demum
3093 1489 3540 1561 convalescens,
3599 1471 3714 1547 cos-

238 1541 573 1651 destinavit
600 1543 802 1651 virga:
824 1546 1222 1651 venerabilem
1258 1548 1475 1646 pariter
1504 1552 1562 1646 et
1606 1549 1932 1648 amabilem
1963 1577 2003 1630 Β
2045 1561 2130 1632 pit
2184 1561 2291 1618 fari
2329 1565 2412 1620 sic
2450 1567 2658 1623 dicens
2695 1541 2725 1623 ε’
2761 1573 2879 1625 Deo
2919 1541 3711 1651 gmnasgi‘i'aiilﬁignla

233 1631 593 1700 dominum,
627 1633 902 1689 videlicet
935 1635 1294 1702 Udalricum,
1330 1637 1494 1722 prius
1541 1637 1602 1692 in
1636 1639 1931 1694 canonica
2043 1631 2167 1705 rem
2211 1653 2423 1709 video!
2470 1658 2611 1710 Vere
2664 1631 2955 1714 Dominus
3000 1668 3088 1718 est
3136 1665 3197 1720 in
3216 1631 3712 1742 is};

233 1721 342 1742 _.._
382 1721 712 1742 ,ια-μη,
761 1723 1046 1742 ψαιεμμ
1129 1726 1167 1742 .,
1328 1733 1339 1742 .
1547 1741 1550 1742 ,
1815 1734 1824 1742 .

231 1721 352 1776 vita
382 1721 722 1822 plurigena
761 1723 1054 1822 probitate
1094 1726 1474 1822 decoratum.
1526 1741 1704 1822 nunc.
1727 1734 1930 1822 autem
2043 1754 2150 1809 per
2190 1755 2397 1811 preces
2426 1743 2516 1797 sui
2543 1744 2739 1800 dilecti
2767 1749 2926 1803 testis
2947 1751 3177 1822 optima
3205 1755 3298 1810 hic
3584 1721 3712 1814 ni;-

234 1809 604 1878 regulariter
630 1816 689 1866 et
714 1812 1062 1868 monasticae
1094 1814 1230 1869 huic
1251 1815 1936 1888 consresationipraela-
2041 1809 2346 1886 dicamina
2368 1831 2489 1887 sive
2518 1834 2815 1890 solamina
2839 1809 3076 1908 aegrotis
3098 1846 3153 1897 et
3174 1845 3424 1900 maestis.
3451 1846 3552 1900 His
3573 1847 3711 1901 visis

241 1905 390 1954 mm»
453 1900 884 2007 Βθειίιξεὶθςὲζεξ
942 1902 1347 2007 ,Πειτξηωῆιάυῆ
1399 1905 1530 2007 qni“
1563 1905 1932 2007 ἀθείάθνξξιξξξ
2041 1922 2098 1973 et
2147 1920 2386 1991 auditis,
2420 1921 2495 1976 de
2531 1928 2651 1978 tota
2698 1900 2947 1983 ecclesia
3003 1932 3394 2004 concurritur,
3426 1937 3484 1989 et
3525 1951 3561 1990 a
3606 1951 3712 2007 po-

247 2002 446 2054 suum,
477 1988 658 2060 quod
703 1988 913 2045 habuit
938 1989 998 2044 in
1027 1992 1368 2061 Dominum,
1408 1991 1636 2064 optime
1670 1993 1926 2064 prodidit

2041 2007 2186 2080 pulo
2225 1988 2587 2067 miraculum
2635 2013 2784 2071 idem
2834 2018 2978 2087 (216)
3037 1988 3490 2094 ερθοιεωιθ,ἀο

255 2076 551 2183 Ἶῼοφδιιιο
608 2077 814 2183 ὃξίθξίξ
879 2077 1007 2183 [μ’-θ
1055 2079 1319 2179 Niciam]
1385 2080 1658 2180 VOIenfisi
1711 2081 1770 2183 it?
1820 2089 1927 2182 (ξεῖν
2043 2076 2403 2170 admirante,
2435 2103 2630 2172 Kyrt'e
2658 2076 2876 2162 eleisoa
2918 2076 3452 2183 cantatur.Cvujus‘
3469 2076 3714 2169 £13130;

263 1029 565 1068 cessarem
613 1029 686 1068 ex
719 1013 972 1084 collegio
1022 1015 1273 1070 fratrum
1321 1015 1604 1072 abbatem
1657 1019 1930 1084 electum,

262 1102 503 1158 nomine
537 1102 923 1158 Bihboldum.
961 1104 1108 1159 Huic
1138 1104 1426 1160 successit
1470 1106 1756 1162 dominus
1788 1108 1932 1164 Har-

263 1190 472 1244 twicus
505 1205 748 1258 magna
780 1191 1010 1247 virtutis
1061 1192 1310 1260 amicus,
1363 1194 1488 1265 qui,
1523 1201 1734 1266 sponte
1767 1196 1933 1251 dese-

254 1293 392 1331 rens
421 1279 822 1350 pra'sulatum
861 1280 1141 1350 cmnobii,
1181 1281 1419 1353 reliquit
1464 1283 1775 1338 abbatiam
1820 1284 1930 1340 do-

250 1366 414 1421 mino
450 1368 804 1423 Burchardo
834 1369 1182 1437 regendam.
1208 1372 1338 1435 Quo
1362 1370 1670 1441 defuncto,
1699 1373 1927 1436 divina,

244 1454 324 1508 uti
362 1470 718 1526 speramus,
770 1457 1154 1529 providentia
1205 1459 1666 1515 necessitatibus
1714 1462 1932 1516 nostris

252 2167 553 2221 Christum
625 2165 1062 2235 desiderantis;
1122 2170 1354 2242 primus
1410 2169 1685 2238 provisor
1748 2171 1932 2242 hujus

249 2254 363 2310 loci
392 2256 738 2310 secundum
769 2257 1036 2324 regulam
1065 2259 1344 2314 existens.
1388 2260 1560 2314 Hunc
1589 2261 1692 2331 qui
1744 2262 1930 2317 modo

249 2345 570 2400 nobiscum
599 2345 873 2414 regimen
904 2347 1159 2403 ccenobii
1190 2348 1485 2404 ministrat
1511 2364 1548 2403 a
1580 2364 1640 2402 se
1675 2365 1929 2406 numero

252 2439 512 2504 sextum,
549 2435 767 2490 merito
809 2435 1180 2493 demonstrat
1226 2438 1582 2493 secundum.
1635 2439 1756 2493 Sub
1804 2457 1928 2512 quo

250 2524 429 2579 nobis
458 2530 748 2596 optamus
795 2529 859 2579 ut
905 2525 1076 2581 liceat
1125 2528 1430 2582 senarium
1480 2535 1926 2585 sacramentum

249 2611 359 2667 diu
387 2613 714 2683 celebrare,
747 2628 856 2668 nec
887 2627 1010 2669 non
1044 2615 1250 2672 divina
1281 2615 1679 2683 confessione,
1713 2624 1927 2674 caetera

253 2701 452 2758 studia
479 2701 722 2775 pietatis
751 2718 931 2774 opere
956 2708 1012 2758 et
1037 2704 1222 2760 verbo
1253 2721 1546 2762 exercere.
1593 2726 1620 2754 ι)

876 2810 1304 2867 Ammom'cius.

328 2919 355 2946 ‹‹
383 2898 680 2954 Dictatum
699 2902 869 2953 tuum
887 2911 1067 2970 quem
1084 2899 1272 2956 fecisti
1293 2901 1585 2974 paulatim
1608 2900 1927 2958 scribendo
1955 2931 1996 2985 ρ

252 3003 450 3059 usque
493 2988 612 3042 huc
650 3003 876 3059 repere,
932 2992 1067 3059 post
1115 2989 1254 3044 hinc
1303 3006 1548 3046 necesse
1596 2996 1683 3045 est
1735 2996 1800 3047 ut
1850 2993 1930 3047 ia-

256 3077 381 3131 cias
422 3091 679 3144 currere,
713 3092 785 3132 ea
813 3075 1084 3132 videlicet
1110 3079 1336 3134 ratione
1362 3096 1485 3152 quo
1520 3079 1747 3152 aliquid
1779 3086 1926 3136 tem-

255 3166 478 3238 pestive
509 3165 755 3234 colligas
783 3165 871 3220 vel
902 3167 1265 3233 conscribas,
1300 3167 1464 3240 quod
1517 3167 1577 3222 in
1610 3167 1926 3226 festivitate

257 3253 315 3309 S.
349 3251 800 3313 Emmerammi,
825 3265 959 3324 quae
983 3254 1110 3323 jam
1135 3254 1345 3310 faciem
1367 3271 1722 3328 praeparans
1739 3258 1930 3329 quod-

255 3341 593 3396 dammodo
616 3340 740 3396 suis
769 3341 988 3397 arridet
1016 3357 1242 3398 novum
1284 3344 1524 3412 offeras,
1574 3350 1780 3416 utpote
1828 3352 1929 3402 tuo

257 3429 506 3501 speciali
538 3436 816 3501 patrono,
847 3429 970 3484 imo
1001 3432 1312 3486 communi
1341 3433 1615 3488 omnium
1660 3449 1931 3506 quaeren-

257 3518 409 3573 tium
439 3519 761 3573 Dominum
792 3517 1027 3574 fautori.
1059 3543 1084 3568 η

903 3609 1294 3664 Collectitius.

338 3719 364 3746 ‹‹
397 3697 539 3752 Novi
570 3711 666 3752 me
698 3695 774 3751 ad
823 3696 883 3751 id
913 3697 1088 3753 valde
1115 3697 1430 3770 indignum
1482 3705 1545 3755 ut
1594 3700 1738 3755 mihi
1788 3717 1926 3773 pec-

257 3786 447 3841 catori
543 3785 839 3841 vindicem
931 3785 1079 3841 tanti
1156 3788 1396 3859 patroni
1475 3788 1924 3860 specialitatem.

254 3874 511 3930 Proinde
561 3874 908 3929 humiliatus
937 3880 1079 3947 opto
1105 3881 1168 3930 ut
1193 3877 1469 3948 parvitati
1520 3893 1668 3932 meae
1717 3879 1928 3933 saltem

254 3964 626 4020 concedatur
655 3979 760 4036 per
797 3979 1003 4036 preces
1032 3964 1212 4032 illius,
1243 3972 1545 4037 quatenus
1574 3982 1710 4022 cum
1756 3974 1926 4023 caete-

251 4053 338 4109 ris
365 4052 645 4108 ﬁdelii-us
676 4051 953 4124 amplecti
981 4051 1217 4109 valeam
1266 4055 1758 4110 communionem
1789 4056 1929 4111 bea-

254 4146 405 4197 tam.
437 4140 558 4196 Sub
583 4141 763 4211 hujus
789 4155 930 4210 ergo
960 4141 1043 4196 rei
1083 4140 1394 4197 affectione
1422 4143 1742 4213 aggrediar
1791 4160 1926 4216 qua:

252 4236 594 4302 sequuntur
631 4229 868 4285 cudere.
927 4230 1036 4286 Per
1091 4233 1415 4287 annualem
1445 4235 1609 4306 atqui
1649 4247 1923 4304 cursum,

251 4317 565 4384 redeunte,
598 4318 871 4391 ejusdem
903 4319 1137 4391 patroni
1186 4320 1371 4375 nostri
1422 4338 1580 4394 saepe
1631 4322 1925 4378 nominati

257 4411 602 4482 smpiusque
634 4409 987 4464 nominandi
1017 4408 1284 4465 natalitio
1314 4411 1430 4480 die,
1477 4411 1555 4466 ob
1602 4413 1774 4468 solita
1825 4413 1926 4468 bc-

259 4497 494 4566 neﬂcia,
527 4505 891 4556 convenerat
918 4500 1055 4555 illuc
1087 4499 1258 4556 turba
1287 4517 1408 4557 non
1441 4502 1697 4558 modica.
1742 4506 1924 4560 Cum-

259 4605 380 4661 que
409 4589 492 4644 ibi
521 4603 631 4662 per
677 4587 881 4645 divina
925 4589 1124 4646 ofﬁcia
1177 4593 1292 4646 Deo
1346 4597 1402 4646 et
1449 4592 1670 4646 sanctis
1722 4592 1929 4649 oblata

257 4685 464 4736 essent
509 4679 761 4736 laudum
817 4681 1127 4751 sacrificia,
1175 4697 1244 4736 ac
1284 4697 1406 4737 non
1461 4681 1691 4754 absque
1744 4684 1928 4752 signis

256 4774 318 4825 et
346 4770 654 4826 miraculis
693 4770 797 4825 rite
848 4777 1090 4842 peracta
1141 4771 1332 4826 forent
1383 4770 1694 4841 solemnia,
1746 4789 1929 4828 unus-

256 4860 520 4932 quisque
574 4875 712 4914 cum
745 4860 965 4928 gaudio
1006 4861 1293 4916 remeavit
1340 4861 1418 4916 ad
1463 4862 1727 4934 propria.
1780 4866 1928 4918 'l‘um

258 4948 510 5018 contigit
557 4949 884 5022 quemdam
929 4963 1279 5020 pauperem,
1329 4951 1432 5023 qui
1479 4967 1616 5007 cum
1669 4952 1798 5007 aliis
1849 4953 1924 5008 ad

255 5042 427 5092 tanta
480 5036 703 5105 gaudia
750 5035 832 5092 ire
881 5037 1156 5104 decrevit,
1206 5053 1316 5093 nec
1365 5041 1672 5112 pervenire
1715 5043 1925 5115 potuit,

253 5123 358 5179 vix
387 5123 635 5180 tandem
660 5123 720 5179 in
769 5125 863 5181 die
913 5125 1168 5199 septima
1215 5129 1294 5182 ad
1335 5129 1602 5200 cupitum
1648 5130 1851 5187 locum
1892 5148 1928 5188 a

259 5211 386 5266 uis
414 5211 665 5285 perduci
692 5227 910 5285 posse;
953 5219 1080 5269 erat
1123 5214 1283 5269 enim
1330 5215 1718 5287 paralytlcus,
1763 5225 1816 5275 et
1861 5226 1926 5274 ut

257 5301 344 5356 ita
369 5301 588 5371 dicam,
616 5302 756 5371 plus
791 5317 970 5373 quam
998 5303 1250 5359 claudus
1273 5304 1414 5376 (215)
1451 5303 1533 5359 ob
1560 5305 1676 5362 hoc
1722 5307 1926 5380 itaque

335 5430 487 5496 (213)
514 5429 553 5484 Ι
577 5427 714 5484 Cor.
747 5443 868 5483 xm.

356 5501 487 5557 214)
515 5500 684 5557 Rom.
714 5516 833 5556 xm.

354 5570 487 5630 2115)
517 5571 652 5630 Alia
674 5570 887 5630 litters.

2044 2201 2184 2241 cum
2220 2189 2311 2244 vix
2346 2191 2595 2246 auribus
2623 2201 2824 2264 posset
2871 2198 3124 2265 sufi’erri,
3171 2201 3554 2273 primamque
3601 2217 3712 2256 nos

2039 2275 2278 2334 interim
2310 2273 2631 2336 cantantes
2660 2284 2884 2356 oppido
2933 2286 3270 2354 deterreret,
3314 2289 3476 2344 idem
3524 2291 3710 2345 homo

2041 2368 2410 2433 catervatim,
2457 2368 2536 2424 ab
2579 2370 2670 2425 his
2718 2374 2821 2444 qui
2860 2379 3002 2432 tunc
3047 2377 3194 2433 forte
3247 2377 3328 2432 ob
3378 2382 3709 2434 novitatem

2037 2454 2122 2508 rei
2180 2457 2594 2514 conﬂuxerant
2649 2461 2920 2533 stipatus,
2994 2466 3247 2522 chorum
3301 2471 3389 2521 est
3445 2467 3711 2523 introdu-

2038 2549 2193 2598 ctus.
2230 2549 2499 2618 Cumque
2531 2548 2608 2603 ab
2636 2565 2705 2604 eo
2752 2557 2887 2607 ante
2932 2553 3116 2610 altare
3167 2557 3221 2610 S.
3279 2555 3710 2612 Emmerammi

2037 2633 2392 2706 aliquandiu
2445 2641 2682 2693 oratum
2709 2646 2884 2708 esset,
2919 2641 3179 2716 indeque
3231 2644 3529 2716 completa
3578 2660 3712 2700 ora-

2037 2723 2219 2794 tione,
2255 2727 2429 2780 ccetui
2460 2725 2711 2783 fratrum
2741 2731 3149 2788 accedentium
3174 2733 3323 2802 (217)
3349 2733 3712 2790 assurrexis-

2038 2819 2148 2877 set,
2189 2814 2393 2886 jussus
2438 2820 2525 2872 est
2568 2833 2604 2873 a
2649 2819 2846 2890 priore
2877 2820 2936 2876 in
2969 2821 3262 2892 gradibus
3313 2823 3520 2880 sedere
3569 2840 3710 2880 cau-

2036 2917 2292 2975 samque
2345 2921 2517 2961 suam
2578 2923 2781 2964 coram
2840 2910 3110 2967 recitare.
3181 2910 3313 2979 Qui,
3369 2928 3512 2968 mox
3563 2913 3709 2970 obe-

2036 2991 2208 3046 diens
2239 2998 2295 3048 et
2322 2995 2469 3066 quid
2501 3012 2718 3068 passus
2747 2998 2818 3054 sit
2848 3000 2907 3054 in
2963 2999 3220 3057 infantia
3250 3001 3501 3059 breviter
3527 3019 3708 3077 expe-

2036 3079 2233 3149 diens,
2264 3082 2550 3140 indicavit
2579 3102 2639 3140 se
2671 3086 2748 3141 ab
2780 3094 2914 3143 octo
2967 3089 3148 3145 annis
3199 3105 3388 3165 usque
3437 3094 3496 3150 in
3539 3094 3708 3151 illum

2035 3169 2197 3225 diem
2230 3172 2492 3245 paralysi
2532 3189 2660 3230 esse
2709 3175 2993 3245 solutum,
3043 3177 3365 3254 ofﬁcioque
3411 3199 3707 3240 manuum

2035 3258 2408 3325 destitutum,
2441 3277 2550 3317 nec
2590 3275 2712 3319 non
2753 3265 2977 3338 pedum
3015 3283 3079 3322 se
3109 3277 3360 3341 questus
3403 3280 3493 3330 est
3540 3275 3705 3348 peni-

2037 3353 2131 3402 tus
2159 3350 2422 3406 caruisse
2447 3352 2706 3408 incessit.
2740 3357 2902 3410 Tunc
2950 3357 3135 3429 petito
3183 3361 3407 3432 pariter
3451 3369 3508 3420 et
3553 3381 3705 3438 pra:-

2037 3437 2170 3493 stito
2228 3438 2467 3508 baculo,
2531 3442 2677 3515 quia
2741 3449 2986 3516 propter
3053 3453 3364 3506 nutantem
3434 3437 3706 3523 gressum

2034 3543 2189 3599 opus
2220 3535 2346 3584 erat
2375 3530 2570 3586 alieno
2624 3533 3049 3604 sustentaculo,
3099 3539 3365 3596 crucifixi
3415 3543 3495 3598 ob
3544 3559 3707 3599 amo-

2034 3632 2160 3671 rem
2213 3622 2268 3672 et
2315 3634 2484 3690 spem
2531 3619 2962 3693 Redemptoris,
3015 3638 3126 3696 pro
3171 3643 3295 3699 quo
3336 3630 3563 3686 effusus
3616 3637 3708 3688 est

2035 3712 2371 3778 martyrum
2427 3710 2695 3779 sanguis,
2756 3712 2985 3785 accepit
3041 3731 3303 3786 crucem,
3365 3733 3470 3790 per
3516 3737 3704 3794 quam

2033 3792 2333 3850 credimus
2362 3801 2419 3851 et
2466 3798 2688 3853 scimus
2740 3799 3010 3855 humano
3058 3806 3257 3869 generi
3307 3792 3706 3865 datam—ﬁdei

2032 3881 2250 3948 lucem,
2285 3884 2491 3956 sicque
2538 3887 2792 3956 praevius
2836 3889 3232 3946 multitudinis
3272 3892 3394 3948 dux
3449 3897 3706 3966 perrexit

2034 3969 2111 4026 ad
2147 3973 2430 4028 Sanctum
2461 3979 2718 4037 Petrum,
2752 3993 2813 4030 se
2847 3993 2984 4032 cum
3018 3979 3254 4035 novella
3285 3982 3535 4039 sanitate
3556 4001 3706 4056 pree-

2035 4067 2280 4117 sentans
2311 4065 2636 4136 episcopali
2688 4065 2834 4132 sedi,
2886 4072 2951 4122 ut
3001 4073 3056 4122 et
3085 4069 3286 4141 plures
3335 4078 3706 4144 contingeret

2033 4150 2314 4207 interesse
2346 4153 2568 4222 gaudio
2593 4155 2925 4225 communi,
2976 4161 3032 4212 et
3079 4158 3206 4231 ipse
3250 4160 3497 4233 implere
3544 4165 3706 4220 vide-

2034 4241 2193 4290 retur
2218 4237 2381 4308 quod
2417 4239 2705 4293 Dominus
2733 4239 2793 4294 in
2822 4243 3140 4312 Evangelio
3171 4243 3315 4300 dicit
3339 4262 3352 4300 :
3386 4248 3485 4316 Ite,
3508 4254 3703 4306 osten-

2032 4325 2153 4380 dite
2193 4341 2300 4380 vos
2343 4327 2758 4383 sacerdotibus
2799 4331 2969 4401 (218).
3018 4331 3101 4386 lbi
3149 4349 3186 4388 a
3230 4335 3702 4393 Matricularibus

2034 4415 2282 4471 consilio
2314 4421 2562 4488 accepto
2588 4433 2661 4472 ne
2692 4433 2830 4475 cum
2859 4433 3079 4476 novem
3106 4422 3378 4491 ingratus
3404 4426 3698 4495 existeret,

2036 4504 2139 4559 sed
2173 4520 2480 4574 regressus
2510 4506 2648 4562 illuc
2679 4507 2781 4562 ubi
2812 4508 3018 4565 salutis
3047 4510 3208 4566 dona
3236 4514 3517 4584 suscepit,
3559 4529 3700 4569 cum
3797 4556 3804 4561 .

2035 4592 2291 4660 decimo,
2341 4594 2399 4648 id
2430 4599 2519 4650 est
2551 4596 2948 4667 Samaritano,
2981 4613 3236 4668 magnas
3288 4599 3510 4667 gratias
3558 4616 3698 4672 age-

2033 4688 2139 4753 ret,
2174 4687 2295 4738 tota
2325 4700 2476 4756 pene
2508 4685 2740 4740 civitate
2772 4687 3089 4741 comitatus
3127 4687 3204 4742 ad
3237 4689 3292 4743 5.
3327 4690 3697 4746 Emmeram-

2038 4788 2205 4826 mum
2234 4779 2323 4827 est
2353 4789 2640 4828 reversus.
2677 4773 2779 4828 illa
2808 4775 3093 4829 nimirum
3148 4775 3244 4830 die
3286 4792 3392 4847 per
3443 4778 3695 4849 plateas,

2035 4861 2158 4916 imo
2186 4877 2291 4933 per
2314 4863 2520 4917 omnia
2551 4863 3068 4934 Ratisponensium
3101 4865 3266 4921 urbis
3311 4866 3462 4932 loca,
3506 4869 3698 4939 Hyrie

2035 4952 2250 5007 eleison
2298 4951 2572 5007 sonabat.
2625 4951 2859 5008 Christe
2910 4955 3127 5009 θιείεοη
3180 4955 3524 5013 resultabat.
3574 4959 3696 5014 Deo

2033 5042 2285 5110 gratias,
2311 5044 2481 5110 grata
2507 5039 2925 5108 vicissitudine,
2958 5041 3258 5099 interdum
3276 5045 3356 5101 ab
3375 5045 3490 5112 his,
3520 5047 3696 5102 inter-

2031 5129 2181 5184 dum
2209 5129 2286 5185 ab
2317 5129 2428 5184 illis
2459 5129 2790 5199 dicebatur,
2825 5135 3003 5202 atque
3033 5131 3095 5188 in
3122 5133 3283 5189 hunc
3313 5135 3565 5192 modum
3587 5137 3696 5192 iter

2031 5217 2170 5273 ﬁdei
2202 5219 2280 5274 ab
2309 5219 2594 5274 omnibus
2623 5219 2942 5276 terebatur.
2978 5225 3040 5276 In
3079 5223 3329 5280 ecclesia
3357 5241 3498 5282 vero
3527 5230 3694 5282 tanta

2033 5307 2344 5364 exsultatio
2371 5309 2478 5364 fuit
2503 5312 2688 5364 Deum
2708 5309 3086 5367 laudantium
3105 5317 3161 5369 et
3180 5317 3314 5380 octo
3336 5330 3528 5374 annos
3553 5331 3691 5370 cum

2126 5433 2250 5490 216)
2288 5433 2417 5490 Alia
2444 5433 2654 5490 littera.

2126 5436 2230 5488 216
2288 5433 2417 5490 Alia
2444 5433 2646 5490 littera.

2104 5433 2258 5649 ἓ217ξ
2281 5505 2412 5562 Alia
2437 5505 2646 5563 littera.

2128 5577 2235 5634 218
2281 5578 2428 5636 Luc.
2457 5590 2594 5634 va.

2128 5577 2258 5636 218)
2281 5578 2428 5636 Luc.
2457 5590 2594 5634 va.
