3996 6178
389 137 524 203 ίοβθ

1435 123 1744 182 ARNOLDI
1784 119 2378 177 EMMERAMMENSIS
2415 121 2744 178 MON-ACHI.

3701 129 3834 182 1064

385 257 626 315 totidem
658 253 1124 310 beatitudinibus
1153 257 1377 307 octavae
1407 251 1523 306 diei
1572 246 2030 320 comparatium.
2063 245 2115 297 Α
2153 246 2283 299 tum
2312 243 2645 302 laborarent
2670 245 2987 302 oculorum
3013 247 3248 315 dolore,
3279 247 3359 302 ab
3400 248 3712 304 omnibus
3757 249 3841 305 de-

390 353 453 405 ut
472 363 577 420 per
604 343 991 402 confessionis
1016 347 1072 396 et
1100 341 1583 413 cumpunctionis
1630 338 1800 394 valde
1832 351 2036 390 neces-

391 437 610 492 sarium
637 432 909 502 ﬁdelibus
935 431 1187 497 bonum,
1218 446 1289 485 ea
1316 430 1410 485 die
1439 428 1717 484 diabolus
1749 424 2040 492 multipli-

389 526 534 579 citer
561 522 843 590 confusus
870 519 1261 589 ingemiscere
1293 518 1405 573 sibi
1433 520 1589 573 male
1636 516 1881 581 factum,
1933 527 2038 566 nec

387 628 522 667 non.
553 611 622 666 ob
664 612 953 681 martyris
997 615 1350 666 conventum
1396 609 1542 677 (219)
1595 604 1764 678 queri
1813 601 2038 673 grande

386 705 694 770 cogeretur
722 700 1166 756 detrimentum.
1203 698 1356 764 Quid
1400 697 1620 770 plura?
1665 698 1773 748 Pro
1812 690 2037 747 benefi-

385 790 490 847 ciis
520 789 802 846 solemnis
831 788 1198 854 visitationis,
1240 804 1275 843 a
1301 787 1479 855 clero,
1531 783 2040 840 monachorumve

386 881 569 936 choro
599 885 656 934 et
680 879 1070 934 nihilominus
1109 878 1187 933 ab
1219 893 1394 932 sexus
1437 875 1745 946 utriusque
1790 868 2036 943 populo,

387 968 621 1024 trifariis
651 968 822 1035 votis,
873 967 1045 1021 almae
1095 964 1356 1021 Trinitati
1408 962 1745 1036 persolutis,
1797 958 2040 1014 tandem

389 1073 528 1111 cum
557 1055 967 1110 benedictione
1009 1053 1244 1108 licentia
1273 1052 1416 1108 data
1441 1057 1528 1106 est
1559 1049 1785 1106 cunctis
1818 1048 2042 1104 abeun-

388 1144 467 1211 di,
502 1160 612 1199 nec
640 1160 762 1199 non
787 1160 921 1198 cum
948 1142 1206 1214 tripudio
1225 1141 1465 1212 triplicis
1493 1137 1766 1196 miraculi
1789 1137 2041 1192 domum

388 1232 696 1288 redeundi.
734 1255 760 1281 »

996 1322 1423 1376 Ammonicius.

459 1435 484 1460 ‹‹
521 1415 638 1467 Hoc
667 1411 933 1466 tritidum
963 1409 1130 1483 quod
1158 1411 1219 1465 in
1253 1425 1371 1464 uno
1397 1407 1642 1464 homine
1671 1406 2041 1462 declaratum

387 1500 669 1572 scripsisti
699 1500 1077 1565 miraculum,
1110 1498 1170 1553 in
1201 1499 1446 1554 nomine
1476 1501 1695 1552 sanctae
1722 1494 2039 1564 Trinitatis,

2153 350 2324 389 mum
2351 335 2528 407 plaga
2561 336 2801 392 tandem
2828 341 3122 405 cessante,
3151 338 3309 392 adeo
3339 355 3440 393 me
3498 338 3720 394 subito
3769 341 3849 394 in-

2152 424 2309 479 vasit
2336 431 2413 491 ut,
2447 425 2749 480 sinistrum
2779 425 3024 482 oculum
3055 427 3445 483 mediocriter
3465 427 3730 496 dolens,
3755 447 3850 501 per

2154 512 2406 568 nimium
2437 519 2732 569 tumorem
2775 515 2965 570 dextri
3014 515 3216 572 ofﬁcio
3262 517 3514 588 penitus
3548 533 3847 574 carerem.

2153 603 2333 657 Pestis
2383 603 2540 658 enim
2587 603 2942 671 gravissima
2982 620 3120 660 eum
3182 607 3264 662 ita
3310 607 3680 678 occupavit,
3735 624 3853 679 quo

2153 692 2328 764 quasi
2357 708 2596 764 pugnus
2628 692 2708 747 illi
2734 693 3031 749 videretur
3075 711 3205 750 esse
3249 696 3610 768 oppositus.
3669 699 3852 767 Cujus

2154 782 2236 837 rei
2285 782 2472 850 gratia
2512 799 2651 837 cum
2703 787 2875 838 nocte
2925 784 3003 838 ad
3056 785 3377 840 ecclesiam
3440 786 3759 852 venirem,
3805 794 3854 842 et

2148 871 2320 942 juxta
2372 871 2807 928 confessionem
2854 873 3015 928 beati
3064 875 3507 930 Emmerammi
3562 877 3853 932 secretius

2151 977 2406 1026 orarem,
2440 961 2701 1017 breviata
2733 962 2998 1018 oratione
3030 964 3283 1032 surrexi,
3313 969 3374 1020 et
3425 965 3588 1036 quia
3639 971 3853 1037 captus

2150 1050 2356 1106 dolore
2382 1050 2607 1122 oppido
2645 1050 2727 1104 fui
2769 1057 3075 1121 gravatus,
3110 1052 3409 1108 sedebam
3439 1053 3605 1108 inibi
3641 1055 3707 1108 in
3760 1071 3853 1108 an-

2152 1140 2292 1210 gulo
2319 1146 2588 1195 moestus.
2620 1143 2779 1195 Tunc
2802 1141 2955 1213 cmpi
2985 1142 3139 1197 intra
3169 1158 3269 1198 me
3304 1158 3502 1215 super
3535 1143 3665 1199 hoc
3691 1144 3852 1216 quod

2151 1229 2299 1283 mihi
2328 1228 2541 1284 accidit
2579 1229 2966 1298 cogitationes
3006 1231 3200 1287 varias
3249 1230 3536 1300 volvere,
3591 1232 3762 1287 unde
3803 1241 3851 1287 et

2153 1319 2472 1373 humiliato
2521 1318 2697 1373 corde
2757 1319 2904 1387 (223)
2956 1318 3373 1390 compellebar
3429 1319 3698 1374 dicere:
3754 1323 3851 1375 Do-

2151 1407 2334 1472 mine,
2365 1407 2414 1462 si
2443 1408 2548 1473 vis,
2582 1411 2750 1478 potes
2789 1423 2884 1462 me
2919 1407 3146 1463 salvare
3180 1408 3354 1479 (224),
3392 1413 3457 1463 et
3488 1425 3610 1480 per
3649 1426 3848 1480 preces

2149 1496 2388 1568 patroni
2434 1495 2571 1561 mei,
2610 1495 2693 1550 tui
2735 1496 2951 1551 scilicet
2995 1496 3192 1552 dilecti
3241 1498 3579 1570 martyris,
3634 1503 3696 1553 et
3747 1499 3848 1553 hoc

385 1594 589 1661 tuapte
617 1589 790 1661 quasi
818 1588 1100 1660 quaedam
1131 1586 1406 1642 salutatio
1435 1584 1902 1642 estimminentis
1925 1583 2039 1638 fes-
2073 1601 2111 1652 Β
2150 1584 2383 1640 malum
2413 1586 2638 1654 grande
2665 1585 2832 1641 facile
2862 1585 2996 1658 quis
3028 1587 3392 1659 propellere.
3434 1589 3565 1644 Sed
3599 1588 3746 1643 novi
3762 1605 3847 1643 me

386 1679 644 1743 tivitatis,
694 1694 837 1733 nam
867 1677 996 1750 ipsa
1032 1677 1378 1732 solemnitas
1425 1673 1750 1730 beatissimi
1804 1673 2038 1744 patroni

385 1769 571 1824 nostri
601 1766 1022 1822 Emmerammi
1056 1765 1335 1837 marlyris
1369 1763 1637 1819 videlicet
1688 1761 1898 1817 Christi
1948 1760 2041 1816 tri-

386 1856 536 1911 faria
554 1861 659 1910 est.
692 1853 972 1909 Praecedit
1001 1852 1161 1907 enim
1191 1869 1326 1907 eam
1367 1851 1521 1907 beati
1563 1850 1811 1906 Mattliaei
1859 1865 2037 1920 apos-

386 1944 487 1998 toli
516 1942 895 2011 evangelistaa
926 1939 1336 2012 passionarius
1365 1939 1491 1994 dies
1544 1938 1758 1993 natalis
1805 1942 1862 1993 et
1903 1953 2037 1992 cum

386 2034 736 2088 clm-isseme?
769 2031 1082 2100 virgininis
1123 2029 1417 2084 meruerim
1472 2029 1656 2083 Tecla
1707 2028 1850 2097 (220)
1892 2025 2037 2080 sub-

386 2127 662 2177 secutura
696 2127 783 2176 est
815 2118 1172 2192 percelebris
1204 2117 1498 2173 dedicatio
1545 2116 1724 2186 hujus
1772 2114 2038 2171 ecclesiae

384 2211 701 2284 purpureis
732 2208 968 2264 ossibus
996 2208 1266 2278 ejusdem
1309 2206 1470 2262 testis
1518 2205 1757 2260 feliciter
1797 2205 2034 2271 dotatae,

382 2299 484 2354 illa
512 2298 869 2354 mediastina
895 2296 1206 2352 festivitate
1237 2294 1599 2349 nostratibus
1625 2297 1868 2365 qudque
1894 2309 2040 2365 prae-

384 2389 580 2460 cipua,
637 2386 1018 2442 medietatem
1074 2400 1249 2439 suam
1291 2385 1447 2438 inter
1499 2382 1930 2452 praecedentem
1985 2387 2040 2436 et

383 2479 827 2548 subsequentem
885 2475 1050 2546 (221),
1084 2474 1254 2544 quasi
1282 2472 1616 2544 quamdam
1669 2471 2039 2541 regalitatem

383 2572 656 2640 potenter
684 2570 936 2620 tenente.
995 2563 1157 2619 Unde
1203 2578 1324 2618 non
1357 2566 1448 2616 est
1493 2561 1713 2616 mirum
1761 2561 1925 2632 quod
1975 2564 2040 2615 tu

383 2655 748 2730 opusculum
781 2659 970 2722 tuum,
1002 2668 1368 2725 quocunque
1398 2666 1505 2722 per
1535 2649 1882 2706 varietatem
1905 2664 2038 2704 sen-

383 2745 705 2801 tentiarum
735 2748 1022 2812 vagatum
1053 2742 1225 2796 fuerit
1254 2741 1332 2796 ad
1376 2739 1619 2794 laudem
1663 2743 1882 2794 sanctae
1924 2737 2040 2793 Tri-

383 2835 584 2890 nitatis
639 2834 936 2889 reﬂectere
991 2830 1244 2886 conaris.
1295 2833 1461 2884 Nunc
1509 2844 1672 2898 ergo,
1723 2828 1866 2899 quia
1918 2843 2038 2882 uno

384 2924 717 2995 eodemque
749 2923 901 2977 trino
933 2921 1103 2989 signo
1151 2917 1509 2973 miraculum
1556 2915 1917 2989 proposuisti
1964 2916 2038 2971 de
2067 2955 2108 3010 Ο

389 3014 443 3067 S.
479 3016 941 3071 Emmerammo,
966 3023 1340 3080 consequens
1380 3011 1467 3061 est
1497 3011 1560 3060 ut
1597 3005 1822 3077 aliquid
1870 3021 2038 3060 assu-

385 3117 517 3156 mas
546 3099 711 3172 quod
737 3097 1148 3154 numer-alitate
1189 3093 1577 3150 fecundatum
1621 3097 1818 3164 exigat
1864 3093 2039 3165 quid-

383 3190 528 3246 dam
558 3188 918 3245 tertiandum
959 3204 1081 3259 quo
1109 3201 1276 3240 more
1307 3188 1408 3239 tuo
1460 3184 1756 3257 perducas
1804 3183 2042 3239 conclu-

385 3281 618 3336 sionem
649 3279 727 3336 ad
758 3284 976 3334 sanctae
1003 3275 1294 3332 Trinitatis
1318 3275 1631 3330 honorem.
1665 3297 1691 3323 »

1016 3365 1408 3422 Collectitius.

455 3485 482 3512 α
516 3457 1018 3528 Quandoquidem
1048 3457 1232 3510 homo
1263 3454 1445 3509 habet
1472 3453 1819 3509 Trinitatem
1849 3453 1910 3508 in
1956 3469 2040 3507 se-

384 3551 661 3620 metipso,
695 3561 937 3602 necesse
971 3549 1058 3598 est
1087 3549 1150 3598 ut
1180 3547 1452 3597 creatura
1479 3542 1718 3596 subdita
1748 3542 1821 3596 sit
1867 3544 2038 3597 Crea-

382 3639 513 3699 tori,
547 3637 718 3706 cujus
749 3635 892 3689 nihil
928 3630 1406 3704 praeponendum
1454 3635 1540 3684 est
1588 3631 1798 3685 amori.
1852 3631 2034 3700 Cujus

383 3727 747 3782 taxationem
776 3741 916 3780 cum
942 3737 1153 3777 omnes
1189 3720 1465 3776 homines
1514 3720 1693 3775 simul
1741 3720 1801 3775 in
1845 3737 2036 3775 unum

380 3819 520 3870 vota
549 3813 918 3871 conferentes
941 3809 1205 3866 Amatori
1229 3807 1532 3880 praecipuo
1555 3808 1720 3863 baud
1741 3807 2039 3864 sufficiant

378 3905 727 3978 rependere,
772 3907 999 3976 quanto
1049 3901 1250 3955 minus
1289 3913 1401 3968 ego
1451 3897 1716 3952 misellus
1769 3897 1872 3968 qui
1918 3898 2034 3952 huc

379 4012 570 4068 usque
612 3995 696 4050 nil
743 3993 996 4063 dignum
1035 3989 1260 4060 egerim
1313 3986 1522 4042 ordine
1566 4003 1719 4042 meo.
1780 3989 2036 4052 Quamo-

378 4085 549 4141 brem
585 4085 790 4140 intime
838 4081 1015 4138 corde
1055 4085 1306 4135 tenusve
1359 4094 1598 4133 mecum
1651 4076 2031 4149 perpendens

379 4179 675 4245 quantum
704 4171 949 4244 periculi
989 4170 1192 4240 gignat
1222 4174 1279 4224 et
1308 4167 1455 4223 ferat
1497 4167 1854 4236 negligentia
1903 4167 2032 4236 ejus

379 4279 515 4335 quae
539 4263 601 4317 in
645 4279 740 4317 me
771 4265 857 4315 est
883 4259 1178 4326 trinitatis,
1210 4258 1268 4312 id
1299 4262 1390 4312 est
1420 4257 1768 4323 intellectus,
1801 4272 2030 4310 memo-

379 4352 500 4423 riae,
531 4369 599 4408 ac
618 4350 957 4414 voluntatis,
981 4349 1075 4402 vix
1093 4348 1336 4403 tandem
1364 4347 1553 4416 gratia
1567 4347 1863 4401 malorum
1883 4345 2030 4416 (222)

377 4442 624 4498 remedii
650 4439 898 4513 pigritiae
927 4455 1076 4493 mere
1102 4437 1410 4510 imperavi,
1439 4441 1502 4491 ut
1529 4435 1693 4508 quod
1724 4434 1867 4489 olim
1893 4451 2034 4506 pue-

376 4532 518 4587 rulis
544 4530 857 4587 curiositas
887 4529 960 4584 de
992 4527 1234 4582 utilibus
1264 4526 1444 4580 rebus
1483 4524 1818 4592 collegerat,
1870 4539 2030 4579 nunc

371 4621 650 4692 juvenilis
680 4618 1011 4675 verbositas
1040 4615 1382 4687 simpliciter
1408 4618 1665 4685 promat.
1703 4614 1914 4685 Sicque
1927 4614 2032 4687 qui

376 4711 658 4783 operibus
686 4725 940 4780 nequeo,
973 4707 1185 4762 saltem
1213 4703 1457 4760 etdictis
1488 4704 1694 4759 videar
1738 4704 2030 4760 deservire

374 4801 588 4856 honori
617 4797 1042 4869 omnipotentis
1072 4811 1142 4851 ac
1175 4794 1362 4850 unica:
1391 4793 1702 4848 Trinitatis.
1736 4794 1858 4848 Hac
1887 4811 2034 4865 quo-

375 4904 492 4959 que
521 4887 844 4942 intentione
869 4885 1029 4956 quod
1059 4882 1384 4954 scripturus
1417 4895 1550 4934 sum
1577 4895 1907 4948 assumam,
1939 4897 2030 4935 se-

376 4978 643 5033 cundum
673 4974 1142 5032 admonitionem
1174 4977 1359 5026 tuam.

449 5090 475 5115 ‹‹
509 5069 656 5122 Cum
686 5066 837 5120 inter
879 5067 1091 5118 caetera
1139 5059 1376 5129 ﬂagella
1421 5059 1642 5131 quibus
1693 5058 1882 5128 gratia
1932 5059 2032 5114 Dei

375 5154 803 5226 omnipotentis
834 5153 1082 5222 dignata
1109 5155 1197 5206 est
1236 5149 1474 5206 visitare
1524 5148 1800 5204 homines
1849 5149 2030 5220 hujus

375 5250 592 5300 nostra:
622 5246 836 5300 nativae
875 5240 1218 5314 provinciae,
1250 5240 1519 5311 quodam
1562 5242 1830 5309 tempore
1883 5239 2032 5294 mul-

628 5386 757 5442 Alia
785 5385 994 5442 littera.

627 5458 757 5514 Alia
784 5459 995 5514 littera.

624 5530 753 5587 Alia
781 5530 994 5585 littera.

627 5602 759 5659 Alia
785 5600 996 5656 littera.

470 5390 575 5442 219

468 5463 575 5516 220

466 5535 563 5588 221

466 5607 573 5660 222

446 5388 464 5673 Ξ

577 5388 598 5675 ἕ

2150 1673 2352 1728 minus
2380 1674 2666 1730 idoneum
2697 1675 2758 1730 in
2791 1692 2913 1747 quo
2953 1676 3243 1731 ostendas
3277 1675 3656 1733 miserabile
3705 1694 3846 1750 opus

2147 1763 2600 1820 miserationum
2632 1770 2888 1831 tuarum,
2918 1770 3002 1835 tu,
3031 1767 3256 1821 summi
3285 1766 3495 1821 Patris
3546 1767 3846 1840 Sapientia

2149 1853 2358 1918 nostri,
2389 1852 2530 1924 quia
2553 1853 2680 1922 jam
2720 1870 2826 1927 per
2855 1853 3056 1926 plures
3108 1870 3310 1910 annos
3357 1855 3607 1911 insidet
3651 1856 3843 1911 animo

2149 1958 2287 1996 meo
2312 1942 2677 2014 quandoque
2709 1943 3006 1998 mirabilia
3032 1948 3135 1999 tua
3185 1944 3485 2017 scribere,
3541 1962 3618 2001 ac
3667 1946 3847 2002 omni-

2149 2031 2476 2103 potentiam
2534 2037 2697 2086 tuam
2748 2032 2810 2087 in
2854 2033 2947 2087 his
3001 2032 3278 2104 laudare,
3333 2041 3395 2090 et
3443 2035 3843 2091 nihilominus

2149 2119 2470 2174 electorum
2496 2119 2651 2174 dicta
2700 2125 2754 2175 et
2784 2120 2940 2176 facta
2982 2137 3088 2192 per
3113 2121 3346 2178 litteras
3381 2123 3716 2179 memoriae
3747 2141 3842 2196 po-

2149 2207 2315 2263 steris
2340 2208 2586 2263 tradere.
2616 2208 2671 2263 Si
2701 2208 3053 2279 benignitati
3087 2214 3204 2264 tuae
3261 2210 3325 2264 in
3371 2212 3496 2267 hac
3546 2229 3614 2267 re
3658 2211 3841 2284 placet

2147 2296 2312 2368 quod
2343 2297 2519 2363 volui,
2539 2302 2596 2352 et
2616 2297 2814 2352 adhuc
2841 2297 3001 2367 volo,
3027 2298 3252 2366 gratias
3275 2314 3430 2368 ago;
3467 2301 3570 2354 sin
3593 2317 3697 2356 me
3725 2318 3840 2356 ma-

2146 2386 2237 2440 vis
2286 2387 2545 2441 caacitate
2595 2387 2906 2456 castigare,
2955 2404 3090 2442 sum
3140 2392 3422 2459 paratus,
3478 2395 3700 2461 utpote
3746 2390 3838 2445 tibi

2146 2475 2382 2530 debitor
2410 2492 2516 2547 per
2545 2476 2770 2546 omnia,
2823 2477 2986 2548 quod
3032 2477 3338 2547 judicium
3386 2483 3576 2535 tuum
3633 2481 3839 2549 ingerit

2146 2565 2440 2638 patienter
2471 2565 2779 2621 sustinere.
2816 2565 2916 2620 His
2945 2567 3181 2622 occulto
3223 2567 3309 2622 sic
3340 2569 3640 2637 cogitatis
3667 2576 3835 2642 atque

2145 2653 2340 2720 dictis,
2373 2653 2637 2708 facturus
2669 2653 2834 2725 quod
2866 2654 3184 2710 humilitati
3209 2671 3366 2710 mea;
3409 2655 3580 2712 ﬁdes
3636 2658 3838 2714 Christi

2145 2757 2254 2814 per
2291 2743 2563 2798 intimam
2613 2743 3068 2814 inspirationem
3107 2744 3425 2813 agendum
3477 2747 3834 2810 insinuavit,

2147 2833 2554 2887 summitatem
2608 2831 2859 2904 pollicis,
2917 2849 3246 2906 parumper
3306 2835 3680 2892 humectavi
3748 2853 3834 2892 sa-

2144 2921 2284 2986 liva,
2318 2937 2425 2976 nec
2457 2937 2578 2975 non
2625 2921 2729 2976 ubi
2782 2921 3138 2994 ampliorem
3170 2924 3330 2977 sensi
3389 2923 3710 2994 dolorem,
3759 2931 3833 2981 ter

2147 3011 2384 3080 signum
2449 3010 2653 3065 salutis
2709 3010 3022 3083 impressi;
3082 3011 3320 3067 interim
3384 3014 3583 3069 corde
3657 3015 3828 3070 rumi-

2147 3116 2301 3156 nans
2332 3099 2722 3155 nihilominus
2754 3116 2856 3155 ore
2886 3101 3286 3173 pronuntians
3315 3101 3476 3157 illud
3529 3105 3829 3175 Evangeli-

2145 3206 2332 3244 cum:
2386 3192 2601 3244 Lutum
2647 3189 2784 3244 fecit
2831 3205 2902 3244 ex
2955 3194 3130 3261 sputo
3166 3191 3491 3258 Dominus,
3549 3199 3612 3248 et
3652 3194 3827 3250 linivit

2145 3278 2352 3334 oculos
2378 3295 2547 3334 meos
2582 3297 2594 3333 :
2629 3283 2686 3334 et
2729 3277 2848 3333 abii
2874 3283 2931 3334 et
2959 3278 3096 3346 lavi,
3127 3283 3185 3334 et
3208 3280 3334 3334 vidi
3367 3282 3556 3352 (225),
3611 3290 3672 3339 et
3722 3299 3825 3340 cre—

2144 3366 2268 3421 didi
2303 3369 2438 3422 Deo.
2474 3366 2696 3422 Eodem
2745 3374 3054 3422 momento
3084 3367 3144 3421 in
3176 3384 3274 3422 me
3325 3373 3460 3424 tam
3517 3371 3823 3428 subitanea

2145 3455 2302 3511 facta
2333 3461 2420 3510 est
2445 3456 2693 3512 mutatio
2725 3455 2981 3512 dexterae
3011 3455 3236 3511 Excelsi
3263 3473 3394 3529 quo
3425 3460 3556 3515 sub
3589 3461 3820 3517 incredi-

2144 3543 2249 3599 bili
2275 3544 2566 3599 celeritate
2599 3544 2815 3612 fugatis
2845 3544 3154 3600 doloribus
3199 3545 3273 3600 de
3301 3547 3544 3619 capite,
3593 3551 3709 3604 imo
3748 3549 3812 3603 de

2150 3640 2268 3690 loto
2299 3650 2548 3705 corpore
2577 3633 2778 3688 ablata
2820 3634 3112 3705 pernoxia
3151 3639 3343 3707 peste,
3403 3637 3550 3709 ipse
3595 3654 3804 3694 mecum

2145 3739 2328 3794 super
2357 3723 2470 3777 hoc
2504 3721 2658 3777 facto
2701 3721 3152 3792 diligentissime
3203 3728 3508 3793 tractans,
3544 3729 3686 3784 satis
3716 3726 3812 3782 mi-

2142 3814 2259 3868 rari
2286 3811 2532 3867 minime
2561 3827 2801 3884 possem
2831 3813 2965 3884 quis
2996 3811 3232 3879 fuerim,
3265 3814 3412 3885 quis
3445 3821 3810 3873 essem.Tum

2140 3900 2316 3971 quasi
2359 3899 2626 3971 quadam
2677 3899 3011 3956 curiositate
3057 3900 3455 3974 mihimetipsi
3509 3922 3698 3978 super
3741 3922 3813 3960 ηε

2139 3988 2384 4060 pentino
2395 3987 2684 4043 miraculo
2706 3988 2954 4060 cupiens
2972 3989 3335 4064 satisfacere,
3353 3997 3621 4065 utraque
3637 4010 3809 4049 manu

2140 4077 2386 4149 palpavi
2428 4077 2627 4132 locum
2669 4076 2954 4147 periculi;
2986 4077 3043 4132 in
3075 4094 3200 4150 quo
3230 4095 3341 4134 nec
3376 4081 3598 4136 saltem
3650 4083 3810 4137 vesti—

2140 4167 2308 4235 gium
2319 4166 2544 4222 doloris
2561 4166 2684 4220 sive
2707 4167 2954 4221 tumoris
2967 4167 3260 4238 reperisse
3274 4185 3373 4224 me
3392 4171 3640 4239 gavisus
3657 4188 3807 4226 sum.

2140 4255 2391 4310 Proinde
2423 4270 2692 4325 surgens,
2727 4255 3132 4328 prOperabam
3157 4257 3301 4313 illuc
3332 4258 3437 4313 ubi
3474 4266 3651 4315 antea
3677 4276 3809 4314 ora-

2139 4344 2304 4411 bam,
2319 4345 2520 4416 ibique
2538 4343 2758 4414 gratias
2774 4345 2869 4414 egi
2891 4348 3007 4400 Deo
3020 4349 3077 4400 et
3104 4353 3316 4403 sancto
3342 4351 3796 4403 Emmerammo.

2141 4437 2289 4491 Cum
2349 4435 2640 4490 accedens
2689 4434 2768 4488 ad
2800 4434 3117 4490 candelam
3161 4435 3362 4506 legere
3403 4442 3692 4492 tentarem
3740 4436 3806 4492 in

2136 4524 2290 4579 libro
2313 4540 2420 4595 pro
2443 4527 2733 4579 vetustate
2773 4540 2925 4596 pene
2951 4524 3243 4593 obsoleto,
3274 4528 3528 4599 probavi
3574 4543 3675 4582 me
3705 4542 3810 4600 pu-

2136 4614 2356 4668 riorem
2382 4613 2577 4668 visum
2608 4613 2900 4685 recepisse
2931 4630 3119 4685 quam
3149 4615 3320 4687 prius
3357 4616 3704 4672 habuerim.

2211 4726 2238 4751 ‹‹
2265 4705 2431 4758 Nunc
2456 4701 2723 4774 quidem,
2754 4718 2828 4756 ne
2861 4703 2998 4758 huic
3028 4709 3208 4759 tantae
3255 4706 3647 4774 solemnitati,
3681 4723 3803 4779 quas

2137 4792 2349 4848 laetitiae
2370 4796 2572 4846 nectar
2592 4792 2962 4846 examussim
2981 4793 3265 4865 propinat
3281 4796 3562 4852 fraterna:
3581 4795 3804 4852 utilitati

2137 4886 2439 4953 nostrapte
2474 4880 2620 4952 quid
2653 4879 2922 4936 videatur
2942 4882 3173 4950 deesse,
3203 4884 3641 4957 subsequentis
3671 4886 3807 4942 rela-

2137 4971 2293 5026 tione
2321 4969 2592 5025 miraculi
2626 4969 2870 5041 plenum
2895 4972 2978 5027 sic
3008 4971 3433 5028 instruendum
3463 4976 3804 5030 convivium

2136 5066 2242 5126 est,
2272 5064 2335 5115 ut
2377 5059 2672 5130 expletiva
2711 5060 3016 5116 conclusio
3048 5062 3385 5118 tertiatione
3412 5063 3676 5120 fideliter
3713 5065 3807 5121 mi-

2135 5149 2343 5204 nistret
2373 5163 2482 5203 sua
2502 5147 2671 5220 quod
2698 5153 2905 5205 sancta
2929 5150 3180 5206 Trinitas
3212 5158 3470 5224 operata
3491 5160 3584 5209 est
3604 5155 3671 5210 in
3696 5155 3801 5210 illa.

2137 5238 2263 5294 Fuit
2290 5237 2543 5309 quidam
2581 5237 2826 5294 clericus
2876 5238 3063 5295 nobili
3117 5241 3408 5314 prosapia
3463 5249 3664 5311 ortus,
3712 5241 3805 5316 qui

2228 5379 2355 5451 223)
2385 5379 2511 5436 Alia
2539 5379 2748 5436 littera.

2229 5455 2358 5519 224)
2390 5451 2607 5507 Matth.
2641 5466 2757 5506 vm.

2207 5527 2358 5594 (225)
2386 5524 2564 5579 Joan.
2597 5539 2674 5578 ix.
