3996 6178
169 134 184 187 l
197 135 314 189 063

978 138 1069 191 DE
1109 132 1490 191 MIRACUIJS
1531 132 1588 186 S.
1631 128 2049 189 EMMERAMMI
2092 137 2272 196 LIBRI
2311 142 2476 203 DUO.
2508 179 2575 187 —
2609 151 2739 204 LIB.
2781 151 2845 206 ll.

3482 166 3623 221 l066

160 261 441 330 tempore
466 256 731 329 quodam
762 258 1119 315 necessitate
1142 262 1449 331 poscente,
1483 256 1607 311 imo
1658 252 1825 310 chari
1881 256 1930 306 A
1964 258 2214 319 sudasse
2240 266 2434 331 vinea.
2472 271 2851 347 multumque
2878 273 3146 333 fructum
3178 278 3386 338 tulisse
3444 284 3507 342 in
3533 304 3625 346 ea.

158 351 288 402 tate
328 346 594 417 jubente,
627 344 1053 440 hospitalitatis
1102 349 1290 419 gratia
1336 350 1621 419 receptus
1673 344 1851 440 estin
2039 358 2268 422 quanta
2296 355 2517 427 laetitia,
2550 344 2785 419 volante
2824 364 3013 435 fama,
3050 382 3125 423 ex
3153 367 3512 440 hujusmodi
3540 344 3630 434 re;

158 436 550 491 mansionem
596 433 932 507 quamdam
981 437 1258 493 coenobio
1305 439 1360 493 S.
1418 433 1849 491 Emmerammi

156 528 540 592 contiguam.
575 522 676 578 Ubi
702 538 840 577 cum
868 524 1152 597 coepisset
1176 522 1492 593 inﬁrmari,
1524 527 1663 597 post
1704 539 1852 596 pau-

159 629 273 668 cos
298 611 431 668 dies
458 612 755 668 nimietate
787 612 1156 668 valetudinis
1181 614 1258 671 ad
1288 615 1349 670 id
1373 619 1468 669 est
1495 612 1846 686 perductus,

160 718 290 773 quo
342 702 582 774 penitus
625 701 1048 773 desperaretur
1078 704 1196 760 vita
1242 704 1419 759 illius.
1464 705 1615 759 Tum
1653 703 1847 759 noctis

161 788 374 845 medio
404 788 581 861 quasi
610 787 684 844 de
714 788 1196 859 gravievigilaus
1213 808 1429 848 somno
1459 790 1639 846 dixit:
1675 793 1719 848 Ο
1738 790 1847 846 uti-

162 895 315 935 nam
346 872 564 950 aliquis
593 876 737 933 mihi
764 877 1001 934 deferat
1024 897 1248 953 aquam
1280 881 1359 936 ad
1389 879 1845 937 refocillandam

166 967 445 1024 animam
487 982 687 1022 meam
719 965 794 1022 de
823 966 991 1023 fonte
1025 970 1079 1025 S.
1126 969 1574 1037 Emmerammi,
1607 970 1713 1043 qui
1759 973 1847 1026 est

170 1055 234 1112 in
253 1056 516 1113 claustro
542 1055 793 1112 fratrum
836 1059 959 1113 Deo
1000 1056 1233 1132 sibique
1251 1059 1643 1117 servientum!
1671 1059 1845 1126 Quod

172 1162 338 1203 unus
384 1145 732 1212 astantium,
784 1145 1021 1218 sibique
1056 1150 1116 1202 in
1157 1149 1221 1203 id
1250 1149 1530 1219 temporis
1562 1150 1709 1222 (226)
1762 1150 1846 1205 fa-

167 1235 534 1291 mulantium
575 1233 840 1290 celeriter
869 1234 1156 1307 perﬁcere
1198 1237 1428 1305 volens,
1475 1238 1738 1295 cucurrit
1765 1237 1845 1295 ad

162 1323 513 1390 ecclesiam,
536 1328 613 1393 et,
637 1327 700 1379 ut
730 1322 790 1378 in
820 1323 1040 1380 talibus
1066 1325 1244 1381 rebus
1272 1326 1402 1382 ﬁeri
1427 1326 1595 1395 solet,
1622 1327 1847 1402 impro-

160 1413 323 1469 biter
378 1412 643 1486 pulsavit
692 1413 972 1484 januam.
1036 1414 1146 1483 Qui
1204 1432 1347 1472 mox
1395 1433 1431 1472 a
1488 1417 1845 1475 custodibus

156 1503 573 1570 intromissus,
607 1507 681 1572 et,
732 1503 882 1576 quia
933 1503 1245 1561 familiaris
1283 1511 1429 1575 erat,
1489 1506 1567 1563 ad
1616 1506 1841 1563 fontem

1958 434 2075 491 bus
2130 445 2564 504 transfunditur
2617 452 2675 505 in
2728 452 2885 508 ﬁlios
2947 434 3254 525 Ecclesiae,
3301 452 3442 519 cum
3498 465 3629 523 haec

1957 525 2135 597 longe
2183 531 2419 607 lateque
2451 538 2770 596 audierunt
2826 542 3176 602 solemniter
3204 548 3503 609 celebrata
3550 556 3628 612 de

1957 621 2179 675 matre!
2210 622 2391 694 Cujus
2422 627 2505 681 rei
2532 629 2722 693 gratia
2750 634 2833 695 tu,
2858 631 3233 691 adaucturus
3261 643 3628 711 opusculum

1957 709 2145 776 tuum,
2188 727 2568 787 quaecunque
2614 718 2818 775 animo
2870 709 3322 782 rationabiliter"
3355 745 3629 791 occurre-

1954 795 2086 863 rint,
2137 816 2374 858 summa
2427 804 2730 875 diligentia
2781 808 2840 864 in
2901 810 3189 869 horreum
3244 818 3627 880 Dominicum

1953 892 2283 959 comperta.
2321 891 2411 948 Sic
2434 894 2591 949 enim
2619 911 2712 966 ea,
2742 912 2878 969 quas
2920 898 2982 954 in
3011 901 3361 973 quadriﬁdo
3389 907 3626 969 climate

1952 975 2227 1069 mundia
2260 985 2469 1069 sancta
2502 983 2776 1041 Trinitate
2809 992 2948 1043 sunt
2978 988 3160 1059 facta,
3195 996 3504 1069 utcunque
3533 999 3624 1056 lo-

1951 1077 2090 1119 cum
2115 1064 2427 1125 habebunt
2451 1070 2630 1127 etiam
2660 1072 2721 1128 in
2750 1074 3154 1149 descriptione
3183 1084 3307 1138 tua.
3340 1106 3369 1133 ››

2585 1160 2979 1221 Callet-titius.

2027 1242 2233 1334 «:Quia
2263 1244 2512 1302 strictim
2567 1250 2782 1306 notasti
2829 1257 3097 1324 quatuor
3138 1256 3354 1329 plagas
3385 1265 3621 1334 mundi,

1950 1326 2172 1399 quibus
2201 1346 2308 1402 per
2335 1338 2547 1405 quater
2594 1340 2762 1393 terna
2794 1339 2913 1395 sive
2942 1345 3033 1397 ter
3077 1326 3374 1414 quaterna
3420 1326 3626 1408 distin;

1951 1416 2153 1487 guitur
2202 1419 2482 1492 insignia,
2545 1424 2624 1481 ob
2679 1426 3097 1488 dulcissimam
3142 1437 3381 1506 patroni
3432 1440 3624 1497 nostri

1951 1507 2331 1580 memoriam,
2378 1510 2577 1583 placet
2624 1516 3026 1576 anterioribus
3072 1520 3262 1580 tribus
3316 1529 3624 1586 miraculis

158 1593 461 1689 emissus,
481 1591 709 1664 absque
738 1591 1027 1689 dilatione
1074 1594 1273 1650 hausit
1315 1610 1562 1689 aquam,
1595 1595 1677 1652 ad
1704 1611 1917 1665 eum};
1948 1593 2044 1649 hic
2074 1595 2425 1689 subnectere
2478 1616 2668 1657 unum
2698 1605 2867 1677 quod
2906 1606 3068 1664 idem
3120 1609 3194 1666 sit
3222 1617 3280 1669 et
3307 1622 3620 1689 quartum,

157 1699 198 1738 a
220 1697 348 1756 quo
377 1680 605 1737 missus
634 1685 721 1736 est
744 1681 1078 1739 certissime
1109 1687 1425 1756 reportans
1454 1684 1642 1741 illam.
1670 1688 1844 1741 Cum-

157 1788 284 1846 que
315 1770 393 1827 de
420 1786 491 1827 ea
522 1786 738 1843 parum
770 1775 1078 1841 gustasset
1105 1778 1391 1844 aegrotus,
1419 1790 1562 1830 mox
1585 1790 1696 1847 per
1724 1791 1845 1831 me-

158 1861 547 1919 liorationem
578 1859 689 1916 sibi
716 1860 987 1917 redditus
1018 1867 1200 1930 totus,
1234 1864 1427 1937 inquit
1452 1882 1465 1918 :
1500 1865 1567 1919 In
1597 1864 1844 1921 nomine

164 1950 428 2020 Domini,
457 1946 753 2024 optimum
768 1949 980 2006 vinum
1006 1951 1128 2006 bibi
1148 1967 1259 2025 pro
1289 1969 1452 2025 aqua
1480 1968 1670 2026 quam
1693 1956 1844 2009 attu-

162 2040 305 2096 listi.
340 2042 555 2097 Beatus
586 2042 1067 2096 Emmerammus
1088 2040 1288 2096 bonus
1318 2041 1593 2098 medicus
1630 2041 1710 2097 ab
1739 2058 1845 2117 op-

168 2130 319 2185 timo
347 2129 570 2186 Medico
597 2128 828 2202 accepit
853 2128 1015 2202 quod
1041 2129 1189 2185 mihi
1218 2129 1405 2187 modo
1426 2130 1718 2204 praestitit.
1751 2133 1842 2189 Ad

156 2219 292 2274 haec
319 2217 635 2291 respondit
662 2216 767 2290 qui
820 2232 1045 2290 aquam
1074 2218 1301 2275 attulit:
1338 2219 1545 2276 Nescio
1600 2219 1647 2275 si
1679 2234 1844 2292 aqua

156 2322 458 2364 conversa
488 2305 563 2361 sit
587 2305 651 2362 in
679 2304 888 2362 vinum
913 2323 927 2375 ;
948 2306 1064 2362 hoc
1098 2307 1296 2364 solum
1326 2309 1655 2364 certissime
1676 2309 1839 2381 novi,

153 2395 332 2470 quod
361 2412 472 2469 per
486 2394 735 2452 antliam
754 2395 992 2451 laticem
1019 2396 1094 2452 de
1116 2401 1298 2469 puteo
1320 2396 1838 2469 exantlavi.Cujus

152 2484 351 2541 verba
380 2483 490 2539 viri
518 2487 575 2539 et
612 2481 891 2539 mulieres
923 2483 1026 2556 qui
1056 2482 1310 2540 aderant
1337 2484 1638 2557 prosecuti
1673 2490 1834 2554 sunt,

152 2572 434 2628 dicentes
463 2590 477 2628 :
512 2574 648 2628 Late
686 2574 899 2626 notum
924 2575 1013 2627 est
1041 2572 1158 2627 vim
1192 2573 1619 2645 hujuscemodi
1648 2572 1834 2631 febris

152 2678 283 2735 qua
331 2667 397 2717 tu
418 2661 662 2717 laboras
685 2675 811 2715 non
839 2659 1036 2718 solum
1080 2660 1398 2719 absumere
1440 2663 1593 2721 vires
1621 2678 1835 2737 corpo-

152 2752 264 2819 ris,
314 2750 420 2806 sed
467 2749 648 2805 etiam
692 2764 767 2804 ne
814 2748 967 2806 bene
1002 2749 1203 2822 sapias
1228 2750 1551 2810 immutare
1583 2757 1833 2823 gustum

154 2840 349 2914 palati
392 2844 451 2896 et
478 2838 751 2910 gutturis.
786 2838 1015 2906 Quibus
1056 2838 1151 2895 ille
1198 2841 1512 2913 porrigens
1541 2842 1832 2916 poculum

1950 1697 2023 1738 ea
2051 1682 2270 1740 scilicet
2297 1686 2523 1776 ratione
2548 1694 2620 1776 ut
2655 1692 2854 1748 unitas
2880 1694 2962 1752 ita
2992 1698 3291 1758 cohaereat
3319 1682 3620 1776 'l‘rinitati,

1947 1776 2246 1866 quatenus
2284 1774 2614 1866 probabilis
2645 1783 3020 1852 quaternitas
3068 1785 3324 1846 laterum
3374 1774 3623 1866 tequali-

1950 1863 2066 1915 tate
2098 1860 2351 1919 solidata
2386 1863 2570 1921 ﬁdem
2598 1872 2863 1940 quatuor
2889 1873 3352 1945 Evangeliorum
3384 1860 3625 1937 conser-

1950 1952 2049 2042 vet
2074 1964 2182 2021 per
2219 1950 2443 2042 omnia.
2490 1956 2625 2011 Erat
2668 1956 2923 2028 quidam
2952 1960 3139 2019 homo
3185 1968 3621 2042 pauperculus,

1949 2037 2222 2109 quicum
2264 2039 2380 2129 alio
2422 2058 2592 2115 aeque
2630 2044 2938 2117 indigente
2979 2050 3113 2108 loca
3154 2037 3370 2112 sancta
3407 2037 3626 2129 quaesi;-

1950 2130 2140 2193 turus,
2172 2142 2294 2183 non
2323 2128 2543 2187 baculo
2574 2132 2875 2205 suffultus,
2918 2140 3024 2196 sed
3069 2143 3415 2200 scamnellis
3469 2144 3625 2204 inni-

1949 2232 2073 2306 sus,
2110 2217 2303 2306 magis
2331 2217 2494 2275 viam
2522 2222 2703 2294 repsit
2731 2239 2922 2296 quam
2953 2229 3308 2288 ambulavit.
3344 2232 3620 2306 Cumque

1946 2303 2102 2360 circa
2131 2304 2342 2361 horam
2390 2307 2629 2379 prandii
2678 2317 2930 2370 ventum
2959 2321 3115 2373 esset
3162 2318 3241 2374 ad
3280 2303 3619 2391 quemdam

1944 2393 2170 2450 fontem
2217 2393 2405 2450 laticis
2451 2398 2772 2470 perspicui,
2829 2403 2980 2461 dixit
3032 2406 3489 2463 scamnellarius
3536 2411 3620 2467 ad

1942 2482 2166 2539 itineris
2193 2482 2497 2541 socium.0
2516 2486 2713 2555 sodes,
2736 2488 2869 2548 istic
2893 2493 3268 2564 jentaculum
3284 2494 3347 2550 in
3369 2497 3618 2557 nomine

1946 2570 2178 2628 Domini
2218 2571 2394 2627 nobis
2443 2573 2551 2630 erit
2604 2580 2994 2646 sumendum,
3040 2587 3098 2639 et
3143 2600 3284 2639 cum
3324 2583 3616 2645 refectum

1941 2661 2132 2725 fuerit,
2189 2676 2328 2716 cum
2375 2663 2705 2733 gratiarum
2761 2669 2996 2726 actione
3054 2671 3429 2729 abeundum.
3482 2675 3616 2739 Quo

1941 2748 2296 2806 assentiente
2336 2766 2406 2806 ac
2450 2751 2529 2807 ad
2560 2756 2743 2825 panis
2783 2773 2956 2814 esum
3001 2761 3134 2817 solo
3182 2765 3357 2817 tenus
3403 2761 3465 2817 in
3505 2778 3618 2823 ora

1939 2838 2116 2896 fontis
2142 2838 2524 2923 consedente,
2541 2845 2997 2904 scamnellarius
3021 2849 3372 2919 homuncio,
3385 2865 3615 2924 aquam

152 2930 235 2985 de
257 2945 385 3002 quo
414 2927 683 2994 bibebat,
716 2926 890 2983 dixit:
921 2926 1102 2983 Bibite
1133 2932 1190 2984 et
1218 2944 1346 2997 vos,
1366 2934 1547 3005 atque
1578 2930 1832 3004 probate
1862 2956 1902 3012 ρ
1939 2928 2221 2985 hauriens
2268 2944 2342 2984 ex
2367 2929 2757 2989 abundantiae
2785 2937 3116 3007 purissimo
3151 2938 3418 3012 speculo,
3452 2946 3617 3002 ante-

156 3025 365 3076 utrum
412 3017 741 3087 fefellerim,
774 3034 851 3073 an
887 3034 1093 3073 verum
1123 3018 1198 3074 sit
1239 3020 1409 3092 quod
1435 3020 1711 3078 dixerim.
1745 3022 1831 3080 Illi
1936 3035 2125 3092 quam
2153 3024 2483 3092 apponeret
2511 3020 2597 3075 ori
2628 3026 2864 3094 potum,
2899 3026 2981 3084 sic
3014 3026 3264 3084 invocat
3289 3028 3614 3094 Dominum

153 3125 304 3178 ergo
336 3112 400 3162 ut
421 3106 704 3162 biberunt
731 3122 801 3162 ac
834 3105 952 3161 vini
984 3122 1263 3178 saporem
1311 3110 1599 3167 veraciter
1628 3126 1830 3168 sense-

150 3203 318 3259 runt,
345 3212 554 3251 vocem
582 3211 722 3251 cum
751 3194 870 3250 ﬁde
896 3194 1163 3252 levantes
1184 3195 1500 3254 dixerunt:
1538 3199 1657 3257 Deo
1681 3216 1828 3272 gra-

151 3288 294 3355 tias,
326 3285 472 3358 quia
500 3288 625 3341 tam
654 3283 886 3340 bonum
914 3284 1125 3341 vinum
1157 3288 1400 3359 tamque
1430 3287 1631 3345 nobile
1657 3289 1828 3346 omni

147 3375 279 3431 vita
306 3377 514 3429 nostra
544 3376 847 3429 transacta
878 3373 1125 3430 minime
1150 3373 1398 3445 contigit
1435 3391 1550 3432 nos
1573 3376 1823 3433 bibisse.

149 3467 276 3521 Hoc
304 3462 473 3536 atqui
517 3462 743 3532 grande
796 3462 1158 3520 miraculum
1186 3479 1310 3520 non
1359 3463 1438 3520 ab
1482 3465 1729 3523 homine
1758 3466 1826 3521 fi-

147 3558 341 3620 ctum,
374 3551 482 3608 sed
512 3551 593 3607 ob
621 3551 903 3625 martyris
929 3553 1210 3608 meritum
1241 3569 1277 3609 a
1308 3570 1549 3610 summa
1577 3554 1822 3612 veritate

151 3641 573 3709 factum,testis
593 3644 681 3697 est
703 3641 1082 3713 Engilmarus
1104 3641 1584 3710 antistes,adhue
1614 3644 1677 3700 in
1708 3644 1821 3702 hac

152 3733 281 3790 vita
303 3730 685 3788 manens.Hic
702 3746 971 3804 quoque,
985 3730 1155 3801 dum,
1169 3730 1508 3788 Ratisbonae
1539 3732 1823 3790 constitu-

149 3828 275 3886 tus,
300 3820 464 3894 apud
484 3823 540 3878 S.
562 3823 1073 3877 Emmerammum
1099 3819 1322 3892 scripta
1340 3836 1491 3877 meae
1507 3822 1821 3894 parvitatis

148 3910 383 3968 videret
394 3915 454 3966 et
471 3909 882 3982 legeretatque
902 3909 1206 3983 probaret,
1233 3907 1329 3965 die
1345 3909 1614 3982 quadam
1656 3915 1821 3968 stans

141 4003 322 4074 juxta
365 4003 615 4073 puteum
646 4016 752 4055 seu
782 3998 1008 4055 fontem
1037 4014 1145 4072 per
1169 4014 1354 4071 quem
1391 3999 1822 4058 recordabatur

148 4091 267 4149 sibi
298 4106 516 4146 sanam
564 4088 706 4146 olim
750 4088 1049 4145 redditam
1085 4087 1271 4144 fuisse
1300 4087 1558 4144 frontem
1587 4091 1823 4148 vocavit

146 4197 270 4248 me,
301 4183 381 4247 et,
411 4177 795 4235 occasionem
825 4193 1073 4233 sumens
1104 4193 1177 4233 ex
1208 4176 1424 4233 eodem
1455 4176 1637 4247 fonte,
1672 4178 1821 4236 dixit

144 4268 319 4343 quod
365 4266 595 4340 scripsi,
627 4266 939 4323 afﬁrmans
985 4266 1100 4322 sub
1150 4264 1558 4324 testiﬁcatione
1607 4267 1820 4326 Christi

144 4374 364 4414 verum
400 4357 516 4413 hoc
540 4372 693 4423 esse,
716 4372 787 4412 ac
816 4371 942 4412 non
970 4355 1031 4412 in
1063 4354 1199 4423 alio,
1232 4354 1340 4411 sed
1382 4355 1445 4411 in
1490 4356 1814 4431 semetipso

147 4448 317 4504 idem
361 4445 643 4517 magnale
686 4449 813 4502 tam
843 4445 1040 4502 veraci
1083 4460 1272 4518 quam
1322 4443 1550 4502 efﬁcaci
1586 4447 1817 4519 experi-

153 4540 363 4592 mento
390 4534 688 4592 didicisse.
715 4558 743 4585 ››

769 4624 1196 4681 Ammonicius.

221 4737 250 4763 ‹‹
289 4712 500 4770 Fidelis
516 4728 714 4769 sermo
740 4717 799 4769 et
818 4712 986 4769 omni
1015 4711 1362 4786 acceptione
1387 4711 1611 4783 dignus
1642 4714 1810 4789 (227),

142 4803 296 4878 quia
323 4801 459 4858 vitis
502 4818 664 4869 vera,
709 4818 846 4875 qua:
904 4801 1168 4859 Christus
1201 4805 1294 4857 est
1337 4800 1482 4873 (228)
1513 4802 1593 4858 ad
1620 4801 1815 4861 decla-

142 4893 345 4951 randa
387 4890 599 4948 merita
647 4890 967 4964 palmitum
1021 4906 1287 4960 suorum,
1321 4889 1389 4949 id.
1441 4895 1530 4948 est
1577 4896 1816 4966 aposto-

140 4983 349 5040 lorum
396 4984 455 5037 et
509 4984 847 5052 martyrum
898 4995 1003 5036 seu
1062 4983 1413 5036 cteterorum
1463 4979 1811 5053 electorum,

141 5069 418 5146 quotidie
472 5069 566 5126 his
623 5073 682 5125 et
736 5068 957 5125 talibus
1013 5068 1320 5125 miraculis
1377 5070 1553 5142 quasi
1618 5086 1812 5127 novas

141 5159 393 5234 nuptias
422 5158 580 5215 facit.
630 5161 777 5215 Ecce
816 5157 1108 5214 memoria
1158 5157 1485 5214 beatissimi
1532 5159 1813 5231 martyris

142 5248 578 5305 Emmerammi
612 5248 770 5318 juste
798 5247 1009 5304 vinum
1058 5262 1168 5319 pro
1199 5261 1361 5319 aqua
1390 5263 1527 5302 cum
1561 5249 1811 5306 sanitate

142 5337 512 5412 propinavit.
553 5337 642 5393 Ab
690 5338 804 5394 hoc
862 5335 1074 5410 procul
1104 5334 1291 5391 dubio
1336 5334 1498 5390 vitali
1539 5352 1814 5409 compro—

138 5427 396 5483 baretur
424 5425 581 5483 facto
610 5441 750 5482 eum
780 5423 1097 5499 quondam
1144 5423 1205 5478 in
1236 5421 1544 5478 Dominica
1588 5425 1810 5497 optimc

242 5536 373 5591 226)
402 5533 531 5591 Alia
551 5533 762 5590 littera.

242 5539 350 5591 226
402 5536 680 5591 Alialitte1

216 5536 373 5679 E227;
401 5607 438 5661 Ι
463 5605 609 5661 Tim.
643 5620 680 5661 1.

592 5695 833 5751 Pauor.
876 5695 1051 5752 CXLI.

1851 4312 1891 4365 Ι)

1939 3108 2163 3200 ubique
2177 3107 2465 3200 tidelibus
2493 3114 2706 3167 notum
2741 3130 2755 3167 :
2787 3116 3043 3173 Domine
3073 3120 3214 3174 Jesu
3244 3119 3491 3196 Christe,
3504 3127 3611 3200 qui

1934 3197 2299 3254 desiderium
2364 3212 2703 3270 pauperum
2770 3202 2927 3259 soles
3014 3207 3330 3280 exaudire,
3397 3197 3611 3278 merita

1935 3286 2214 3359 martyris
2250 3285 2332 3342 tui
2380 3288 2811 3381 Emmerammi
2859 3293 3135 3354 clariﬁca
3161 3298 3223 3355 in
3269 3318 3365 3359 me
3402 3303 3604 3381 hodie,

1933 3376 2038 3469 qui
2085 3375 2371 3469 charitate
2411 3375 2601 3450 ipsius
2652 3382 2708 3436 te
2765 3380 3168 3446 benedicente
3212 3406 3373 3451 nunc
3414 3375 3603 3469 gestio

1932 3468 2090 3524 sitim
2114 3467 2499 3538 restinguere.
2524 3470 2585 3523 Et
2605 3484 2741 3526 ecce
2756 3470 2909 3528 inter
2936 3467 3602 3552 bibendum,nec—dum

1931 3558 2017 3649 ab
2048 3573 2148 3613 ore
2199 3572 2452 3649 manum
2498 3557 2603 3649 qui
2630 3557 2867 3618 biberat
2902 3567 3265 3646 retrahente,
3320 3591 3430 3649 per
3459 3594 3599 3639 eum

1928 3648 2100 3719 cujus
2156 3646 2345 3717 gratia
2395 3647 2584 3704 nescit
2634 3649 2808 3707 tarda
2845 3653 3183 3731 molimina,
3230 3646 3429 3723 soluta
3458 3672 3599 3725 sunt

1929 3736 2205 3793 omnium
2253 3735 2669 3793 membrorum
2717 3740 2847 3811 ejus
2888 3742 3239 3807 retinacula.
3297 3754 3409 3820 Qui
3452 3772 3597 3814 mox

1927 3824 2203 3882 exsiliens
2235 3829 2413 3898 atque
2466 3826 2584 3882 huc
2634 3827 2897 3901 illucque
2952 3832 3313 3908 discurrens,
3369 3846 3593 3914 gratias

1927 3914 2047 3985 egit
2089 3916 2209 3970 Deo
2248 3918 2575 3987 sanctoque
2618 3918 2868 3989 martyri
2908 3920 3374 3984 Emmerammo.
3428 3934 3591 3990 Tunc

1926 4003 2137 4060 incola;
2168 4002 2338 4060 acciti
2368 4003 2643 4074 ejusdem
2671 4006 2935 4062 novitate
2964 4008 3069 4079 rei,
3119 4012 3200 4068 ob
3229 4020 3590 4079 memoriam

1926 4096 2054 4149 tam
2087 4090 2425 4147 excellentis
2454 4090 2748 4160 miraculi,
2778 4092 2841 4149 in
2880 4094 3110 4154 honore
3142 4104 3422 4175 martyris
3448 4123 3588 4164 con-

1927 4183 2273 4237 struxerunt
2318 4178 2631 4236 ecclesiam
2674 4179 2776 4236 ibi.
2822 4184 2940 4239 Hoc
2980 4182 3041 4240 in
3083 4188 3358 4260 partibus
3410 4195 3586 4254 Italiae

1924 4270 2174 4336 factum,
2222 4268 2506 4326 relatione
2550 4269 2865 4340 cujusdam
2898 4271 3093 4331 fratris
3144 4293 3218 4334 ex
3262 4278 3419 4340 laico
3448 4301 3589 4343 con-

1925 4359 2102 4425 versi,
2146 4357 2345 4414 adhuc
2398 4356 2727 4430 puerilibus
2778 4359 2839 4415 in
2895 4363 3069 4420 annis
3118 4366 3329 4427 talium
3383 4388 3587 4433 rerum

1922 4448 2371 4505 curiosissimus
2398 4447 2636 4504 auditor
2661 4451 2928 4524 comperi
2957 4471 2970 4521 ;
3001 4455 3107 4527 qui
3135 4473 3243 4530 per
3280 4463 3586 4521 conﬁden-

1921 4537 2066 4594 tiam
2116 4542 2173 4594 et
2209 4535 2683 4594 consolationem
2729 4540 2914 4612 hujus
2964 4541 3238 4601 beneficii
3291 4548 3353 4603 in
3408 4550 3470 4605 id
3518 4568 3581 4609 se

1921 4632 2313 4700 provocatum
2371 4643 2499 4683 esse
2556 4627 2867 4686 confessus
2918 4636 3007 4687 est
3060 4638 3125 4689 ut
3176 4634 3578 4709 latrocinium,

1919 4716 2082 4790 quod
2135 4717 2261 4788 jam
2294 4732 2401 4789 per
2448 4715 2652 4789 plures
2699 4733 2892 4775 annos
2940 4719 3254 4778 crudeliter
3299 4727 3579 4797 exercuit,

1920 4804 2244 4872 desereret;
2278 4820 2387 4862 nec
2411 4820 2535 4861 non
2562 4805 2726 4878 apud
2756 4812 3029 4864 sanctum
3044 4810 3579 4885 Emmerammum,

1918 4893 2190 4966 lupinam
2237 4892 2626 4966 rapacitatem
2681 4893 3027 4967 deponeret,
3083 4898 3286 4971 sicque
3331 4904 3461 4958 ovis
3506 4920 3580 4962 ex

1918 4983 2064 5056 lupo
2094 5000 2235 5040 cum
2264 4981 2480 5039 ovibus
2525 4980 2736 5038 Christi
2765 4989 3109 5055 pasceretur
3130 4985 3192 5042 in
3217 4989 3356 5046 ovili
3388 4994 3583 5048 Domi-

1920 5070 2077 5128 nico.
2114 5093 2142 5121 ››

2536 5159 2962 5216 Ammouicius.

1993 5274 2019 5300 (ι
2045 5248 2195 5315 Quia
2215 5246 2506 5303 beneﬁcia
2530 5247 2844 5314 Christi,ob
2858 5252 3209 5309 memoriam
3234 5260 3579 5316 sanctorum

1918 5338 2074 5394 illius
2094 5352 2201 5409 per
2221 5335 2425 5392 omnia
2445 5337 2928 5409 propagandam,
2952 5345 3006 5396 et
3031 5358 3066 5397 a
3091 5341 3268 5399 bonis
3290 5347 3578 5404 universis

1918 5427 2091 5483 unice
2121 5424 2624 5499 amplectendam,
2649 5425 2938 5484 hactenus
2957 5429 3240 5489 dictando
3271 5438 3576 5510 utcunque

1991 5534 2137 5609 (228)
2166 5536 2342 5592 Joan.
2376 5552 2470 5591 xv.

3119 5706 3187 5759 34
