3996 6178
434 121 585 177 1067

1500 116 1809 172 ARNOLDI
1852 110 2442 169 EMMERAMMENSIS
2480 112 2789 172 MONACHI

3739 132 3858 185 1068

423 242 974 314 digessisti,noviter
1000 208 1157 298 facta
1184 241 1487 297 bonorum
1504 242 1693 297 sancti
1716 242 2081 295 Emmeram-
2116 238 2162 289 A
2195 234 2414 290 astutia
2436 240 2490 290 et
2507 237 2790 295 calliditas
2821 240 3049 296 cmlitus
3080 242 3375 299 infatuata
3405 252 3522 316 est,
3546 264 3866 320 quo,com-

423 333 507 390 mi
534 332 873 399 minoratio,
906 330 1082 386 simul
1113 333 1169 386 et
1191 330 1599 402 quorumdam
1632 346 1813 403 super
1842 329 1954 383 hoc
1974 327 2081 381 ha-

420 422 546 479 bita
571 407 888 494 querelo'sa
915 419 1351 487 mussitatio,ut
1378 419 1525 474 mihi
1550 419 1933 487 videtur,non
1958 415 2083 469 sine

420 512 647 569 ratione
696 510 960 583 postulat
1005 515 1303 584 quatenus
1350 509 1571 564 dictatu
1620 508 1806 563 vivaci
1858 504 2083 577 aliquid

418 601 557 657 huic
585 599 879 674 opusculo
907 599 1353 671 inseratur,quo
1392 603 1448 655 et
1476 598 1784 654 invasores
1816 594 2085 651 ecclesia-

419 690 700 746 sticarum
753 704 954 745 rerum
1017 687 1481 756 admoneantur,
1532 686 1579 741 si
1634 685 1814 741 velint
1866 699 2082 739 sanum

418 779 589 852 sequi
616 777 953 845 consilium,
978 780 1043 833 ut
1072 776 1424 848 resipiscant
1449 793 1461 829 :
1486 776 1553 830 Et
1584 775 1634 830 si
1663 773 1765 846 qui
1795 774 1977 844 hujus
1999 770 2080 825 rei

414 867 758 924 tortitudine
788 864 1010 922 turbati
1041 869 1178 920 sunt
1207 864 1299 919 vel
1329 862 1985 934 morstiticati,aliquam
2008 875 2080 914 ex

415 957 617 1014 aeterni
643 957 815 1027 Regis
844 954 1193 1012 rectitudine
1230 953 1409 1021 simul
1443 957 1497 1008 et
1527 952 1912 1007 miseratione
1944 967 2082 1006 con-

416 1048 771 1105 solationem
815 1062 876 1101 se
903 1048 1255 1117 accepturos
1285 1043 1411 1098 fore
1442 1041 1689 1097 minime
1716 1041 2011 1097 difﬁdant.
2048 1063 2075 1090 »

1044 1134 1433 1190 Coltectitius.

486 1248 514 1277 «
543 1230 692 1284 Cum
721 1241 933 1281 omnes
958 1223 1063 1296 qui
1107 1222 1403 1294 sapientia
1444 1226 1789 1278 sanctorum
1819 1220 2078 1276 abutun-

414 1322 529 1389 tur,
559 1315 771 1392 procul
799 1315 987 1370 dubio
1012 1317 1114 1369 aut
1144 1312 1239 1369 hic
1272 1318 1375 1369 aut
1403 1313 1463 1367 in
1496 1314 1693 1368 futuro
1727 1306 2074 1385 puniantur,

412 1404 865 1481 compescendee
933 1407 1071 1458 sunt
1137 1401 1547 1458 immoderata:
1612 1400 2074 1470 mussitationes,

407 1497 628 1573 partim
656 1493 993 1551 clanculum
1013 1492 1287 1565 querelas
1306 1489 2074 1561 concinentium,partimve

2195 324 2365 377 muni
2415 328 2658 383 consilio
2711 346 2779 383 ex
2815 331 3161 386 adversaria
3212 338 3379 404 parte
3438 333 3739 392 inductus
3783 347 3871 395 aut

2194 410 2555 469 subornatus
2580 416 3047 487 quidamjudex,
3073 421 3319 475 nomine
3338 423 3568 494 Otpolt,
3600 426 3783 497 cujus
3802 428 3870 482 Ιορ

2191 501 2480 572 quacitati
2509 504 2585 558 ad
2617 511 2756 561 tunc
2788 509 3072 579 temporis
3112 509 3301 565 multa
3332 514 3871 571 committebantur

2192 604 2227 644 a
2258 591 2477 655 multis,
2511 610 2617 648 nec
2652 595 2823 650 sciret
2846 613 2957 651 nec
2990 603 3191 667 posset
3214 600 3498 668 judicare
3532 604 3869 676 quidquam

2190 680 2358 751 quod
2388 684 2571 737 sancti
2606 687 3032 741 Einmerammi
3059 689 3149 742 vel
3179 695 3456 746 nostram
3490 692 3729 749 laedere
3760 698 3870 767 qui-

2190 774 2277 823 ret
2306 786 2579 828 causam.

2263 881 2292 907 ‹‹
2326 861 2490 916 Unde
2523 867 2597 931 et,
2630 881 2663 918 a
2690 864 2999 920 defensore
3042 873 3243 922 nostro
3270 870 3526 941 publice
3577 872 3873 929 mendacii

2189 952 2243 1003 et
2288 949 2558 1006 falsitatis
2590 958 2849 1023 notatus,
2882 956 3133 1028 praebuit
3164 959 3363 1013 multis
3398 960 3872 1020 admirationem

2188 1054 2328 1093 cum
2384 1040 2795 1099 additamento
2848 1045 3094 1102 timoris.
3140 1049 3354 1103 Verum
3420 1067 3499 1105 ne
3552 1053 3874 1123 przedictus

2188 1130 2385 1184 Bruno
2434 1131 2754 1203 episcopus
2815 1139 2933 1189 tam
2989 1136 3299 1208 probrosae
3331 1141 3700 1198 confusioni
3761 1162 3873 1200 suc-

2185 1218 2471 1274 cumbere
2503 1221 2798 1277 videretur
2815 1240 2951 1279 cum
2984 1225 3104 1280 suis
3121 1227 3870 1303 astipulatoribus,rogatu

2184 1305 2343 1361 illius
2374 1307 2674 1378 palatinus
2716 1317 3043 1367 conventus
3088 1319 3174 1369 est
3207 1317 3564 1375 Ratisbonae
3598 1322 3867 1381 habitus.

2183 1396 2359 1465 quasi
2405 1396 2523 1451 illic
2582 1400 2967 1456 annularetur
2996 1402 3353 1460 miraculum
3390 1409 3569 1479 quod
3608 1412 3867 1481 contigit.

2187 1482 2299 1537 Sed
2329 1483 2507 1553 longe
2537 1486 2703 1541 aliter
2733 1505 2825 1543 res
2855 1490 3067 1546 eadem
3097 1493 3321 1548 exitum
3354 1496 3869 1571 habuit,quando

410 1587 728 1645 manifesto
752 1600 821 1641 ac
854 1581 1109 1656 simplici
1140 1597 1415 1636 sermone
1442 1580 1795 1635 dicentium:
1823 1582 2075 1635 Sanctus
2106 1594 2146 1648 Β
2182 1575 2377 1627 totum
2419 1576 2758 1643 concilium,
2803 1580 2969 1650 quod
2998 1580 3081 1635 ibi
3112 1582 3432 1638 collectum
3466 1586 3610 1659 funt,
3672 1590 3867 1645 nolens

409 1680 895 1734 Emmerammus
927 1687 1089 1727 nunc
1120 1668 1360 1739 dormit,
1410 1670 1511 1741 qui
1544 1669 1706 1723 bona
1738 1683 1846 1722 sua
1898 1667 2073 1738 quasi

408 1783 533 1824 non
564 1781 675 1820 sua
716 1762 831 1818 sibi
873 1760 1117 1831 suisque
1146 1757 1415 1813 subtrahi
1446 1756 1681 1829 perfert.
1711 1755 1939 1821 Quibus
1967 1772 2074 1827 per

411 1857 687 1912 sensatos
746 1854 803 1906 et
852 1848 1179 1922 prudentes
1236 1846 1397 1902 viros
1460 1846 1567 1900 erit
1624 1845 2070 1914 suggerendum

408 1948 588 2017 atque
618 1938 981 1996 dicendum:
1019 1939 1163 1991 Ecce
1205 1950 1328 1991 non
1375 1934 1657 1990 dormitat
1683 1934 1785 2006 qui
1814 1934 2075 1989 custodit

407 2032 589 2091 Israel
618 2028 1063 2103 (228').lnsuper
1088 2025 1276 2081 ethoc
1306 2028 1610 2096 nostrapte
1640 2022 2069 2093 adjiciendum,

408 2124 553 2199 quia
591 2120 756 2177 bona
805 2115 995 2173 sancti
1044 2113 1496 2183 Emmerammi,
1542 2129 1679 2185 quae
1726 2129 1861 2168 vere
1910 2112 2073 2169 bona

409 2215 569 2279 sunt,
623 2224 735 2265 nec
766 2205 879 2261 sibi
919 2203 1191 2259 subtrahi
1218 2219 1329 2259 nec
1361 2202 1483 2257 suis
1526 2202 1905 2257 consortibus
1950 2202 2070 2257 ullo

405 2302 590 2360 modo
646 2296 838 2354 minui
879 2298 1155 2368 possunt.
1216 2294 1331 2348 Ista
1372 2308 1511 2347 vero
1550 2308 1686 2363 quae
1736 2291 2070 2348 secundum

408 2390 698 2449 saeculum
740 2386 1041 2456 dicuntur,
1096 2383 1280 2452 bona,
1320 2381 1857 2454 quantulacunque
1908 2387 2068 2452 sunt,

406 2481 553 2557 quia
580 2494 703 2536 non
731 2475 949 2532 fuerint
984 2474 1298 2544 hucusque
1343 2476 1508 2527 extra
1548 2488 1755 2527 curam
1806 2476 1842 2527 »ι
1871 2476 2068 2527 custo-

407 2572 573 2629 diam
626 2564 853 2624 summi
894 2562 1151 2619 Pastoris
1183 2565 1240 2616 et
1285 2560 1578 2631 Custodis,
1634 2578 1743 2615 nec
1772 2577 1895 2616 non
1941 2561 2069 2631 ejus

405 2659 814 2738 provisionem
848 2652 1046 2710 dilecti
1071 2652 1371 2723 martyris,
1400 2668 1471 2705 ex
1498 2651 1759 2722 antiquis
1787 2651 2068 2722 tempori-

404 2753 522 2809 bus
551 2763 675 2806 non
695 2746 891 2801 solum
911 2740 1280 2807 mirabiliter,
1308 2739 1414 2794 sed
1441 2740 1619 2795 etiam
1648 2739 1869 2795 fortiter
1897 2740 2069 2794 innu-

407 2839 588 2898 meris
634 2832 952 2891 virtutibus
981 2829 1349 2885 declaratum
1381 2828 1742 2893 audivimus,
1790 2828 2066 2898 legimus,

405 2928 694 2986 vidimus.
726 2925 766 2978 E
798 2920 1022 2994 quibus
1050 2920 1127 2975 ad
1158 2933 1319 2973 nunc
1350 2917 1631 2989 temporis
1662 2918 2068 2974 necessarium

407 3033 601 3075 unum
657 3010 885 3085 grande
941 3008 1321 3075 miraculum,
1370 3023 1480 3080 pro
1525 3007 1937 3077 magnitudine
1977 3009 2069 3063 sui

404 3106 583 3166 valde
635 3103 785 3159 inter
814 3098 1134 3173 optimates
1166 3101 1345 3169 atque
1374 3095 1640 3169 plebeios
1670 3095 1947 3151 homines
1981 3096 2066 3151 di-

404 3196 719 3268 vulgatum
764 3187 995 3245 utilitati
1024 3185 1348 3258 legentium
1394 3184 1734 3255 consulens,
1765 3186 1984 3257 paritcr
2011 3190 2067 3240 et

384 3280 698 3345 exactioni
725 3284 965 3337 tuarum
992 3277 1349 3351 petitionum
1381 3274 1773 3345 satisfaciens,
1804 3274 1931 3329 istic
1978 3275 2065 3330 in-

402 3379 638 3436 nectere
676 3368 923 3427 curabo.

477 3490 505 3516 ‹‹
536 3458 930 3534 Temporibus
958 3455 1159 3528 itaque
1183 3452 1412 3509 Henrici
1430 3453 1512 3507 Pii
1534 3454 1783 3524 Augusti
1799 3458 1855 3509 et
1872 3454 2063 3526 impe-

400 3552 616 3612 ratoris
648 3546 869 3614 eximii,
912 3544 1114 3600 multis
1142 3542 1322 3598 rebus
1351 3558 1423 3596 ex
1451 3542 1754 3614 episcopio
1799 3543 2065 3599 Ratisbo-

402 3641 581 3701 nensi
628 3655 735 3715 per
786 3632 1147 3692 incautelam
1199 3631 1465 3704 perditis,
1498 3635 1555 3687 et
1608 3631 1682 3687 de
1735 3632 1978 3689 abbatia
2005 3637 2060 3691 S.

402 3724 851 3792 Emmerammi,
884 3722 964 3779 ob
995 3717 1463 3776 controversiam
1494 3718 1772 3792 Episcopi
1801 3725 1858 3776 et
1881 3720 2065 3777 abba-

401 3824 496 3893 tis,
527 3818 803 3897 pluribus
842 3812 1020 3870 bonis
1077 3808 1458 3883 pessundatis
1511 3813 1690 3882 atque
1735 3809 2058 3883 dissipatis,

400 3911 648 3984 contigit
672 3912 739 3965 ut
769 3902 1054 3961 dominus
1086 3903 1304 3963 Bruno,
1337 3915 1664 3970 germanus
1694 3898 1872 3956 frater
1899 3902 2061 3971 ejus-

401 4006 544 4062 dem
587 3992 986 4073 imperatoris,
1019 3990 1133 4046 sub
1164 3989 1482 4046 occasione
1505 3988 1657 4060 juris
1704 3988 2062 4047 haereditarii

399 4096 652 4152 tentaret
708 4085 821 4143 sibi
869 4081 1173 4141 vindicare
1226 4079 1669 4153 possessionem
1722 4084 1780 4135 et
1833 4085 2081 4138 curtem-

400 4199 538 4257 quaa
562 4180 745 4250 vulgo
774 4173 990 4231 dicitur
1027 4170 1346 4240 Enterhof,
1378 4170 1439 4225 id
1468 4174 1573 4238 est,
1611 4171 1822 4226 veneni
1836 4174 2058 4229 atrium

400 4278 456 4330 et
486 4270 695 4338 curtis,
750 4265 852 4320 sed
899 4260 1224 4317 secundum
1272 4274 1363 4315 eos
1403 4260 1510 4332 qui
1554 4260 1789 4315 altioris
1837 4262 2063 4331 ingenii

398 4365 537 4420 sunt
556 4364 609 4416 et
631 4366 876 4429 qquue
896 4350 1259 4421 ingeniosius
1276 4352 1708 4420 quwrunmpes
1728 4351 1982 4420 aet/iens,
1996 4352 2059 4406 id

399 4456 485 4509 est
514 4447 667 4515 creti,
693 4457 812 4499 non
843 4440 1327 4497 inconvenienter
1351 4437 1472 4492 dici
1490 4441 1706 4507 potest,
1728 4439 1915 4507 juxta
1949 4439 2058 4495 hoc

399 4538 558 4614 quod
583 4534 955 4595 Saxonicum
994 4530 1216 4585 idioma
1248 4528 1635 4583 Teutonizare
1662 4528 1826 4583 solet.
1870 4528 2057 4583 Saxo-

397 4647 499 4689 nes
531 4628 685 4686 enim
734 4638 895 4693 spem
944 4626 1007 4675 ut
1040 4617 1498 4687 separationem,
1551 4616 1735 4686 hujus
1783 4618 2058 4673 vocabuli

396 4720 635 4777 nomine
673 4712 928 4784 ﬁnitimo
960 4707 1219 4765 vocitare
1244 4710 1520 4760 suescunt
1566 4706 1735 4776 (2'29).
1769 4704 1877 4770 Qui
1905 4705 2054 4763 dum

393 4805 634 4882 publice
665 4802 874 4859 contra
916 4795 1178 4851 edictum
1227 4793 1473 4850 Caesaris
1522 4792 1640 4847 vim
1672 4792 1885 4848 inferre
1930 4810 2055 4850 non

396 4896 643 4955 auderet
681 4888 863 4947 rebus
914 4882 1342 4951 ecclesiasticis,
1376 4882 1619 4940 tandem
1667 4899 1740 4937 ex
1778 4882 2053 4939 consulto

394 4986 457 5042 in
481 4984 546 5042 id
592 4984 841 5039 ventum
871 4978 957 5031 est
987 4977 1071 5041 ut,
1116 4972 1179 5027 in
1215 4970 1348 5028 loco
1390 4973 1495 5045 qui
1540 4971 1754 5027 dicitur
1790 4972 2050 5042 ZEtinga,

394 5088 576 5147 super
625 5061 1046 5141 hujuscemodi
1094 5077 1157 5117 re
1212 5061 1533 5117 haberetur
1587 5060 1876 5133 placitum
1934 5062 2052 5117 sive

386 5160 671 5239 judiciale
715 5152 1101 5227 colloquium.
1133 5152 1196 5207 In
1253 5166 1397 5224 quo,
1420 5150 1701 5206 omnibus
1744 5150 2051 5222 judicibus

393 5252 489 5309 vel
518 5245 970 5308 scabinionibus
1000 5241 1104 5315 qui
1130 5240 1192 5317 in
1223 5240 1418 5297 eodem
1447 5241 1733 5296 comitatu
1764 5246 1937 5297 erant
1953 5258 2052 5312 pe-

394 5342 577 5400 cunia
605 5336 923 5406 corruptis,
957 5348 1027 5388 ac
1058 5332 1194 5387 aliis
1221 5328 1364 5401 (230)
1390 5329 1664 5385 alicunde
1686 5329 1746 5385 in
1769 5329 1829 5384 id
1851 5329 2051 5402 ipsum

394 5428 669 5488 mercede
728 5420 1060 5489 conductis,
1127 5419 1210 5476 ita
1274 5418 1545 5474 omnium
1611 5419 2052 5475 causidicorum

486 5537 635 5609 228‘)
648 5533 826 5609 iPsat.
857 5544 987 5609 cxx.
1027 5596 1062 5609 ν

486 5540 635 5609 228')
660 5540 826 5590 Psat.
857 5544 987 5608 cxx.
1053 5597 1062 5608 _

462 5540 615 5681 i229)
645 5608 712 5660 In
739 5619 852 5659 ms.
882 5598 1000 5657 alia
1027 5596 1236 5655 httera.

2184 1661 2393 1716 volens
2440 1663 2658 1721 divinae
2688 1668 2975 1724 voluntati
3004 1671 3221 1742 paruit.
3257 1676 3409 1728 Nam
3452 1676 3521 1731 in
3557 1678 3708 1734 auia
3729 1680 3868 1749 judi-

2185 1750 2317 1805 ciali
2365 1753 2718 1824 praesidente
2753 1758 3000 1813 Henrico
3047 1759 3202 1815 duce
3257 1777 3401 1817 cum
3458 1766 3865 1837 Chunigunda

2182 1838 2580 1911 imperatrice,
2611 1860 2722 1899 sua
2753 1846 2968 1902 scilicet
3002 1863 3223 1916 sorore,
3258 1865 3370 1906 nec
3402 1869 3539 1909 non
3572 1856 3865 1913 subselliis

2184 1944 2219 1983 a
2250 1930 2387 1984 viris
2419 1933 2835 1989 consularibus
2879 1937 3001 1991 sive
3030 1938 3373 2006 comitibus,
3406 1942 3502 1998 uti
3553 1962 3694 2001 mos
3736 1949 3865 2003 auli-

2184 2033 2291 2073 cus
2335 2022 2629 2093 poposcit,
2679 2025 2943 2091 assessis,
3002 2042 3110 2097 per
3138 2031 3324 2083 totam
3379 2032 3631 2089 curiam
3675 2038 3865 2091 audie

2182 2106 2362 2163 batur
2388 2127 2501 2166 vox
2532 2118 2737 2168 contra
2779 2120 3051 2170 sanctum
3086 2119 3627 2179 Emmerammum
3680 2135 3864 2198 partes

2182 2199 2449 2272 episcopi
2480 2202 2822 2269 foventium,
2858 2205 3034 2260 simul
3066 2210 3122 2261 et
3151 2208 3495 2266 dicentium
3531 2215 3709 2285 quod
3738 2218 3863 2271 Bm-

2181 2288 2350 2352 noni,
2380 2294 2582 2361 utpote
2611 2295 2731 2346 tam
2764 2294 2982 2365 amplae
3009 2299 3066 2349 et
3090 2299 3318 2367 potenti
3352 2314 3674 2371 personae,
3698 2322 3863 2360 nemo

2180 2382 2383 2449 posset
2411 2380 2678 2435 resistere
2730 2382 2877 2453 quin
2928 2383 3023 2439 illa
3073 2384 3169 2439 die
3218 2390 3510 2446 omnium
3548 2394 3785 2463 judicio
3812 2397 3860 2449 in

2179 2465 2467 2522 ditionem
2517 2469 2646 2539 ejus
2696 2471 2923 2527 veniret
2973 2473 3289 2544 praefatum
3335 2481 3681 2551 praedium,
3709 2484 3858 2556 quod

2180 2555 2317 2611 avia
2356 2558 2505 2627 ejus,
2564 2560 2805 2615 nomine
2855 2562 3074 2629 Judita,
3106 2564 3300 2620 Norici
3352 2570 3535 2639 regni
3598 2555 3856 2628 videlicet

2179 2645 2419 2702 ducissa
2452 2651 2665 2704 Sancto
2706 2654 3149 2709 Emmerammo
3188 2671 3301 2726 pro
3343 2676 3411 2714 se
3448 2662 3709 2736 suisque
3736 2666 3857 2719 ﬁliis

2179 2736 2528 2793 Hulduwico
2569 2746 2744 2812 atque
2805 2743 3056 2798 Henrico
3110 2744 3270 2800 velut
3319 2750 3607 2819 regalem
3656 2755 3854 2810 ﬁscum

2178 2826 2441 2893 tradidit,
2499 2844 2569 2883 eo
2619 2830 2835 2886 scilicet
2888 2837 3090 2888 tenore
3128 2838 3213 2901 ut,
3280 2837 3327 2891 si
3386 2841 3726 2915 episcopus
3776 2845 3855 2898 vel

2098 2949 2138 3001 Ο
2180 2915 2383 2988 aliqua
2422 2922 2635 2988 potens
2665 2936 2921 2993 persona
2952 2923 3228 2978 eamdem
3274 2932 3522 2983 curtem
3554 2940 3855 3005 usurparet

2178 3005 2267 3060 vel
2320 3005 2528 3061 usibus
2581 3010 3021 3066 monachorum
3076 3012 3492 3087 subtraheret,
3558 3022 3759 3077 statim
3802 3024 3851 3076 in

2170 3094 2270 3164 jus
2318 3094 2627 3151 hirredum
2658 3115 2904 3154 suorum
2933 3106 3342 3159 reverteretur.
3386 3108 3564 3163 Hanc
3624 3127 3850 3183 quoque

2178 3184 2529 3240 sententiam
2569 3194 3026 3260 praeposuerunt
3072 3191 3310 3261 judices
3373 3201 3571 3269 atque
3611 3200 3848 3272 optima-

2178 3279 2283 3344 tes,
2342 3273 2711 3331 afﬁrmantes
2746 3278 3078 3334 traditionis
3117 3281 3729 3354 complacitationem
3752 3289 3844 3344 hu-

2171 3364 2339 3434 jusce
2394 3380 2428 3420 a
2483 3366 2834 3423 Gebehardo
2889 3369 3342 3443 lmbripolitano
3402 3377 3679 3435 antistite
3730 3380 3842 3435 vio-

2174 3453 2357 3509 latam
2391 3470 2543 3509 esse.
2596 3459 2754 3512 Tunc
2801 3473 2836 3513 a
2893 3458 3141 3515 domino
3188 3464 3502 3536 Brunone,
3551 3485 3839 3524 consensu

2174 3543 2477 3616 principis,
2504 3550 2667 3602 extra
2688 3548 2916 3603 curiam
2939 3551 3191 3606 evocatis
3213 3552 3591 3624 primatibus
3609 3574 3827 3612 summa

2173 3633 2513 3705 eloquentia
2555 3637 2837 3708 praeditis,
2870 3644 2927 3695 et
2975 3638 3102 3695 aliis
3142 3641 3461 3711 judicibus
3514 3647 3828 3714 causidicis,

2165 3722 2317 3792 juris
2343 3723 2545 3795 peritis
2575 3726 2635 3780 in
2671 3727 2761 3781 sui
2794 3744 3043 3784 causam
3073 3730 3295 3798 excitis,
3326 3737 3671 3808 omnigena
3699 3737 3835 3793 calli-

2171 3814 2351 3869 ditate
2384 3815 2477 3869 vel
2510 3816 2727 3871 astutia
2758 3816 2898 3872 foris
2924 3820 3351 3878 suntinstructi
3378 3826 3505 3881 sive
3532 3827 3836 3902 praeparati

2170 3903 2276 3976 qui
2328 3904 2512 3977 partis
2544 3905 2697 3960 illius
2737 3906 3115 3964 defensiones
3153 3910 3315 3966 intus
3369 3912 3592 3983 forent,
3626 3924 3693 3973 ut
3738 3917 3837 3972 sibi

2170 3993 2507 4062 videbatur,
2532 4000 2955 4064 argumentose
2984 3999 3305 4069 recitaturi,
3321 4003 3497 4061 nihili
3516 4008 3840 4079 pendentes

2168 4083 2337 4156 quod
2385 4084 2671 4156 scriptum
2729 4090 2857 4140 est:
2932 4090 3059 4143 Non
3112 4093 3202 4144 est
3250 4093 3573 4151 consilium
3639 4102 3845 4153 contra

2171 4174 2512 4239 Dominum,
2548 4173 2649 4245 qui
2679 4174 2845 4231 novit
2874 4176 3058 4233 corda
3087 4178 3410 4237 hominum
3458 4184 3626 4255 (231).
3661 4188 3845 4242 Cum—

2168 4278 2306 4335 que,
2348 4263 2722 4331 introgressis
2776 4265 3081 4335 omnibus,
3140 4277 3494 4340 perventum
3539 4280 3697 4329 esset
3753 4277 3842 4331 ad

2166 4351 2367 4407 locum
2399 4356 2454 4407 et
2484 4356 2719 4423 tempus
2748 4353 2809 4407 in
2836 4371 2956 4427 quo
2988 4359 3341 4415 excusanda
3361 4366 3475 4415 erat
3499 4360 3732 4417 falsitas
3778 4370 3843 4421 et

2165 4440 2393 4496 malitia
2442 4440 2691 4496 forensis
2736 4442 2932 4510 iudicii
2966 4449 3019 4499 et
3048 4448 3228 4517 quasi
3273 4449 3595 4506 obtinenda
3621 4451 3845 4509 trium-

2165 4529 2359 4601 phalis
2402 4528 2605 4600 palatii
2657 4528 2916 4599 dignitas
2950 4550 2962 4598 ;
3020 4549 3144 4589 non
3177 4536 3377 4593 solum
3408 4539 3513 4610 qui
3559 4539 3841 4598 falsitatis

2165 4621 2339 4673 antea
2369 4616 2476 4671 fuit
2504 4621 2762 4684 notatus,
2790 4619 3096 4675 convictus
3129 4628 3217 4678 est
3238 4641 3378 4681 reus
3400 4643 3529 4683 esse
3557 4629 3836 4700 ejusdem

2164 4706 2520 4768 abdictatus.
2553 4707 2657 4761 sed
2687 4707 2866 4763 etiam
2897 4710 3167 4767 omnium
3215 4719 3530 4773 contrariae
3562 4721 3725 4792 parti
3754 4722 3836 4777 fa-

2162 4796 2429 4851 ventium
2488 4812 2593 4852 ora
2644 4797 2724 4851 ita
2777 4798 2987 4853 virtute
3046 4800 3269 4858 caelesti
3326 4811 3469 4861 sunt
3530 4809 3745 4867 clausa
3786 4816 3839 4866 et

2161 4888 2414 4956 mutata,
2441 4890 2503 4940 ut
2530 4884 2728 4941 nullus
2754 4890 2837 4942 tot
2865 4887 3105 4958 ingenio
3123 4890 3476 4951 callentium
3504 4903 3614 4953 aut
3638 4906 3834 4971 posset

2161 4974 2357 5030 dicere
2383 4975 2549 5049 quod
2585 4992 2791 5031 secum
2813 4976 2940 5048 ipse
2967 4978 3288 5048 cogitando
3321 4983 3707 5057 deliberavit,
3740 4993 3833 5045 aut

2160 5062 2271 5119 fari
2302 5065 2493 5137 quiret
2523 5066 2685 5137 quod
2720 5065 2798 5121 ab
2831 5065 2960 5121 aliis
3004 5067 3064 5122 in
3110 5084 3324 5127 aurem
3372 5079 3829 5134 susum-antibus

2161 5151 2485 5208 dicendum
2519 5153 2765 5226 accepit.
2783 5156 2930 5209 Tum
2962 5154 3126 5210 omni
3159 5165 3397 5231 senatu,
3422 5163 3528 5235 qui
3553 5165 3828 5239 frequens

2160 5247 2540 5313 convenerat,
2572 5242 2650 5297 ob
2677 5243 3035 5298 miraculum
3066 5245 3599 5309 evidentissimum
3626 5256 3689 5311 in
3719 5257 3831 5311 lau-

2159 5328 2297 5384 dem
2320 5331 2531 5386 Christi
2559 5337 2907 5404 provocato,
2937 5349 3044 5404 per
3072 5338 3259 5390 totam
3280 5340 3517 5397 curiam
3558 5346 3683 5400 Deo
3713 5361 3831 5414 gra-

2159 5417 2270 5473 tias
2296 5419 2523 5475 clamor
2552 5420 2791 5474 humilis
2820 5426 2875 5475 et
2898 5437 3031 5475 vere
3060 5421 3387 5481 laudabilis
3437 5434 3824 5502 personabat,

2231 5528 2371 5597 (230)
2414 5527 2545 5583 Alia
2571 5527 2780 5583 littera.

2230 5598 2376 5669 (231)
2412 5602 2594 5656 Prov.
2620 5616 2741 5655 xxr.
