3984 6180
271 142 410 196 1069

939 137 944 141 ’
1042 146 1133 199 DE
1172 145 1545 201 MlBACULlS
1586 143 1642 199 S.
1686 136 2101 197 EMMERAMMI
2142 140 2325 197 LIBRI
2364 144 2527 201 DUO.
2568 177 2638 187 —
2676 149 2804 205 LIB.
2846 150 2912 205 Il.

3543 160 3683 219 {070

256 279 368 319 nec
398 280 522 320 non
564 264 893 322 beatissimi
944 268 1221 338 martyris
1254 265 1680 323 Emmerammi
1706 264 1915 321 laudes
1946 264 1990 317 A
2029 265 2285 335 speravit
2330 268 2536 326 anima
2567 286 2704 328 mea
2732 272 2794 327 in
2823 272 2955 346 ipso
2984 275 3153 348 (232).
3186 278 3378 344 Quam
3405 284 3683 342 consola-

256 352 608 408 altrinsecus
661 355 1050 411 exaltantium
1104 373 1380 412 murmur
1426 356 1683 412 amabile
1741 369 1916 409 aures

253 441 652 497 multitudinis
700 445 1133 500 reverberabat.
1172 446 1325 501 Inter
1352 463 1507 518 quos
1539 445 1791 518 quidam
1822 459 1918 498 co-

255 545 384 586 mes
412 530 501 585 vir
530 530 800 587 famosus
826 532 887 589 in
928 534 1263 591 Christiana
1292 535 1597 603 religione,
1629 534 1917 589 Eberhar-

255 619 370 675 dus
398 621 662 681 nomine.
696 622 877 679 fertur
922 624 1141 680 dixisse
1170 643 1181 680 :
1228 628 1369 680 Ecce
1400 629 1517 681 Rex
1548 640 1761 694 regum
1793 639 1918 679 ma-

251 708 469 764 nifeste
512 710 759 766 destruit
802 712 940 783 jura
988 714 1438 770 mundanarum
1491 713 1712 784 legum.
1760 712 1916 767 Bene

257 798 464 855 omnia
490 814 649 856 nunc
691 806 747 856 et
791 818 1031 875 semper
1081 802 1213 857 fecit
1239 808 1295 859 et
1320 802 1477 871 facit,
1505 803 1608 875 qui
1640 801 1917 874 superbis

254 888 489 954 resistit,
531 904 599 944 ac
650 890 978 946 humilibus
1016 891 1268 962 gratiam
1313 892 1498 947 dabit.
1540 895 1701 947 Tunc
1730 891 1917 946 domi-

252 992 370 1031 nus
402 977 600 1033 Bruno
643 978 867 1047 ingenti
920 980 1126 1035 timore
1158 986 1485 1053 correptus,
1520 981 1641 1036 imo
1666 997 1773 1052 per
1794 981 1916 1037 vim

252 1082 529 1138 supernis
557 1068 788 1123 virtutis
821 1070 972 1125 adeo
1023 1076 1112 1125 est
1159 1071 1386 1126 interne
1428 1071 1666 1126 sibimet
1708 1069 1912 1126 subre—

249 1159 412 1227 ptus,
443 1172 565 1229 quo
596 1173 715 1212 non
746 1159 942 1214 solum
973 1159 1072 1214 illa
1103 1160 1197 1214 die
1228 1176 1432 1215 coram
1461 1159 1834 1232 principibus
1860 1163 1916 1215 et

252 1245 480 1317 populo
498 1246 846 1304 humiliatus
878 1248 1232 1318 frigesceret,
1260 1249 1521 1315 sudaret,
1545 1248 1911 1323 pallesceret,

256 1333 358 1389 sed
386 1334 566 1390 etiam
592 1336 747 1393 intra
776 1338 1105 1393 domestica
1140 1338 1361 1393 mmnia
1392 1339 1505 1394 sub
1538 1339 1750 1409 grandi
1778 1338 1912 1393 vitae

251 1439 373 1477 sure
416 1424 679 1496 periculo
732 1426 1068 1498 proximam
1098 1434 1336 1484 noctem
1369 1429 1709 1484 insomnem
1739 1425 1916 1481 duce-

246 1516 353 1567 ret.
388 1512 583 1569 Altera
611 1519 810 1570 autem
842 1516 959 1585 die,
993 1534 1131 1572 cum
1158 1518 1285 1588 jam
1319 1518 1409 1573 sol
1440 1516 1789 1573 illustrasset
1816 1532 1912 1571 or-

247 1598 411 1665 bem,
431 1602 777 1674 poenitentia
802 1603 1155 1675 etlacrymis
1174 1606 1473 1679 expellens
1495 1605 1768 1661 tenebras
1789 1620 1911 1676 quo
1942 1620 1983 1675 Β

248 1688 537 1761 deceptus
571 1697 697 1746 erat
726 1693 961 1759 erroris,
990 1711 1126 1749 cum
1154 1695 1455 1751 oblatione
1482 1712 1543 1750 se
1574 1696 1748 1750 beato
1783 1696 1910 1749 Em-

249 1796 588 1835 merammo
641 1785 1042 1854 prtesentavit.
1086 1785 1388 1841 humiliter
1438 1785 1719 1842 fratribus
1772 1784 1913 1840 deli-

249 1872 414 1923 ctum
447 1886 625 1925 suum
653 1872 987 1940 confessus,
1019 1879 1197 1945 atque
1231 1875 1379 1930 inter
1424 1875 1747 1930 memorias
1778 1889 1910 1929 san-

251 1961 485 2013 ctorum
514 1960 769 2029 nudipes
815 1962 1168 2025 incedendo,
1199 1967 1322 2018 tam
1350 1963 1717 2019 laboriosam
1755 1966 1905 2018 inte-

248 2045 363 2102 rim
392 2049 870 2105 exercitationem
916 2067 1258 2123 perpessus,
1290 2056 1354 2106 ut
1397 2052 1633 2107 nullum
1663 2069 1735 2108 ex
1782 2068 1908 2107 om-

244 2134 423 2188 nibus
450 2135 737 2192 altaribus
753 2154 887 2209 quae
905 2140 1067 2212 apud
1091 2156 1202 2195 nos
1229 2140 1543 2196 abundant
1558 2140 1905 2214 praetermit-

243 2226 388 2279 teret
412 2225 505 2279 cui
536 2227 778 2299 propria
808 2245 995 2283 manu
1019 2230 1249 2285 donum
1278 2246 1399 2285 non
1418 2230 1770 2303 imponeret.
1803 2234 1904 2286 De-

243 2329 415 2369 mum
458 2319 592 2369 ante
625 2333 791 2372 aram
824 2318 1135 2374 clarissimi
1180 2321 1415 2392 patroni
1447 2322 1631 2376 nostri
1659 2338 1720 2376 se
1752 2321 1904 2377 ultra

242 2417 350 2457 nec
380 2401 459 2457 illi
491 2420 685 2475 neque
726 2405 849 2460 suis
882 2406 1111 2480 aliquid
1144 2409 1285 2464 mali
1329 2409 1648 2477 facturum,
1682 2427 1789 2465 seu
1818 2427 1903 2465 re-

239 2489 353 2545 bus
382 2491 646 2548 ecclesia:
678 2494 863 2550 ullam
892 2495 1013 2550 vim
1045 2496 1351 2552 illaturum
1394 2515 1533 2553 cum
1559 2499 1903 2568 juramento

241 2579 496 2648 devovit,
526 2598 636 2637 nec
680 2599 802 2638 non
836 2584 948 2639 sub
983 2586 1228 2640 testibus
1260 2586 1654 2643 conﬁrmavit.
1687 2588 1902 2643 Vinum

240 2686 502 2742 quoque,
536 2671 699 2744 quod
732 2672 993 2743 partium
1039 2691 1289 2729 suarum
1320 2675 1652 2732 fautoribus
1673 2677 1735 2731 in
1767 2693 1903 2733 con-

240 2758 399 2815 vivio
447 2778 509 2816 se
538 2762 825 2819 daturum
865 2766 1211 2839 spopondit,
1246 2766 1419 2821 nobis
1463 2784 1573 2840 pro
1618 2767 1901 2823 charitate

240 2847 421 2917 dedit,
453 2855 633 2924 atque
662 2853 848 2909 vitam
880 2871 1055 2910 suam
1086 2855 1475 2912 intentissime
1506 2857 1758 2913 orationi
1790 2857 1903 2913 fra-

242 2942 422 2994 ternae
454 2942 920 2999 commendavit.
939 2967 968 2992 »

845 3033 1272 3091 Ammonicz'us.

314 3117 547 3174 «Mirari
571 3120 712 3175 satis
742 3136 979 3194 nequeo
1005 3139 1138 3195 quae
1168 3129 1332 3180 tanta
1359 3124 1431 3180 sit
1459 3125 1677 3181 duritia
1703 3125 1898 3182 cordis

240 3207 299 3263 in
330 3208 641 3265 aversione
670 3212 1032 3277 mortalium,
1058 3215 1173 3269 ista
1204 3221 1260 3271 et
1280 3216 1630 3286 hujusmodi
1653 3233 1900 3288 magna-

238 3296 316 3354 lia
364 3297 690 3355 videntium
739 3305 795 3356 et
845 3302 1237 3369 audientium,
1274 3308 1337 3361 ut
1392 3306 1655 3362 audeant
1698 3306 1897 3363 tollere

237 3385 403 3442 bona
448 3393 812 3444 sanctorum.
856 3392 965 3445 Par
994 3407 1143 3446 meae
1189 3392 1469 3465 parvitati
1508 3394 1741 3451 videtur
1769 3396 1897 3451 haec

236 3475 669 3533 modernorum
715 3479 1040 3550 pertinacia
1070 3481 1149 3536 illi
1181 3482 1530 3539 Judaeorum
1560 3484 1897 3541 inveterata:

240 3564 541 3621 stoliditati
568 3583 704 3640 quae
748 3567 805 3622 in
838 3569 1122 3640 passione
1153 3572 1361 3629 Christi
1390 3589 1512 3628 non
1545 3574 1679 3630 sivit
1704 3591 1806 3631 eos
1835 3575 1896 3631 in

240 3653 446 3709 Filium
483 3654 579 3710 Dei
630 3655 890 3724 credere,
924 3674 1062 3713 cum
1092 3659 1369 3716 viderunt
1421 3678 1565 3718 saxa
1593 3663 1759 3731 ﬁndi,
1792 3680 1895 3719 ve-

239 3741 365 3798 lum
396 3743 603 3815 scindi,
638 3744 855 3800 coelum
882 3746 1257 3803 obtenebrari
1287 3767 1299 3815 ;
1351 3748 1474 3805 imo
1508 3755 1695 3807 totum
1726 3769 1898 3808 mun-

236 3831 384 3888 dum
429 3832 635 3906 Lapidi
682 3850 871 3906 quem
904 3835 1380 3909 reprobaverunt
1425 3844 1482 3894 et
1532 3842 1671 3909 Regi
1714 3858 1896 3914 quem

235 3922 614 3995 pertinaciter
661 3938 784 3978 non
834 3924 1032 3981 solum
1071 3926 1522 3998 abdicaverunt,
1570 3929 1676 3985 sed
1718 3930 1896 3987 etiam

234 4027 341 4086 per
359 4011 581 4085 iniquae
605 4012 827 4084 linguae
852 4014 1149 4086 judicium
1172 4015 1521 4089 turpissima
1543 4022 1733 4075 morte
1760 4036 1899 4076 con-

233 4099 690 4169 demnaverunt,
720 4102 920 4159 multis
951 4103 1148 4160 modis
1180 4104 1598 4178 conspicerent
1630 4106 1809 4163 subdi
1842 4111 1900 4164 et

233 4189 534 4247 famulari.
564 4214 593 4241 ››

869 4282 1258 4341 Callet-titius.

306 4372 481 4426 «Non
532 4374 640 4441 est,
685 4387 721 4426 ο
766 4373 1122 4439 Ammonici,
1155 4374 1321 4447 quod
1368 4374 1626 4431 multum
1671 4375 1895 4433 debeas

237 4458 440 4514 mirari
504 4476 685 4533 super
748 4461 863 4517 hac
926 4462 1277 4519 sustinentia
1325 4463 1753 4521 dominationis
1796 4469 1900 4523 aut

238 4546 554 4604 ablationis
584 4550 797 4606 terreni
835 4566 941 4606 seu
972 4551 1289 4607 transitorii
1319 4552 1486 4621 boni,
1518 4554 1898 4629 quandoqui-

234 4635 374 4693 dem
402 4636 529 4711 ipse
560 4642 777 4696 Auctor
806 4640 1079 4697 omnium
1108 4641 1431 4709 bonorum,
1464 4648 1709 4717 propter
1740 4644 1897 4701 salu-

233 4728 353 4782 tem
397 4730 668 4782 nostram
700 4744 735 4784 a
763 4728 1005 4785 diabolo
1034 4733 1310 4801 tentatus,
1343 4735 1400 4786 et
1430 4730 1509 4787 ab
1539 4748 1609 4787 eo
1638 4732 1697 4788 in
1728 4750 1897 4789 mon-

232 4816 353 4871 tem
384 4814 686 4872 excelsum
726 4816 895 4872 valde
928 4817 1221 4888 sublatus,
1254 4835 1365 4875 nec
1404 4836 1527 4876 non
1572 4821 1652 4877 ab
1682 4822 1896 4878 eodem

232 4918 415 4975 super
430 4903 824 4977 pinnaculum
848 4906 1053 4980 templi
1076 4907 1415 4977 translatus,
1431 4910 1757 4967 novissime
1769 4910 1896 4993 qui-

231 4992 374 5049 dem
403 4992 481 5049 ab
511 4995 641 5065 ejus
671 4995 959 5051 membris
989 5001 1186 5068 sputa,
1220 4998 1527 5073 colaphos,
1558 5004 1615 5057 et
1632 4992 1892 5073 ﬂagella,

232 5085 290 5138 et
319 5086 532 5140 caetera
550 5100 686 5157 quae
709 5084 788 5140 ad
816 5084 1213 5155 ignominiam
1240 5089 1431 5143 crucis
1454 5091 1771 5162 pertinent,
1791 5107 1894 5164 pa-

230 5169 445 5227 tienter
470 5173 766 5229 sustinuit.
783 5176 1004 5231 Memor
1025 5173 1204 5229 etiam
1230 5190 1358 5230 esse
1385 5178 1568 5233 debes
1594 5180 1749 5236 illius
1770 5197 1897 5237 ver-

233 5276 358 5326 sus,
389 5276 572 5333 quem
602 5263 917 5319 Psalmista
945 5280 1055 5336 pro
1086 5264 1513 5331 consolatione,
1547 5270 1659 5324 sub
1685 5287 1892 5327 eorum

230 5364 494 5421 persona
514 5352 615 5425 qui
636 5352 698 5409 in
716 5368 995 5425 pressura
1014 5358 1168 5415 sunt,
1188 5354 1422 5427 scriptis
1443 5356 1733 5414 interserit
1750 5361 1893 5428 suis,

230 5438 476 5497 dicens:
528 5444 819 5499 Sustinuit
862 5443 1067 5499 anima
1122 5460 1254 5499 mea
1308 5444 1367 5499 in
1406 5446 1586 5502 verbo
1637 5449 1892 5521 Domini,

327 5533 455 5597 232)
494 5533 661 5589 Psal.
701 5550 891 5589 cxmx.

329 5604 453 5674 233)
494 5605 639 5661 Luc.
672 5622 790 5660 xxi.

2022 353 2246 447 tionem
2276 355 2402 429 ipse
2436 359 2706 416 Salvator
2732 361 2794 417 in
2828 364 3150 435 Evangelio
3182 370 3513 441 conﬁrmat,
3544 386 3684 447 pro-

2021 441 2167 535 vide
2182 443 2260 535 ad
2288 445 2615 521 discipulos
2647 449 2855 508 dicens
2879 469 2892 507 :
2926 457 2991 509 ln
3017 454 3304 527 patientia
3320 465 3518 517 vestra
3544 441 3681 535 pos-

2023 531 2289 589 sidebitis
2332 537 2566 594 animas
2614 545 2838 598 vestras
2869 542 3038 615 (233).
3082 547 3340 603 Putasne
3366 531 3682 622 quod—non

2023 626 2257 678 curaret
2300 627 2586 683 Dominus
2619 630 2966 689 mortalium
3014 638 3203 705 actus,
3235 638 3485 710 quando
3530 655 3683 713 pene

2021 725 2130 782 per
2159 714 2349 769 totum
2378 717 2676 774 mundum
2700 721 3039 795 proscripta
3060 728 3200 780 sunt
3219 724 3384 783 bona
3411 728 3685 787 Christia-

2022 801 2285 892 norum?
2330 802 2530 861 Absit!
2587 807 2766 864 Crede
2799 810 2983 866 mihi:
3034 816 3246 870 neuter
3286 813 3549 888 illorum,
3580 818 3686 892 qui

2019 887 2185 944 bona
2216 892 2437 947 sanctis
2467 893 2571 949 dat
2599 900 2703 951 aut
2731 897 2914 968 dedit,
2938 904 2993 956 et
3021 901 3269 960 abstulit
3292 908 3351 961 et
3371 887 3684 964 ablaturus

2020 977 2148 1046 erit,
2178 979 2427 1049 praemio
2457 982 2697 1039 carebit.
2731 986 2915 1043 Judas
2943 1004 3184 1063 quoque
3213 993 3533 1065 praemium
3573 998 3684 1053 Do-

2021 1066 2254 1123 minicaa
2295 1070 2647 1141 proditionis
2685 1073 2813 1144 jam
2861 1076 3166 1136 infeliciter
3197 1085 3481 1156 possedit,
3515 1089 3576 1142 et
3616 1085 3679 1143 in

2020 1161 2309 1213 aeternum
2358 1159 2651 1217 infelicius
2703 1179 3090 1236 possessurus
3142 1171 3265 1227 erit.
3319 1175 3491 1230 Latro
3534 1191 3678 1233 vero

2021 1261 2145 1300 suae
2171 1246 2564 1305 confessionis
2587 1251 2996 1310 vicissitudine
3019 1257 3360 1326 gratissima
3383 1264 3679 1321 remedia-

2018 1332 2135 1388 bile
2184 1336 2497 1405 praemium
2523 1338 2653 1408 jam
2683 1342 2932 1415 accepit,
2965 1359 3035 1401 ac
3064 1345 3126 1401 in
3166 1353 3524 1421 perpetuum
3553 1350 3679 1408 feli-

2020 1423 2254 1480 cissime
2285 1426 2603 1483 habiturus
2645 1430 2771 1487 erit.
2800 1454 2827 1480 ››

2632 1519 3059 1580 Ammom'cius.

2091 1625 2117 1649 «
2152 1605 2407 1672 Ingentis
2455 1606 2725 1664 miraculi
2755 1610 3152 1685 descriptione
3181 1617 3401 1689 pariter
3439 1624 3495 1676 et
3536 1637 3681 1695 que-

2015 1691 2222 1747 relosze
2254 1695 2685 1752 mussitationis
2726 1699 3103 1760 absolutione
3142 1705 3291 1763 mihi
3340 1712 3397 1765 et
3438 1691 3679 1767 illis—sa-

2016 1779 2314 1837 tisfactum
2344 1800 2472 1839 esse
2503 1785 2748 1844 minime
2778 1788 3055 1861 difﬁteor,
3101 1794 3249 1866 quin
3280 1796 3460 1871 etiam
3496 1799 3676 1874 plane

2015 1869 2095 1925 ob
2126 1870 2187 1925 id
2216 1871 2404 1928 fateor
2432 1874 2576 1946 quia
2616 1877 2940 1936 certissime
2966 1881 3089 1938 scio
3136 1870 3475 1943 nullatenus
3496 1869 3679 1963 posse

2012 1960 2249 2029 mutari,
2301 1964 2605 2037 corrumpi
2658 1966 2752 2022 vel
2801 1967 2923 2025 falli
2965 1973 3185 2042 Regem
3234 1960 3675 2046 regumz—Mihi

2010 2048 2339 2106 vindictam
2364 2055 2419 2107 et
2444 2068 2556 2123 ego
2586 2056 2913 2115 retribuam
2943 2059 3112 2132 (234).
3142 2085 3170 2112 ››

2642 2145 3035 2206 Collectitius.

2084 2227 2343 2284 «Adhuc
2369 2230 2678 2304 aliquanto
2703 2233 2943 2308 longius
2973 2236 3037 2294 in
3065 2238 3418 2311 hujusmodi
3442 2248 3674 2303 senten-

2011 2315 2090 2406 tia
2118 2320 2628 2406 progrediendum
2659 2328 2779 2393 est;
2829 2341 2975 2383 nam
3012 2334 3339 2405 nostrapte,
3369 2332 3473 2406 qui
3515 2333 3674 2393 Chri-

2010 2404 2154 2460 tiani
2179 2406 2435 2464 dicimur
2461 2426 2590 2465 esse
2630 2416 2687 2468 et
2718 2412 3037 2485 debemus,
3069 2433 3193 2474 non
3226 2404 3424 2479 solum
3453 2438 3555 2480 ore
3585 2422 3672 2481 di-

2010 2494 2289 2565 cendum,
2310 2498 2413 2552 sed
2444 2499 2623 2555 etiam
2648 2503 2937 2573 proximis
2964 2504 3077 2561 tale
3107 2506 3468 2568 beneﬁcium
3491 2511 3669 2570 corde

2008 2586 2181 2637 tenus
2211 2588 2299 2639 est
2326 2585 2803 2659 impendendum
2822 2595 2889 2648 ut
2906 2592 3011 2665 qui
3026 2594 3202 2651 nobis
3228 2597 3566 2670 maledicat,
3596 2601 3673 2657 si-

2008 2688 2081 2727 ve
2108 2673 2255 2745 quid
2284 2675 2427 2730 mali
2456 2676 2655 2750 faciat,
2673 2685 2972 2752 quantum
3002 2683 3082 2739 ad
3109 2700 3241 2759 nos,
3264 2688 3669 2748 maledictioni

2009 2763 2257 2819 minime
2280 2766 2606 2837 subjaccat,
2622 2785 2851 2840 verum,
2870 2772 3286 2835 benedictione
3307 2794 3378 2836 ac
3398 2780 3668 2839 oratione

2007 2851 2279 2909 fraternae
2320 2856 2619 2913 charitatis
2664 2859 2928 2934 adjutus,
2959 2878 2996 2920 a
3045 2870 3237 2924 morte
3280 2872 3667 2942 peccatorum

2006 2941 2337 3011 reviviscat,
2367 2945 2580 3003 virtute
2623 2948 2828 3007 divina
2868 2951 2930 3008 in
2960 2953 3171 3012 callem
3202 2941 3410 3016 salutis
3438 2960 3670 3018 resz

2008 3037 2124 3088 tus.
2153 3034 2341 3126 iiujus
2366 3036 2448 3092 rei
2482 3039 2671 3107 gratia
2700 3041 2791 3097 his
2820 3044 2925 3115 qui
2953 3060 3077 3101 non
3107 3046 3511 3120 dedignantur
3531 3066 3667 3126 par-

2005 3122 2202 3179 vitatis
2229 3140 2380 3181 mere
2399 3126 2593 3196 legere
2619 3129 2858 3203 scripta,
2876 3133 3072 3205 placet
3089 3135 3218 3193 istic
3245 3155 3438 3196 unum
3468 3122 3668 3199 exem-

2005 3212 2177 3286 plum
2228 3213 2523 3273 innectere
2563 3218 2638 3274 de
2668 3223 2908 3277 Patrum
2936 3223 3077 3291 vita,
3109 3241 3232 3299 quo
3262 3231 3319 3284 et
3363 3230 3664 3303 patientia

2003 3304 2518 3374 pernecessarium
2565 3306 2797 3364 bonum
2848 3311 3155 3385 probetur,
3187 3319 3245 3371 et
3289 3333 3321 3372 e
3367 3319 3669 3376 contrario

2004 3391 2366 3449 exsecrabile
2394 3394 2625 3451 malum
2653 3395 3037 3469 impatientia:
3068 3402 3442 3476 reprobetur.
3464 3424 3496 3458 ιο

2621 3486 3047 3547 Ammonicius.

2076 3593 2104 3620 «
2129 3571 2315 3628 Valde
2366 3573 2502 3631 utile
2556 3591 2685 3632 esse
2726 3582 2791 3635 ut
2836 3580 3073 3638 studeat
3116 3582 3232 3657 piis
3260 3585 3555 3660 exemplis
3583 3588 3664 3645 ad

2002 3660 2235 3717 bonum
2282 3664 2418 3735 quis
2446 3668 2760 3737 provocari
2790 3673 2893 3726 aut
2920 3672 3201 3742 converti,
3235 3674 3357 3732 sive
3385 3676 3461 3733 de
3497 3677 3665 3735 malo

2002 3752 2206 3820 averti,
2255 3756 2661 3826 experimento
2710 3758 3031 3817 didicimus
3074 3764 3252 3822 etiam
3302 3766 3491 3838 pueri.
3527 3768 3665 3824 Pro.
3720 3796 3721 3799 η

2001 3844 2206 3912 pterea
2233 3840 2347 3896 tale
2379 3843 2607 3917 aliquid
2630 3846 2883 3902 libenter
2901 3850 3086 3905 modo
3110 3852 3318 3907 audire
3347 3869 3456 3909 seu
3471 3854 3663 3911 curio-

2003 3928 2171 3985 sitate
2198 3929 2364 3985 haud
2392 3931 2761 3989 infructuosa
2785 3935 2979 4006 parati
3005 3954 3218 3993 sumus
3244 3939 3461 4009 legere.
3489 3962 3518 3992 ››

2636 4022 3027 4081 Collectitius.

2076 4129 2103 4156 «
2138 4106 2395 4173 Quidam
2447 4108 2700 4166 fratrum
2746 4114 3015 4187 tempore
3072 4119 3326 4190 vetusto,
3369 4120 3533 4180 venit
3582 4123 3663 4182 ad

2003 4196 2333 4270 quemdam
2390 4200 2628 4256 Patrum
2681 4199 2988 4261 Abraham
3031 4204 3177 4264 forte
3219 4217 3660 4287 nuncupatum,

1922 4327 1969 4383 Β
2004 4286 2140 4383 qui-
2161 4287 2290 4383 jam
2342 4287 2495 4383 inter
2546 4305 2749 4346 servos
2795 4292 2895 4383 Dei
2949 4294 3288 4356 habebatur
3339 4286 3538 4361 clarus
3587 4286 3663 4363 ex

2004 4376 2363 4451 perfectione
2414 4377 2721 4436 virtutum.
2755 4381 2897 4439 Huic
2932 4383 3084 4443 inter
3112 4393 3356 4448 caeteras
3394 4395 3666 4452 tentatio-

2004 4483 2152 4523 num
2191 4466 2514 4525 anxietates
2566 4468 2759 4527 isdem
2808 4471 2991 4531 frater
3017 4482 3268 4550 questus
3297 4485 3386 4537 est
3412 4482 3657 4538 dicens:

2007 4556 2255 4630 Spiritus
2287 4556 2672 4631 impatientiae
2703 4576 2773 4617 ac
2813 4563 3108 4636 superbiae
3145 4565 3298 4622 adeo
3343 4583 3441 4623 me
3468 4568 3663 4643 impu-

2003 4650 2149 4716 gnat
2181 4650 2243 4703 ut
2271 4651 2396 4704 tam
2422 4665 2719 4722 perversae
2750 4652 2900 4724 pesti
2930 4668 3054 4708 non
3083 4653 3312 4726 possim
3338 4656 3505 4713 nullo
3535 4674 3667 4715 mos

2002 4735 2081 4791 do
2107 4735 2412 4807 resistere;
2446 4738 2592 4811 quin
2624 4738 2671 4793 si
2699 4738 2836 4812 quis
2860 4739 3007 4795 mihi
3025 4740 3311 4812 injuriam
3332 4740 3535 4802 fecerit
3557 4747 3663 4803 ali-

2001 4842 2210 4898 quam,
2242 4843 2342 4884 ore
2369 4831 2472 4884 aut
2505 4843 2693 4884 manu
2726 4827 2979 4885 reddam
3010 4829 3062 4885 ei
3088 4829 3395 4902 talionem,
3426 4834 3506 4892 ob
3534 4850 3664 4895 ma-

1999 4913 2256 4971 levolam
2283 4915 2580 4988 siquidem
2608 4920 2665 4972 et
2691 4916 2984 4973 insulsam
3014 4921 3526 4980 communionem.
3555 4925 3663 4983 Cui

2000 5004 2309 5077 respondit
2366 5020 2581 5060 senex:
2639 5005 2958 5078 Apostolus
3023 5007 3292 5081 praecipit
3358 5010 3659 5087 ﬁdelibus,

2001 5094 2125 5149 imo
2152 5110 2261 5167 per
2302 5092 2658 5167 Apostolum
2702 5094 3002 5151 Christus:
3060 5097 3117 5153 Si
3146 5098 3282 5171 quis
3311 5118 3416 5159 vos
3465 5103 3529 5160 in
3579 5104 3666 5163 fa-

2004 5181 2154 5236 ciem
2203 5180 2399 5248 ccedit,
2434 5180 2483 5235 si
2523 5181 2659 5254 quis
2704 5198 2815 5237 vos
2864 5181 3132 5256 devorat,
3174 5186 3224 5242 si
3271 5190 3406 5262 quis
3447 5193 3663 5251 mundi

2004 5269 2406 5325 substantiam
2468 5269 2643 5342 tollit,
2711 5271 3004 5343 patienter
3084 5275 3354 5349 suﬂ‘erte,
3418 5292 3665 5357 propter

2004 5373 2143 5413 cum
2189 5357 2295 5429 qui
2348 5357 2551 5413 dilexit
2599 5376 2707 5415 nos
2752 5361 2921 5433 (235).
2956 5364 3023 5419 Et
3059 5364 3317 5422 iterum:
3373 5371 3663 5429 Patientes

2004 5450 2191 5503 estote
2212 5446 2290 5502 ad
2318 5463 2707 5517 omnes,nam
2734 5451 3018 5524 patientia
3044 5454 3198 5527 parit
3221 5458 3662 5532 probationem,

2080 5536 2230 5607 (234)
2269 5538 2437 5594 Rom.
2470 5553 2571 5594 x11.

2079 5612 2230 5680 (235)
2268 5609 2337 5664 ΙΙ
2359 5608 2498 5665 Cor.
2531 5626 2604 5664 vx.
