3984 6180
386 131 562 211 1071⁷

1435 131 1748 186 AHNOLDI
1788 125 2386 184 EMMERAMMENSIS
2426 127 2760 182 MONAGHI.

3695 119 3799 182 10?!

381 274 658 352 probatio
715 285 846 327 vero
894 280 1085 338 spem,
1124 275 1262 333 spes
1307 261 1506 314 autem
1553 269 1674 310 non
1724 249 2038 309 confundit
2072 251 2115 302 A
2159 251 2284 348 tum
2310 249 2600 306 exercitiis
2646 254 3030 323 praepararet,
3063 251 3325 304 montem
3355 247 3702 320 quemdam
3727 265 3804 321 pe-

382 342 552 436 2236).
576 367 722 420 Tum
747 359 926 414 fratre
952 368 1060 426 per
1084 349 1432 406 induratum
1460 362 1560 400 cor
1585 345 1869 400 disiitente
1889 342 1930 392 Α
1941 357 2042 412 ρυ-

383 428 526 514 ἐῐοιῖ
559 451 744 508 verba
800 461 864 502 se
921 442 1263 499 nullatenus
1316 453 1422 510 per
1475 433 1826 507 patientiam
1875 428 2044 502 sequi

380 559 582 619 posse,
615 538 762 596 dixit
787 549 972 592 senex
999 549 1012 586 :
1065 527 1376 586 Orandum
1421 529 1509 580 est
1539 521 1952 586 intentissima,
1980 521 2046 573 ut

382 608 670 689 Dominus
711 626 992 696 dignetur
1019 622 1176 676 hanc
1221 615 1504 672 duritiam
1549 611 1746 668 cordis
1789 608 2040 664 auferre.

380 725 650 792 Cumque
677 694 905 773 orasset
947 725 1150 777 senex,
1182 705 1397 762 eodem
1428 702 1604 758 fratre
1632 697 1930 762 audiente,
1965 694 2044 750 ad

379 783 705 866 Dominum
733 802 882 859 dixit
909 796 1242 856 humillime
1272 813 1285 850 :
1323 791 1590 858 Domine,
1621 804 1743 844 non
1777 803 1839 842 es
1869 783 2044 840 nobis

379 896 774 956 necessarius.
809 895 952 948 Ecce
995 903 1106 944 nos
1154 883 1428 940 homines
1483 876 1863 952 impatientia:
1901 873 2044 929 vitio

377 988 649 1046 resistere
693 981 986 1044 nolentes,
1018 977 1079 1032 in
1105 976 1398 1048 potestate
1437 973 1640 1025 nostra
1686 966 1816 1022 sine
1847 971 1899 1020 te
1929 967 2044 1018 sta-

381 1076 606 1134 tuimus
657 1069 863 1129 omnia
915 1067 1128 1122 facere.
1175 1062 1264 1118 Ad
1315 1075 1497 1134 quem
1555 1069 1896 1112 sermonem
1948 1051 2042 1108 ille

379 1165 558 1222 frater
587 1163 706 1216 Deo
736 1157 998 1214 donante
1028 1153 1110 1208 ita
1140 1149 1335 1205 subito
1380 1149 1646 1202 mutatus
1671 1147 1728 1198 et
1752 1155 2042 1212 compun-

379 1257 509 1310 ctus
539 1254 646 1317 est,
677 1251 744 1303 ut
780 1261 903 1302 non
952 1241 1137 1298 modo
1187 1253 1392 1293 coram
1447 1249 1584 1289 sene
1615 1249 1722 1305 per
1750 1230 2041 1304 paeniten-

378 1341 524 1398 tiam
556 1335 939 1400 satisfaceret,
972 1344 1153 1402 super
1180 1325 1420 1382 insolita
1448 1323 1660 1378 mentis
1691 1317 2039 1376 obstinatio-

377 1445 454 1486 ne
481 1425 850 1490 humiliatus,
881 1419 990 1476 sed
1025 1417 1306 1473 universa
1350 1411 1746 1469 tentationum
1791 1421 2038 1463 suarum

375 1514 792 1591 pertubatione
819 1509 1046 1576 sedata,
1074 1504 1421 1562 abscederet
1449 1499 1812 1556 melioratus.
1845 1521 1868 1544 η

1000 1681 1426 1741 Ammonicius.

449 1858 476 1886 ‹‹
519 1839 638 1891 Deo
669 1831 909 1904 gratias,
942 1827 1087 1901 quia
1128 1821 1417 1898 patientia
1448 1819 1554 1875 viri
1589 1817 1687 1874 Dei
1715 1831 1821 1888 per
1851 1813 2037 1870 medi-

376 1925 576 1981 cinam
619 1901 919 1976 caelestem
968 1913 1268 1971 medicata
1311 1914 1398 1965 est
1426 1905 1810 1980 impatientiae
1843 1901 2038 1959 fratris

374 2009 616 2069 inﬁrmi.
650 2012 815 2066 Nunc
837 2021 1000 2076 ergo,
1029 2001 1174 2076 quia
1201 1999 1596 2056 tentationum
1628 1992 1860 2066 antiqui
1892 1996 2038 2047 tem-

374 2099 538 2175 poris
587 2096 953 2155 mentionem
1001 2089 1208 2157 fecisti,
1255 2105 1329 2144 ex
1377 2083 1690 2142 secretario
1739 2079 2038 2138 eharitatis

374 2166 722 2244 dulcissimo
771 2181 1098 2255 agilitatem
1142 2183 1310 2234 tuam
1357 2175 1610 2231 educere
1660 2168 1958 2237 convenit,
1990 2166 2040 2223 si

373 2275 510 2351 quis
557 2271 930 2346 temporibus
979 2267 1108 2324 istis
1160 2283 1232 2322 ex
1280 2279 1533 2320 numero
1582 2259 1849 2315 ﬁdelium
1896 2255 2038 2325 Regi

371 2381 587 2438 regum
614 2361 836 2421 alicubi
864 2357 1248 2416 militantium
1270 2359 1394 2410 tam
1415 2351 1674 2408 validam
1707 2353 1762 2404 et
1792 2362 2036 2418 gravem

373 2453 762 2513 tentationem
793 2445 1124 2506 incurrerit.
1154 2467 1180 2496 ››

1009 2615 1400 2674 Collectitius.

447 2790 475 2818 «
499 2771 628 2824 Non
653 2768 744 2822 est
768 2761 1023 2819 dubium
1051 2759 1199 2832 quin
1245 2757 1443 2813 adhuc
1481 2751 1758 2809 diabolus
1787 2747 2033 2805 easdem

369 2859 526 2914 artes
553 2852 774 2910 habeat
801 2865 954 2924 quas
1001 2845 1262 2918 antiquis
1300 2841 1672 2914 temporibus
1718 2837 2028 2900 habuerat,

2159 337 2259 403 tiit,
2284 356 2464 411 quem
2489 357 2525 395 a
2547 339 2792 412 praefato
2815 338 3092 394 coenobio
3125 353 3246 392 una
3275 337 3462 393 ferme
3487 343 3662 393 rasta
3683 339 3807 409 (237)

2153 426 2472 482 distantem
2502 427 2728 484 .idioma
2757 426 3162 483 Theustiscum
3193 425 3459 496 Racinga
3477 426 3620 496 jam
3635 428 3808 482 nomi-

2153 517 2334 572 navit.
2375 522 2436 572 In
2466 534 2590 590 quo
2617 533 2772 590 pene
2803 534 2910 590 per
2935 521 3052 572 tres
3083 532 3278 572 annos
3307 515 3680 582 consistens,
3703 532 3811 572 mo-

2151 604 2287 660 dico
2307 605 2464 661 victu
2489 622 2559 662 ac
2583 606 2920 662 humillimo
2943 605 3154 662 habitu
3175 620 3490 678 parvaque
3517 603 3674 661 cella
3693 622 3810 660 cou-

2153 698 2346 750 tentus
2375 699 2518 752 erat.
2553 695 2734 767 Cujus
2764 694 3018 751 arduam
3059 693 3246 749 vitam
3276 709 3414 748 eum
3457 693 3810 748 mirarentur

2151 785 2444 852 nonnulli,
2478 785 2874 842 adventantes
2927 800 3068 840 eum
3117 782 3329 851 xeniis,
3362 783 3694 848 Christum,
3719 784 3807 855 qui

2151 879 2396 946 propter
2445 891 2556 929 nos
2608 875 2801 931 factus
2831 877 2920 929 est
2961 871 3225 942 humilis,
3260 871 3322 927 in
3353 887 3468 927 suo
3501 870 3808 926 visitabam

2151 978 2221 1018 ac
2251 963 2695 1019 venerabantur
2739 979 2930 1018 servo.
2973 965 3133 1018 Tunc
3176 961 3272 1018 ille
3321 959 3547 1016 timens
3593 977 3668 1016 ne
3711 961 3804 1016 fre-

2150 1051 2396 1124 quentia
2422 1051 2630 1125 populi
2655 1055 2712 1107 et
2728 1051 2978 1122 gloriola
3007 1050 3209 1107 saeculi
3229 1049 3340 1106 sibi
3369 1048 3490 1104 sub
3521 1048 3719 1122 specie
3738 1065 3806 1104 re-

2149 1141 2386 1210 ligionis
2413 1142 2562 1214 quid
2591 1141 2666 1198 de
2695 1141 2849 1198 veris
2879 1141 3211 1214 subriperet
3238 1144 3344 1196 aut
3381 1139 3686 1196 minueret
3707 1138 3799 1195 bo-

2149 1229 2261 1298 nis,
2295 1230 2528 1301 fugiens
2557 1230 2696 1286 inde
2726 1230 2968 1286 secessit
2994 1229 3057 1286 in
3082 1245 3353 1286 eremum
3401 1245 3550 1301 qua:
3573 1233 3801 1284 vocatur

2149 1319 2458 1392 Aquilonis
2487 1320 2664 1388 Silva,
2696 1325 2998 1376 certamen
3047 1317 3348 1388 singulare
3398 1317 3463 1372 in
3515 1333 3588 1372 ea
3616 1321 3796 1372 contra

2147 1407 2459 1464 diabolum
2503 1407 2739 1464 viriliter
2799 1413 3194 1480 pugnaturus.
3256 1407 3387 1472 Qua
3436 1411 3508 1460 ut
3559 1405 3794 1477 primum

2149 1497 2502 1554 constitutus
2521 1497 2626 1553 Dei
2641 1496 2905 1554 famulus
2917 1495 3282 1552 eremiticam
3299 1494 3494 1550 vitam
3517 1493 3790 1550 ruehatica

2081 1599 2120 1652 Β
2153 1585 2241 1642 vel
2273 1586 2519 1659 spiritali
2550 1585 2918 1642 consecravit
2971 1584 3196 1652 militia,
3231 1583 3597 1641 tentationes
3622 1583 3788 1639 varias

2149 1679 2207 1731 et
2248 1673 2466 1730 multas
2515 1679 2693 1747 atque
2743 1689 2952 1743 graves
3002 1688 3324 1746 perpessus
3376 1675 3494 1726 est.
3531 1674 3571 1727 E
3599 1670 3786 1745 quibus

2149 1779 2356 1830 unam,
2387 1780 2523 1836 quae
2571 1763 2758 1818 relatu
2816 1762 3007 1818 veraci
3061 1760 3336 1833 parvitati
3395 1775 3552 1816 meae
3607 1761 3663 1816 in
3703 1777 3784 1815 no-

2148 1852 2333 1908 titiam
2377 1852 2553 1922 venit,
2587 1852 2666 1907 ad
2720 1851 3026 1907 utilitatem
3076 1849 3408 1920 legentium
3459 1865 3621 1906 nunc
3663 1866 3782 1922 prae-

2147 1942 2402 1999 scribere
2457 1942 2717 2012 tentabo,
2751 1945 2887 2014 post
2943 1939 3250 1996 modicum
3299 1943 3548 2011 tempus
3576 1939 3780 1996 vitaec-

2146 2033 2288 2088 mite
2349 2032 2530 2087 aliam
2615 2031 2945 2100 graviorem
3033 2028 3506 2102 subscripturus.
3575 2028 3777 2084 Hiemali

2147 2123 2312 2194 atqui
2343 2126 2630 2194 tempore,
2664 2137 2786 2193 quo
2821 2119 2972 2174 ultra
2999 2118 3239 2174 solitum
3268 2118 3588 2175 Noricense
3615 2117 3775 2174 solum

2146 2215 2235 2267 est
2262 2210 2660 2266 immensitate
2705 2225 2812 2265 seu
2849 2208 3075 2264 nivium
3126 2207 3422 2264 densitate
3453 2211 3770 2272 contectum,

2146 2299 2359 2356 accidit
2385 2299 2671 2374 praedicto
2705 2299 2804 2354 Dei
2851 2297 3076 2354 famulo
3123 2295 3444 2370 quoddam
3492 2297 3657 2370 quasi
3694 2312 3770 2368 pa-

2145 2388 2396 2445 laestrale
2467 2391 2856 2450 tormentum,
2926 2387 3048 2442 imo
3109 2385 3448 2460 probabilis
3519 2384 3769 2459 patientiae

2145 2493 2350 2533 verum
2403 2493 2473 2531 ac
2526 2474 2862 2532 venerabile
2919 2474 3395 2530 condimentum.
3461 2478 3600 2530 Nam
3657 2489 3765 2530 cum

2145 2562 2270 2638 prae
2326 2564 2624 2620 nimietate
2693 2561 2874 2618 nivali
2951 2562 3246 2618 continuis
3321 2577 3546 2618 novem
3593 2560 3764 2617 diebus

2141 2671 2332 2728 panes
2384 2653 2466 2710 illi
2533 2653 2606 2709 de
2674 2651 3039 2708 monasterio
3100 2650 3441 2706 secundum
3491 2654 3761 2706 consuetu-

2141 2743 2344 2798 dinem
2387 2741 2704 2814 nequirent
2757 2739 2973 2806 aﬁerri,
3015 2754 3214 2810 neque
3263 2737 3508 2794 aliunde
3557 2735 3627 2792 ab
3667 2733 3759 2789 ullo

2141 2832 2456 2888 hominum
2489 2829 2626 2886 illuc
2653 2833 2902 2902 possent
2926 2827 3266 2894 transmitti,
3299 2842 3496 2899 neque
3520 2823 3755 2898 ipse,im-

368 2945 496 3002 imo
527 2946 688 3000 certo
716 2910 930 2996 certius
981 2910 1349 2992 credendum
1399 2910 1485 2986 est
1528 2927 1694 3001 quod
1736 2924 2032 2994 benignus
2073 2923 2112 2990 α
2141 2921 2414 2995 pediente
2467 2919 2743 2992 proxima
2789 2917 3084 2972 incolatus
3129 2915 3417 2986 novitate,
3451 2913 3654 2988 aliquid
3693 2910 3756 2966 ibi

369 3037 542 3092 Jesus
567 3031 630 3087 in
655 3029 977 3086 electorum
1011 3038 1257 3079 suorum
1299 3018 1643 3076 defensione
1669 3013 1897 3086 antiqui
1923 3013 2030 3068 ho-

373 3123 477 3180 stis
506 3117 960 3194 deeeptionibus
989 3111 1342 3178 resistendo.
1365 3108 1537 3164 solita
1556 3121 1742 3180 usque
1763 3104 1824 3159 in
1845 3103 2028 3158 ﬁnem

371 3212 574 3270 saeculi
624 3211 781 3267 circa
827 3223 971 3263 suos
1019 3207 1220 3260 utatur
1263 3197 1594 3257 clementia.
1631 3199 1872 3268 Propter
1916 3195 2030 3249 hoc

368 3303 548 3360 etiam
577 3298 726 3357 nulli
755 3295 1020 3352 ﬁdelium
1053 3293 1161 3350 erit
1190 3287 1622 3360 ambigendum
1650 3301 1808 3340 nunc
1831 3300 2028 3338 servos

367 3392 488 3462 Dei,
529 3387 700 3446 sicuti
725 3385 1022 3461 primitus,
1050 3380 1253 3438 multis
1285 3379 1481 3434 modis
1509 3393 1543 3432 a
1573 3373 1812 3430 diabolo
1843 3376 2028 3428 tenta—

362 3480 434 3548 ri,
466 3495 536 3536 ac
566 3491 736 3550 aeque
768 3478 834 3530 ut
863 3478 1002 3528 tunc
1032 3470 1110 3526 ab
1140 3467 1372 3540 generis
1404 3463 1654 3520 humani
1688 3465 2027 3533 reparatore

361 3569 515 3640 inter
533 3549 731 3621 varias
761 3558 1158 3617 tentationum
1187 3555 1565 3625 tempestates
1600 3549 1844 3604 eosdem
1877 3563 2030 3602 sem-

360 3637 470 3730 per
513 3657 572 3711 et
611 3651 836 3723 ubique
878 3645 1194 3703 defensari.
1228 3641 1401 3730 Quod
1451 3644 1514 3696 ut
1559 3637 1892 3730 evidentius
1943 3633 2028 3690 di-

359 3723 702 3814 gnoscatur,
734 3753 771 3794 ο
801 3732 1157 3800 Ammonici,
1208 3735 1266 3786 et
1312 3727 1444 3784 aliis
1498 3723 1851 3798 hujusmodi
1895 3739 2023 3780 rem

358 3809 482 3890 non
526 3823 1012 3902 despicientibus,
1047 3818 1390 3878 narratione
1430 3812 1822 3886 subsequenti
1869 3809 2020 3868 veri-

357 3926 449 3980 tas
481 3921 770 3978 tradatur.
799 3938 826 3966 ››

429 4035 454 4065 α
481 4015 579 4068 Est
591 4007 944 4084 quidam,ut
967 4003 1217 4069 aestimo,
1247 3998 1446 4056 adhuc
1471 3996 1532 4052 in
1561 3995 1674 4051 hac
1697 3993 1817 4084 vita
1841 4008 2020 4049 senex

352 4081 688 4168 religiosus,
711 4113 784 4153 ex
811 4095 964 4151 laico
990 4105 1338 4158 conversus,
1362 4085 1608 4143 nomine
1633 4081 2018 4149 Guntharius,

353 4187 461 4259 qui
489 4185 654 4257 apud
684 4183 974 4238 saeculum
1015 4178 1344 4252 aliquando
1394 4193 1466 4233 ex
1498 4189 1698 4229 rerum
1729 4171 1903 4244 copia
1934 4174 2020 4226 tu-

355 4288 554 4344 mens,
585 4277 642 4326 et
690 4270 997 4327 nobilitate
1045 4268 1279 4337 generis
1319 4278 1652 4320 vanescens
1682 4259 1900 4317 exstitit
1928 4276 2022 4314 su-

351 4361 576 4437 perbiae
608 4359 786 4427 ﬁlius,
817 4357 924 4414 sed
967 4372 1074 4428 per
1119 4352 1596 4410 misericordiam
1634 4351 1736 4406 Dei
1767 4354 1903 4424 post
1930 4349 2018 4406 fa-

352 4455 482 4509 ctus
503 4453 592 4506 est
617 4453 738 4504 tam
759 4444 1002 4503 humilis
1031 4442 1392 4512 monachus,
1415 4445 1482 4497 ut
1502 4439 1712 4496 merito
1739 4453 1864 4494 non
1884 4453 2018 4511 pos-

351 4541 467 4598 sim
497 4543 601 4598 aut
626 4537 883 4594 debeam
929 4533 1012 4590 illi
1041 4545 1393 4604 comparare
1422 4529 1612 4585 ullum
1642 4527 1825 4584 nostri
1867 4531 2016 4582 tem-

349 4629 513 4704 poris
545 4625 957 4690 eueullarium,
990 4622 1066 4678 de
1095 4621 1358 4676 vanitate
1399 4617 1600 4674 saeculi
1632 4631 2011 4672 conversum.

352 4723 404 4776 Is
435 4719 698 4792 primum
749 4714 862 4770 sub
894 4709 1272 4769 Gothehardo
1306 4705 1718 4764 Altahensium
1770 4704 2010 4770 abbate,

349 4808 516 4865 omni
538 4804 823 4879 patientia
849 4809 906 4858 et
935 4799 1306 4872 subjectione
1329 4795 1640 4870 probatus,
1667 4793 1846 4865 erepit
1865 4793 2016 4848 desi-

347 4899 559 4954 derare
591 4895 814 4952 altioris
851 4894 982 4949 vitze
1012 4890 1224 4947 callem
1255 4888 1552 4945 incedere.
1579 4885 1743 4942 Unde
1767 4889 1823 4940 ct
1842 4884 2018 4940 licen-

351 4988 431 5044 tia
451 5004 487 5043 a
515 4989 682 5043 Patre
703 4981 1046 5040 monasterii
1071 4983 1338 5052 accepta,
1357 4977 1686 5033 solitariam
1707 4975 1891 5031 vitam
1913 4990 2016 5046 ag-

348 5092 589 5150 gressus
607 5079 728 5142 est;
761 5073 838 5128 ad
857 5088 1042 5144 quam
1065 5070 1266 5126 divino
1287 5065 1588 5138 adjutorio
1613 5065 2017 5138 peragendam

349 5172 412 5222 ut
439 5179 503 5221 se
531 5161 778 5236 spiritali
823 5159 1055 5216 cautela
1079 5157 1382 5232 probaret,
1415 5154 1808 5226 animumque
1838 5153 2016 5209 virtu-

441 5308 566 5361 236)
607 5308 772 5360 Itoni.
807 5319 856 5356 γ.

442 5306 566 5375 236)
607 5308 772 5360 Itoni.
807 5319 856 5356 γ.

442 5379 570 5448 237)
604 5375 850 5448 iMilliare
893 5371 1340 5448 Seriverieisin
1401 5373 1524 5448 not.
1570 5385 1707 5438 ms.;
1759 5367 2014 5448 observo

351 5437 565 5504 tamen'
583 5447 888 5503 diversum
939 5443 1125 5499 fuisse
1153 5443 1335 5512 hujus
1363 5439 1526 5512 vocis
1558 5456 1758 5507 usum,
1789 5437 2013 5512 quippe

351 5519 724 5591 temporibus
775 5515 1121 5591 Hieronymi
1163 5509 1279 5591 fuit
1303 5511 1585 5591 militare;
1635 5527 1774 5567 nam
1808 5509 2012 5591 sic’ill‘e

347 5583 790 5650 commentatur
803 5587 863 5643 in
880 5588 906 5640 J
915 5583 1134 5642 oelem:
1160 5583 1347 5641 Latini
1367 5584 1752 5653 millepassus
1766 5583 2004 5646 vocant,

2144 3009 2478 3066 laboratum
2511 3007 2758 3064 haberet
2787 3005 2946 3062 unde
2973 3005 3256 3061 alimenta
3295 3021 3528 3061 sumere
3555 3002 3749 3064 valeret,

2141 3099 2318 3156 trium
2349 3097 2582 3152 dierum
2631 3096 2830 3152 inedia
2882 3096 3150 3165 ati'ectus,
3182 3098 3400 3168 quarta
3430 3093 3536 3162 die,
3567 3095 3750 3148 tentare

2138 3187 2458 3244 Dominum
2507 3185 2736 3249 nolens,
2773 3201 2842 3239 ex
2894 3183 3128 3254 glaciali
3181 3182 3568 3254 profunditate
3601 3177 3744 3248 nivis,

2137 3294 2268 3350 quae
2289 3277 2414 3347 jam
2466 3275 2723 3331 excrevit
2755 3274 2907 3330 ultra
2941 3277 3232 3328 staturam
3261 3271 3562 3328 mediocris
3587 3265 3742 3324 homi-

2135 3368 2248 3431 nis,
2283 3365 2460 3427 eoepit
2491 3365 2782 3420 silvestres
2829 3363 3047 3418 herbas
3096 3377 3302 3418 eruere
3343 3378 3410 3417 ac
3439 3358 3665 3423 evellere,
3693 3358 3739 3410 et

2137 3455 2196 3509 in
2225 3453 2406 3510 ollam
2443 3451 2824 3524 coquendam
2873 3451 3122 3507 mittere.
3159 3450 3382 3516 Quibus
3420 3449 3502 3504 illa
3539 3446 3617 3500 die
3637 3457 3732 3516 per

2135 3542 2333 3614 ignem
2385 3545 2442 3596 et
2488 3557 2714 3612 aquam
2762 3555 3092 3612 parumper
3141 3535 3486 3600 molliﬁeatis,
3531 3527 3718 3586 distulit

2131 3631 2455 3706 prandium
2479 3647 2672 3702 usque
2694 3629 2754 3685 in
2787 3629 2946 3685 diem
2970 3628 3274 3702 quintum.
3297 3629 3427 3693 Quo,
3447 3623 3712 3696 expectans

2132 3705 2346 3777 horam
2397 3719 2734 3776 refectionis
2783 3719 3164 3788 canonicam,
3208 3717 3568 3792 pulmentum,
3588 3705 3727 3783 quod

2130 3812 2408 3868 hesterna
2451 3810 2545 3866 die
2583 3809 2960 3883 praeparavit,
2993 3808 3194 3865 denuo
3251 3812 3480 3864 coctum
3519 3799 3734 3860 reiectio-

2129 3899 2222 3955 nis
2269 3899 2457 3968 gratia
2488 3897 2598 3953 sibi
2631 3897 2933 3970 apposuit.
2967 3897 3073 3952 sed
3113 3902 3419 3966 gustatum
3466 3892 3614 3950 edere
3638 3901 3738 3944 non

2129 3987 2363 4062 potuit;
2413 3986 2570 4043 unde
2610 3987 3001 4058 semetipsum
3053 3988 3372 4058 increpans
3407 3985 3517 4042 ait:
3554 3983 3590 4038 Ο
3617 3981 3740 4035 Gun-

2131 4078 2302 4148 thari,
2337 4076 2619 4150 superbia
2651 4081 2752 4132 tua
2805 4081 2858 4131 te
2888 4091 3011 4132 non
3051 4075 3189 4132 sinit
3232 4075 3396 4132 refici
3444 4075 3549 4130 hoc
3583 4064 3743 4125 edulio

2127 4167 2358 4222 humili.
2409 4165 2514 4222 Ubi
2546 4180 2706 4220 nunc
2739 4163 3073 4236 vaporifera
3103 4164 3192 4219 vel
3236 4162 3580 4219 mollissima
3611 4153 3740 4212 simi~

2128 4256 2186 4312 la
2210 4256 2238 4310 ξ)
2272 4255 2375 4311 Ubi
2420 4270 2580 4309 nunc
2612 4252 2837 4326 aprinaa
2886 4251 3156 4324 spadulaa
3191 4269 3300 4308 seu
3338 4266 3546 4308 carnes
3569 4244 3742 4304 ursinae

2129 4349 2186 4400 et
2209 4343 2416 4412 suillae,
2450 4359 2525 4398 an
2558 4341 2962 4398 inventionem
3015 4357 3348 4414 eoquorum
3379 4330 3745 4414 oppiperataa?

2129 4433 2236 4490 Ubi
2285 4449 2444 4489 nunc
2494 4431 2891 4505 imputribiles
2940 4435 3077 4504 post
3123 4431 3460 4487 coctionem
3503 4438 3745 4503 pavones,

2127 4539 2233 4579 seu
2294 4523 2564 4595 phasinae
2631 4537 2796 4591 aves,
2865 4519 3192 4596 plurigenis
3264 4520 3749 4576 condimentorum

2125 4616 2417 4686 saporatae
2443 4611 2824 4666 irritamentis
2844 4611 2872 4666 ?
2903 4609 3010 4665 Ubi
3040 4625 3202 4664 nunc
3225 4609 3436 4664 vinum
3469 4605 3749 4682 probatum

2123 4707 2180 4758 et
2224 4701 2302 4758 ad
2349 4701 2582 4758 libitum
2639 4699 2714 4754 de
2759 4699 3172 4772 promptuario
3232 4715 3425 4772 usque
3484 4697 3558 4754 ad
3608 4689 3748 4750 satie-

2122 4796 2304 4848 tatem
2360 4789 2624 4863 quotidie
2679 4788 2780 4844 tibi
2833 4787 3183 4860 prolatum?
3239 4790 3391 4857 Ergo
3446 4802 3553 4860 pro
3591 4781 3749 4840 abun-

2121 4879 2326 4936 dantia
2373 4876 2730 4934 delicatioris
2779 4875 2895 4932 cibi
2937 4880 2994 4931 et
3043 4880 3243 4947 potus,
3277 4875 3504 4948 quibus
3542 4871 3669 4930 olim
3703 4867 3747 4922 in

2122 4967 2322 5026 saeculi
2375 4967 2592 5023 divitiis
2631 4965 2868 5021 deditus
2906 4981 3040 5020 eras
3084 4969 3266 5031 totus,
3299 4961 3749 5021 contentusesto

2121 5075 2284 5115 nunc
2309 5054 2613 5128 jentaeulo
2643 5053 3021 5127 pauperculae
3062 5053 3421 5122 refectionis,
3455 5053 3514 5109 in
3543 5046 3746 5108 nomine

2121 5153 2258 5206 Jesu
2303 5145 2510 5201 Christi
2543 5144 2813 5200 omnium
2842 5143 3274 5216 Redemptoris,
3303 5141 3429 5216 qui,
3459 5158 3590 5199 eum
3613 5137 3747 5194 dives

2129 5290 2277 5345 Galli
2307 5291 2524 5355 leuras,
2557 5290 2744 5342 Persa:
2775 5301 3172 5356 paransagas.
3201 5291 3258 5340 et
3282 5291 3478 5342 raslas
3507 5283 3746 5356 universa

2129 5343 2466 5427 Germania,
2497 5343 2604 5414 sed
2646 5343 2996 5412 immutatus
3044 5343 3137 5412 Bst
3166 5343 3455 5412 dictionis
3503 5371 3638 5427 usus
3674 5343 3745 5403 vel

2127 5448 2414 5489 mensura
2438 5424 2730 5501 locorum,
2755 5429 2977 5501 quippe
2997 5427 3152 5483 Beda
3181 5428 3393 5501 asserit
3417 5427 3568 5501 duas
3594 5424 3742 5480 lewas

2127 5506 2250 5560 sive
2269 5502 2542 5558 milliaria
2561 5499 2672 5556 tria
2693 5497 2884 5555 facere
2903 5497 3150 5570 rastam,
3175 5503 3233 5555 et
3256 5497 3419 5568 alibi;
3450 5497 3623 5556 leuca;
3643 5504 3741 5555 sex.

2125 5580 2264 5632 sunt
2296 5580 2411 5630 tres
2441 5576 2632 5629 rastre.
2666 5572 2836 5627 BASN.
