3996 6178
213 227 354 283 1073

1008 227 1095 279 DE
1136 221 1522 281 MIRACULIS
1564 221 1620 275 S.
1667 219 2080 276 EMMERAMMI
2122 223 2307 281 LIBRI
2349 228 2516 284 DUO.
2548 258 2617 270 -—
2650 228 2779 282 LIB.
2814 225 2879 281 ΙΙ.

3536 221 3670 275 1074

203 355 384 418 esset,
419 352 665 421 propter
691 351 745 401 te
777 362 1009 420 pauper
1035 348 1223 403 factus
1255 351 1366 415 est,
1405 348 1475 399 ut
1500 348 1563 399 tu
1593 343 1892 416 particeps
1923 350 1969 400 Α
2008 346 2333 406 mieirculis
2365 368 2553 425 super
2594 356 2982 408 montuosam
3021 347 3363 418 congeriem
3406 346 3556 403 nivis
3579 345 3673 401 in-

201 441 381 495 heres
411 435 760 492 divitiarum
790 434 963 491 illius.
994 436 1148 501 Quid
1180 436 1356 509 plura
1385 435 1415 489 ?
1440 436 1699 488 Demum
1730 437 1895 487 sexta
2004 437 2306 507 cedentes,
2338 441 2438 497 vix
2468 441 2764 514 reptando
2795 440 2873 497 ad
2892 438 3088 494 virum
3116 438 3217 493 Dei
3248 436 3483 493 decimo
3543 439 3672 490 tan-

201 528 303 584 die
334 526 591 600 pleniter
623 526 847 595 gratias
874 541 1060 595 agens
1092 530 1230 595 Deo,
1263 525 1372 597 qui
1425 523 1503 578 de
1561 523 1737 594 copia
1793 522 1900 576 bo-

201 633 430 675 norum
458 631 711 671 suorum
739 614 917 670 etiam
944 632 1064 670 non
1092 616 1462 685 dedignatur
1490 627 1739 684 pascere
1766 611 1894 684 pul-

200 705 298 762 los
328 719 675 768 corvorum,
708 718 781 758 ex
812 702 1099 774 praedicta
1130 702 1384 758 silvestri
1415 699 1607 756 herba
1623 700 1753 770 jam
1787 704 1894 755 ter-

205 794 290 850 tio
319 798 514 862 cocta,
546 791 753 864 itaque
782 792 879 846 vix
920 790 1287 860 molliﬁcata,
1320 787 1560 861 corpori
1612 789 1894 861 quamvis

206 881 645 943 necessariam.
680 885 880 936 tamen
902 880 1077 936 valde
1104 879 1646 946 contrariam,cum
1674 878 1892 947 faginis

210 972 393 1041 foliis,
415 987 550 1043 quae
584 970 722 1025 nive
755 970 976 1026 abrasa
1002 970 1304 1026 laboriose
1336 967 1596 1036 collegit,
1628 969 1895 1024 refectio-

214 1077 360 1117 nem
382 1060 597 1133 accipit
630 1077 641 1114 :
670 1059 875 1130 sicque
898 1075 1021 1115 non
1047 1059 1174 1114 sinc
1232 1073 1461 1128 magno
1520 1057 1781 1113 tumultu
1837 1062 1894 1113 et

216 1148 623 1205 controversia
653 1148 1033 1204 diversarum
1063 1148 1522 1215 cogitationum,
1558 1164 1668 1202 seu
1697 1147 1890 1203 mani-

214 1237 370 1293 festa
392 1236 735 1292 incursione
761 1236 1200 1292 diabolicarum
1232 1235 1651 1302 tentationum,
1685 1252 1894 1292 conso-

209 1326 503 1382 lationem
536 1325 757 1381 divinae
779 1324 1014 1397 pietatis
1043 1325 1433 1398 exspectavit.

287 1439 313 1463 «ι
345 1415 538 1479 Tunc,
572 1418 634 1469 ut
665 1414 726 1468 in
756 1414 1314 1486 perturbationibus
1347 1414 1697 1483 hujusmodi
1749 1414 1896 1469 solet

208 1504 361 1567 fieri,
394 1502 678 1559 ﬂuctibus
708 1502 1138 1571 cogitationum
1161 1501 1522 1558 altrinsecus
1551 1501 1665 1556 sibi
1688 1518 1893 1557 succe-

211 1592 501 1648 dentibus
562 1596 618 1647 et
666 1590 1124 1663 impellentibus,
1171 1591 1561 1646 dextrorsum
1610 1591 1894 1663 quaedam

2000 526 2140 581 dem
2162 528 2260 583 die
2288 531 2601 602 pervenire
2623 534 2963 603 potuerunt.
2997 531 3157 583 Tunc
3191 530 3387 597 grates
3443 522 3673 591 magni-

2000 632 2101 671 cas
2131 618 2253 673 Deo
2274 620 2558 693 reddens,
2581 620 2685 693 qui
2734 634 2857 675 non
2913 616 3226 689 dereliquit
3272 616 3579 687 sperantes
3607 610 3672 666 in

2003 724 2088 775 se,
2136 713 2371 778 quanto
2400 710 2514 766 sibi
2552 726 2659 783 per
2680 706 2978 781 patientia:
3009 704 3429 778 probationem
3473 701 3669 757 factus

2001 798 2090 851 est
2117 796 2337 868 notior,
2371 802 2535 855 tanto
2568 798 2696 853 aliis
2725 796 2785 851 in
2835 798 3144 867 posterum
3170 790 3447 863 exemplo
3475 786 3671 844 humi-

2000 883 2181 938 litatis
2214 888 2273 939 et
2298 884 2777 958 perseverantiae,
2818 881 3106 951 largiente
3160 877 3434 935 omnium
3481 874 3670 931 bono-

2000 989 2137 1028 rum
2172 976 2370 1039 Fonte.
2428 975 2646 1030 exstitit
2696 972 2911 1029 utilior.
2965 969 3128 1026 Unde
3179 967 3405 1024 l‘actum
3461 966 3556 1021 est
3606 966 3671 1017 ut

2000 1062 2278 1119 nonnulli
2305 1081 2376 1119 ex
2401 1063 2626 1120 clericis
2659 1062 2781 1117 sive
2812 1058 3126 1116 monachis
3155 1074 3265 1113 nec
3295 1070 3422 1111 non
3476 1049 3669 1107 ﬁdeli-

2001 1149 2119 1206 bus
2144 1150 2334 1222 laicis,
2363 1152 2443 1208 ab
2472 1168 2543 1207 eo
2574 1156 2629 1206 et
2650 1166 2755 1222 per
2775 1165 2913 1204 eum
2945 1144 3277 1219 provocati,
3303 1144 3430 1198 imo
3462 1139 3669 1196 divino

2000 1239 2286 1296 instinctu
2340 1241 2591 1303 attracti,
2647 1239 2760 1294 sub
2830 1234 3257 1293 communione
3325 1230 3671 1287 orationum

2001 1331 2132 1402 ejus
2152 1335 2330 1403 atque
2352 1332 2628 1387 laborum
2658 1329 2717 1384 in
2748 1327 2961 1384 eadem
2986 1339 3211 1393 eremo,
3234 1321 3411 1392 cujus
3435 1319 3564 1392 ipse
3590 1315 3673 1374 0b

2002 1436 2270 1476 amorem
2309 1419 2520 1475 Christi
2554 1418 2762 1474 accola
2810 1431 2938 1472 esse
2991 1412 3198 1482 voluit,
3256 1409 3406 1480 Regi
3454 1422 3672 1475 regum

2001 1508 2254 1564 militare
2285 1508 2623 1580 C(Ppissenl.
2660 1506 2766 1562 Ubi
2795 1503 3072 1577 pluribus
3100 1502 3256 1556 intra
3305 1496 3526 1553 vallem
3582 1493 3672 1551 la-

2003 1614 2350 1671 crymarum
2380 1596 2794 1653 ascensionem
2824 1592 3020 1650 cordis
3047 1585 3535 1662 disponentihus,
3562 1601 3672 1641 nec

213 1680 501 1751 cogitatio
531 1680 738 1735 leniter
767 1679 1064 1751 inrepens,
1094 1684 1148 1734 et
1174 1679 1357 1751 quasi
1384 1696 1457 1734 ex
1486 1684 1652 1751 parte
1686 1679 1892 1734 Christi
1928 1705 1965 1756 Β
2003 1704 2120 1742 non
2157 1688 2230 1741 de
2260 1689 2473 1742 virtute
2503 1686 2565 1740 in
2589 1686 2867 1740 virtutem
2894 1681 3040 1753 (245)
3068 1678 3336 1751 quotidie
3358 1674 3675 1748 proﬁcien-

215 1770 573 1836 adveniens,
604 1770 731 1824 viro
765 1772 864 1824 Dei
895 1768 1486 1833 fideliterintimavit,
1516 1768 1722 1823 dicens
1750 1786 1762 1823 :
1790 1771 1895 1823 Ex-

216 1864 429 1933 specta
459 1858 803 1924 Dominum,
839 1857 1084 1913 viriliter
1113 1872 1223 1925 age
1279 1861 1338 1912 et
1396 1858 1762 1914 confortetur
1791 1874 1895 1912 cor

216 1954 415 2016 tuum,
442 1954 501 2003 et
527 1947 757 2003 sustine
787 1947 1109 2004 Dominum
1141 1948 1308 2017 (238).
1340 1946 1447 2003 Cui
1491 1964 1523 2002 e
1571 1948 1891 2015 contrario,

217 2038 280 2094 id
311 2043 399 2093 est
428 2038 863 2104 sinistrorsum,
898 2036 1099 2092 suasio
1129 2035 1378 2101 diaboli,
1439 2037 1612 2107 cujus
1668 2036 1896 2092 invidia

222 2128 285 2183 in
329 2127 542 2183 orbem
600 2131 895 2182 terrarum
954 2143 1122 2181 mors
1174 2125 1433 2194 intravit,
1491 2141 1896 2198 prorumpens

217 2217 570 2289 importune
598 2215 973 2285 reclamavit,
1005 2217 1193 2271 verba
1223 2218 1281 2269 et
1319 2214 1492 2271 dolos
1543 2214 1896 2285 hujusmodi

216 2305 599 2362 concinnans
630 2322 643 2359 :
671 2308 819 2361 Cum
850 2304 1139 2376 scriptum
1190 2302 1261 2360 sit
1294 2321 1306 2357 :
1368 2304 1587 2359 Altiora
1616 2320 1691 2358 ne
1736 2320 1898 2375 quae-

216 2394 391 2450 sieris
439 2396 613 2465 (239),
669 2393 812 2466 quia
836 2392 1062 2463 fragilis
1114 2394 1299 2448 homo
1338 2409 1609 2448 eremum
1652 2392 1893 2463 petiisti,

215 2500 345 2540 non
380 2482 581 2539 solum
606 2483 778 2538 stulte
806 2482 996 2551 egisti,
1031 2481 1135 2537 sed
1159 2481 1339 2537 etiam
1373 2481 1547 2536 valde
1574 2481 1898 2553 poteiviter

217 2574 276 2627 te
309 2571 431 2626 huc
458 2569 754 2635 invexisti,
787 2570 1230 2643 blasphemiam
1269 2569 1497 2625 Christo
1553 2573 1653 2623 tuo
1706 2568 1899 2624 illatu-

215 2676 349 2729 rus,
378 2662 584 2732 utpote
617 2657 783 2713 canis
806 2658 1137 2728 famelicus,
1170 2657 1401 2728 absque
1461 2657 1895 2713 sustentaiione

217 2747 405 2814 illius,
435 2747 531 2802 hic
557 2746 818 2819 pessime
848 2747 1195 2802 moriturus.
1245 2747 1459 2799 Verum
1505 2761 1577 2799 ex
1635 2745 1896 2801 adverso

215 2835 392 2891 bona
420 2834 702 2904 cogitan
732 2840 789 2890 et
839 2839 1013 2890 cauta
1070 2832 1407 2889 sollicitudo
1464 2832 1683 2888 infert:
1745 2835 1896 2889 Cum

220 2923 516 2993 Christus,
574 2922 681 2995 qui
733 2926 825 2978 est
872 2924 1158 2978 Dominus
1212 2922 1506 2988 omnium,
1541 2925 1895 2977 tentatorem

219 3011 547 3068 diabolum
583 3011 913 3080 Evangelici
944 3010 1110 3066 verbi
1136 3007 1342 3081 jaculo
1371 3025 1477 3082 per
1504 3009 1897 3082 semetipsum

218 3101 531 3171 straverit,
563 3100 771 3155 dicens
804 3118 815 3154 :
852 3104 976 3156 Non
1012 3100 1072 3155 in
1106 3099 1233 3155 solo
1286 3115 1443 3171 pane
1506 3098 1645 3153 vivit
1686 3098 1895 3171 homo,

217 3191 335 3247 sed
377 3190 439 3245 in
469 3189 639 3245 omni
694 3189 877 3245 verbo
936 3189 1035 3244 Dei
1094 3190 1261 3260 (240),
1294 3204 1415 3243 11011
1472 3187 1577 3243 tibi
1609 3188 1899 3261 subrepat

216 3278 589 3345 difﬁdentia,
624 3294 660 3334 ο
690 3294 923 3355 pauper
948 3277 1171 3343 saeculi,
1201 3278 1369 3333 dives
1400 3276 1628 3343 Christi,
1661 3277 1762 3332 sed
1794 3278 1895 3333 ﬁr-

218 3368 499 3427 missime
522 3366 730 3440 ponito
753 3383 921 3439 spem
942 3367 1003 3422 in
1025 3383 1095 3422 eo
1117 3367 1191 3422 de
1208 3382 1332 3439 quo
1354 3366 1663 3422 Psalmista
1686 3367 1901 3424 cecinit

219 3460 473 3515 dicens:
508 3456 797 3512 Dominus
826 3457 1109 3513 fortitudo
1134 3456 1325 3529 plebis
1346 3472 1491 3523 suae,
1524 3460 1581 3512 et
1600 3461 1899 3529 protector

222 3548 641 3605 salvationum
674 3546 885 3602 Christi
918 3546 1009 3601 sui
1036 3552 1128 3602 est
1152 3548 1321 3617 (241).
1356 3550 1573 3601 lterum
1616 3546 1899 3602 humanas

226 3636 449 3693 salutis
476 3635 719 3691 inimico
746 3636 1030 3707 quaedam
1080 3651 1274 3691 scaeva
1321 3641 1693 3704 suggerente,
1727 3640 1782 3692 et
1838 3638 1898 3692 in

234 3725 346 3783 tali
384 3724 621 3780 miseria
673 3740 782 3779 nec
840 3740 963 3779 non
1013 3725 1219 3780 labore
1252 3724 1448 3779 carnis
1492 3724 1899 3781 infirmitatem

226 3814 484 3871 minime
515 3830 696 3886 posse
754 3814 1071 3886 persistere
1129 3813 1534 3869 fraudulenter
1583 3814 1899 3883 inﬁCientc,

225 3908 423 3963 homo
451 3905 549 3960 Dei
586 3904 897 3976 respondit
928 3923 940 3960 :
972 3904 1145 3970 Quod
1194 3904 1240 3959 si
1273 3903 1535 3960 Christus
1590 3921 1760 3959 meus
1807 3923 1902 3961 me

223 4009 359 4052 non
394 3994 866 4050 manducantem
896 3994 1095 4049 vivere
1116 3992 1387 4059 voluerit,
1422 3993 1591 4048 facile
1618 3994 1731 4049 hoc
1774 3995 1899 4049 efﬁ-

227 4098 372 4140 cere
429 4083 664 4154 poterit,
712 4083 886 4153 juxta
940 4083 1107 4155 quod
1157 4082 1444 4154 scriptum
1478 4089 1566 4138 est
1599 4100 1611 4137 :
1640 4088 1767 4139 Non
1817 4091 1903 4139 est

227 4171 613 4244 impossibile
637 4172 800 4245 apud
850 4174 1036 4227 Deum
1091 4188 1270 4227 omne
1323 4170 1575 4227 verbum
1634 4176 1803 4245 (242).
1842 4178 1904 4229 Et

225 4264 455 4320 iterum
493 4279 504 4317 :
536 4262 750 4318 Omnia
780 4261 1095 4334 possibilia
1124 4261 1385 4317 credenti
1440 4264 1606 4333 (243).
1658 4265 1714 4320 Si
1767 4280 1901 4320 vero

228 4350 300 4407 id
326 4351 521 4406 facere
551 4350 828 4421 noluerit,
862 4356 962 4406 aut
992 4351 1141 4405 mihi
1179 4350 1499 4405 clementer
1540 4351 1765 4408 victum
1798 4370 1899 4407 ωλ-
1934 4402 1976 4454 D

230 4439 491 4509 hibebit,
525 4440 858 4495 secundum
890 4439 1051 4512 quod
1084 4439 1212 4511 ipse
1238 4438 1377 4493 dicit
1420 4439 1479 4493 in
1531 4441 1850 4511 Evangelio
1886 4460 1897 4496 :

242 4527 511 4584 Primum
542 4528 787 4599 quterite
817 4543 1072 4598 regnum
1112 4526 1232 4594 Dei,
1265 4531 1321 4582 et
1358 4527 1486 4581 haec
1541 4530 1747 4585 omnia
1803 4530 1904 4585 ad-

232 4617 518 4690 jicientur
571 4617 790 4684 vobis;
850 4619 959 4673 scit
1010 4617 1171 4672 enim
1220 4619 1385 4671 Pater
1410 4622 1603 4672 vester
1622 4620 1766 4692 quia
1813 4620 1903 4675 his

237 4707 530 4764 omnibus
555 4707 831 4778 indigetis
862 4709 1009 4779 (244)
1040 4726 1051 4773 ;
1087 4711 1189 4762 aut
1245 4707 1369 4762 sine
1430 4711 1905 4766 murmuratione

235 4797 401 4854 illius
430 4798 746 4854 voluntatis
774 4798 1083 4867 sententia,
1116 4813 1251 4869 quae
1282 4813 1403 4853 non
1434 4804 1625 4871 potest
1655 4816 1786 4855 esse
1818 4800 1904 4855 in-

233 4889 430 4960 justa,
472 4905 610 4944 cum
635 4888 986 4943 intemerata
1018 4887 1134 4942 fide
1184 4888 1292 4943 erit
1350 4888 1686 4944 subeunda.
1744 4890 1906 4946 Hanc

240 4978 430 5033 ﬁdem
465 4979 678 5034 ettidei
708 4978 1192 5034 exercitationem
1216 4978 1535 5034 subsecuta
1566 4985 1651 5034 est
1700 4997 1906 5035 conso-

241 5066 391 5122 latio
421 5067 639 5123 divinae
680 5068 938 5141 pietatis,
998 5082 1134 5139 quae
1176 5066 1534 5123 sufficienter
1590 5068 1666 5123 illi
1715 5086 1905 5142 panes

243 5157 582 5212 transmisit
600 5173 708 5229 per
736 5157 1037 5229 quosdam
1065 5155 1344 5211 homines
1372 5157 1496 5227 qui,
1532 5156 1629 5212 illo
1655 5174 1792 5213 cum
1823 5175 1907 5213 se-

324 5390 473 5461 (238)
513 5390 635 5461 {03.
669 5405 726 5444 ll.

326 5464 340 5524 (
348 5460 473 5532 239)
511 5460 702 5532 Eccli.
738 5475 794 5514 In
807 5503 819 5515 .

325 5531 479 5605 (240)
516 5531 735 5605 Matth.
764 5547 842 5586 1v.

327 5603 475 5672 (241)
514 5603 683 5658 Psal.
716 5617 893 5657 xxvii.

327 5674 476 5745 (242)
518 5675 661 5729 Luc.
698 5689 787 5728 vn.

2005 1778 2184 1848 tibus,
2219 1776 2481 1843 contigit,
2518 1780 2581 1830 ut
2609 1774 2855 1846 quidam
2883 1770 3201 1843 presbyter
3229 1767 3306 1822 de
3362 1768 3671 1822 Saxonum

2002 1872 2175 1938 gente
2201 1864 2514 1933 oriundus,
2542 1879 2579 1920 a
2604 1860 2945 1920 domesticis
2976 1871 3222 1931 quoque
3261 1858 3517 1911 Tammo
3570 1869 3673 1909 vo-

2003 1956 2237 2021 citatus,
2263 1969 2430 2009 more
2461 1950 2913 2009 adventantium
2975 1944 3307 2010 accederet,
3366 1942 3482 1997 sub
3537 1957 3673 2014 spe-

2004 2046 2212 2117 cieque
2243 2043 2563 2099 laudabilis
2617 2040 2937 2107 incolatus,
2990 2035 3101 2091 viri
3154 2032 3257 2089 Dei
3311 2031 3675 2089 commilito-

2004 2149 2228 2190 numve
2259 2132 2414 2187 illius
2445 2128 2884 2188 conversationi
2903 2142 2965 2181 se
2997 2124 3334 2180 admiscere
3395 2124 3669 2178 tentaret.

2005 2225 2192 2288 Quem
2225 2237 2363 2275 cum
2394 2220 2482 2276 vir
2505 2220 2603 2275 Dei
2656 2218 2877 2291 partim
2925 2215 3332 2287 prtecurrente
3383 2209 3676 2279 magistra

2003 2329 2071 2368 ex
2082 2310 2367 2383 perientia
2389 2309 2588 2365 abbati
2618 2304 3028 2362 Altahensium
3051 2302 3492 2373 praesentasset,
3516 2303 3573 2355 et
3599 2313 3675 2353 ex

2003 2417 2171 2457 more
2204 2399 2537 2455 secundum
2565 2396 2837 2467 regulam
2856 2395 2913 2450 S.
2943 2388 3238 2448 Benedicti
3262 2388 3672 2445 obedientiam

2003 2487 2394 2562 promisisset,
2425 2487 2646 2556 statim,
2699 2483 2813 2539 sub
2842 2486 3046 2537 tenore
3077 2493 3266 2549 quam
3298 2477 3506 2534 abbati
3540 2492 3674 2550 pro-

2006 2578 2251 2633 miserat
2273 2576 2650 2639 ohcdicntiae,
2692 2574 2842 2628 sicut
2868 2574 2925 2626 et
2944 2566 3139 2625 caeteri
3163 2567 3242 2623 ad
3268 2567 3329 2622 id
3386 2565 3672 2641 temporis

2007 2666 2281 2723 solebant
2312 2666 2525 2732 facere,
2547 2669 2604 2719 et
2632 2662 2832 2719 adhuc
2859 2658 3049 2715 solent
3078 2671 3257 2726 agere
3288 2658 3397 2729 qui
3426 2658 3675 2713 manent

2005 2774 2077 2813 eo
2107 2756 2221 2812 loci
2251 2755 2531 2822 eremitze,
2563 2752 2834 2809 redditus
2861 2748 2984 2804 sive
3016 2746 3129 2803 sub
3160 2744 3476 2816 diligentia
3514 2761 3675 2801 sum-

2008 2864 2108 2903 ma
2147 2844 2607 2901 commendatus
2633 2840 2922 2915 przedicto
2951 2836 3098 2906 seni,
3149 2851 3293 2892 cum
3346 2834 3448 2892 illo
3504 2850 3674 2908 repe-

2005 2936 2170 2991 davit
2198 2934 2276 2989 ad
2305 2949 2607 2987 secessum
2628 2929 2833 2986 eremi.

2077 3046 2105 3073 «
2142 3027 2270 3089 Qua
2298 3038 2438 3076 cum
2492 3019 2719 3076 caeteris
2772 3015 3057 3073 fratribus
3115 3016 3368 3072 Summo
3408 3013 3671 3071 humilli-

2007 3132 2103 3171 me
2126 3111 2585 3177 famulantibus,
2627 3113 2685 3165 et
2734 3108 2861 3181 ipse
2895 3107 3068 3177 juxta
3114 3104 3384 3163 instituta
3429 3109 3671 3163 Patrum

2005 3204 2065 3260 in
2092 3202 2240 3259 cella
2270 3200 2380 3256 sibi
2409 3199 2717 3272 deputata,
2746 3196 3123 3268 aliquantum
3149 3194 3436 3267 temporis
3470 3192 3669 3249 humi-

2005 3294 2166 3348 litate
2192 3292 2500 3362 perageret
2523 3286 2862 3350 comitante,
2885 3298 2993 3355 per
3019 3281 3472 3355 subreptionem
3497 3296 3671 3337 ceno-

2005 3381 2219 3448 doxiae,
2252 3379 2405 3435 adeo
2434 3381 2675 3451 repente
2717 3376 3002 3446 gravatus
3058 3376 3147 3428 est
3197 3386 3404 3427 massa
3459 3366 3685 3444 super;

2006 3472 2141 3536 biae,
2174 3474 2237 3525 ut
2264 3484 2388 3524 non
2442 3467 2639 3523 solum
2692 3461 3084 3521 clandestinis
3141 3460 3667 3517 mussitationibus

2007 3558 2354 3615 venerando
2378 3556 2502 3613 seni
2533 3552 2907 3611 detrahendo
2941 3551 3003 3607 in
3032 3566 3209 3608 aures
3256 3548 3667 3623 quorumdam

2010 3647 2525 3706 commonentium
2556 3646 2912 3709 susurraret,
2958 3640 3064 3697 sed
3120 3639 3302 3696 etiam
3348 3637 3666 3695 manifeste

2008 3740 2068 3795 in
2100 3737 2470 3794 calumniam
2502 3734 2649 3791 tanti
2703 3733 2812 3789 viri
2859 3745 3253 3804 prorumpere
3282 3728 3528 3786 auderet
3581 3726 3668 3782 di-

2008 3844 2150 3883 cens
2182 3844 2193 3881 :
2229 3826 2381 3891 Quid
2408 3830 2462 3880 et
2494 3823 2630 3896 quis
2658 3827 2747 3878 est
2775 3821 3119 3876 Guntharus
3150 3819 3178 3873 ?
3226 3817 3434 3874 Laicus
3485 3820 3666 3888 atque

2009 3922 2066 3971 et
2090 3915 2295 3981 idiota,
2328 3914 2502 3984 cujus
2520 3912 2654 3982 jure
2680 3907 3080 3966 contemnitur
3103 3906 3244 3961 vita.
3279 3904 3383 3963 Cui
3412 3918 3664 3975 respon-

2009 4004 2227 4059 derunt
2257 4004 2405 4056 servi
2435 4000 2534 4055 Dei
2559 4000 2664 4071 qui
2693 3997 2842 4053 forte
2869 4000 3010 4051 tunc
3040 3993 3292 4050 aderant
3322 3995 3380 4048 et
3406 3991 3535 4046 hinc
3565 4004 3669 4045 au-

2010 4093 2264 4155 dierant,
2324 4090 2630 4144 dicentes:
2675 4089 2742 4142 Ut
2794 4083 2969 4141 nobis
3033 4082 3287 4151 videtur,
3335 4078 3663 4146 humilitas,

2012 4197 2148 4254 quae
2170 4184 2374 4235 custos
2412 4182 2501 4233 est
2522 4176 2829 4245 virtutum,
2860 4173 3038 4243 longe
3054 4171 3349 4228 recessita
3369 4173 3473 4227 tua
3497 4183 3665 4225 men-

2016 4278 2090 4331 te,
2147 4274 2204 4324 et
2244 4267 2539 4340 superbiae
2583 4269 2920 4322 monstrum
2974 4267 3028 4317 te
3072 4260 3384 4317 manifeste
3428 4258 3667 4324 invasit,

2013 4358 2179 4432 quod
2211 4355 2635 4429 Babylonicam
2662 4359 2885 4411 turrem
2913 4350 3241 4424 procaciter
3285 4348 3441 4405 ﬁlios
3467 4362 3670 4420 pravae

2016 4446 2393 4505 conﬁdentiae
2424 4445 2567 4501 olim
2589 4443 2889 4500 aedificare
2918 4440 3216 4515 persuasit
3268 4439 3436 4509 (246),
3490 4441 3550 4492 et
3592 4435 3667 4491 de

2015 4537 2143 4593 viro
2177 4535 2275 4591 Dei
2297 4540 2421 4590 tam
2465 4533 2729 4590 nefanda
2783 4531 2888 4588 tibi
2936 4528 3123 4586 modo
3170 4524 3483 4596 suggessit.
3533 4528 3668 4595 Ipse

2014 4624 2226 4700 procul
2254 4624 2442 4679 dubio
2467 4622 2732 4695 primum
2760 4620 2901 4676 huic
2941 4632 3142 4674 eremo
3190 4613 3410 4671 invexit
3452 4610 3670 4668 vexilla

2016 4714 2208 4772 crucis
2240 4713 2472 4779 Christi,
2495 4712 2601 4785 qui
2630 4711 2691 4766 in
2722 4706 3042 4777 Evangelio
3071 4703 3212 4760 dicit
3240 4719 3253 4759 τ
3283 4701 3395 4768 Qui
3421 4700 3548 4757 vult
3574 4717 3670 4757 ve-

2016 4806 2143 4862 nire
2173 4808 2313 4877 post
2340 4819 2457 4871 me,
2487 4802 2747 4870 abneget
2787 4794 3196 4867 semetipsum,
3246 4796 3304 4849 et
3347 4791 3514 4849 tollat
3540 4807 3670 4847 cru-

2015 4912 2146 4952 cem
2179 4910 2374 4961 suam,
2407 4897 2465 4947 et
2493 4893 2777 4961 sequatur
2802 4902 2897 4943 me
2921 4886 3083 4957 (247).
3118 4886 3216 4939 Est
3261 4896 3507 4955 quoque
3562 4881 3670 4936 iste

2016 4984 2106 5039 vir
2141 4995 2377 5051 magnae
2399 4975 2766 5034 auctoritatis
2818 4974 2923 5047 qui
2969 4973 3098 5044 jam
3149 4971 3212 5027 in
3267 4973 3569 5026 senectam
3617 4972 3675 5025 et

2019 5071 2253 5127 senium
2286 5067 2464 5133 venit,
2492 5064 2715 5137 optime
2755 5061 3026 5135 parendo
3078 5059 3296 5115 divinis
3344 5057 3669 5114 mandatis.

2019 5158 2246 5224 Quibus
2276 5155 2370 5211 ille
2398 5156 2747 5222 arroganter
2775 5148 3105 5221 respondit,
3127 5146 3437 5219 inquiens:
3464 5148 3674 5202 Aucto-

2113 5389 2238 5458 243)
2276 5389 2469 5443 Marc.
2494 5402 2571 5442 ix.

2115 5463 2241 5523 244)
2286 5461 2429 5513 Luc.
2464 5473 2561 5511 xu.

2095 5530 2245 5600 (245)
2284 5530 2450 5586 Psal.
2484 5541 2716 5583 Lxxxm.

2100 5603 2250 5671 (246)
2291 5603 2432 5658 Gen.
2464 5615 2544 5654 x1.

2104 5675 2248 5745 (247)
2287 5674 2428 5729 Luc.
2469 5687 2546 5726 ix.
