3996 6178
341 209 479 265 10⁸78

1389 200 1700 258 ARNOLDI
1742 195 2340 254 EMMERAMMENSIS
2378 197 2711 255 MONACHI.
2746 152 2753 159 ν

3637 198 3780 253 ίοπ

337 334 484 392 ritas
512 344 756 405 quoque
784 327 943 386 illius
976 327 1127 383 mihi
1154 343 1267 400 pro
1284 327 1539 385 minimo
1555 330 1661 393 est,
1686 324 1829 397 quia
1854 320 2002 377 nihil
2025 324 2073 377 A
2104 321 2315 377 orbem
2347 326 2636 379 terrarum
2669 321 2890 378 inimici
2938 321 3173 394 laqueis
3230 323 3671 396 queritantem,
3733 326 3791 377 et

340 421 591 481 omnino
619 416 793 474 valet.
823 416 1108 472 Seorsum
1138 416 1384 489 quidem
1418 415 1564 471 mihi
1606 411 1999 476 manendum,

343 516 402 569 et
429 508 679 574 Christo,
714 504 821 578 qui
858 504 1022 561 dedit
1074 521 1256 562 nosse
1308 511 1366 562 et
1415 521 1617 579 posse,
1642 504 1704 559 in
1760 500 2002 575 speciali

340 599 513 670 cella,
534 594 705 654 haud
735 594 850 651 sub
883 594 1172 652 Gunthari
1202 611 1455 651 censura
1485 595 1594 651 erit
1644 596 1880 664 meapte
1932 589 2002 644 li-

344 690 494 746 bero
519 701 726 744 animo
758 684 1165 742 serviendum.
1199 685 1353 751 Quid
1391 685 1565 759 plura
1588 686 1615 741 ‘2
1666 684 2004 755 Sequestra-

341 785 438 837 tus
464 777 628 835 idem
677 774 993 848 presbyter
1047 773 1275 847 aliquot
1327 774 1541 831 diebus
1591 773 1668 830 ab
1697 772 1809 828 illis
1848 786 2004 843 quos

340 866 634 941 despexit,
667 881 704 921 a
742 864 1098 921 subversore
1119 864 1483 921 ministratas
1511 862 1812 936 quasdam
1859 860 2007 916 vidit

340 956 632 1024 visiones,
681 953 807 1010 imo
852 953 1207 1026 phantasias
1259 953 1510 1025 aspexit,
1564 951 1785 1025 quibus
1851 950 2004 1006 adeo

344 1044 646 1103 elevatum
677 1046 768 1098 est
796 1058 900 1098 cor
949 1042 1100 1113 ejus,
1158 1046 1221 1098 ut
1243 1043 1454 1098 humili
1486 1059 1556 1098 ac
1586 1040 1839 1114 simplici
1870 1044 2005 1095 voto

343 1134 590 1192 minime
621 1135 938 1205 expeteret.
972 1131 1136 1187 Unde
1166 1131 1380 1187 accidit
1404 1135 1469 1188 ut
1491 1131 1847 1204 intempesta
1868 1146 2007 1185 noco

344 1224 417 1281 tis
445 1223 595 1295 (sic),
653 1236 779 1294 qua
811 1224 1034 1277 sanctae
1055 1220 1299 1291 Agnetis
1336 1221 1619 1277 festivitas
1672 1220 2007 1276 celebratur

343 1327 382 1369 a
410 1309 776 1378 Christianis,
819 1309 1080 1366 orationi
1135 1310 1580 1383 aliquantulum
1623 1309 2000 1374 incumbens,

342 1399 610 1475 primum
637 1397 1075 1469 delectabilem,
1105 1404 1245 1472 post
1287 1399 1597 1456 modicum
1645 1415 1787 1455 vero
1815 1398 2005 1471 lacry-

343 1487 651 1555 mabilem,
683 1486 893 1544 auditu
916 1503 1130 1544 vocem
1165 1488 1430 1544 hauriret
1458 1488 1766 1559 oculisque
1822 1485 2004 1543 visio-

343 1593 487 1635 nem
512 1576 762 1633 videret.
792 1576 1036 1633 Audivit
1058 1592 1202 1647 ergo
1248 1576 1545 1650 imprimis
1598 1576 2002 1648 harmoniam,

2103 409 2493 467 nihilominus
2518 411 2973 483 lacrymantem,
2999 411 3074 466 de
3114 410 3269 466 ccelo
3292 409 3641 483 aliquando
3693 426 3795 465 ve-

2104 496 2207 563 nit,
2241 497 2445 554 dicens
2475 516 2486 554 :
2511 499 2824 555 Humilitas
2852 500 3082 556 Christo
3116 500 3438 556 adhaerens
3471 505 3797 555 transcen-

2104 584 2206 639 det
2229 602 2439 643 omnes
2467 588 2716 660 laqueos
2734 588 2863 644 hos.
2898 591 2979 643 De
3002 594 3216 644 cretero
3233 587 3411 644 crede
3436 586 3595 643 mihi
3614 587 3794 660 quia,

2107 673 2243 728 siin
2274 677 2556 756 praedicto
2605 676 2782 732 fratre
2836 677 3145 732 humilitas
3196 676 3414 735 Christi
3470 681 3795 744 regnaret,

2103 778 2421 836 nunquam
2445 765 2789 838 superbiam
2802 765 3029 821 diaboli
3050 765 3275 821 cadens
3293 764 3800 828 adoraret.Quod

2104 852 2167 907 in
2192 856 2579 926 sequentibus
2609 855 3053 924 evidentissime
3077 855 3348 927 liquebit.
3396 859 3555 911 Nam
3615 860 3797 926 post-

2106 958 2290 1014 quam
2322 944 2582 1016 pessime
2614 944 2904 1013 adoravit,
2938 944 3225 1017 antiquus
3263 945 3457 999 hostis
3507 944 3568 999 ei
3621 943 3799 999 aliud

2106 1032 2325 1089 vulnus
2352 1034 2563 1091 inﬂixit
2594 1034 2811 1107 pariter
2852 1040 2908 1090 et
2959 1034 3143 1090 dixit:
3204 1034 3617 1091 Antichristus
3664 1036 3798 1106 jam

2106 1121 2167 1176 in
2195 1122 2402 1178 Judaea
2422 1129 2653 1193 regnat,
2685 1140 2795 1179 nec
2826 1110 2947 1178 non
2982 1123 3135 1180 Elias
3161 1128 3220 1179 et
3250 1123 3460 1179 Enoch
3512 1123 3603 1179 ibi
3634 1139 3799 1196 prea-

2107 1209 2327 1267 dicant.
2363 1214 2510 1267 Cum
2536 1212 2629 1267 his
2654 1228 2895 1285 quoque
2922 1212 3002 1267 ab
3032 1212 3395 1268 Antichristo
3417 1211 3797 1267 interﬁcien-

2106 1298 2219 1366 dis,
2250 1315 2360 1371 pro
2387 1300 2766 1356 confessione
2797 1300 2915 1355 mei
2941 1300 3230 1370 nominis,
3288 1300 3353 1355 in
3411 1316 3588 1356 anno
3638 1317 3800 1373 prte-

2106 1388 2275 1457 senti,
2308 1389 2595 1460 martyrio
2639 1389 3022 1444 coronandus
3079 1390 3215 1445 eris.
3276 1388 3393 1446 Sed
3448 1396 3797 1461 antequam

2103 1475 2242 1531 illuc
2262 1476 2494 1547 tendas,
2523 1482 2756 1549 oportet
2783 1483 2833 1532 te
2861 1477 3067 1533 omnia
3097 1494 3234 1550 quae
3280 1478 3343 1533 in
3398 1478 3599 1549 hujus
3661 1494 3800 1551 pro-

2105 1564 2311 1620 vinciae
2342 1566 2633 1621 coenobiis
2664 1567 3085 1622 emendatione
3117 1573 3260 1623 sunt
3290 1567 3485 1635 digna
3524 1568 3796 1637 corrige-

343 1682 456 1723 nec
483 1681 609 1722 non
635 1664 814 1738 quasi
841 1664 997 1721 duos
1026 1666 1243 1721 choros
1266 1665 1451 1722 Vil‘OI‘t
1473 1682 1536 1720 m
1565 1668 1623 1721 et
1642 1664 2002 1721 feminarum
2034 1676 2078 1729 Β
2104 1669 2188 1720 re,
2222 1659 2278 1709 et
2308 1654 2509 1709 multis
2533 1656 2788 1710 verbum
2816 1656 3079 1711 veritatis
3101 1656 3462 1728 praedicare.
3510 1660 3594 1712 At
3636 1672 3799 1728 pres-

342 1754 557 1829 procul
594 1753 1063 1823 concinentium,
1113 1757 1170 1810 et
1220 1753 1610 1810 alternatione
1665 1753 1908 1822 vicaria,
1941 1757 2005 1809 ut

345 1843 723 1911 audiebatur,
753 1842 1156 1916 pulcherrime
1186 1842 1299 1898 sibi
1327 1843 1586 1899 invicem
1640 1842 2005 1915 responden-

346 1933 517 2002 tium,
543 1931 738 1988 donec
788 1931 1081 2004 paulatim
1129 1948 1268 1989 cum
1303 1932 1671 1989 incremento
1727 1932 1999 2003 ejusdem

345 2021 655 2079 cantilenae
696 2024 880 2093 atque
937 2022 1165 2078 corusci
1211 2022 1457 2079 luminis
1511 2022 1997 2092 augmentatione

345 2127 538 2184 usque
564 2110 644 2166 ad
673 2125 735 2166 se
763 2110 1051 2166 venirent.
1076 2114 1237 2168 Tunc
1258 2112 1510 2167 humani
1540 2111 1774 2181 generis
1804 2111 1997 2166 inimi-

345 2215 472 2271 cus,
494 2198 598 2272 qui
630 2201 882 2255 testante
924 2199 1197 2272 apostolo
1251 2200 1432 2257 Paulo
1494 2200 1881 2270 transﬁgurat
1936 2216 1997 2253 se

343 2286 524 2344 etiam
548 2286 612 2342 in
641 2287 924 2358 angelum
948 2286 1099 2344 lucis
1118 2288 1289 2360 (248),
1322 2304 1461 2344 cum
1488 2292 1651 2344 tanto
1682 2288 1910 2357 fulgore
1937 2303 1998 2342 se

343 2375 427 2433 illi
455 2376 861 2449 praesentavit,
887 2380 955 2432 ut
1008 2376 1159 2433 nihil
1206 2377 1410 2433 minus
1456 2365 1767 2449 putaretur
1814 2392 2002 2449 quam

343 2464 650 2521 diabolus.
676 2467 946 2538 Cumque
976 2481 1116 2520 eum
1156 2465 1473 2538 presbyter
1519 2466 1847 2522 intueretur
1875 2465 2002 2521 diu-

344 2554 460 2613 tius
481 2557 539 2612 et
563 2553 884 2611 miraretur
912 2569 1095 2627 super
1124 2555 1568 2628 pulchritudine
1598 2556 1748 2626 ejus,
1780 2556 2004 2628 quiap-

344 2642 546 2717 paruit
573 2642 723 2700 dixit
752 2642 831 2700 ad
860 2659 1003 2699 eum
1036 2660 1050 2699 :
1084 2644 1336 2699 Videsne
1365 2644 1530 2717 quod
1548 2644 1663 2699 sim
1694 2645 1957 2699 Christus
1977 2645 2005 2700 ?

343 2748 532 2805 quare
583 2747 707 2789 non
756 2732 978 2789 adoras
1030 2734 1174 2789 me?
1233 2732 1360 2789 Noli
1414 2732 1710 2800 dubitare,
1755 2749 1896 2789 cum
1925 2732 2003 2788 ad

343 2821 459 2879 hoc
482 2820 754 2877 venerim
785 2823 1084 2893 quatenus
1124 2819 1230 2877 tibi
1281 2820 1483 2877 dicam
1529 2837 1667 2893 quae
1715 2826 1770 2877 te
1823 2836 2002 2894 opor-

344 2915 463 2966 teat
518 2910 733 2966 facere.
790 2915 863 2966 At
906 2910 1025 2978 ille,
1080 2926 1262 2982 quem
1318 2911 1621 2983 praestigia
1653 2912 1782 2983 jam
1836 2911 2004 2966 dece-

344 3004 561 3073 perant
582 2999 902 3065 diabolica,
936 2999 1086 3056 dixit
1119 3018 1131 3056 :
1169 2999 1227 3056 Si
1254 2999 1413 3056 ﬁlius
1442 3018 1506 3057 es
1537 3001 1748 3071 Mariae,
1780 3017 1916 3057 ecce
1950 3006 2001 3057 te
2024 3029 2065 3087 ρ

344 3088 554 3145 adoro.
589 3090 659 3144 Et
684 3087 1004 3161 procidens
1034 3088 1308 3146 adoravit
1328 3105 1487 3155 eum,
1520 3090 1758 3162 penitus
1784 3089 2000 3145 oblitus

344 3178 503 3235 illius
530 3177 805 3252 responsi
833 3178 1000 3251 quod
1027 3178 1088 3235 in
1119 3178 1247 3234 Vita
1272 3181 1512 3236 Patrum
1544 3195 1752 3235 senem
1783 3179 2000 3235 cautis-

345 3268 570 3325 simum
596 3284 778 3342 super
806 3268 1230 3340 hujuscemodi
1262 3269 1581 3325 tentatione
1606 3270 1841 3339 legebat
1893 3269 1998 3325 de-

342 3357 523 3415 disse.
553 3357 641 3415 lbi
667 3358 828 3415 enim
859 3362 948 3414 est
976 3358 1285 3431 scriptum,
1322 3361 1387 3414 ut
1425 3374 1587 3414 nunc
1642 3374 2000 3426 rcmemoro,

341 3449 488 3521 quia
502 3449 754 3522 quidam
771 3464 953 3504 senex
967 3448 1098 3520 pari
1116 3448 1299 3503 modo
1311 3465 1348 3504 a
1363 3448 1606 3505 diabolo
1625 3449 1695 3504 sit
1706 3452 1962 3505 tentatus
1987 3467 1999 3516 ;

344 3537 470 3604 sed,
503 3536 709 3592 divina
737 3536 1054 3592 clementia
1076 3552 1314 3592 servum
1346 3553 1525 3593 suum
1545 3537 1826 3604 vallante,
1860 3554 2003 3592 mox

342 3627 600 3680 tentator
622 3623 758 3696 quis
788 3624 966 3680 fuerit
992 3625 1201 3697 paucis
1229 3624 1424 3680 verbis
1459 3625 1531 3679 sit
1570 3624 1998 3697 deprehensus.

342 3714 495 3769 Nam
519 3728 660 3769 cum
689 3712 818 3768 seni
845 3712 952 3769 diu
977 3712 1218 3783 tacenti,
1247 3717 1305 3769 et
1324 3728 1527 3768 secum
1549 3714 1686 3786 quis
1718 3719 1869 3769 esset
1897 3715 2003 3787 qui

344 3802 626 3877 apparuit
653 3801 860 3859 intime
880 3801 1157 3869 volventi,
1190 3818 1503 3875 perversus
1526 3820 1802 3876 perverse
1842 3804 1999 3861 dice-

340 3897 432 3949 ret
462 3909 476 3948 :
501 3895 623 3964 Ego
652 3909 788 3949 sum
820 3891 1086 3950 Christus
1111 3909 1124 3959 ;
1156 3908 1343 3966 quare
1365 3892 1565 3949 tardas
1592 3910 1689 3949 me
1719 3894 2001 3951 adorare?

343 3984 727 4057 Responsum
755 3982 983 4055 accepit
1013 3981 1091 4038 ab
1122 3998 1194 4039 eo
1224 4000 1236 4037 :
1271 3984 1459 4048 Quem
1490 3983 1743 4039 adoravi
1780 3984 1858 4040 ab
1910 3985 1999 4039 in-

343 4070 532 4127 fantia
559 4089 697 4128 mea
723 4087 917 4145 usque
943 4072 1006 4127 in
1034 4086 1322 4143 prmsens,
1348 4071 1465 4127 nisi
1496 4072 1792 4129 Christum
1812 4074 2003 4129 ﬁlium

345 4160 448 4215 Dei
474 4160 596 4216 vivi
626 4161 655 4216 7
679 4161 737 4218 Si
764 4166 829 4216 tu
855 4162 1118 4218 Christus
1144 4177 1326 4232 esses,
1354 4161 1695 4219 nullatenus
1714 4180 1750 4219 a
1778 4180 1874 4219 me
1908 4181 2007 4237 pe-

343 4249 498 4304 teres
535 4248 651 4305 hoc
681 4249 1042 4322 obsequium
1097 4250 1203 4305 tibi
1257 4251 1442 4307 modo
1494 4251 1785 4324 impendi,
1838 4255 2001 4325 quod

345 4352 605 4410 semper,
636 4337 700 4394 in
726 4343 1022 4411 quantum
1054 4338 1238 4408 valui,
1270 4356 1413 4396 vero
1466 4341 1695 4397 Christo
1751 4343 2003 4400 Domino
2029 4384 2084 4411 ην

342 4442 481 4483 meo
510 4427 817 4484 humiliter
844 4427 1106 4485 exhibui.
1143 4429 1310 4485 Tunc
1335 4429 1590 4487 humani
1621 4430 1854 4497 generis
1890 4432 2002 4489 ini-

340 4517 536 4574 micus
561 4518 766 4576 valida
794 4518 951 4574 senis
975 4518 1095 4574 ﬁde
1116 4534 1502 4592 repercussus
1518 4524 1696 4592 atque
1719 4521 2004 4578 confusus

341 4607 604 4678 evanuit,
635 4608 915 4681 linquens
943 4608 1028 4665 ibi
1048 4611 1209 4664 certa
1227 4608 1560 4680 praesentiae
1592 4625 1713 4663 suae
1760 4609 2000 4679 indicia,

339 4695 403 4753 id
430 4700 521 4754 est
544 4696 815 4754 fetorem.
849 4719 878 4749 »

957 4787 1388 4843 Ammonicius.

411 4896 443 4928 α
472 4878 517 4935 Ο
543 4874 861 4943 Collectici,
891 4875 1157 4932 horroris
1176 4875 1360 4948 plena
1379 4879 1522 4932 sunt
1535 4891 1673 4949 quae
1694 4876 1996 4949 scripsisti,

338 4969 507 5023 etest
528 4965 707 5023 valde
735 4965 927 5022 durus
956 4964 1053 5022 hic
1084 4980 1285 5021 sermo
1313 4980 1499 5036 quem
1558 4963 1795 5020 dixisti:
1857 4966 2000 5031 Quis

338 5069 484 5126 ergo
512 5058 709 5129 potest
733 5055 986 5129 laqueos
1000 5053 1227 5111 inimici
1242 5052 1519 5120 evadere,
1549 5053 1597 5109 si
1621 5052 1733 5110 ista
1757 5054 1820 5110 in
1840 5055 2001 5111 hunc

337 5144 641 5201 mundum
669 5145 828 5203 facta
861 5148 1003 5202 sunt
1024 5159 1164 5200 vere
1193 5144 1221 5199 ‘I
1241 5162 1273 5196 ›

976 5234 1374 5292 Collectitius.

414 5344 443 5372 «
462 5323 1189 5395 lnterrogatiunculzeﬂtuae
1209 5322 1350 5379 huic
1374 5336 1574 5396 pravae
1598 5321 1798 5391 simul,
1819 5327 1875 5379 et
1895 5323 2002 5380 du-

337 5410 614 5470 bitationi
642 5414 895 5470 nimium
926 5413 1301 5486 periculosa,
1332 5410 1739 5479 oAmmonici,
1774 5412 2001 5470 satisfa-

2029 4386 2073 4440 D

2104 1742 2298 1814 byter,
2314 1759 2610 1799 novarum
2632 1761 2831 1800 rerum
2851 1745 3130 1817 cupidus,
3146 1745 3307 1800 inﬁt:
3334 1747 3518 1808 Quod
3544 1746 3795 1815 signum

2105 1831 2279 1888 dabis
2311 1832 2597 1905 mihiquo
2619 1840 2814 1889 certus
2844 1833 3069 1889 efﬁciar
3093 1850 3187 1889 me
3218 1851 3357 1907 quae
3416 1834 3635 1890 dixisti
3687 1834 3798 1891 fae-

2107 1924 2306 1976 turum
2340 1922 2366 1976 ‘I
2398 1922 2501 1977 Cui
2531 1922 2807 1977 seductor
2853 1923 3169 1995 respondit
3202 1940 3215 1978 :
3272 1926 3406 1979 Non
3466 1940 3677 1979 unum
3727 1924 3799 1979 si-

2108 2025 2297 2080 gnum
2326 2011 2430 2066 tibi
2449 2011 2690 2067 dabitur
2711 2030 2817 2083 pro
2840 2013 3214 2077 certitudine,
3234 2012 3344 2068 sed
3366 2013 3487 2068 tria
3520 2012 3797 2069 facturus

2109 2115 2171 2155 es
2201 2100 2399 2167 hodie,
2429 2106 2564 2156 ante
2586 2101 2817 2156 tertiam
2850 2102 3064 2156 horam
3110 2101 3252 2165 dici,
3315 2102 3553 2157 scilicet
3605 2118 3793 2158 unum

2110 2189 2171 2242 in
2198 2188 2506 2243 Guntharii
2541 2189 2784 2244 sinistro
2816 2190 3012 2258 oculo,
3045 2206 3231 2261 quem
3260 2205 3421 2261 pene
3440 2189 3529 2245 ob
3553 2191 3793 2261 aegritu-

2110 2276 2313 2332 dinem
2338 2277 2597 2349 perdidit
2626 2278 2878 2333 alterum
2908 2279 2969 2333 in
3000 2279 3200 2348 fratre,
3230 2279 3334 2351 qui
3358 2279 3495 2349 jam
3511 2297 3628 2353 per
3648 2280 3796 2335 mul-

2111 2372 2200 2422 tos
2230 2366 2357 2421 dies
2388 2365 2669 2433 inﬁrmat,
2705 2373 2761 2423 et
2788 2373 2874 2422 est
2906 2384 3121 2433 caecus,
3178 2369 3273 2424 cui
3321 2384 3565 2425 nomen
3609 2370 3793 2425 Remi

2108 2456 2528 2525 gius.Tertium
2554 2456 2613 2511 in
2644 2473 2734 2525 eo,
2767 2458 2871 2529 qui
2900 2457 3116 2511 dicitur
3142 2461 3315 2523 Bazo,
3339 2474 3541 2530 quem
3571 2458 3794 2515 inimici

2108 2545 2197 2600 sui
2227 2551 2615 2615 caecaverunt,
2645 2552 2823 2619 atque
2855 2564 3141 2602 mancum
3198 2548 3503 2604 fecerunt.
3540 2549 3795 2621 Insuper

2105 2649 2217 2706 pro
2249 2634 2419 2703 signo
2438 2634 2801 2690 certitudinis
2831 2635 3051 2691 habeto
3074 2635 3375 2701 sandalia,
3402 2653 3553 2708 quae
3578 2637 3644 2692 in
3664 2652 3792 2708 pro-

2108 2722 2272 2777 ximo
2297 2722 2779 2796 reperies,posita
2801 2724 3069 2796 quadam
3102 2725 3216 2779 sub
3248 2724 3479 2780 arbore
3544 2732 3788 2791 cavata;

2107 2811 2331 2883 quibus
2363 2813 2646 2885 praecipio
2678 2817 2743 2869 ut
2766 2815 3019 2886 posthac
3048 2814 3232 2869 utaris
3278 2814 3340 2869 in
3403 2814 3790 2871 celebrandis

2106 2902 2430 2957 missarum
2467 2902 2769 2958 solemnis.
2814 2902 2965 2968 Quid
2998 2903 3191 2959 multa
3221 2905 3248 2959 ?
3282 2904 3385 2959 His
3418 2906 3507 2960 ita
3567 2905 3785 2961 homini

2106 2989 2369 3060 superbo
2387 2989 2683 3045 diabolica
2711 2990 2918 3045 fraude
2951 2992 3521 3062 persuasis,etinter
3547 2994 3787 3048 arbusta

2104 3092 2262 3149 pone
2292 3078 2662 3133 domicilium
2693 3079 2750 3133 in
2780 3096 2903 3150 quo
2936 3079 3346 3147 vagabundus
3381 3086 3622 3137 mansit
3652 3098 3782 3136 con-

2106 3165 2241 3235 sita,
2273 3166 2723 3238 quasiquodam
2750 3168 3239 3239 ascensupariter
3254 3184 3328 3224 ac
3356 3170 3675 3226 descensu
3689 3171 3783 3224 de-

2105 3260 2459 3321 monstrato,
2492 3270 2633 3310 cum
2688 3255 2814 3311 aliis
2866 3256 3393 3312 inextricabilibus
3452 3260 3782 3331 phantasia

2106 3343 2417 3414 portentis,
2432 3344 2493 3398 in
2510 3344 2642 3415 ipso
2664 3361 2909 3417 crepusc
2921 3346 3197 3413 ulolucis,
3218 3347 3525 3417 praefatus
3549 3348 3782 3420 presby-

2108 3436 2195 3487 ter
2223 3433 2529 3504 propriam
2562 3440 2619 3488 et
2644 3434 3008 3503 singularem
3048 3435 3336 3490 deserens
3366 3437 3623 3503 cellam,
3677 3438 3775 3491 sub

2109 3519 2274 3575 inani
2306 3537 2407 3593 spe
2438 3521 2750 3577 diabolime
2768 3523 3231 3594 pollicitationis,
3256 3524 3509 3581 domini
3535 3526 3765 3581 ωλι]ώᾶ-

2110 3609 2180 3664 rii
2208 3609 2352 3681 petit
2380 3625 2604 3665 casam.
2640 3612 2827 3676 Quem
2860 3628 2997 3666 eum
3027 3612 3250 3667 videret
3284 3616 3651 3670 venerabilis
3675 3613 3756 3667 he-

2109 3714 2233 3771 ros,
2257 3715 2436 3770 super
2463 3701 2773 3772 repentino
2794 3702 2924 3771 ejus
2974 3702 3238 3757 adventu
3280 3705 3694 3777 obtupcscens
3718 3707 3767 3758 et

2108 3789 2438 3855 admirans,
2473 3795 2674 3862 utpote
2700 3791 2799 3863 qui
2823 3792 3097 3864 superbis
3118 3800 3468 3865 imperante
3491 3796 3576 3851 ab
3600 3812 3669 3851 eo
3697 3810 3773 3848 se-

2107 3884 2447 3951 questratus
2479 3884 2622 3949 erat,
2656 3881 2910 3953 sibique,
2944 3882 3123 3937 veluti
3178 3882 3411 3939 litteras
3474 3884 3773 3947 nescienti,

2107 3968 2330 4039 peritiae
2359 3985 2482 4023 suae
2505 3969 2991 4042 supplementum
3013 3971 3283 4040 maligna
3300 3972 3491 4029 volun
3503 3979 3622 4029 tate
3646 3972 3776 4027 sub-

2106 4060 2383 4114 traxerat.
2408 4056 2555 4111 nihil
2584 4058 2779 4112 dicere
2811 4059 3014 4114 volens
3071 4060 3377 4116 conticuit.
3446 4061 3619 4117 Tunc
3676 4063 3771 4133 qui

2104 4161 2264 4201 vana
2289 4145 2477 4215 gloria
2509 4147 2772 4202 tumidus
2803 4148 3147 4216 advenerat,
3173 4149 3290 4204 sub
3309 4151 3509 4222 specie
3540 4151 3771 4213 religio-

2104 4235 2199 4289 nis
2228 4235 2305 4289 ad
2331 4236 2727 4290 reverendum
2771 4252 2977 4291 senem
3007 4237 3250 4293 dicebat
3287 4257 3299 4293 :
3349 4243 3476 4295 Non
3528 4241 3765 4309 ignora—

2105 4340 2241 4378 mus
2272 4324 2435 4397 quia,
2459 4325 2632 4394 juxta
2664 4324 2931 4381 iustituta
2976 4328 3237 4395 Patrum,
3297 4328 3411 4383 nisi
3453 4328 3649 4394 vocati,
3680 4326 3752 4378 de

2106 4413 2255 4469 cella
2280 4414 2479 4483 egredi
2506 4418 2563 4469 et
2606 4415 2724 4467 huc
2754 4415 2952 4469 venire
3003 4415 3253 4471 minime
3315 4417 3708 4473 debueramus
3741 4431 3761 4481 -,

2107 4503 2214 4557 sed
2240 4503 2591 4559 humilitatis
2620 4510 2840 4559 nostra:
2864 4505 3160 4559 adventus
3201 4523 3275 4560 cx
3316 4511 3611 4579 prazcepto
3652 4507 3769 4561 llo-

2105 4591 2253 4647 mini
2282 4594 2467 4648 nostri
2495 4595 2631 4648 Jesu
2672 4593 2880 4648 Christi
2934 4598 3023 4649 est
3077 4595 3251 4650 vobis
3306 4600 3363 4651 et
3411 4595 3542 4651 aliis
3594 4594 3771 4651 valde

2104 4669 2497 4737 necessarius.
2533 4681 2637 4738 Cui
2669 4697 2870 4748 senex,
2893 4682 3140 4755 Spiritus
3174 4685 3515 4740 munimine
3538 4690 3772 4757 protec-

2109 4776 2223 4839 tus,
2275 4772 2474 4828 dixit:
2535 4771 2702 4828 Unde
2762 4772 2934 4827 vobis
2990 4773 3125 4839 hoc,
3182 4780 3287 4829 aut
3354 4776 3609 4846 quando
3664 4777 3772 4831 Do-

2109 4862 2309 4917 minus
2340 4862 2602 4918 Christus
2630 4861 2981 4917 fraternitati
3004 4868 3214 4918 vestraa
3234 4879 3398 4918 nova
3425 4865 3593 4920 dedit
3619 4881 3771 4938 prae-

2106 4951 2328 5023 cepta?
2380 4955 2450 5006 At
2504 4951 2597 5005 ille
2653 4952 3003 5023 respondit:
3067 4955 3184 5007 Hac
3239 4958 3438 5008 nocte.
3494 4957 3560 5009 Et
3633 4955 3773 5010 dicit

2104 5056 2307 5109 senex,
2341 5042 2478 5105 Quae
2510 5040 2537 5094 ?
2569 5040 2893 5112 Respondit
2921 5040 3234 5112 presbyter
3265 5059 3281 5095 :
3347 5044 3418 5097 Ut
3444 5044 3507 5097 in
3560 5060 3771 5099 mona-

2103 5129 2295 5186 steriis
2329 5130 2519 5186 Norici
2544 5130 2858 5200 regulares
2881 5130 3334 5185 observationes
3381 5133 3691 5202 corrigam
3720 5140 3773 5189 et

2100 5234 2405 5285 renovem,
2439 5224 2615 5291 atque
2642 5217 2882 5291 populis
2912 5218 3025 5273 late
3086 5218 3336 5273 verbum
3397 5220 3501 5275 Dei
3562 5222 3772 5293 praedi-

2101 5324 2253 5373 cem,
2286 5323 2396 5363 nec
2422 5324 2546 5363 non
2576 5306 2916 5363 infirmitate
2954 5313 3163 5362 sanata
3189 5306 3434 5362 duobus
3460 5309 3767 5373 fratribus,

2101 5397 2317 5452 Bazoni
2351 5397 2569 5452 scilicet
2594 5402 2649 5451 et
2685 5395 2975 5463 Remigio,
3002 5396 3200 5450 visum
3230 5396 3575 5465 restituam,
3636 5417 3771 5457 ocu-

340 5517 473 5559 cere
502 5502 681 5560 debet
698 5519 817 5560 vox
845 5483 983 5576 quae
1013 5504 1094 5561 ad
1121 5504 1451 5563 Antonium
1480 5517 1591 5576 pro
1607 5502 1863 5558 extensis
1893 5517 2000 5577 per
2097 5484 2279 5558 loque
2308 5491 2409 5542 ῖυο
2437 5487 2564 5558 iam
2595 5502 2700 5559 Per
2730 5485 2930 5557 Plures
2955 5500 3148 5541 annos
3180 5484 3350 5541 (101οΓ
3354 5483 3496 5541 ibus
3530 5489 3768 5545 turbato

410 5662 560 5736 (258)
597 5665 668 5723 II
685 5666 824 5724 Cor.
854 5680 976 5723 xm.
