3984 6180
167 189 323 256 ,1077

929 145 1048 240 Δ1)Ῑὶ
1086 183 1457 242 MIRACULIS
1497 182 1552 237 S.
1597 175 2012 242 EMMERAMMI
2049 179 2234 236 LIBRI
2275 181 2439 238 DUO.
2483 211 2552 246 ,—
2591 180 2724 237 LIB.
2766 181 2834 235 Il.

3472 181 3609 236 £078

181 309 510 365 claritatem
536 307 782 364 lummis
807 307 1077 364 reddam.
1111 311 1252 375 Quae
1282 307 1466 363 verba
1495 321 1636 361 cum
1663 317 1842 358 senex
1871 299 1923 356 Α
1954 303 2274 361 Dominicae
2302 305 2645 362 tentationis
2683 304 3054 361 mentionem
3092 303 3334 371 faciens,
3385 302 3460 359 de
3489 301 3607 359 hoc

181 397 414 454 audiret
441 412 546 468 per
574 413 642 451 os
672 397 1014 452 Tammonis
1047 397 1298 469 prolata,
1340 393 1596 451 occurrit
1615 392 1847 463 jactan-

183 486 271 541 tiee
304 485 434 556 ejus
466 485 672 539 dicens
705 503 716 539 :
753 485 934 540 Crede
997 486 1162 547 milii,
1223 483 1584 541 Guntharius
1640 478 1846 534 mallet

179 572 481 629 ambobus
511 573 700 628 oculis
740 589 962 641 carere,
1021 591 1204 646 quam
1262 590 1366 646 per
1409 572 1566 627 illius
1597 583 1840 624 conces-

181 662 413 718 sionem
463 661 659 717 videre
710 662 812 734 qui
864 662 965 718 tibi
1025 663 1153 718 haec
1207 661 1492 717 fallaciter
1545 655 1837 731 promisit.

183 751 334 806 Nihil
365 751 556 806 verius
584 767 770 823 quam
803 757 858 807 te
885 751 1183 808 diabolica
1211 757 1334 806 arte
1366 751 1841 805 circumventum

177 845 236 894 et
265 839 631 895 omnimodis
663 856 791 896 esse
821 840 1100 896 delusum
1152 841 1256 897 Cui
1288 837 1588 894 sentcntiae
1616 834 1718 908 qui
1739 833 1842 890 ad-

172 933 424 985 venerat
471 929 785 1002 presbyter
841 930 1141 985 subnectit
1192 928 1440 997 frivola,
1495 927 1700 982 diccns
1735 941 1746 979 :
1784 923 1840 980 Si

173 1023 315 1073 ante
349 1017 509 1073 hanc
541 1018 879 1090 proximam
936 1019 1117 1089 hujus
1167 1017 1282 1073 diei
1335 1015 1568 1072 tertiam
1625 1015 1840 1069 horam

171 1121 297 1160 non
324 1105 517 1162 fecero
537 1106 704 1178 quod
734 1107 876 1177 dixi,
905 1107 1085 1162 nolite
1118 1106 1358 1162 credere
1407 1105 1572 1160 mihi.
1632 1107 1698 1158 Et
1751 1101 1841 1158 vir

173 1195 276 1250 Dei
307 1195 388 1251 ait
417 1212 430 1250 :
463 1195 704 1263 Veritas,
737 1195 797 1251 in
829 1213 1014 1268 quam
1064 1196 1386 1262 credimus,
1443 1193 1622 1248 hodie
1669 1195 1837 1264 pate-

177 1283 406 1340 factura
437 1289 528 1341 est
559 1285 660 1340 tibi
693 1290 749 1341 et
779 1286 953 1341 nobis
984 1286 1266 1341 omnibus
1305 1283 1449 1356 quia
1478 1288 1648 1356 pater
1673 1297 1838 1336 men-

174 1373 332 1429 dacii
363 1379 525 1430 tuam
558 1374 792 1447 decepit
821 1375 1250 1444 arrogantiam.
1307 1373 1460 1428 Tum
1503 1371 1833 1444 presbyter,

169 1479 233 1517 se
262 1463 604 1520 subducens
630 1465 938 1520 obtutibus
972 1465 1128 1519 senis
1159 1470 1214 1520 et
1253 1463 1572 1535 persistens
1602 1461 1660 1516 in
1698 1477 1834 1533 per-

167 1550 388 1608 tinacia
417 1553 695 1622 obligatie
727 1554 964 1622 mentis,
999 1554 1054 1608 in
1088 1553 1397 1607 ecclesiam
1429 1551 1598 1605 duxit
1627 1566 1832 1604 secum

1950 391 2210 459 pessimo
2241 398 2530 451 tentatore
2560 395 2619 450 in
2652 395 2814 450 hunc
2844 393 3100 449 modum
3126 393 3323 449 scribit
3355 411 3368 448 :
3413 416 3443 444 »

1952 479 2102 553 Qum
2135 484 2383 539 Domino
2412 493 2702 540 montana
2723 485 3264 553 petit,czmctasque
3277 497 3390 551 per
3409 482 3603 538 orbem

1949 550 2288 625 Regnorum
2318 557 2670 611 monstravit
2709 550 2843 625 opes
2873 550 2894 610 ὲ
2922 555 3067 610 Hac
3097 550 3318 621 omnia,
3349 553 3568 620 dicens,

1949 622 2044 696 ille
2067 625 2360 682 tribuente
2377 628 2555 696 feres,
2583 629 2637 682 si
2658 622 2753 683 me
2778 631 3122 696 prostratus
3148 625 3378 681 adores.

1953 692 2254 758 Quantum
2278 692 2614 766 perversus,
2647 692 2882 754 tantum
2908 711 3194 768 perversa
3227 696 3480 753 locutus.

2579 789 2970 845 Collectitius.

2020 893 2048 922 «
2091 875 2333 946 Oportet
2361 879 2427 931 ut
2454 875 2690 932 interim
2719 877 2918 948 sileas,
2966 878 3010 933 Ο
3047 873 3408 939 Αωωοηὶοὶ,
3455 872 3608 930 dum

1948 961 2027 1017 ad
2051 977 2234 1034 quem
2259 961 2443 1019 tinem
2473 969 2592 1020 tam
2623 966 2819 1035 gravis
2849 965 3092 1022 tentatio
3128 963 3465 1039 perveniret
3503 979 3604 1018 ve-

1945 1050 2132 1107 ridica
2155 1053 2495 1110 narratione
2518 1054 2751 1120 audias,
2782 1070 3141 1128 mecumque
3167 1059 3306 1112 tunc
3331 1057 3450 1110 Deo
3477 1053 3606 1110 lau-

1947 1140 2052 1196 des
2081 1141 2325 1198 referas.
2363 1147 2509 1199 Nam
2535 1143 2613 1198 ab
2644 1142 2744 1198 illo
2772 1143 2868 1199 die
2916 1144 3226 1216 presbyter
3279 1142 3602 1217 praenomi-

1945 1234 2143 1300 natus,
2171 1230 2575 1302 periculorum
2601 1231 2865 1304 pondere
2897 1236 3196 1302 gravatus,
3247 1231 3354 1287 etsi
3383 1247 3446 1288 se
3473 1247 3602 1303 pos-

1944 1318 2204 1374 nitentiaa
2231 1319 2402 1376 daret
2425 1321 2772 1378 arctissimaa
2802 1319 3144 1376 nullatenus
3172 1335 3401 1376 novum
3421 1324 3480 1375 et
3503 1335 3605 1376 an-

1943 1407 2178 1479 tiquum
2221 1409 2457 1465 hostem
2507 1414 2770 1465 avertere
2818 1409 3013 1482 potuit
3055 1409 3202 1481 quin
3241 1408 3294 1464 ei
3323 1407 3605 1463 omnibus

1942 1495 2104 1552 horis
2153 1497 2335 1552 nimie
2388 1497 2641 1554 infestus
2695 1497 2888 1554 fuerit.
2947 1497 3116 1552 Unde
3159 1496 3385 1553 factum
3415 1499 3504 1552 est
3539 1499 3606 1552 ut

1941 1585 2226 1641 dominus
2259 1587 2620 1643 Guntharius
2640 1586 2785 1642 boni
2815 1585 3043 1643 consilii
3072 1587 3291 1654 virum,
3321 1584 3605 1642 abbatem

164 1637 411 1739 fratrem
445 1643 897 1745 caecum,.quasni
927 1649 1208 1745 oraturus
1221 1659 1339 1741 pro
1388 1658 1479 1745 eo,
1531 1645 1610 1745 ut.
1634 1641 1831 1745 visum.
1866 1657 1904 1710 Β
1941 1673 2160 1730 scilicet
2187 1673 2619 1744 Altahensium,
2651 1675 2896 1731 nomine
2934 1637 3366 1745 Ratmunduin,
3415 1673 3604 1730 advo-

163 1729 456 1801 reciperet
484 1748 520 1786 a
552 1731 823 1788 Domino.
859 1731 972 1788 Sed
1006 1749 1144 1787 cum
1174 1732 1278 1786 diu
1307 1735 1460 1786 esset
1489 1734 1746 1800 oratum,
1777 1734 1836 1785 et

162 1816 372 1873 lumen
403 1819 568 1891 quod
595 1820 908 1891 petebatur
937 1838 1060 1876 non
1091 1821 1237 1876 foret
1265 1821 1494 1886 datum,
1545 1819 1835 1892 protraxit

164 1906 388 1964 frustra
415 1914 698 1966 tentatam
724 1911 998 1967 vanitatis
1030 1912 1340 1977 gloriolam
1370 1927 1522 1982 pene
1550 1927 1740 1982 usque
1768 1911 1830 1965 in

173 2000 408 2052 sextam
436 1997 666 2054 horam.
701 2002 860 2054 Tunc
892 2001 1158 2070 undique
1207 2000 1448 2054 horrore
1502 2004 1558 2054 et
1611 2003 1828 2054 terrore

168 2083 599 2155 circumdatus,
632 2091 688 2142 et
716 2102 839 2141 non
871 2087 995 2142 sine
1026 2088 1239 2156 grandi
1289 2087 1638 2143 confusione
1683 2104 1826 2143 con-

163 2171 462 2237 turbatus,
493 2173 738 2228 festinus
763 2175 1080 2230 dominum
1126 2176 1520 2231 Guntharium
1572 2177 1715 2246 adit,
1770 2181 1828 2233 et

159 2257 218 2312 in
247 2259 457 2315 faciem
491 2261 806 2333 procidens
843 2279 980 2318 cum
1013 2263 1294 2334 lacrymis
1326 2265 1404 2320 ad
1443 2281 1583 2320 eum
1632 2265 1780 2321 dixit
1809 2283 1822 2321 :

159 2347 277 2403 Nisi
305 2365 402 2404 me
434 2365 640 2422 preces
667 2357 801 2420 tute,
836 2368 873 2407 ο
899 2353 1239 2408 venerande
1274 2357 1460 2422 Pater,
1507 2355 1824 2422 magniﬁce

159 2437 516 2507 adjuverint,
548 2444 602 2494 et
629 2440 930 2496 orationes
959 2441 1216 2497 aliorum
1251 2443 1348 2497 ltei
1399 2459 1704 2498 servorum
1750 2444 1826 2500 (le

156 2531 340 2590 puteo
370 2527 642 2584 interitus
673 2546 769 2585 me
795 2531 1076 2596 eruerint,
1097 2537 1257 2586 certo
1289 2533 1502 2587 certius
1535 2534 1658 2587 scio
1685 2533 1827 2604 quia

154 2617 418 2688 peccatis
442 2619 592 2674 meis
623 2619 980 2675 facientibus
1007 2621 1214 2677 Christi
1246 2638 1454 2676 servus
1501 2622 1650 2677 desii
1670 2638 1822 2691 esse,

155 2705 324 2776 quod
353 2705 448 2762 ille
475 2723 573 2763 me
621 2707 736 2762 sibi
792 2708 853 2763 in
907 2725 1146 2764 servum
1191 2710 1502 2781 proprium
1549 2711 1824 2782 posthinc

155 2794 490 2852 vindicabit
515 2801 571 2852 et
600 2796 948 2868 possidebit.
983 2813 1164 2870 quem
1194 2799 1370 2854 totius
1408 2799 1683 2871 nequitiae
1717 2800 1825 2856 mi-

162 2882 440 2950 nistrum,
472 2885 612 2948 heu,
644 2885 763 2941 heu
792 2902 889 2941 me
918 2886 1238 2942 miserum!
1291 2888 1538 2944 adoravi
1567 2905 1678 2961 pro
1711 2891 1822 2944 Do-

154 2973 760 3083 E‘.‘ER.‘3§’E¥”‘3TE"
797 2975 1067 3083 tibi?“
1121 2979 1821 3083 “°m'““s...G““‘Ea.““S
1851 3010 1892 3068 ο
1927 3015 1990 3069 in
2018 3013 2204 3069 robur
2233 3012 2373 3068 ﬁdei
2401 3013 2687 3083 erigatur.

156 3062 528 3135 spiritalibus
576 3065 760 3119 armis
804 3065 1107 3121 accinctus
1161 3067 1470 3139 respondit
1537 3085 1550 3123 :
1614 3070 1819 3124 Petrus

151 3150 434 3224 princeps
465 3151 899 3225 apostolorum,
916 3157 992 3209 ad
1014 3171 1196 3226 quem
1222 3155 1354 3228 ipsa
1389 3156 1607 3211 Veritas
1633 3157 1816 3213 dixit:

150 3243 240 3296 Tu
265 3257 328 3295 es
355 3243 574 3308 Petrus,
609 3246 666 3297 et
695 3259 877 3315 super
905 3243 1060 3299 hanc
1092 3249 1324 3314 petram
1355 3244 1664 3301 aediﬁcabo
1715 3250 1818 3302 Ec-

145 3328 399 3384 clesiam
429 3345 630 3385 meam
660 3331 826 3401 (249),
867 3337 955 3387 ter
1000 3333 1237 3397 negavit
1295 3335 1611 3403 Christum,
1669 3335 1819 3406 opti-

143 3433 326 3472 mum
357 3417 719 3488 Magistrum,
753 3421 856 3474 sed
886 3426 1210 3492 postquam
1263 3422 1550 3478 Dominus
1585 3423 1646 3478 in
1676 3439 1814 3479 eum

145 3507 433 3580 respexit,
466 3513 523 3564 et
548 3525 751 3566 amare
777 3509 936 3565 ﬂevit
965 3511 1134 3582 (250),
1179 3512 1597 3568 remissionem
1647 3529 1816 3569 acce-

145 3596 243 3670 pit
269 3612 376 3669 per
403 3613 545 3653 eum
575 3599 679 3670 qui
709 3598 873 3655 solus
899 3602 1164 3672 compati
1188 3601 1813 3660 novitlnﬁrmitatibus

146 3686 393 3757 nostris,
423 3687 485 3743 in
517 3687 1164 3757 miserationibussuis
1197 3691 1432 3760 magnis
1479 3696 1535 3747 et
1593 3694 1811 3750 multis.

143 3775 404 3832 Proinde
433 3793 577 3833 casu
604 3782 708 3834 tuo
738 3794 862 3834 non
890 3778 1077 3834 debes
1112 3780 1402 3845 gaudium
1431 3781 1677 3852 plenum
1725 3782 1814 3838 fa-

143 3881 285 3920 cere
317 3865 560 3922 diabolo
591 3867 652 3922 in
681 3868 798 3924 hoc
821 3873 883 3923 ut
913 3867 1097 3923 cadas
1141 3869 1200 3923 in
1243 3869 1658 3937 difﬁdentiam,
1709 3872 1818 3928 sed

142 3953 347 4023 magis
376 3971 577 4028 quaere
607 3956 910 4012 humiliter
937 3956 1366 4028 omnipotentis
1415 3958 1512 4013 Dei
1558 3959 1815 4014 clemen-

145 4043 318 4111 tiam,
373 4059 561 4115 quam
614 4043 780 4100 nulla
832 4044 1178 4100 mortalium
1245 4050 1530 4116 superant
1579 4047 1813 4106 delicta.

146 4137 424 4203 Cumque
449 4133 762 4204 presbyter
794 4139 929 4206 post
960 4133 1435 4190 admonitionem
1466 4135 1645 4202 senis,
1676 4136 1819 4192 novi

143 4220 361 4294 lapsus
408 4237 664 4278 maerore
693 4223 890 4278 adhuc
921 4228 1355 4291 consternatus,
1415 4226 1686 4296 proxime
1739 4225 1817 4282 ad

144 4311 366 4366 horam
399 4309 586 4366 divini
618 4311 840 4367 servitii
865 4311 1126 4376 veniens,
1157 4312 1414 4368 collectae
1454 4313 1700 4370 fratrum
1755 4332 1816 4370 se

143 4397 300 4453 inibi
328 4400 658 4456 constitutae
689 4401 1020 4456 admiscere
1049 4406 1314 4466 tentaret,
1345 4406 1522 4474 atque
1548 4404 1813 4475 psalmo-

147 4487 270 4542 ὀίω
325 4487 754 4562 aliquantisper
810 4506 950 4544 cum
1007 4489 1091 4545 eis
1148 4491 1472 4563 inserviret,
1531 4493 1814 4566 antiquus

147 4576 346 4632 hostis
379 4578 558 4650 coepit
586 4578 638 4634 ei
659 4578 870 4634 acriter
897 4579 1144 4649 instare,
1189 4596 1299 4635 nec
1351 4596 1474 4636 non
1502 4581 1813 4638 manifeste

147 4664 236 4721 illi
265 4665 550 4722 molestus
579 4683 728 4733 esse,
761 4667 967 4723 dicens
1003 4686 1015 4722 :
1049 4673 1188 4733 Quae
1219 4669 1366 4737 legis
1396 4674 1452 4725 et
1479 4674 1705 4738 cantas,
1737 4671 1812 4728 de
1847 4719 1852 4724 .

145 4770 252 4809 me
309 4755 530 4828 scripta
580 4771 711 4812 mea
743 4761 886 4825 (25t)
943 4763 1101 4828 sunt,
1155 4763 1216 4813 tu
1264 4757 1406 4813 velis
1453 4758 1628 4828 nolis,
1679 4763 1814 4830 post

147 4843 294 4900 hinc
325 4846 708 4918 permanebis
734 4863 922 4912 meus,
955 4848 1100 4919 quia
1131 4853 1286 4904 totus
1317 4865 1379 4904 es
1416 4848 1478 4903 in
1525 4848 1813 4905 ditionem

145 4933 354 4990 libitus
379 4935 495 4991 mei
519 4935 815 4992 redactus.
847 4935 971 4992 Noli
1001 4936 1119 4992 falli
1153 4953 1345 5010 neque
1375 4955 1482 5010 per
1508 4938 1814 4994 Guntharii

145 5040 378 5080 vanam
405 5031 463 5081 et
491 5025 704 5081 falsam
737 5026 1183 5096 suggestionem
1235 5028 1466 5100 decipi;
1520 5044 1701 5084 nemo
1758 5033 1812 5086 te

145 5113 346 5186 rapiet
372 5115 447 5170 de
477 5131 664 5171 manu
691 5131 849 5172 mea.
893 5138 921 5164 »

771 5221 1198 5276 Ammonicius.

227 5329 312 5383 En
341 5328 554 5385 iterum
583 5329 645 5384 in
675 5328 1034 5384 memoriam
1059 5328 1227 5394 redit,
1263 5328 1384 5383 imo
1431 5345 1592 5385 nunc
1643 5347 1707 5387 se
1733 5335 1812 5388 te-

145 5417 365 5474 nacius
393 5419 597 5474 animo
632 5417 848 5487 ingerit
875 5415 1040 5489 quod
1093 5417 1367 5486 egregius
1423 5417 1810 5492 versiﬁcator,

224 5579 372 5646 (249)
412 5577 630 5634 Matth.
661 5592 827 5634 xvm.

226 5580 354 5646 (249
412 5579 630 5634 Matth.
661 5593 734 5632 xv

226 5579 374 5721 (250i
409 5650 558 5708 Luc.
588 5664 734 5706 nn.

1940 1764 2118 1831 caret,
2149 1763 2398 1836 ipseque
2427 1781 2632 1820 secum
2664 1768 2979 1838 assumpto
3023 1763 3357 1820 Pataviensi
3411 1763 3606 1838 ponti-

1940 1851 2070 1919 ﬁce,
2106 1869 2286 1924 super
2309 1853 2729 1924 hujuscemodi
2757 1869 2818 1909 re
2845 1853 3240 1926 quaestionem
3287 1851 3602 1909 habiturus

1937 1941 2262 1999 adveniret.
2293 1945 2561 2016 C‘lmque
2586 1943 2929 2016 episcopus,
2957 1959 3096 1998 cum
3138 1941 3359 2000 abbate
3405 1946 3462 1999 et
3489 1941 3600 1998 do-

1937 2029 2102 2086 mino
2160 2031 2484 2088 Gunthario
2533 2031 2874 2088 clanculum
2940 2047 3282 2089 sermonem
3346 2029 3596 2104 faciens,

1932 2119 2173 2192 lapsum
2203 2119 2527 2176 sacerdotis
2557 2121 2822 2178 audisset
2851 2124 2905 2177 et
2935 2138 3075 2178 eum
3123 2119 3425 2178 diabolica
3466 2119 3598 2177 illu-

1935 2209 2098 2265 sione
2128 2210 2447 2282 deceptum
2475 2210 3015 2280 animadvertisset,
3047 2211 3206 2267 unde
3236 2211 3351 2266 hoc
3369 2209 3598 2280 grande

1935 2299 2164 2355 malum
2191 2299 2470 2355 acciderit
2497 2301 2823 2372 prudenter
2852 2303 3133 2367 tractans,
3184 2299 3333 2354 dixit
3377 2315 3390 2354 :
3450 2301 3598 2355 Ecce

1933 2387 2157 2443 factum
2188 2389 2276 2443 est
2303 2388 2363 2443 in
2394 2388 2504 2444 isto
2537 2381 2711 2444 fratre
2741 2388 2905 2460 quod
2937 2387 3319 2462 praemissum
3343 2383 3598 2458 legimus

1931 2476 1994 2531 in
2025 2476 2372 2547 evangelica
2405 2478 2661 2532 veritate.
2699 2477 2790 2533 Sic
2820 2477 2982 2532 enim
3029 2476 3172 2532 dicit
3219 2475 3507 2532 Dominus
3533 2476 3596 2532 in

1933 2563 2254 2636 Evangelio
2292 2582 2404 2620 suo
2435 2583 2447 2620 :
2483 2565 2592 2632 Qui
2621 2582 2681 2621 se
2708 2565 2928 2622 exaltat
2953 2563 3386 2635 humiliabitur,
3409 2569 3465 2622 et
3489 2561 3598 2639 qui

1931 2672 1992 2710 se
2019 2653 2292 2711 humiliat
2321 2653 2677 2710 exaltabitur
2705 2654 2874 2726 (252).
2915 2653 3167 2710 Proinde
3209 2670 3454 2711 necesse
3505 2657 3596 2712 est

1931 2743 2240 2816 provisum
2265 2742 2335 2798 iri
2367 2747 2432 2799 ut
2451 2743 2728 2801 exaltatio
2758 2742 3056 2819 pestifera,
3105 2760 3244 2818 qua:
3299 2759 3408 2817 per
3455 2759 3592 2800 sua-

1931 2834 2162 2890 sionem
2191 2831 2555 2890 diabolicam
2584 2833 2894 2891 hominem
2924 2833 3338 2891 miserabiliter
3355 2829 3588 2905 dejeeit,

1929 2923 2139 2980 Christi
2168 2922 2500 2979 humilitate
2532 2923 2873 2981 medicinali
2898 2923 3246 2981 mirabiliter
3293 2919 3588 2993 sananda,

2717 3031 2788 3070 ac
2820 3013 2903 3070 sic
2928 3013 2989 3070 in
3011 3013 3173 3070 viam
3199 3011 3407 3070 salutis
3428 3016 3592 3070 teter-

1927 3121 2020 3159 nze
2045 3102 2356 3176 diripatur.
2386 3106 2532 3159 Tum
2559 3104 2898 3177 episcopus,
2926 3121 2998 3160 ex
3024 3103 3373 3161 auctoritate
3395 3119 3591 3160 sacro-

1925 3209 2062 3248 rum
2109 3207 2434 3260 canonum,
2485 3193 2666 3264 jussit
2715 3193 2955 3266 lapsum
3002 3191 3248 3249 fratrem
3282 3191 3360 3248 ab
3389 3191 3588 3248 ofﬁcio

1924 3279 2278 3338 sacerdotali
2308 3299 2542 3339 cessare
2572 3299 2764 3355 usque
2792 3281 2873 3339 ad
2903 3279 3373 3338 satisfactionem
3401 3277 3590 3337 utilis-

1921 3387 2040 3444 que
2073 3371 2329 3428 consulti
2355 3372 2737 3428 taxationem.
2775 3369 2928 3438 Quid
2951 3368 3174 3444 plura?
3205 3371 3414 3426 Postea
3438 3385 3590 3442 quo-

1923 3477 2042 3534 que
2093 3460 2393 3517 diabolica
2446 3460 2826 3517 infestatione
2876 3457 3247 3516 monachum
3303 3453 3588 3516 eumdem

1922 3548 2176 3606 nimium
2207 3548 2632 3619 confundente,
2665 3553 2844 3623 atque
2873 3548 3170 3607 diuturnis
3200 3543 3584 3605 nocturnisve

1921 3639 2276 3696 tumultibus
2308 3657 2414 3696 seu
2439 3639 2977 3698 acclamationibus
3015 3638 3197 3696 etiam
3235 3638 3297 3695 in
3345 3635 3584 3695 servitio

1922 3729 2024 3784 Dei
2053 3729 2404 3802 deterrente,
2430 3730 2685 3786 missum
2715 3733 2803 3786 est
2830 3729 3304 3802 circumquaque
3354 3727 3436 3785 ad
3483 3729 3587 3784 Pa-

1923 3823 2040 3874 tres
2067 3823 2124 3873 et
2153 3819 2380 3887 fratres,
2413 3824 2478 3875 ut
2507 3817 2815 3876 communi
2851 3819 3142 3888 oratione,
3187 3815 3478 3888 singulari
3527 3817 3586 3872 et

1922 3906 2268 3964 medelifera
2324 3908 2699 3965 clandestina
2750 3903 3025 3962 sacriﬁcii
3081 3903 3356 3961 salutaris
3411 3901 3583 3959 obla-

1924 3997 2103 4067 tione,
2136 4013 2173 4052 a
2198 3995 2757 4052 misericordissimo
2787 3994 3040 4050 Domino
3059 3993 3297 4048 veniam
3315 3993 3587 4065 peterent

1924 4085 2091 4142 casui
2122 4085 2317 4141 fratris
2341 4084 2581 4140 inﬁrmi.
2617 4087 2884 4156 Cumque
2913 4098 2949 4138 a
2973 4080 3280 4138 nonnullis
3321 4079 3582 4152 benigne

1925 4175 2135 4232 fuisset
2185 4177 2443 4242 oratum,
2476 4179 2533 4230 et
2576 4172 2838 4230 maxime
2886 4188 2922 4228 a
2971 4167 3226 4228 Demino
3253 4169 3580 4229 Gunthario

1923 4269 2058 4321 ante
2092 4269 2481 4338 conspectum
2537 4262 2755 4320 divinae
2807 4263 3136 4334 majestatis
3180 4277 3290 4335 pro
3327 4277 3398 4319 eo
3427 4265 3584 4320 esset

1920 4355 2282 4422 laboratum,
2343 4358 2544 4427 utpote
2600 4351 2706 4426 qui
2756 4351 3040 4409 omnibus
3091 4352 3254 4410 horis
3303 4349 3581 4410 titubanti

1923 4449 2102 4519 atque
2149 4444 2386 4500 nutanti
2435 4459 2689 4500 manum
2744 4442 3170 4500 consolationis
3212 4447 3578 4516 porrexerat,

1921 4549 2032 4589 nec
2061 4549 2185 4589 non
2214 4532 2546 4604 benignum
2573 4535 2777 4589 Jesum
2806 4531 3130 4588 certissime
3168 4529 3284 4586 sibi
3307 4530 3580 4584 misertu-

1918 4639 2055 4678 rum
2083 4622 2458 4695 promiserat,
2479 4620 2724 4680 tandem
2750 4625 2892 4694 post
2915 4619 3216 4676 mensium
3244 4633 3352 4674 sex
3371 4615 3576 4673 evolu-

1920 4711 2163 4780 tionem,
2196 4711 2302 4784 qui
2329 4728 2366 4768 a
2395 4711 2660 4784 pessimo
2684 4709 3066 4783 proﬂigatore
3084 4705 3576 4780 impugnabatur,

1916 4802 2192 4859 levamen
2223 4801 2481 4858 sentiens
2509 4799 2844 4856 remedium
2872 4797 3118 4870 accepit.
3169 4795 3352 4867 Cujus
3399 4793 3577 4851 valde

1917 4891 2254 4948 necessario
2283 4891 2568 4956 fomento,
2599 4904 2708 4961 per
2735 4885 3005 4943 divinam
3033 4883 3411 4940 clementiam
3434 4883 3579 4940 inte-

1916 4980 2041 5036 rius
2071 4985 2128 5036 et
2152 4978 2410 5035 exterius
2438 4977 2599 5032 idem
2630 4975 2806 5033 frater
2842 4973 3203 5030 refocillatus
3232 4988 3303 5028 ac
3331 4987 3579 5030 renova-

1917 5073 2034 5138 tus,
2061 5068 2193 5138 jam
2217 5069 2502 5122 octavum
2539 5064 2662 5134 agit
2691 5077 2921 5119 annum
2951 5060 3064 5116 sub
3117 5058 3577 5116 exercitamenta

1919 5171 2174 5212 summae
2201 5150 2940 5221 humilitatis,obedientim
2971 5153 3150 5222 atque
3181 5147 3574 5206 abstinentiae.

1919 5243 2002 5298 Illi
2033 5259 2069 5298 a
2097 5258 2220 5314 quo
2249 5258 2357 5315 per
2387 5239 2734 5314 superbiam
2757 5239 3089 5296 desciverat
3112 5242 3168 5295 et
3209 5237 3574 5305 deviaverat,

1917 5331 2310 5404 appropriare
2341 5330 2606 5398 studens,
2632 5330 2738 5403 qui
2774 5332 2833 5385 et
2871 5343 2979 5402 per
2999 5329 3360 5402 prophetam
3387 5325 3527 5383 dicit
3557 5345 3572 5382 :

1919 5419 2456 5493 Approquinquate
2485 5418 2654 5490 mihi,
2681 5421 2740 5475 et
2765 5433 2876 5490 ego
2923 5415 3430 5492 appropinquabo
3470 5429 3577 5472 vo-

1990 5580 2141 5724 ?251)
2177 5579 2308 5637 Alia
2332 5578 2546 5675 littera...

2013 5656 2139 5721 252)
2177 5651 2397 5711 Μααι.
2420 5666 2546 5708 nn

2013 5651 2139 5721 252')
2177 5651 2397 5711 Μααι.
2420 5651 2581 5708 xxxii.
