3996 6178
364 193 501 245 1079
608 202 617 203 '

1420 198 1727 254 ARNOLDI
1770 199 2367 259 EMMERAMMENSIS
2406 202 2737 261 MONACHI.

3697 208 3822 260 sese

360 314 476 372 bis.
510 318 576 372 Et
601 315 649 371 si
676 321 923 388 peccata
947 321 1143 375 vestra
1192 320 1410 377 fuerint
1447 321 1627 377 rubra
1681 320 1850 377 siculi
1893 338 2018 377 ver-
2058 328 2104 379 A
2133 324 2470 382 confortare
2498 329 2644 398 (257)
2683 327 2743 383 in
2771 327 2931 383 illius
2985 328 3237 384 nomine
3283 328 3388 401 qui
3444 327 3626 383 novit
3672 327 3833 383 solus

363 404 639 472 miculus,
671 403 851 460 veluti
889 405 992 461 nix
1023 406 1472 464 dealbabuutur
1501 410 1669 481 (233).
1716 434 1742 458 η

987 515 1414 571 Ammonicius.

435 637 463 665 «
506 618 549 672 Ο
577 622 805 689 quanta
829 623 887 675 et
913 636 1101 693 quam
1130 637 1354 692 magna
1382 623 1842 696 dispensationis
1872 624 2022 679 divi-

362 720 456 761 nae
512 722 787 777 censura,
840 724 999 780 quae,
1058 711 1464 785 propensioris
1522 713 1768 768 cautelae
1812 714 2021 783 gratia,

362 793 607 851 fratrem
629 795 705 851 de
733 813 857 869 quo
887 798 1134 856 retulisti
1181 802 1493 874 praemissa
1540 802 1692 858 adeo
1739 803 1816 858 ab
1855 804 2025 859 hoste

362 882 740 955 nequissimo
758 886 1029 957 permisit
1057 887 1260 959 afﬂigi,
1319 894 1383 945 ut
1418 890 1654 962 penitus
1699 890 1759 947 in
1810 891 2025 965 despe-

363 970 656 1027 rationem
718 973 975 1040 caderet,
1026 975 1139 1031 nisi
1193 977 1351 1032 hunc
1405 994 1585 1034 senex
1631 979 1897 1047 humilis,
1945 981 2027 1036 uti

368 1074 705 1130 speramus,
736 1061 1162 1133 omnipotentis
1194 1063 1293 1119 Dei
1318 1081 1544 1137 servus,
1565 1065 1849 1123 dominus
1871 1068 2030 1124 vide-

366 1145 502 1203 licet
531 1148 915 1219 Guntharius,
947 1151 1357 1209 exhortatione
1385 1154 1630 1211 assidua
1654 1155 1715 1211 in
1747 1172 1914 1230 spem
1936 1172 2027 1213 re-

366 1235 723 1307 cuperandae
749 1236 957 1294 salutis
990 1238 1259 1310 erigeret,
1289 1248 1347 1298 et
1376 1247 1721 1300 sanctorum
1740 1245 2030 1318 exemplis

362 1321 700 1379 multifariis
728 1323 930 1381 divino
959 1342 992 1381 e
1021 1326 1181 1384 fonte
1213 1329 1458 1401 prolatis
1504 1331 1917 1388 corroboraret
1941 1333 1953 1387 !
2002 1354 2028 1381 ››

998 1435 1391 1493 Cotlectz‘tius.

437 1559 465 1585 ‹‹
508 1537 657 1603 Quia
688 1555 1033 1597 sermonem
1061 1542 1413 1600 humilitatis
1466 1562 1613 1600 meae
1667 1545 2032 1619 interrupisti

358 1623 605 1682 laudem
636 1626 734 1683 Dei
762 1628 1182 1702 exclamando,
1214 1637 1454 1701 gratum
1490 1634 1704 1690 habeo.
1748 1634 1860 1690 Sed
1892 1651 2027 1707 quze

359 1729 607 1771 narrare
637 1717 813 1788 coepi,
866 1718 944 1774 ad
990 1719 1218 1776 calcem
1272 1722 1601 1793 producere
1656 1739 1747 1779 me
1803 1728 2026 1797 patere,

361 1819 592 1877 quaeso.
624 1804 745 1860 Hoc
769 1806 928 1862 enim
958 1807 1242 1864 nimirum
1275 1826 1455 1883 super
1484 1812 1688 1867 omnia
1733 1812 1870 1868 talia
1921 1812 2027 1869 mi-

361 1906 521 1961 rum,
553 1893 719 1964 quod
743 1892 870 1966 ipse
896 1895 1146 1951 auribus
1180 1900 1327 1953 meis
1364 1899 1442 1955 ab
1485 1916 1586 1955 ore
1633 1901 1792 1956 senis
1821 1902 2027 1974 accepi

364 1984 548 2052 atque
578 1980 657 2035 ab
683 1997 754 2037 eo
782 1984 1052 2055 quadam
1083 2001 1267 2042 sacrae
1297 1987 1565 2043 lectionis
1597 1989 1873 2047 familiari
1903 1990 2024 2046 col-

362 2068 664 2126 locutione
692 2070 785 2126 vix
811 2074 1048 2128 extorsi.
1082 2078 1230 2131 Nam
1256 2093 1394 2132 cum
1426 2078 1746 2150 praedictus
1772 2080 2025 2153 presby-

363 2161 456 2231 ter
480 2157 541 2212 in
566 2159 845 2229 angustia
870 2162 1147 2217 maximae
1174 2166 1514 2223 tentationis
1542 2168 1901 2224 constitutus
1948 2169 2023 2224 ad

364 2260 571 2301 senem
602 2247 822 2319 saepius
852 2255 1111 2306 curreret
1160 2255 1339 2325 atque
1382 2261 1728 2326 recurreret,
1755 2272 1865 2312 nec
1903 2274 2024 2312 non

363 2333 683 2406 querelosa
710 2353 855 2393 voce
884 2337 1230 2397 clamitaret.
1253 2345 1379 2397 Non
1395 2357 1647 2416 possum
1680 2344 2025 2416 subsistere,

362 2439 600 2496 nequeo
626 2426 988 2497 perdurare;
1021 2444 1128 2485 ora
1158 2445 1268 2503 pro
1301 2449 1417 2499 me,
1477 2432 1657 2490 homo
1712 2435 1834 2503 Dei,
1881 2435 2029 2491 dixit

364 2529 551 2570 senex
583 2531 596 2569 :
629 2514 869 2573 conﬁdo
896 2517 954 2573 in
979 2517 1243 2590 benigno
1270 2523 1407 2577 Jcsu
1451 2522 1597 2596 quia
1641 2523 1922 2583 liberabit
1950 2529 2025 2581 te.

364 2605 621 2660 Tantum
642 2608 704 2660 tu
729 2605 961 2678 patiens
986 2612 1045 2665 et
1075 2614 1357 2666 constans
1386 2616 1533 2680 esto,
1570 2628 1766 2687 neque
1792 2613 2030 2671 dubites

364 2691 440 2749 de
471 2694 865 2768 omnipotenti
899 2698 1088 2766 gratia
1120 2698 1275 2755 illius
1306 2701 1469 2774 apud
1524 2719 1708 2775 quem
1762 2719 1887 2759 non
1944 2708 2034 2760 est

362 2781 734 2857 impossibile
763 2802 944 2843 omne
972 2788 1227 2845 verbum
1255 2791 1418 2861 (2M).
1483 2793 1657 2858 Quod
1686 2797 1745 2849 tu
1776 2794 2031 2849 sustines

366 2870 573 2939 modo,
607 2874 959 2943 generaliter
987 2891 1092 2947 per
1119 2877 1327 2933 omnia
1356 2882 1651 2936 terrarum
1700 2897 1886 2952 regna
1924 2882 2033 2937 hu-

366 2974 565 3015 manae
595 2960 893 3031 fragilitati
949 2964 1319 3022 horrendum
1374 2972 1427 3024 et
1471 2969 1883 3041 pavitandum,
1926 2969 2031 3027 sed

369 3047 618 3104 minime
644 3049 724 3105 ob
751 3050 813 3105 id
843 3051 918 3108 de
940 3053 1353 3112 misericordia
1385 3058 1639 3119 Domini.
1691 3076 1815 3132 qua
1852 3059 2033 3132 plena

369 3142 463 3194 est
488 3141 662 3210 terra,
690 3139 967 3198 fidelibus
994 3148 1081 3199 est
1105 3144 1543 3218 deperaudum,
1592 3148 1884 3221 quoniam
1930 3149 2035 3221 qui

370 3231 588 3299 potens
642 3232 731 3284 est
774 3228 850 3284 de
900 3229 1203 3304 lapidibus
1282 3234 1566 3291 suscitare
1638 3235 1792 3293 filios
1847 3236 2032 3293 Abra-

368 3315 465 3372 hae
490 3317 660 3388 (255),
700 3322 896 3391 potest
919 3325 977 3376 et
1005 3324 1059 3377 te
1098 3322 1173 3378 de
1223 3325 1495 3395 praesenti
1547 3325 1798 3382 liberare
1853 3332 2034 3383 tenta-

368 3403 554 3475 tione,
585 3409 643 3461 et
669 3407 1060 3464 nihilominus
1102 3410 1356 3479 dignum
1413 3412 1646 3471 efﬁcere
1697 3432 1810 3471 sua
1855 3432 2034 3471 voca-

368 3492 552 3548 tione.
610 3496 677 3549 Et
730 3494 1041 3566 subjunxit
1093 3502 1350 3555 tentatus
1394 3517 1405 3554 :
1452 3500 1683 3557 Utinam
1734 3503 1878 3559 mihi
1934 3504 2039 3560 fiat

374 3580 707 3636 secundum
740 3583 991 3639 verbum
1022 3589 1191 3641 tuum
1219 3587 1230 3640 Ξ
1272 3588 1384 3643 Sed
1433 3587 1606 3644 valde
1640 3590 1817 3647 timeo
1848 3596 2035 3648 tenta-

372 3664 554 3722 tionis
582 3669 939 3741 periculum,
971 3673 1136 3744 quod
1177 3674 1321 3729 mihi
1353 3675 1571 3732 misero
1618 3677 1838 3748 ingruit
1887 3680 2038 3737 ultra

374 3754 715 3813 humanum
746 3760 1021 3818 modum.
1050 3765 1199 3820 Nam
1227 3763 1287 3819 in
1337 3764 1471 3838 ipsa
1525 3768 1808 3824 orationis
1865 3771 2035 3837 hora,

376 3847 626 3919 quando
675 3848 752 3906 ad
808 3849 1055 3909 laudem
1104 3854 1204 3909 Dei
1260 3870 1328 3910 os
1385 3859 1611 3928 aperio,
1655 3858 2038 3917 adversarius

376 3934 527 3991 mihi
546 3936 781 3994 videtur
804 3939 982 4012 quasi
1004 3941 1396 4015 rapacitatem
1423 3961 1598 4002 suam
1629 3947 1783 4004 intro
1811 3948 1872 4004 in
1900 3964 2040 4005 ven-

376 4027 529 4080 trem
562 4025 792 4083 mittere
822 4042 1017 4101 usque
1047 4031 1124 4085 ad
1157 4047 1278 4101 cor,
1312 4031 1552 4106 vimque
1590 4035 1788 4091 cordis
1814 4036 2037 4106 tollere,

379 4128 451 4170 ac
482 4130 696 4171 sensus
720 4133 890 4174 meos
919 4133 1169 4192 prorsus
1195 4124 1589 4193 extrahere,et
1618 4128 2039 4200 memetipsmn

380 4200 654 4257 mihimet
678 4203 943 4262 alienum
969 4206 1183 4266 facere.
1218 4213 1408 4284 Super
1453 4212 1580 4268 haec
1631 4215 1835 4271 omnia
1854 4217 2043 4287 jactat

382 4304 445 4344 se
471 4288 620 4346 scire
650 4307 857 4348 meum
880 4298 1072 4351 totum
1092 4313 1290 4369 nosse,
1307 4300 1457 4357 velle
1488 4308 1543 4358 et
1564 4319 1761 4376 posse.
1785 4308 2042 4378 Respon-

382 4376 469 4433 dit
495 4393 679 4435 senex
710 4397 723 4435 :
751 4384 826 4436 Nc
857 4382 1095 4440 haesites
1124 4386 1183 4442 in
1211 4388 1329 4444 fide
1358 4407 1431 4446 ex
1484 4393 1783 4463 adjutorio
1838 4376 2042 4450 divino
2077 4386 2117 4438 Ι)

382 4465 459 4555 de
490 4469 767 4541 supernis
797 4473 1144 4545 tempestive
1173 4477 1483 4545 mittendo,
1544 4482 1708 4553 quod
1765 4483 2041 4555 quum-is

383 4554 465 4612 ad
491 4561 730 4631 tempus
758 4558 1047 4631 differtur,
1081 4569 1280 4621 tamen
1305 4582 1425 4623 non
1450 4569 1732 4625 aufertur.
1759 4554 2041 4627 Diabolus

382 4645 633 4704 omnino
660 4652 1015 4721 potestatem
1044 4667 1168 4708 non
1197 4654 1378 4710 habet
1397 4657 1655 4714 nocendi
1674 4663 1730 4715 et
1753 4659 2071 4730 fatigandi

381 4737 458 4802 te,
488 4734 604 4792 nisi
632 4737 963 4809 permissus
993 4756 1030 4796 a
1069 4743 1206 4798 Deo.
1272 4746 1424 4799 Deus
1478 4752 1680 4803 autem
1726 4763 2044 4822 nunquam

381 4821 497 4880 ista
523 4822 649 4881 ﬁeri
680 4828 1064 4900 permitteret,
1081 4830 1192 4886 nisi
1218 4838 1272 4887 te
1301 4831 1616 4890 humiliare
1640 4837 1828 4892 vellet.
1864 4821 2044 4893 Inter-

382 4909 532 4968 dum
561 4912 723 4969 enim
766 4918 1012 4972 Amator
1056 4918 1375 4975 hominum
1415 4921 1656 4980 simulat
1701 4942 1766 4980 sc
1813 4926 2042 4981 nescire

381 5014 521 5074 quae
575 5001 859 5075 patimur,
910 5005 1015 5061 sed
1069 5008 1272 5063 tamen
1338 5010 1678 5083 frequenter
1742 5015 2046 5086 prtestabit

381 5089 545 5147 unde
568 5092 876 5150 miremur.
904 5094 1050 5163 Noli,
1082 5094 1281 5164 frater,
1340 5099 1611 5168 deficere,
1670 5105 1772 5158 sed
1831 5119 2043 5160 secun-

382 5176 533 5235 dum
560 5180 936 5253 Apostolum,
967 5187 1059 5240 sta
1086 5183 1149 5240 in
1177 5184 1317 5254 fide,
1346 5187 1582 5245 viriliter
1613 5205 1724 5260 age
1772 5194 1941 5264 (256),
1988 5198 2045 5251 et

478 5285 605 5358 253)
649 5288 786 5345 Isai.
818 5306 856 5345 ι.

477 5360 607 5421 254)
649 5361 791 5415 Luc.
822 5378 860 5417 1.

475 5430 603 5488 255)
638 5430 859 5488 Matth.
894 5448 972 5488 tu.

477 5501 606 5560 256)
641 5501 681 5556 Ι
703 5501 841 5558 Cor.
869 5519 990 5560 xvx.

451 5571 601 5712 P57;
642 5571 712 5628 II
735 5574 882 5631 Tim.
915 5590 972 5629 ιι.

475 5644 581 5697 258
638 5643 856 5701 Matth.
882 5661 942 5704 ι.

475 5643 598 5713 258)
638 5643 856 5701 Matth.
882 5661 942 5704 x.
974 5676 1044 5689 —-
1078 5647 1202 5715 Hic,
1234 5653 1300 5707 ut
1326 5651 1540 5726 plenus
1588 5654 1666 5712 sit
1712 5671 1949 5725 sensus,
1978 5662 2036 5715 et

581 5428 606 5713 ξ

2131 413 2511 485 fragilitatem
2539 418 2873 474 humanam
2904 434 3141 474 sanare.
3197 419 3372 484 Quod
3428 422 3647 475 autem
3694 434 3838 490 que-

2133 511 2260 559 stus
2289 520 2353 560 es
2384 506 2693 563 diabolum
2742 524 2804 563 se
2844 507 3106 578 jactasse
3146 508 3224 563 de
3273 508 3538 564 scientia
3580 513 3711 563 tua:
3742 524 3841 561 vo-

2133 590 2377 649 luntatis
2406 599 2462 650 et
2491 594 2930 667 possibilitatis;
2995 595 3146 668 ipse,
3197 596 3367 668 quod
3422 596 3596 651 bene
3658 597 3841 653 nosti.

2134 685 2343 737 contra
2370 682 2526 739 hanc
2557 682 2779 739 luctam
2806 682 3025 740 sufﬁcit
3051 684 3153 739 tibi
3182 703 3196 747 ;
3230 686 3347 740 hoc
3378 689 3474 739 est
3494 684 3679 756 quod
3714 683 3842 738 dia-

2133 768 2461 843 bolus(sic)
2492 771 2957 828 internecionem
2987 773 3270 830 detrudit.
3328 774 3432 829 llis
3488 773 3682 829 dictis
3746 790 3841 829 ex-

2137 859 2361 932 templo
2382 860 2571 917 adfuit
2602 864 2783 919 Satan
2813 862 2870 917 in
2901 864 3220 935 praesentia
3252 864 3423 919 senis
3456 863 3847 936 perturbans

2136 952 2431 1006 tentatum
2459 950 2721 1017 fratrem,
2753 957 2810 1007 et
2847 952 3095 1008 dicens:
3127 953 3507 1008 Guntharius
3562 968 3701 1008 non
3754 969 3846 1007 so.

2133 1036 2266 1093 lum
2318 1054 2479 1095 nunc
2532 1040 2913 1096 mendacium
2969 1041 3208 1097 locutus
3258 1046 3371 1107 est,
3434 1041 3551 1098 sed
3617 1043 3846 1115 saepius

2136 1127 2421 1184 mentitur
2450 1133 2506 1184 et
2536 1133 2589 1185 te
2613 1128 2812 1185 fallere
2838 1130 3060 1199 nititur,
3092 1131 3347 1203 insuper
3393 1135 3455 1187 et
3506 1130 3753 1201 gracile
3797 1138 3849 1185 et

2137 1215 2354 1272 subtile
2382 1216 2683 1289 pellicium
2713 1233 2964 1291 operose
2991 1219 3205 1291 quaerit
3249 1236 3323 1274 ac
3375 1219 3607 1289 diligit.
3666 1222 3845 1276 Cum-

2138 1320 2258 1378 que
2288 1305 2569 1362 conviciis
2621 1311 2925 1379 appeteret
2984 1313 3162 1380 atque
3214 1308 3557 1365 lacesseret
3608 1325 3844 1375 senem,

2140 1408 2324 1448 senex
2353 1393 2569 1450 timens
2600 1412 2674 1451 ne
2703 1396 2849 1451 forte
2875 1396 3229 1469 protervitas
3281 1397 3531 1453 diaboli
3563 1398 3843 1454 animum

2140 1479 2339 1536 fratris
2393 1482 2647 1539 mitteret
2675 1483 2734 1539 in
2779 1484 3263 1556 desperationem
3322 1485 3640 1542 salutiferi
3681 1486 3842 1547 boni.

2140 1570 2415 1643 prorupit
2442 1576 2499 1627 et
2522 1571 2671 1628 dixit
2702 1592 2713 1628 :
2749 1574 2791 1630 Ο
2812 1573 3051 1629 inimice
3085 1575 3187 1631 Dei
3217 1580 3277 1630 et
3306 1575 3658 1632 hominum
3693 1577 3709 1631 ε
3752 1593 3841 1631 su-

2073 1679 2110 1732 Β
2139 1658 2350 1730 perbia
2376 1664 2479 1716 tua
2505 1665 2562 1717 et
2592 1662 2976 1719 mendacium
3029 1668 3203 1719 tuum
3252 1669 3467 1721 tecum
3523 1666 3592 1722 in
3623 1672 3841 1721 aeterna

2139 1747 2474 1819 perditione
2525 1756 2828 1807 maneant.
2866 1754 2982 1807 Nos
3019 1756 3228 1808 autem
3276 1753 3388 1826 qui
3447 1770 3588 1810 non
3650 1753 3839 1810 solum

2138 1836 2334 1892 ovinis
2363 1842 2422 1893 et
2448 1839 2708 1911 caprinis
2754 1839 3012 1912 pellibus
3063 1842 3318 1910 utimur,
3382 1859 3617 1900 verum
3668 1843 3842 1900 etiam

2140 1924 2517 1998 simplicitate
2543 1933 2601 1984 et
2629 1928 2982 2001 humilitate,
3012 1947 3150 2003 quae
3182 1931 3246 1987 in
3297 1931 3553 1989 eisdem
3610 1933 3838 2004 signiﬁ-

2140 2019 2375 2085 cantur,
2407 2016 2788 2088 perfruimur,
2834 2033 2943 2090 per
2985 2034 3127 2075 eum
3182 2020 3291 2093 qui
3345 2020 3575 2078 dilexit
3615 2038 3759 2091 nos,
3793 2026 3840 2077 te

2138 2102 2471 2174 pessimum
2504 2103 2715 2177 lupum
2745 2105 2915 2161 facile
2970 2107 3432 2179 superabimus,
3496 2110 3842 2182 Christique

2138 2189 2356 2247 virtute
2392 2196 2559 2248 tuam
2592 2193 2865 2250 virtutem
2896 2194 3230 2253 calcamus.
3283 2198 3479 2254 Crede
3531 2201 3838 2271 peccatori

2139 2280 2488 2348 Gunthario,
2519 2282 2663 2355 quia
2686 2282 2887 2355 frater,
2913 2300 3095 2356 quem
3124 2287 3542 2358 permissione
3570 2289 3681 2344 Dei
3715 2289 3840 2351 vivi,

2138 2367 2242 2439 qui
2266 2368 2328 2423 in
2358 2369 2520 2426 hunc
2546 2371 2847 2427 mundum
2874 2372 3034 2428 venit
3051 2373 3233 2429 Filius
3253 2375 3533 2431 hominis
3568 2393 3840 2449 quaerere

2140 2460 2198 2512 et
2226 2455 2459 2514 salvum
2484 2458 2675 2515 facere
2704 2459 2873 2532 quod
2906 2461 3163 2533 perierat
3190 2464 3363 2533 (258).
3422 2467 3576 2520 Post
3628 2466 3767 2521 haec
3791 2471 3839 2521 et

2139 2545 2495 2617 hujusmodi
2546 2548 2896 2617 certamina,
2948 2549 3185 2623 aliaque
3216 2552 3491 2624 plurima
3555 2556 3838 2627 nequitis

2141 2650 2267 2689 suae
2299 2635 2358 2690 in
2392 2640 2682 2692 tentatum
2714 2637 2926 2694 fatrem
2973 2640 3395 2713 nequidquam
3451 2641 3713 2699 vibrata
3754 2645 3839 2714 ja-

2138 2722 2295 2790 eula,
2326 2725 2706 2782 miseratione
2736 2726 2941 2782 divina
2965 2727 3246 2784 diabolus
3287 2737 3385 2786 est
3429 2731 3525 2786 ita
3566 2732 3835 2802 fugatus,

2139 2816 2206 2867 ut
2230 2812 2594 2871 calamitosis
2623 2814 2989 2871 clamoribus
3025 2821 3083 2871 et
3127 2818 3470 2889 querelosis
3534 2820 3835 2876 lamenta-

2142 2901 2407 2958 tionibus
2431 2902 2750 2959 discedens
2780 2905 3094 2961 manifeste
3148 2906 3365 2962 nolens
3425 2908 3837 2966 innotesceret

2069 3032 2110 3087 Β
2143 2996 2443 3087 quantum
2472 2990 2663 3087 doluit
2684 2998 2740 3047 et
2770 2992 2971 3087 adhuc
2995 2993 3221 3050 dolebit
3246 3012 3331 3062 se,
3367 2996 3686 3054 victorem
3742 3001 3833 3054 ho-

2145 3079 2346 3150 minis,
2380 3080 2459 3136 ab
2486 3080 2729 3137 homine
2753 3080 3000 3139 victum.
3052 3107 3079 3132 »ι

2757 3170 3187 3228 Ammonicz’us.

2218 3278 2245 3305 ‹‹
2290 3258 2410 3314 Deo
2437 3258 2678 3330 gratias,
2706 3259 2880 3331 cujus
2917 3260 3343 3317 misericordiae
3401 3279 3539 3320 non
3594 3273 3690 3322 est
3732 3282 3828 3321 nu-

2145 3360 2368 3414 merus,
2400 3351 2458 3404 et
2475 3347 2579 3422 qui
2601 3348 2730 3419 jam
2759 3349 2969 3406 omnia
2992 3349 3284 3406 benefecit
3315 3352 3579 3423 pariter,
3600 3361 3661 3411 et
3682 3354 3823 3411 istud

2144 3432 2496 3491 mirabiliter
2518 3434 2710 3492 etl'ecit
2759 3440 2825 3492 ut
2869 3436 2975 3509 qui
3020 3436 3553 3510 periculosissime
3605 3442 3819 3504 cecidit,

2147 3521 2703 3580 misericordissima
2739 3522 2801 3579 in
2834 3529 3052 3581 statum
3084 3525 3222 3581 fidei
3266 3527 3693 3599 reerigeretur,
3739 3529 3811 3583 ad

2148 3611 2673 3685 comprobandum
2703 3612 2923 3669 scilicet
2953 3613 3099 3669 illud
3149 3613 3624 3691 Psalmographi
3669 3616 3806 3673 testi-

2148 3700 2443 3766 monium,
2504 3701 2668 3775 quod
2698 3701 2758 3757 in
2790 3703 3113 3758 centesimo
3143 3710 3367 3776 quarto
3400 3708 3655 3778 psalmo
3680 3712 3810 3774 r2393

2149 3789 2319 3860 ponit
2346 3787 2599 3845 dicens:
2648 3789 2876 3847 Allevat
2926 3791 3215 3847 Dominus
3270 3808 3500 3850 omnes
3550 3796 3657 3869 qui
3703 3811 3817 3852 cor-

2147 3882 2331 3933 ruunt
2359 3883 2418 3933 et
2438 3878 2608 3950 erigit
2635 3894 2846 3935 omnes
2876 3894 3117 3949 egenos.
3171 3883 3349 3952 Ergo,
3405 3883 3598 3940 frater
3625 3902 3664 3941 o
3693 3885 3817 3941 cha-

2147 3964 2399 4028 rissima.
2437 3971 2499 4022 ut
2528 3966 2673 4023 mihi
2701 3967 2952 4035 videtur,
2988 3968 3089 4024 tibi
3124 3970 3269 4026 satis
3316 3986 3599 4043 congrue
3642 3974 3821 4047 impo-

2150 4053 2317 4110 suisti
2348 4055 2650 4112 Collectitii
2679 4072 2922 4125 nomen,
2964 4062 3022 4113 et
3046 4058 3127 4113 ob
3153 4058 3489 4116 velandam
3544 4062 3819 4118 Teutoni-

2151 4159 2237 4199 cae
2260 4142 2516 4213 loquelae
2541 4144 2896 4215 nuditatem,
2941 4147 3162 4218 pariter
3188 4153 3247 4203 et
3271 4147 3355 4204 ob
3384 4152 3823 4206 commendan-

2150 4232 2296 4289 dam
2322 4234 2542 4291 horum
2570 4252 2706 4308 quae
2736 4235 2931 4291 dixisti
2964 4243 3020 4292 et
3048 4236 3318 4292 dicturus
3333 4255 3399 4293 es
3418 4238 3823 4294 collectariam

2155 4323 2482 4379 utilitatem.
2519 4324 2606 4380 0b
2652 4323 2712 4379 id
2739 4340 2983 4397 quoque
3031 4330 3088 4381 et
3115 4340 3230 4395 ego
3269 4342 3509 4399 aequum
3553 4325 3820 4380 arbitmr

2151 4412 2276 4468 fore
2325 4418 2434 4482 ut,
2492 4412 2789 4469 vocabulo
2841 4414 3211 4471 satisfaciens
3263 4415 3428 4488 quod
3476 4413 3820 4487 usurpasti,

2152 4518 2306 4576 opus
2335 4502 2684 4558 inchoatum
2725 4503 3088 4573 adaugendo
3117 4505 3437 4577 procedas,
3463 4510 3523 4560 et
3556 4520 3826 4577 quaeque

2153 4592 2321 4649 utilia
2349 4591 2682 4663 colligendo
2724 4592 3034 4662 succedas,
3084 4593 3418 4650 dietaturus
3466 4593 3721 4666 quidem
3773 4598 3827 4648 et

2153 4685 2578 4753 assumpturus
2606 4696 2678 4737 ea
2705 4680 2767 4736 in
2795 4682 3039 4738 nomine
3087 4681 3243 4738 illius
3292 4683 3403 4755 qui
3448 4682 3599 4739 dicit
3651 4700 3667 4737 :
3715 4682 3825 4748 Qui

2155 4785 2278 4826 non
2335 4769 2558 4840 colligit
2612 4786 2874 4836 mecum,
2934 4770 3252 4844 dispergit;
3309 4777 3369 4828 et
3404 4773 3514 4845 qui
3571 4788 3701 4829 non
3737 4777 3826 4828 est

2154 4874 2413 4923 mecum,
2447 4862 2654 4915 contra
2683 4874 2779 4915 me
2808 4864 2898 4914 est
2927 4860 3093 4931 (260).
3138 4860 3220 4917 lta
3272 4860 3533 4932 quidem
3584 4861 3667 4917 illi
3706 4876 3824 4915 ser—

2154 4946 2299 5016 vies,
2329 4946 2435 5020 qui
2458 4951 2567 5015 est,
2590 4951 2648 5002 et
2676 4946 2781 5020 qui
2810 4954 2956 5013 erat,
2991 4953 3048 5003 et
3073 4948 3177 5020 qui
3205 4952 3501 5004 venturus
3525 4954 3639 5005 est.
3680 4974 3712 4998 η

2787 5035 3176 5093 Cotlcctitius.

2225 5111 2435 5164 Lmen.
2469 5106 2702 5164 Utinam
2747 5106 3018 5163 inveniar
3067 5107 3221 5164 inter
3275 5109 3636 5179 colligentes
3691 5125 3819 5165 cum

2156 5196 2405 5265 Christo,
2423 5201 2481 5252 et
2494 5212 2614 5252 non
2642 5210 2781 5251 cum
2801 5194 2887 5251 eis
2910 5195 3162 5251 damner
3182 5196 3254 5251 de
3279 5197 3511 5269 quibus
3534 5198 3817 5271 scriptum

2156 5302 2503 5375 absolvatur
2529 5299 2814 5375 pendula.
2847 5307 2913 5375 ut
2954 5303 3036 5375 ita
3063 5301 3281 5363 dicam.
3312 5303 3636 5375 periodus,
3667 5304 3821 5360 deest

2155 5373 2404 5446 aliquid,
2432 5379 2497 5429 ut
2526 5373 2668 5446 puta
2692 5374 3043 5446 omnimodis
3064 5389 3224 5428 nunc
3256 5373 3442 5430 vexas
3468 5376 3817 5432 tentatiom'.

2156 5444 2282 5513 bus,
2316 5452 2447 5501 tuos
2470 5444 2610 5501 mox
2640 5445 2879 5515 laqueos
2905 5445 3162 5515 ἀπωθέει.
3198 5446 3351 5500 Emr.
3387 5448 3649 5504 ΡΑτιιοι..

2226 5516 2375 5587 (259)
2414 5515 2650 5591 Qorrige
2675 5514 2736 5570 in
2764 5530 2929 5571 cxuv
2954 5514 3207 5591 psalmo.

2224 5590 2371 5658 (260)
2414 5588 2555 5643 Luc.
2584 5603 2661 5647 x1.
