3984 6180
216 169 349 261 tesi

924 155 928 160 ν
1003 206 1092 260 DE
1131 204 1511 261 MIRACULIS
1548 200 1604 256 S.
1650 196 2066 255 EMMERAIHI
2106 199 2290 257 LIBRI
2333 203 2476 259 DUO
2519 234 2588 244 --
2628 205 2755 259 LIB.
2798 208 2862 261 Il.

3508 207 3645 264 1082

204 334 331 385 est:
371 330 538 387 Fiant
565 330 718 387 sicut
741 329 944 386 fenum
974 334 1287 397 tectorum,
1320 328 1486 402 quod
1518 325 1869 399 priusquam
1900 327 1945 378 Α
1982 324 2147 395 quod
2178 325 2377 383 verius
2410 328 3040 401 puto,dispensatione
3061 329 3262 386 divina
3287 332 3399 387 hoc
3416 330 3642 388 factum

204 417 493 474 cvellatur
523 418 792 484 exaruit;
825 418 899 474 de
930 434 1054 491 quo
1083 433 1207 473 non
1240 415 1593 489 adimplebit
1622 428 1874 469 manum

205 521 380 562 suam
409 508 515 579 qui
565 511 765 572 metet,
796 510 854 562 et
905 507 1104 561 sinuin
1154 522 1332 561 suum
1380 504 1482 577 qui
1532 501 1873 579 manipulos

206 593 442 663 colliget
471 593 638 664 (26l).
684 595 805 649 Hoc
862 610 1103 666 quoque
1156 594 1338 649 modo
1392 594 1514 655 tiat,
1556 588 1874 660 aggrediar

208 682 422 738 iterum
480 697 723 739 narrare
780 698 914 755 quae
976 682 1285 752 Dominus,
1344 679 1705 753 aspiratione
1761 693 1873 732 sua

208 770 606 843 praeveniente
636 773 694 824 et
722 769 1103 826 auxiliatione
1137 769 1563 842 subsequente,
1583 767 1727 822 dare
1750 766 1871 821 sive

205 859 412 929 largiri
442 859 805 931 dignabitur.

282 972 311 997 υ
332 953 393 1005 In
424 949 636 1006 eodem
665 949 844 1019 igitur
872 951 1221 1024 episcopatu
1246 965 1370 1023 quo
1399 966 1471 1005 ea
1500 948 1875 1017 contigerant

205 1056 345 1112 quae
375 1038 783 1111 prtediximus,
817 1040 1032 1097 accidit
1061 1045 1118 1096 et
1146 1039 1306 1096 aliud
1348 1038 1660 1112 quoddam
1695 1035 1872 1091 mira-

207 1127 347 1194 bile,
375 1127 540 1201 quod
568 1129 794 1184 cunctis
826 1128 948 1184 fore
979 1128 1158 1185 debet
1186 1127 1468 1197 notabile,
1484 1125 1661 1181 simul
1690 1124 1870 1180 etiam

209 1222 267 1273 et
293 1216 590 1273 evitabile.
625 1220 758 1273 Erat
785 1218 1037 1290 quidam
1082 1218 1330 1274 clericus
1381 1214 1742 1273 Pataviensis
1781 1229 1870 1269 ec-

212 1304 400 1361 clesias
428 1305 705 1376 aedituus,
737 1307 908 1377 cujus
938 1322 1160 1363 nomen
1182 1307 1495 1362 dicebatur
1512 1304 1863 1360 Wilibertus.

217 1399 264 1450 Is
289 1394 556 1467 quadam
581 1395 697 1465 die,
713 1411 786 1450 ex
812 1412 976 1451 more
998 1395 1409 1451 sollicitudinis
1425 1400 1481 1450 et
1505 1392 1684 1450 oﬂicii
1709 1406 1869 1448 com-

210 1483 395 1551 missi,
425 1500 781 1557 percurrens
813 1502 883 1541 ac
913 1485 1280 1557 perlustrans
1309 1498 1567 1557 quaeque
1605 1482 1738 1537 loca
1774 1496 1866 1536 ec-

208 1570 422 1642 clesiae,
480 1571 728 1628 offendit
791 1572 851 1627 in
907 1572 1126 1628 abditis
1176 1572 1504 1644 quemdam
1560 1570 1863 1638 clericum,

1982 410 2073 481 sit,
2096 417 2160 469 ut
2188 413 2246 469 in
2278 416 2670 488 sequentibus
2691 418 2939 489 patebit.
2965 422 3111 474 Nam
3142 434 3282 474 cum
3311 423 3499 475 totum
3517 436 3644 476 cor-

1980 515 2096 572 pus
2116 501 2244 571 jam
2275 510 2703 578 consumptum
2753 512 2910 563 esset
2934 506 3198 576 ignibus,
3225 507 3287 561 in
3316 514 3642 580 conspectu

1980 590 2251 647 omnium
2275 593 2379 665 qui
2395 594 2667 662 aderant,
2691 611 2811 657 cor.
2832 596 3007 668 quasi
3031 596 3239 652 ardere
3260 595 3487 666 nolens,
3507 597 3646 653 exiit

1979 678 2055 735 de
2082 676 2280 737 medio
2310 683 2715 741 flammarum.
2734 686 2822 741 Ob
2851 686 3019 758 quod
3039 685 3119 741 illi
3147 686 3423 742 homines
3446 691 3645 758 stupe-

1977 766 2139 835 facti,
2167 770 2399 842 quoties
2424 772 2501 827 ad
2524 770 3004 830 comburendum
3037 774 3196 831 idem
3227 791 3332 831 cor
3359 775 3419 830 in
3440 774 3643 846 ignem

1978 857 2378 929 projecerunt.
2435 862 2602 918 toties
2646 864 3094 920 incombustum
3144 864 3302 921 exire
3342 864 3639 921 viderunt.

1980 945 2309 1001 Novissime
2338 964 2480 1003 vero
2511 966 2648 1004 cum
2680 950 2814 1005 totis
2845 952 3071 1008 viribus
3117 952 3194 1008 ab
3242 951 3334 1007 his
3372 955 3476 1024 qui
3503 952 3642 1007 ade-

1978 1037 2113 1089 rant
2139 1033 2301 1090 idem
2347 1052 2449 1090 cor
2495 1053 2601 1109 per
2628 1044 2835 1094 contos
2865 1045 2921 1094 et
2950 1039 3131 1096 fustes
3161 1041 3221 1096 in
3246 1041 3382 1109 igne
3412 1041 3639 1096 detine-

1976 1128 2156 1187 retur,
2191 1140 2301 1180 ncc
2334 1126 2417 1181 sic
2467 1128 2740 1183 consumi
2791 1128 3107 1196 videretur,
3139 1135 3511 1186 recesserunt
3536 1146 3640 1186 ve-

1976 1210 2280 1284 spillones,
2313 1215 2544 1283 grande
2572 1215 2934 1273 miraculum
2965 1234 3168 1274 secum
3198 1223 3524 1290 portantes.
3557 1242 3584 1268 ››

2594 1306 3026 1363 Ammonicz'us.

2048 1412 2077 1440 «
2103 1391 2241 1448 Mira
2268 1407 2361 1448 res
2396 1392 2571 1449 valde
2616 1398 2672 1449 et
2719 1411 2842 1450 non
2875 1396 3073 1451 solum
3105 1395 3300 1465 nobis,
3333 1396 3437 1451 sed
3464 1396 3642 1452 etiam

1973 1480 2261 1537 omnibus
2286 1481 2624 1551 legentibus
2650 1483 2815 1539 eam!
2868 1483 3116 1540 Proinde
3165 1487 3224 1539 et
3250 1499 3363 1554 ego
3394 1483 3645 1541 charita-

1978 1573 2099 1625 tem
2125 1574 2289 1626 tuam
2314 1570 2635 1639 admoneo,
2666 1578 2731 1628 ut
2755 1589 2830 1628 ex
2859 1589 2929 1629 ea
2973 1577 3143 1647 parte
3187 1572 3512 1629 studiosius
3541 1572 3645 1627 ali-

209 1675 391 1716 suum
420 1659 695 1716 videlicet
722 1659 1106 1733 discipulum,
1136 1661 1197 1717 in
1227 1660 1496 1734 quodam
1526 1674 1706 1733 opere
1731 1672 1867 1731 pra-
1899 1683 1939 1736 Β
1975 1659 2120 1731 quid
2152 1658 2421 1715 eliciatur
2444 1659 2613 1732 quod
2666 1660 2920 1718 aadiﬁcet
2969 1661 3304 1730 audientes,
3336 1661 3559 1734 pariter
3586 1669 3644 1720 et

206 1764 285 1804 vo
313 1748 631 1821 perniciter
661 1751 795 1821 [leg.
815 1749 1230 1823 pernicialiter.
1258 1753 1316 1805 E.
1348 1750 1430 1821 P.]
1452 1749 1713 1822 lapsum.
1735 1746 1866 1812 Qui,

208 1852 355 1892 mox
401 1836 542 1909 plus
583 1837 798 1894 timens
828 1838 1102 1895 homines
1131 1854 1316 1911 quam
1353 1842 1536 1895 Deum
1567 1843 1625 1894 et
1652 1837 1868 1893 electos

212 1924 365 1995 ejus,
382 1926 611 1995 rogavit
627 1926 983 1995 magistrum
1002 1943 1076 1983 ne
1093 1926 1185 1982 cui
1213 1928 1435 1982 diceret
1453 1925 1682 1981 malum
1703 1922 1867 1997 quod

211 2012 462 2069 viderat.
495 2014 680 2069 Atille
709 2014 956 2070 horrens
981 2015 1179 2070 scelus
1223 2014 1404 2070 dixit:
1437 2018 1641 2070 'l‘estor
1676 2011 1868 2069 Domi-

212 2117 360 2156 num
390 2107 746 2175 sanctosque
762 2102 916 2157 illius
938 2103 1101 2175 quia,
1125 2120 1248 2176 prie
1280 2103 1487 2159 timore
1510 2102 1718 2158 salutis
1738 2102 1866 2158 ani-

210 2204 325 2244 mas
353 2204 523 2256 meae,
557 2206 678 2245 non
727 2191 922 2246 audeo
965 2191 1130 2263 quod
1160 2192 1346 2248 fecisti
1375 2191 1566 2248 celare
1605 2192 1869 2264 primum

204 2278 505 2334 seniorem
538 2295 758 2344 meum,
788 2280 927 2335 dein
955 2286 1198 2337 ceteros
1228 2282 1521 2354 spiritales
1553 2281 1732 2350 viros,
1763 2280 1871 2353 qui

207 2366 511 2423 mortifero
556 2367 786 2422 vulneri
831 2373 929 2424 tuo
971 2369 1335 2441 paenitentiae
1378 2368 1706 2425 adhibeant
1744 2384 1870 2424 me-

205 2455 410 2511 delam
470 2470 541 2511 ac
589 2462 915 2526 suggerant
958 2457 1416 2514 vitalis-consilii
1446 2457 1776 2513 suadelam.
1808 2458 1876 2511 Et

200 2545 568 2600 subnectens
597 2545 929 2618 discipulus
960 2547 1379 2619 vaniloquium
1411 2545 1575 2602 inﬁt:
1617 2545 1761 2618 quia
1780 2561 1872 2599 ro-

203 2634 513 2702 gationem
546 2650 747 2690 meam
781 2635 1126 2690 austeritate
1156 2641 1260 2691 tua
1288 2634 1546 2707 repellis,
1578 2632 1723 2689 nihil
1753 2648 1872 2690 cer-

206 2722 326 2778 tius
353 2740 539 2797 quam
587 2730 652 2782 ut
679 2726 874 2799 pmnis
906 2727 1138 2784 tradere
1186 2728 1350 2783 velis.
1395 2731 1459 2783 Et
1502 2730 1868 2800 praeceptor:

204 2810 375 2867 Absit
404 2828 440 2867 a
469 2829 589 2882 me,
620 2812 830 2886 inquit,
867 2818 928 2869 ut
958 2820 1009 2869 tc
1040 2814 1220 2888 impie
1258 2820 1524 2874 tractem.
1557 2814 1870 2888 poenisque

210 2899 494 2956 traditum
516 2901 585 2956 iri
605 2902 836 2974 optem!
866 2905 1000 2959 Post
1028 2918 1165 2975 quae
1195 2903 1378 2959 verba
1409 2903 1693 2973 magister
1711 2907 1769 2958 et
1788 2902 1872 2957 di-

209 2987 484 3061 scipulus
525 2994 898 3046 recesserunt
941 2991 1022 3046 ab
1051 2991 1327 3062 invicem,
1359 2991 1530 3048 valde
1568 2992 1868 3048 diversam
1900 3038 1939 3062 ,.

204 3076 501 3133 habemes
531 3077 918 3135 voluntatem.
942 3083 1090 3136 Nam
1115 3080 1443 3154 discipulus
1467 3080 1631 3154 quod
1653 3080 1870 3149 magis-

208 3170 299 3222 ter
328 3166 480 3223 bene
506 3166 654 3223 dixit
684 3166 834 3224 adeo
872 3167 933 3224 in
972 3169 1204 3226 malum
1232 3176 1290 3226 et
1314 3170 1727 3243 deceptionem
1758 3170 1874 3225 sui-

207 3259 335 3311 met
361 3255 652 3313 convertit
682 3260 764 3324 ut,
794 3257 1165 3313 tenebrosior
1192 3262 1580 3330 nocte,noctu
1600 3274 1723 3315 non
1745 3276 1872 3314 mo-

207 3342 291 3398 do
321 3343 720 3413 strangularet
748 3345 1125 3415 magistrum,
1160 3346 1262 3402 sed
1303 3347 1483 3403 etiam
1519 3347 1778 3420 propriis
1808 3346 1873 3403 li-

210 3431 557 3501 gaminibus
603 3437 662 3489 et
712 3432 968 3490 fasciolis
1012 3435 1090 3491 ad
1117 3436 1316 3492 trabes
1346 3436 1624 3502 cubiculi,
1657 3436 1716 3492 in
1747 3451 1870 3509 quo

210 3521 394 3583 solus.
430 3526 493 3577 ut
519 3522 770 3592 testimo,
798 3524 878 3578 ob
907 3525 1190 3582 castitatis
1235 3526 1571 3582 custodiam
1609 3526 1869 3582 dormire

214 3610 464 3681 solebat,
496 3611 905 3684 suspenderat.
938 3614 1109 3679 Quod
1136 3616 1393 3688 pessime
1444 3616 1666 3672 factum
1701 3631 1872 3687 cryp-

216 3700 289 3754 tis
318 3700 555 3755 malitia:
584 3700 956 3756 abscondere
982 3703 1263 3773 gestiens,
1286 3704 1444 3760 intus
1464 3704 1684 3760 ostium
1711 3703 1871 3761 clau-

217 3804 352 3845 sum
376 3789 643 3862 reliquit;
676 3794 733 3845 et
762 3790 886 3863 ipse
917 3790 1158 3847 domate
1187 3796 1244 3847 et
1273 3798 1423 3848 tecto
1453 3810 1560 3866 per
1586 3794 1870 3849 ﬁssuram

215 3879 486 3951 sejuneto
513 3879 608 3935 fur
632 3880 1038 3952 nequissimus
1063 3881 1263 3953 exivit,
1284 3882 1366 3938 ita
1386 3898 1681 3956 reponens
1711 3887 1876 3953 tegu-

212 3968 304 4025 las
335 3972 418 4034 ut,
453 3973 700 4041 excepto
730 3985 853 4025 uno
882 3969 987 4042 qui
1016 3986 1347 4043 suspensus
1376 3976 1519 4037 erat,
1549 3972 1739 4028 ullum
1770 3974 1875 4028 ho~

214 4059 441 4115 minem
472 4060 720 4115 intrasse
747 4059 983 4131 penitus
1013 4060 1221 4117 lateret
1258 4061 1560 4117 humanas
1589 4062 1871 4119 visiones.

215 4146 384 4204 Unde
414 4146 656 4218 contigit
672 4152 737 4203 ut
755 4163 863 4219 per
889 4152 1074 4204 totam
1106 4148 1429 4205 Ecclesiam
1451 4151 1873 4219 gravissimum

213 4235 572 4292 scandalum
606 4236 806 4302 exiret,
831 4237 997 4309 quod
1024 4237 1177 4294 inter
1200 4238 1387 4295 laicos
1416 4240 1679 4295 maxime
1708 4240 1875 4296 cﬂer-

212 4325 366 4395 buit,
394 4324 647 4397 publicis
691 4323 1156 4381 detractionibus
1198 4327 1649 4384 draconizantes
1696 4336 1873 4402 atque

212 4415 518 4470 dicentes:
568 4417 713 4470 Ecce
766 4414 1048 4470 sanctitas
1092 4414 1476 4485 clericorum;
1525 4433 1661 4473 ecce
1692 4432 1875 4491 appa-

215 4509 347 4560 rent
400 4504 610 4559 merita
666 4503 933 4571 illorum,
989 4504 1093 4576 qui
1158 4504 1403 4574 indigne
1455 4512 1720 4578 praesunt
1777 4510 1877 4562 Ec-

217 4592 450 4660 clesiis;
505 4608 640 4648 cccc
690 4592 974 4648 sacerdos
1023 4594 1149 4665 qui,
1179 4593 1314 4665 ipsa
1365 4594 1460 4649 die
1518 4595 1576 4649 iu
1623 4611 1747 4667 qua
1786 4596 1877 4651 bis

219 4684 438 4739 missas
510 4682 856 4748 celebravit,
910 4683 1126 4739 ludam
1202 4684 1467 4740 imitatus
1526 4684 1743 4757 laqueo
1815 4702 1877 4741 se

218 4773 548 4845 suspendit.
584 4775 712 4837 Qua
742 4772 815 4826 de
860 4788 921 4827 re
956 4773 1323 4829 Pataviensis
1351 4774 1671 4847 episcopus
1707 4773 1876 4831 valde

218 4861 527 4931 turbatus,
585 4861 729 4934 quia
782 4860 874 4916 fas
946 4877 1072 4917 non
1130 4867 1256 4918 erat
1322 4878 1500 4918 suum
1562 4863 1875 4935 proprium

213 4950 589 5007 homicidam
632 4949 929 5024 sepultum
982 4950 1073 5019 iri,
1105 4951 1310 5007 nescio
1360 4969 1484 5025 qua
1530 4953 1877 5009 auctoritate

208 5037 395 5111 jussit
437 5055 657 5112 corpus
709 5039 848 5109 igne
900 5040 1172 5109 cremari,
1204 5040 1318 5096 nisi
1363 5043 1510 5098 forte
1561 5047 1880 5115 propterea

204 5128 282 5185 id
332 5129 616 5201 praecepit
664 5130 793 5185 fieri
846 5145 921 5185 ne
976 5128 1261 5184 animalia
1325 5132 1879 5187 contaminarentur

212 5217 295 5274 de
323 5222 486 5274 tactu
514 5218 608 5274 vel
639 5217 1000 5275 comestione
1027 5216 1336 5273 cadaveris
1368 5220 1538 5290 (262),
1568 5225 1631 5275 ut
1654 5219 1877 5287 dicam,

215 5308 559 5363 secundum
576 5307 1035 5364 aestimationem
1055 5305 1391 5369 hominum,
1407 5306 1749 5375 inhumani;
1774 5312 1880 5363 aut

294 5441 438 5512 (26t)
478 5442 644 5497 Psal.
670 5456 899 5497 cxxvni.

293 5515 443 5584 (262)
479 5512 698 5569 Matth.
741 5528 918 5568 xxvn.

296 5585 442 5651 (263)
484 5585 519 5639 Ι
540 5583 677 5640 Cor.
710 5599 787 5638 ui.

296 5657 449 5724 (264)
482 5656 628 5725 Sap.
663 5671 738 5709 iv.

1980 1748 2176 1804 haecce
2205 1747 2488 1817 legentes.
2519 1773 2546 1800 υ

2611 1839 3003 1897 Collectitius.

2047 1948 2074 1977 ‹‹
2100 1927 2384 1991 Quamvis
2411 1943 2536 1984 non
2559 1928 2671 1984 sim
2703 1928 2923 1998 dignus
2953 1930 3150 1985 dicere
3171 1933 3229 1985 et
3248 1929 3506 1985 scribere
3526 1928 3640 1985 ista

1976 2031 2083 2071 seu
2110 2016 2460 2087 hujusmodi
2488 2016 2656 2073 varia
2697 2032 2900 2074 rerum
2944 2018 3126 2091 opilia
3174 2034 3310 2090 qua:
3364 2022 3642 2090 spectant

1976 2119 2351 2175 magnorum-
2378 2105 2640 2162 virorum
2667 2122 2850 2180 opera
2879 2106 3196 2174 mirabilia,
3229 2111 3432 2163 tamen
3460 2122 3557 2162 me
3576 2106 3639 2163 in

1974 2193 2089 2249 hac
2113 2198 2278 2260 parte
2301 2194 2545 2251 minime
2570 2194 2918 2250 subtrahere
2940 2211 3155 2251 censeo
3172 2195 3526 2251 obedientiae
3549 2211 3641 2251 sa-

1976 2288 2302 2351 cramento,
2332 2287 2406 2349 et,
2425 2284 2487 2339 in
2510 2288 2808 2355 quantum
2832 2287 2986 2338 Deus
3012 2283 3338 2339 concedere
3368 2282 3640 2351 dignabi-

1976 2376 2092 2440 tur,
2122 2371 2397 2427 fraternze
2439 2371 2774 2428 dilectionis
2803 2371 3207 2427 condimento.
3240 2375 3441 2443 Neque
3480 2372 3640 2426 enim

1977 2459 2106 2515 haac
2154 2459 2322 2515 aliter
2363 2459 2702 2515 describere
2749 2459 3057 2532 proposui,
3109 2458 3223 2513 nisi
3266 2463 3333 2515 ut
3373 2457 3640 2515 ﬁdelium

1977 2548 2212 2621 prosint
2238 2547 2636 2604 aediﬁcationi.
2664 2550 2814 2605 Sunt
2832 2548 2934 2621 qui
2958 2553 3172 2620 putant
3193 2554 3512 2621 propterea
3539 2564 3642 2604 cor

1976 2637 2309 2711 presbyteri
2334 2654 2457 2694 non
2483 2654 2660 2711 posse
2687 2638 2823 2707 igne
2853 2637 3153 2709 consumi,
3185 2638 3349 2711 quia,
3382 2638 3532 2693 dum
3560 2639 3644 2694 vi-

1978 2732 2161 2799 veret,
2193 2727 2623 2783 conscientiam
2650 2743 2775 2783 non
2805 2726 3054 2783 haberet
3077 2742 3214 2800 quae
3236 2741 3338 2783 rea
3368 2726 3519 2782 foret
3540 2742 3640 2797 ge-

1978 2816 2193 2871 hennae
2223 2815 2398 2886 ignis,
2424 2820 2672 2889 excepta
2701 2814 3015 2871 communi
3054 2814 3368 2884 fragilitate
3408 2814 3642 2886 generis

1979 2904 2249 2961 humani.
2275 2904 2533 2970 Quidam
2555 2910 2757 2962 autem
2778 2905 2987 2960 dicunt
3010 2908 3387 2978 peccatorem
3409 2904 3641 2961 salvum

1977 2994 2203 3049 factum
2231 3009 2360 3049 esse
2391 2995 2726 3050 secundum
2748 2994 3122 3067 Apostolum,
3149 2994 3234 3051 sic
3264 2998 3467 3051 tamen
3498 3010 3644 3068 qua-

1978 3083 2028 3139 si
2056 3099 2164 3156 per
2192 3083 2392 3153 ignem
2417 3084 2584 3154 (263).
2616 3086 2736 3153 Ego
2762 3098 2905 3139 vero
2924 3083 3241 3151 afﬁrmem,
3262 3083 3311 3139 si
3331 3100 3470 3140 vera
3501 3088 3646 3139 sunt

1978 3188 2113 3245 quae
2142 3172 2216 3227 de
2241 3171 2341 3227 illo
2370 3171 2594 3244 accepi,
2624 3176 2681 3227 et
2707 3188 2844 3244 quae
2874 3172 2935 3227 in
2960 3171 3145 3227 verbo
3174 3171 3335 3228 beati
3361 3172 3641 3243 Hierony-

1980 3260 2061 3316 mi
2090 3259 2233 3315 olim
2282 3259 2584 3316 studiosus
2621 3259 2756 3329 legi,
2788 3258 2994 3316 omnia
3046 3263 3293 3331 peccata
3345 3258 3637 3331 martyrio

1981 3348 2306 3405 certissime
2337 3347 2540 3404 deleri.
2566 3371 2596 3397 »

2602 3437 3028 3493 Ammonicz'us.

2050 3548 2077 3575 «
2103 3525 2252 3591 Quia
2288 3525 2642 3598 martyrium
2669 3524 3013 3589 nominasti,
3049 3527 3105 3580 et
3132 3523 3274 3597 quia
3318 3528 3459 3580 sunt
3486 3538 3640 3579 non-

1978 3612 2125 3668 nulli
2151 3612 2253 3686 qui
2284 3613 2585 3669 mstimant
2605 3629 2707 3669 eos
2725 3618 3018 3685 martyres
3040 3628 3168 3668 esse
3198 3613 3304 3686 qui
3325 3614 3643 3684 cujuscun-

1979 3718 2096 3775 que
2128 3702 2362 3773 generis
2403 3719 2585 3775 pcena
2614 3702 2972 3775 plectuntur,
3004 3707 3061 3758 et
3104 3702 3181 3758 ad
3211 3702 3641 3777 oppetitionem

1978 3791 2432 3863 propelluntur;
2483 3792 2700 3863 aliique
2756 3797 2898 3847 sunt
2934 3792 3039 3863 qui
3070 3807 3101 3847 e
3135 3793 3431 3849 contrario
3474 3796 3643 3847 autu-

1982 3882 2151 3933 mant
2174 3894 2278 3933 eos
2307 3880 2546 3951 penitus
2576 3879 2769 3950 perire
2793 3894 2950 3949 quos
2972 3893 3140 3932 more
3170 3877 3513 3932 mortalium
3536 3892 3647 3948 per

1982 3964 2535 4033 strangulationem,
2561 3965 2683 4020 sive
2706 3979 2812 4035 per
2836 3978 3135 4034 aquarum
3159 3961 3640 4030 suﬂ'ocationem,

1983 4068 2089 4108 seu
2119 4068 2225 4124 per
2247 4051 2595 4107 incendium
2624 4055 2682 4106 et
2710 4050 2951 4105 alterius
2991 4048 3224 4117 generis
3274 4047 3642 4120 profligatio-

1984 4155 2125 4195 nem
2162 4137 2409 4206 contigit
2436 4136 2812 4209 repentinam
2845 4139 3099 4190 mortem
3138 4135 3342 4191 obire:
3376 4134 3544 4209 quod
3573 4135 3646 4192 sit

1985 4227 2254 4299 martyrii
2278 4241 2486 4281 verum
2516 4240 2706 4295 genus
2736 4228 2792 4279 et
2822 4229 3049 4280 certum
3074 4223 3282 4281 vellem
3309 4230 3361 4283 te
3386 4225 3644 4281 referen-

1988 4322 2043 4374 te
2072 4316 2431 4390 perdiscere.
2458 4338 2486 4364 ››

2625 4403 3014 4460 Colice-litim.

2061 4518 2088 4544 ‹‹
2113 4498 2260 4550 Puto
2312 4493 2450 4549 huic
2502 4492 2867 4567 inquisitioni
2916 4494 3257 4551 satisfacere
3308 4493 3646 4551 testimonia

1990 4600 2176 4640 sacrae
2206 4583 2540 4655 Scriptum,
2564 4598 2825 4655 quorum
2847 4582 3103 4638 alterum
3123 4586 3212 4638 est
3234 4599 3246 4636 :
3278 4585 3478 4637 Justus
3500 4594 3647 4652 qua-

1989 4689 2230 4746 cunque
2257 4676 2462 4729 morte‘
2497 4677 2836 4744 praeventus
2865 4670 3059 4736 fuerit,
3091 4671 3153 4725 in
3191 4668 3494 4738 refrigerio
3538 4668 3647 4722 erit

1990 4764 2157 4835 (264).
2187 4762 2453 4818 Alterum
2481 4759 2728 4834 quidem
2755 4777 2767 4814 :
2820 4763 2947 4815 Non
2992 4757 3133 4814 facit
3168 4762 3496 4829 martyrem
3524 4772 3647 4829 pm-

1988 4869 2090 4921 na,
2124 4852 2229 4908 sed
2258 4868 2444 4908 causa
2475 4851 2646 4920 (265).
2680 4847 2821 4903 lnde
2850 4847 3011 4902 enim
3049 4851 3104 4903 et
3148 4852 3213 4902 tu
3241 4845 3516 4915 colligere
3545 4859 3648 4916 po-

1988 4947 2076 5000 tes
2105 4940 2249 5013 quia
2279 4955 2489 4995 verum
2518 4942 2576 4992 et
2603 4941 2831 4991 certum
2887 4940 2974 4991 est
3020 4950 3209 5004 genus
3240 4933 3509 5007 martyrii
3536 4934 3645 4989 ho-

1990 5030 2215 5086 minem
2241 5043 2363 5082 non
2395 5044 2430 5081 a
2460 5024 2785 5095 semetipso
2816 5022 2922 5078 sed
2951 5022 3031 5077 ab
3060 5022 3189 5078 aliis
3216 5025 3461 5094 propter
3478 5020 3648 5092 justi-

1991 5119 2136 5175 tiam
2166 5115 2379 5172 occidi.
2413 5115 2538 5169 Hoc
2558 5112 2718 5169 enim
2749 5111 3097 5182 evangelica
3126 5112 3339 5168 veritas
3366 5109 3646 5179 afﬁrmat,

1989 5223 2125 5280 quae
2155 5206 2215 5261 iu
2246 5219 2423 5260 aures
2455 5201 2720 5258 ﬁdelium
2752 5200 2973 5256 clamat
2999 5218 3012 5256 :
3056 5201 3208 5256 Beati
3238 5201 3339 5272 qui
3371 5215 3646 5272 persecu-

1994 5296 2215 5353 tionem
2245 5293 2553 5367 patiuntur
2577 5295 2821 5364 propter
2844 5290 3134 5361 justitiam
3165 5291 3328 5362 (266).
3359 5314 3385 5339 ››

2066 5437 2211 5508 (265)
2254 5437 2502 5508 SANcTus
2533 5433 3003 5508 (lueepmyglib.
3040 5449 3096 5498 ll,
3128 5433 3335 5508 z'n_dict_.
3370 5432 3644 5508 l_0,epist.

1993 5504 2082 5577 37,
2110 5504 2515 5579 ex'Cypriano
2544 5506 2629 5562 De
2657 5506 2891 5574 duplici
2925 5506 3222 5573 martyrio
3247 5505 3328 5559 ad
3356 5504 3651 5560 Fortuna-

1996 5585 2140 5635 tum.

2070 5654 2218 5718 (266)
2255 5649 2476 5707 Matth.
2514 5664 2564 5703 ν.
