3984 6180
393 193 531 248 1083

1007 315 1438 372 Ammomcz’us.

462 426 490 452 «
517 403 804 459 Solutioni
832 404 1179 475 quaestionis
1231 421 1418 476 quam
1451 420 1716 478 praeceps
1746 401 2042 475 promovi,

391 509 427 549 ο
445 491 754 561 Collectici,
769 493 910 547 satis
932 493 1254 549 vehemens
1271 495 1578 550 occurristi
1599 513 1611 561 ;
1634 497 2046 549 verumtamen

390 580 736 636 testimoniis
765 581 1010 653 prolatis
1055 583 1209 638 bene
1241 583 1588 639 ministrasti
1620 599 1740 638 non
1779 581 2042 649 ingratis.

389 672 552 724 Nunc
599 685 743 740 ergo
789 671 1069 728 convenit
1123 677 1189 728 ut
1239 673 1438 729 edicas
1483 672 1734 745 qualiter
1766 669 2048 742 praedicta

387 772 482 812 res
528 757 604 814 ad
657 759 770 815 hoc
821 761 1158 831 pervenerit
1201 778 1326 834 quo
1370 778 1506 817 reus
1554 766 1732 818 tantie
1777 758 2047 815 factionis

389 861 593 904 coram
619 848 945 904 emerserit.
969 873 996 898 ››

1024 939 1411 996 σοιιθσιίιίαε.

463 1049 492 1074 cr
517 1030 580 1082 In
605 1028 857 1084 modum
887 1030 1122 1086 ductilis
1155 1047 1306 1086 certe
1332 1030 1584 1087 habebis
1615 1047 1711 1086 me
1750 1032 2046 1101 tempera-

392 1120 540 1184 tum,
572 1117 622 1173 si
650 1118 881 1174 bonum
913 1119 971 1174 in
1025 1121 1282 1176 fructum
1331 1120 1611 1192 progredi
1641 1119 1853 1192 poterit
1881 1119 2046 1191 quod

391 1202 469 1260 ab
495 1204 736 1263 homine
767 1214 1076 1279 peccatore
1108 1211 1466 1266 seminatum
1504 1210 1691 1265 fuerit.
1719 1211 1852 1264 Erat
1880 1225 2045 1280 quae-

389 1293 530 1348 dam
564 1310 746 1352 causa
779 1298 1092 1370 culpabilis
1124 1304 1180 1355 et
1210 1300 1550 1368 criminosa,
1579 1299 1653 1353 de
1685 1299 1854 1369 cujus
1885 1298 2047 1368 obje-

390 1382 582 1438 ctione
613 1384 858 1441 clericus
879 1389 983 1459 qui
1007 1389 1356 1462 praedictum
1385 1389 1758 1457 sacrilegium
1781 1391 1838 1442 et
1861 1387 2050 1442 homi-

389 1469 612 1527 cidium
660 1477 1020 1547 perpetravit
1071 1483 1250 1550 atque
1298 1477 1557 1550 pessime
1605 1476 1940 1541 abscondit,
1983 1492 2047 1531 se

392 1566 769 1617 sacramento
801 1579 1134 1636 expurgare
1164 1566 1389 1622 debuit.
1427 1566 1536 1621 Sed
1567 1565 1814 1620 omnino
1840 1565 1900 1619 id
1923 1563 2047 1619 efﬁ-

1445 191 1757 248 ARNOLDI
1796 185 2393 248 EMMERAMMENSIS
2431 190 2764 247 MONACHI.
3697 195 3789 249 lOii

2077 307 2126 360 A
2167 315 2415 368 onerata
2466 327 2587 368 non
2643 312 2837 368 solum
2884 311 3217 384 periculose
3248 311 3590 384 aliquando
3618 328 3799 368 crasse-

2167 416 2351 464 scere,
2377 403 2524 474 quin
2555 403 2733 458 etiam
2765 401 3263 474 perniciosissime
3311 403 3462 458 solet
3497 402 3803 458 induresce

2160 504 2242 555 re,
2296 507 2465 547 sacro
2503 492 2744 565 eloquio
2775 497 3025 547 testante
3074 507 3143 546 ac
3175 493 3402 548 dicente
3434 511 3447 546 :
3504 497 3807 550 lnveterata

2156 577 2245 633 ira
2271 580 2476 636 odium
2511 585 2684 654 parit,
2715 581 2924 636 odium
2955 597 3092 636 vero
3123 581 3412 638 interﬁcit.
3436 583 3630 651 Cujus
3661 598 3806 637 vene-

2154 685 2234 724 na
2282 670 2328 723 si
2373 671 2647 726 homines
2693 671 3080 743 corporaliter
3135 671 3424 744 inspicere
3476 671 3755 740 valerent,
3783 689 3807 727 a

2155 774 2277 829 quo
2313 759 2549 815 infundi
2579 761 2856 830 solerent,
2890 761 3099 832 procul
3142 761 3327 816 dubio
3375 761 3645 816 nimium
3688 761 3800 816 inde

2157 846 2563 904 abhorrerent.
2601 849 2770 915 Quod
2801 849 2850 903 si
2880 849 3055 905 alicui
3085 851 3357 920 evenerit,
3381 849 3610 905 vellem
3639 866 3674 906 a
3697 851 3807 905 cha-

2155 936 2322 991 ritate
2354 941 2455 993 tua
2483 938 2577 992 hic
2606 937 2894 994 insertum
2920 939 3009 994 iri.
3038 962 3064 987 η

2790 1029 3184 1085 Collectitius.

2228 1137 2255 1164 ‹‹
2292 1115 2450 1171 Sicut
2481 1117 2741 1172 charitas
2785 1119 3052 1190 cooperit
3077 1118 3531 1174 multitudinem
3562 1122 3801 1190 peccato-

2155 1220 2288 1259 rum
2317 1206 2482 1276 (268),
2517 1207 2599 1262 ita
2629 1223 2659 1261 e
2701 1207 3000 1262 contrario
3032 1207 3120 1262 ira
3151 1214 3208 1264 et
3237 1208 3468 1262 invidia
3495 1207 3797 1262 dilectionis

2156 1293 2534 1363 obliViscens,
2591 1296 3011 1368 naturaliaque
3071 1297 3234 1352 bona
3289 1297 3560 1365 maligne
3621 1313 3800 1352 consu—

2156 1399 2348 1452 mens,
2381 1388 2438 1438 et
2468 1399 2573 1456 per
2597 1385 2793 1441 varias
2824 1387 3169 1444 occasiones
3195 1402 3570 1442 coacervans
3603 1387 3797 1441 dissen-

2157 1472 2352 1526 siones
2382 1475 2440 1527 et
2489 1473 2871 1544 offensiones,
2906 1476 3193 1546 pertrahit
3240 1475 3454 1530 odium
3507 1491 3692 1547 usque
3736 1475 3792 1529 ad

2157 1559 2569 1615 homicidium.
2631 1561 2824 1630 Quod,
2888 1563 3312 1630 gravissimum
3371 1579 3561 1634 super
3625 1565 3791 1618 omnia

389 1662 520 1702 cere
552 1664 673 1704 non
705 1651 917 1721 potuit.
953 1657 1097 1709 Nam
1128 1655 1374 1721 clericis,
1407 1653 1510 1726 qui
1561 1670 1698 1709 cum
1751 1669 1822 1709 eo
1869 1669 2050 1725 super
2077 1665 2120 1718 Β
2157 1649 2408 1720 malum,
2443 1666 2680 1721 semper
2705 1651 2934 1706 occulte
2964 1652 3386 1723 diabolicoque
3416 1652 3695 1708 instinctu
3731 1656 3793 1707 in-

391 1735 628 1805 objecto
674 1740 919 1796 crimine
973 1744 1286 1814 conjurare
1345 1744 1667 1807 voluerant,
1701 1758 1897 1814 neque
1943 1759 2050 1814 per

391 1840 614 1896 aquam
659 1843 852 1900 neque
901 1847 1007 1902 per
1045 1832 1249 1901 ignem
1302 1833 1484 1888 fidem
1536 1832 1726 1887 facere
1757 1832 2044 1903 quiverat.

389 1915 550 1969 Tunc
576 1915 756 1971 miser
806 1923 962 1973 totus
995 1921 1201 1976 volens
1256 1923 1315 1977 in
1367 1921 1759 1994 praecipitium
1789 1921 1892 1986 ire,
1926 1926 2050 1976 tan-

389 2002 527 2059 dem
556 2005 616 2060 in
647 2007 802 2062 hanc
829 2011 1141 2066 vesaniam
1171 2011 1487 2067 obstinatas
1533 2011 1748 2066 mentis
1780 2012 2051 2083 prorupit

393 2097 453 2150 ut
481 2095 861 2167 perceptione
891 2100 1156 2171 corporis
1188 2101 1498 2170 Dominici,
1533 2100 1647 2155 sub
1680 2101 2052 2173 periculosis‘

392 2183 546 2240 sima
571 2187 1057 2259 praesumptione,
1091 2191 1316 2246 crimen
1348 2194 1693 2263 suspectum
1723 2207 1758 2245 a
1785 2207 1845 2245 se
1877 2192 2050 2260 gesti-

390 2277 477 2329 ret
503 2279 782 2332 avertere.
816 2277 921 2333 Cui
950 2279 1460 2349 perniciosissimo
1506 2280 1770 2353 periculo
1815 2281 2048 2353 sapien-

392 2367 476 2418 ter
502 2363 756 2420 obvians
784 2366 1125 2440 episcopus,
1155 2369 1298 2441 quia
1329 2369 1560 2426 certiori
1605 2369 1853 2424 fratrum
1899 2370 2047 2426 rela-

390 2451 548 2507 tione
577 2456 852 2521 cognovit
882 2457 1164 2513 eumdem
1197 2459 1476 2514 clericum
1509 2459 1716 2514 talium
1760 2475 1881 2514 non
1920 2475 2048 2515 esse

390 2555 630 2594 morum
681 2546 746 2597 ut
790 2544 867 2600 ad
918 2550 1150 2601 tantum
1183 2547 1440 2619 permitti
1479 2547 1720 2603 deberet
1767 2547 2049 2604 accedere

383 2626 898 2701 judicium,jnssit
927 2649 1066 2689 eum
1121 2634 1233 2690 sub
1285 2640 1448 2691 arcta
1504 2636 1774 2691 custodia
1815 2636 2046 2691 interim

389 2718 734 2788 constringi,
765 2721 913 2776 dum
953 2738 1102 2778 sano
1133 2724 1380 2779 consilio
1421 2724 1774 2780 deliberaret
1800 2725 1947 2797 quid
1974 2725 2049 2780 de

387 2805 488 2862 illo
536 2807 663 2864 ﬁeri
700 2814 1017 2880 oporteret.
1067 2815 1227 2867 Tunc
1279 2814 1564 2885 undique,
1607 2831 1812 2869 secum
1862 2831 2049 2884 angu-

391 2895 512 2950 stiis
544 2901 770 2967 septus,
801 2913 832 2951 e
878 2897 1110 2954 latebra
1157 2915 1271 2954 rem
1303 2902 1677 2957 conscientiae
1709 2905 2048 2974 producens

392 2982 545 3038 male
576 2983 995 3042 absconditum
1029 2987 1280 3058 facinus,
1310 2990 1621 3046 confessus
1650 2998 1737 3048 est
1767 3011 1831 3048 se
1851 2994 1932 3049 ob
1953 3010 2049 3050 ac-
2077 3014 2117 3070 ρ

389 3072 712 3128 cusationis
747 3074 1022 3133 timorem
1048 3077 1365 3150 praefatum
1394 3081 1816 3155 presbyterum
1855 3089 2047 3140 stran-

390 3160 646 3231 gulasse,
697 3163 875 3221 simul
931 3171 987 3223 et
1035 3169 1438 3242 suspendisse,
1491 3187 1559 3228 ac
1614 3178 1928 3245 propterea
1975 3191 2048 3230 ex

389 3249 624 3321 objecto
652 3253 814 3309 malo
859 3257 1103 3328 purgari
1155 3259 1453 3332 nequisse.
1489 3261 1660 3326 Quod
1712 3266 1774 3316 ut
1821 3263 2050 3319 audivit

389 3339 732 3414 episcopus,
769 3348 1162 3418 sequestravit
1209 3364 1347 3403 eum
1392 3350 1466 3404 de
1510 3350 1666 3405 clero
1697 3367 1767 3406 ac
1799 3353 2048 3423 privavit

388 3431 597 3487 ordine
628 3449 817 3498 sacro,
851 3437 1196 3492 auctoritate
1244 3439 1526 3509 pastorali
1568 3441 1916 3513 praecipiens
1966 3442 2045 3497 illi

389 3535 629 3576 summo
659 3523 972 3577 conamine
1011 3526 1422 3595 pcenitentiam
1475 3542 1652 3596 agere
1696 3529 2045 3602 laqueisque

388 3607 615 3662 diaboli
641 3625 702 3662 se
733 3610 814 3664 sic
842 3612 1213 3668 subtrahere.
1245 3634 1272 3662 »

1010 3701 1435 3756 Ammonicius.

461 3799 492 3834 ι
513 3781 775 3838 Primum
803 3790 1038 3856 oportet
1065 3791 1129 3842 ut
1160 3791 1278 3844 Deo
1310 3789 1531 3858 gratias
1561 3796 1617 3846 et
1644 3790 1854 3848 laudes
1886 3794 2046 3850 dica-

389 3886 524 3926 mus
552 3871 613 3926 in
643 3887 966 3930 commune
996 3891 1227 3946 omnes,
1259 3877 1403 3950 quia
1453 3879 1606 3934 sacri
1643 3881 1871 3937 ordinis
1903 3883 2048 3939 infa-

388 3961 598 4026 miam,
629 3978 787 4034 quin,
815 3963 888 4020 de
935 3971 1124 4022 morte
1173 3968 1439 4040 praedicti
1474 3969 1799 4025 sacerdotis
1831 3973 2048 4045 impor-

386 4052 527 4105 tune
545 4066 964 4126 prorumpens,
988 4057 1416 4113 nonnullorum
1441 4058 1717 4113 sensibus
1735 4059 1897 4116 haud
1913 4078 2046 4133 par-

385 4153 494 4192 vas
523 4138 873 4206 ignorantiae
918 4142 1040 4198 sive
1066 4144 1328 4200 horroris
1357 4147 1633 4202 tenebras
1661 4147 1892 4214 offudit,
1929 4151 2045 4206 sub

385 4223 658 4282 falsitatis
704 4227 841 4285 fuco
883 4229 987 4286 diu
1032 4231 1258 4289 latitare
1305 4235 1551 4290 minime
1578 4238 1864 4308 permisit.
1901 4239 2044 4294 Exin

387 4313 467 4369 ob
505 4313 768 4416 .facinus
814 4323 1108 4426 ‘tanjtum,
1163 4322 1367 4378 dolore
1437 4324 1649 4381 intima
1718 4334 2043 4398 pungente,
2081 4373 2124 4426 Β

385 4404 660 4475 cogimur
714 4406 995 4477 ejulando
1049 4409 1284 4467 dicere:
1352 4413 1510 4469 Heu!
1574 4431 1762 4487 quam
1819 4419 2044 4485 grande

382 4494 616 4551 malum
685 4501 968 4568 operatur
1016 4500 1307 4572 aequitatis
1359 4502 1588 4572 odium,
1649 4506 1813 4577 quod
1867 4507 2040 4576 adeo,

385 4584 676 4640 suadente
728 4585 997 4656 diabolo,
1055 4589 1115 4644 in
1184 4590 1432 4661 praefata
1492 4608 1750 4663 persona
1804 4597 2041 4667 exarsit,

383 4676 449 4728 ut
477 4672 806 4748 discipulus
835 4691 1154 4749 perversus
1208 4694 1329 4734 non
1376 4679 1572 4735 solum
1630 4684 1900 4754 nequiter
1951 4685 2043 4739 in-

385 4767 731 4834 sequeretur
754 4764 1132 4838 magistrum,
1161 4767 1264 4823 sed
1291 4767 1470 4823 etiam
1513 4771 1775 4841 pessime
1806 4779 2046 4829 necaret

381 4851 842 4923 presbyterum!
900 4854 1043 4925 imo,
1097 4855 1262 4928 quod
1318 4857 1491 4929 pejus
1544 4862 1602 4914 et
1658 4859 1899 4930 gravius
1957 4868 2046 4919 est

382 4939 666 4997 omnibus
722 4942 971 5013 maligni
1024 4945 1331 5012 versutiis,
1395 4948 1721 5019 suspendio
1776 4952 2042 5023 corporis

381 5027 641 5084 exanimi
694 5033 1008 5104 strophose
1066 5033 1432 5090 simulaverit
1484 5037 1720 5108 ipsum,
1781 5040 1883 5110 qui
1942 5056 2040 5095 su-

382 5133 637 5190 spensus
685 5126 836 5188 erat,
899 5122 978 5177 ad
1033 5124 1377 5197 exemplum
1436 5126 1603 5181 ludas
1673 5127 2040 5185 homicidam

380 5205 564 5262 fuisse
594 5209 722 5264 sui!
771 5213 914 5266 Ecce
966 5211 1027 5266 in
1059 5213 1261 5284 palam
1292 5215 1580 5286 processit
1626 5217 1790 5288 quod
1822 5217 1896 5272 de
1933 5217 2038 5273 ab-

381 5295 665 5352 sconditis
693 5303 1078 5370 peccatorum
1121 5317 1292 5357 sacra
1321 5304 1622 5376 Scriptura
1653 5305 1884 5377 prodit:
1921 5306 2040 5360 Ab-

380 5382 590 5439 scondi
634 5389 926 5457 tanquam
951 5402 1166 5444 aurum
1221 5396 1465 5462 peccata
1495 5408 1650 5457 mea,
1685 5398 1741 5448 et
1765 5392 1950 5448 celavi
1980 5394 2040 5448 in

380 5471 515 5528 sinu
562 5469 934 5548 iniquitatem
987 5493 1189 5534 meam
1239 5479 1404 5551 (267).
1455 5482 1596 5548 Quae
1649 5482 1735 5538 ira
1779 5482 2040 5555 odioque

448 5651 598 5720 (267)
637 5652 750 5707 Job
779 5668 942 5708 xm.

2161 1743 2244 1792 ter
2273 1744 2486 1794 caetera
2520 1756 2768 1795 suarum
2822 1742 3041 1796 artium
3093 1741 3409 1796 molimina
3461 1743 3786 1811 suggerine-

2159 1843 2259 1882 mo
2324 1827 2574 1883 dubitet.
2634 1829 2934 1884 Interdum
2995 1845 3137 1884 vero
3197 1835 3358 1885 sator
3420 1830 3786 1902 nequissimus

2157 1915 2298 1985 quia
2324 1915 2476 1971 inter
2498 1917 2772 1971 homines
2798 1917 3114 1973 manifeste
3136 1917 3510 1973 discordiam
3538 1925 3593 1973 et
3610 1925 3784 1974 cetera

2159 2003 2454 2060 maleficia
2483 2005 2538 2060 in
2575 2010 2808 2060 tantum
2849 2006 3144 2061 seminare
3193 2006 3382 2062 soleat
3415 2012 3480 2062 ut
3512 2009 3679 2061 etiam
3705 2023 3786 2078 per

2158 2108 2229 2146 ea
2273 2093 2443 2147 multi
2493 2093 2802 2160 intereant,
2835 2094 2948 2149 nisi
3000 2095 3154 2167 quis,
3199 2098 3315 2150 Deo
3366 2095 3648 2163 donante,
3676 2112 3781 2150 con-

2159 2198 2361 2236 versus
2391 2183 2716 2254 resipiscat,
2742 2199 2812 2238 ac
2843 2184 2917 2238 de
2951 2187 3183 2240 Satanae
3209 2185 3474 2257 aucupio
3506 2201 3609 2256 per
3633 2185 3779 2256 preni-

2157 2269 2403 2325 tentiam
2453 2271 2722 2336 evolans,
2755 2271 2854 2326 vix
2905 2273 2987 2328 ita
3028 2272 3182 2328 illius
3229 2273 3522 2344 pertinaci
3566 2274 3707 2328 visco
3732 2290 3775 2327 se

2157 2358 2504 2414 subtrahere
2555 2363 2756 2430 queat,
2798 2365 2874 2427 et,
2927 2361 2974 2414 si
3021 2377 3143 2416 non
3193 2377 3430 2428 omnes,
3481 2367 3666 2418 tamen
3698 2362 3775 2432 qui

2157 2463 2279 2502 non
2311 2447 2584 2516 ignorent
2615 2449 2875 2504 existunt
2903 2466 3091 2521 quam
3121 2450 3340 2522 plures.
3378 2456 3654 2507 Caeterum
3680 2467 3771 2523 quo

2157 2537 2456 2592 dilectioni
2503 2543 2616 2594 tuae
2667 2544 2904 2610 meapte
2949 2539 3217 2609 satisﬁat,
3249 2541 3530 2612 praesenti
3559 2540 3772 2611 capitulo

2158 2642 2337 2698 super
2366 2627 2787 2696 hujuscemodi
2832 2629 3261 2684 reconveniens
3309 2631 3641 2701 exemplum
3668 2645 3771 2700 pm-

2157 2730 2382 2786 pouam
2415 2714 2612 2787 itaque
2643 2716 2955 2787 sequentia
2979 2716 3277 2772 humiliter
3309 2716 3634 2786 colligendo
3660 2732 3770 2788 sup-

2156 2819 2402 2875 ponam.

2228 2915 2254 2941 ‹‹
2283 2891 2409 2947 Fuit
2435 2893 2686 2964 quidam
2716 2893 2911 2966 Papiae
2937 2893 3132 2962 miles,
3153 2895 3327 2964 cujus
3355 2910 3570 2950 nomen
3595 2894 3762 2963 jamin

2157 2980 2306 3035 coelo
2338 2983 2626 3052 scriptum
2668 2982 2770 3054 pia
2809 2988 3011 3054 sperat
3053 2982 3225 3049 ﬁdes,
3252 2983 3378 3054 qui,
3415 2989 3475 3038 ut
3502 2982 3665 3037 relatu
3688 2997 3763 3036 co-

2156 3070 2336 3139 gnovi
2365 3069 2594 3126 domini
2623 3071 2883 3126 Arderici
2905 3071 3321 3127 Verecellensis
3350 3072 3616 3144 episcopi,
3637 3074 3761 3142 post-

2155 3176 2338 3231 quam
2375 3175 2594 3215 manus
2623 3161 2748 3230 (εις)
2776 3160 3192 3217 adolescentiae
3215 3161 3584 3218 saecularibus
3604 3159 3752 3231 impii

2155 3249 2444 3304 camentis
2477 3267 2548 3305 ex
2597 3265 2764 3305 more
2804 3251 3074 3306 humano
3125 3251 3399 3306 detentus
3427 3256 3578 3306 estet
3620 3247 3754 3303 astri-

2154 3343 2303 3405 ctus,
2332 3355 2441 3394 nec
2473 3355 2593 3394 non
2625 3355 2730 3411 per
2758 3339 2959 3411 plures
2989 3357 3183 3396 annos
3217 3357 3355 3396 cum
3385 3340 3548 3396 armis
3575 3337 3751 3393 milita-

2153 3428 2321 3483 ribus
2353 3445 2414 3484 se
2442 3429 2584 3484 satis
2613 3435 2849 3484 strenue
2880 3430 3030 3486 inter
3059 3431 3494 3486 commillitones
3525 3425 3742 3482 exercuit

2153 3517 2430 3588 filiosque
2456 3520 2586 3589 jam
2632 3520 2997 3590 procreavit;
3051 3520 3296 3576 tandem
3336 3521 3387 3574 in
3427 3534 3480 3571 se
3504 3528 3729 3570 reversus

2154 3611 2330 3676 atque
2359 3623 2394 3661 a
2416 3607 2618 3662 saeculi
2643 3607 2899 3662 vanitate
2930 3623 3282 3678 conversus,
3299 3606 3560 3677 cingulum
3580 3615 3723 3656 mun-

2153 3693 2327 3749 danas
2359 3683 2578 3750 militiae
2609 3695 2774 3768 apud
2804 3696 3088 3752 Sanctum
3133 3701 3367 3754 Petrum
3401 3696 3454 3751 in
3474 3693 3650 3750 eadem
3673 3687 3736 3742 ci-

2153 3782 2329 3838 vitate
2359 3783 2655 3856 deposuit,
2688 3789 2746 3840 et
2775 3784 2888 3839 sub
2917 3786 3255 3842 monastico
3285 3785 3496 3849 habitu,
3516 3780 3746 3849 stigmata

2154 3871 2346 3926 crucis
2399 3871 2670 3943 bajulare
2721 3873 3094 3944 desiderans,
3143 3875 3372 3930 Christo
3421 3886 3599 3942 regum
3636 3864 3751 3935 Regi

2155 3961 2332 4032 cmpit
2361 3961 2629 4018 militare.
2662 3963 2844 4032 Cujus
2877 3963 3035 4018 filius
3066 3964 3237 4019 miles
3275 3969 3332 4019 et
3361 3964 3482 4036 ipse
3511 3966 3753 4018 strenuus,

2153 4049 2362 4104 domui
2393 4066 2427 4106 a
2457 4055 2623 4122 patre
2654 4050 2964 4107 familiaris
2995 4052 3079 4106 rei
3110 4051 3294 4108 haeres
3325 4052 3633 4115 derelictus,
3658 4051 3757 4099 tan-

2154 4139 2224 4193 tis
2262 4156 2368 4211 per
2393 4140 2723 4212 quemdam
2752 4141 3120 4212 Aginulfum,
3154 4142 3401 4214 palatini
3456 4140 3649 4197 scilicet
3687 4150 3760 4189 co-

2153 4227 2310 4282 mitis
2361 4229 2602 4284 fratrem
2653 4245 3030 4298 germanum,
3063 4231 3462 4303 appetebatur
3497 4223 3762 4286 inimicitiis

2154 4323 2334 4390 atque
2379 4318 2636 4389 insidiis,
2672 4323 2735 4374 ut
2779 4319 2962 4375 limen
3009 4320 3230 4376 domus
3262 4321 3519 4394 propria:
3563 4315 3763 4373 minime

2153 4407 2398 4462 auderet
2436 4408 2741 4463 excedere.
2779 4411 2958 4480 Cujus
3011 4409 3095 4464 rei
3135 4410 3326 4479 gratia
3355 4411 3516 4466 idem
3544 4407 3635 4480 qui
3662 4405 3767 4474 P0st

2153 4497 2423 4552 militiam
2471 4497 2663 4554 factus
2711 4503 2798 4554 est
2845 4501 3202 4569 monachus,
3231 4501 3450 4573 pietate
3480 4501 3688 4572 plenus,
3713 4507 3768 4546 ex

2151 4586 2542 4657 permissione
2596 4587 2832 4643 abbatis
2883 4589 2996 4644 sub
3053 4590 3224 4670 cujus
3289 4591 3573 4660 regimine
3631 4585 3772 4652 degrr

2148 4676 2273 4742 bat,
2328 4677 2487 4732 misit
2553 4677 2818 4746 legatum
2877 4679 2953 4734 ad
3022 4679 3218 4735 virum
3282 4679 3767 4753 praenominatum.

2149 4782 2369 4837 rogans
2424 4773 2487 4822 ut
2543 4768 2622 4823 ob
2679 4769 3076 4826 reverentiam
3122 4773 3178 4825 S.
3240 4770 3393 4825 Petri
3453 4770 3530 4826 ad
3584 4783 3639 4821 se
3691 4762 3769 4818 mi-

2150 4871 2264 4911 nus
2312 4857 2616 4928 pigritaret
2671 4859 2887 4914 venire.
2945 4859 3056 4924 Qui
3130 4859 3414 4932 quamvis
3481 4858 3770 4930 aliquantu-

2147 4945 2274 5000 lum
2333 4947 2547 5002 veritus
2614 4953 2768 5003 esset
2831 4947 3183 5018 religionem
3249 4949 3359 5004 viri
3425 4949 3553 5010 Dei.
3607 4954 3769 5002 tamen

2148 5051 2271 5091 non
2325 5036 2587 5107 humilis,
2635 5038 2739 5092 sed
2795 5038 3058 5094 tumidus
3109 5039 3370 5096 advenit.
3426 5045 3570 5096 Ante
3623 5045 3767 5108 quem

2149 5141 2288 5179 cum
2334 5125 2424 5180 vir
2457 5127 2555 5180 Dei
2595 5128 2656 5182 in
2706 5127 2960 5182 modum
3014 5128 3206 5184 crucis
3253 5133 3407 5185 esset
3460 5130 3766 5202 prostratuS.

2148 5219 2326 5285 atque
2367 5213 2444 5268 ab
2483 5231 2555 5270 eo
2601 5231 2723 5272 non
2773 5217 2898 5272 sine
2950 5217 3347 5274 admiratione
3399 5219 3603 5274 fuisset
3643 5214 3767 5268 leva-

2147 5308 2261 5372 tus,
2305 5304 2636 5360 humillime
2685 5305 2831 5361 dixit
2874 5307 2954 5363 ad
3009 5323 3185 5362 eum:
3237 5310 3380 5374 Quae
3415 5309 3624 5365 utilitas
3670 5298 3764 5362 tibi,

2148 5392 2345 5447 senior
2395 5392 2574 5463 bone,
2607 5394 2760 5450 illius
2787 5395 2890 5450 ﬁlii
2939 5396 3057 5452 mei
3103 5398 3418 5466 sanguine,
3452 5411 3623 5470 quem
3668 5396 3763 5445 tan'

2147 5487 2349 5554 topere
2390 5483 2558 5554 cupis
2607 5484 2980 5540 interfectum
3021 5485 3092 5541 iri
3134 5502 3172 5542 a
3214 5489 3376 5544 tuis?
3421 5487 3538 5558 Ego
3567 5490 3758 5556 ραιιρθτ

2222 5660 2372 5732 (268)
2409 5661 2446 5715 Ι
2462 5637 2628 5718 Petr.
2661 5677 2754 5732 iv;
2785 5663 2967 5722 Prov.
3000 5680 3058 5720 ι.
