3996 6178
138 185 262 241 1085

900 180 995 235 DE
1034 180 1411 240 MIRACULIS
1450 184 1507 240 Β.
1551 174 1967 241 ΕΜΗΕΒΔΙΠΙ
2002 174 2191 231 LIBRI
2229 176 2394 234 DUO.
2422 207 2478 223 -

1182 180 1411 240 LCULIS
1450 184 1507 240 S.
1551 174 1967 241 ΕΜΜΕΒΔΙΠΙ
2002 174 2191 231 LIBRI
2229 176 2394 234 DUO.
2422 207 2492 223 -ιι-
2523 183 2654 238 LIB.
2695 183 2760 237 II.

131 325 328 366 servus
360 319 676 362 servorum
706 301 817 359 Dei
847 307 908 359 et
936 307 1104 370 tuus,
1136 320 1287 377 rogo
1321 310 1373 362 te
1402 311 1466 363 ut
1486 322 1591 380 per
1617 304 1798 361 mise-
1833 300 1877 353 A
1910 299 2162 355 audiens
2195 304 2726 361 commanentibus
2757 304 2986 376 grande
3014 303 3351 377 periculum
3406 304 3581 363 incu-

127 397 433 456 ricordiam
460 392 697 451 Domini
727 392 925 448 nostri
950 395 1091 448 Jesu
1116 394 1390 451 animum
1419 401 1590 452 tuum
1612 394 1688 450 ab
1713 392 1803 448 in-

128 491 311 560 caepto
341 482 640 540 retrahere
667 481 838 547 velis,
873 486 935 536 et
975 480 1220 553 misero,
1253 483 1358 555 qui
1378 483 1649 555 dignitati
1682 487 1799 537 tuae

126 577 382 633 resistere
414 587 533 628 non
554 573 777 643 potest,
805 584 1059 642 parcere
1085 569 1374 640 digneris.
1411 575 1485 629 At
1535 572 1629 629 ille
1654 585 1796 626 ran-

127 681 252 722 core
283 660 577 735 superbiae
611 658 829 724 elatus,
864 662 1051 730 atque
1083 658 1314 715 inimici
1342 661 1598 718 stimulis
1653 675 1796 715 exa-

125 758 408 827 speratus,
462 751 817 821 juramento
878 750 1244 804 sacramenti
1295 750 1558 808 afﬁrmat
1610 751 1797 806 vitam

123 842 420 916 propriam
459 853 583 894 non
612 837 902 893 libentius
931 836 1083 893 velle
1116 838 1286 907 tueri,
1316 856 1508 911 quam
1532 842 1649 897 hoc
1702 838 1798 895 vel

128 949 230 1006 per
257 947 315 987 se
342 929 432 985 vel
459 943 566 1001 per
587 942 728 982 suos
758 926 1017 994 eﬂicere,
1051 931 1115 981 ut
1145 927 1276 997 ejus
1332 929 1450 984 vita
1510 945 1625 1001 pro
1670 944 1797 1000 quo

130 1018 478 1077 tamobnixe
502 1017 690 1072 homo
722 1015 832 1071 Dei
887 1014 1288 1088 supplicabat,
1348 1018 1549 1088 possit
1604 1021 1799 1072 extor-

134 1108 300 1183 queri
322 1113 373 1163 et
396 1104 712 1173 exstingui.
752 1104 927 1159 Tunc
954 1103 1201 1159 humilis
1255 1105 1606 1160 monachus
1666 1120 1801 1160 ma-

135 1197 223 1267 gis
250 1212 353 1270 pro
372 1210 438 1250 eo
463 1208 650 1266 quam
677 1207 795 1265 pro
848 1190 993 1257 ﬁlio,
1037 1190 1323 1262 lacrymis
1372 1191 1643 1256 infusus,
1673 1191 1760 1247 ait
1785 1208 1800 1246 :

133 1286 249 1351 Eia,
280 1285 386 1351 eia,
413 1282 652 1339 domine
679 1280 982 1352 Aginulfe,
1013 1296 1203 1353 quam
1228 1280 1484 1337 libenter
1512 1284 1579 1335 et
1612 1294 1809 1348 quam

130 1373 457 1432 necessario
484 1372 718 1440 vellem,
751 1371 803 1426 si
831 1370 1094 1444 peccatis
1124 1369 1274 1425 meis
1311 1368 1657 1424 Dominum
1707 1383 1809 1423 ro-

130 1479 264 1534 gare
291 1461 664 1527 auderem,ut
687 1465 749 1515 tu
768 1459 1003 1515 videres
1024 1458 1185 1514 hunc
1211 1457 1384 1528 cujus
1405 1472 1513 1529 per
1535 1469 1811 1524 sugges-
1833 1478 1839 1484 ·

1906 387 2107 444 buisse
2132 392 2413 447 nocturni
2446 393 2693 460 timoris,
2722 394 2872 451 dixit
2904 413 2916 450 :
2944 397 3071 450 Non
3092 395 3307 463 ignoro
3334 400 3584 469 propter

1906 482 2154 550 peccata
2183 494 2324 536 mea
2353 482 2587 539 malum
2612 484 2728 540 hoc
2755 483 3252 556 accidisse,quod
3278 489 3366 540 tot
3382 485 3584 542 homi-

1905 584 2011 624 nes
2041 569 2289 639 contigit
2317 587 2425 644 per
2445 576 2634 629 totam
2666 578 2906 630 noctem
2937 573 3194 644 graviter
3243 573 3585 633 laborando

1903 658 2150 714 insimul
2177 659 2416 717 vidisse.
2448 663 2675 720 Idcirco
2707 664 2788 720 ad
2816 664 3012 720 virum
3036 662 3159 730 Dei,
3217 678 3405 736 quem
3447 667 3588 722 bella

1906 752 2075 804 terna
2104 748 2203 804 dei
2235 752 2494 823 superbe
2524 753 2883 828 contempsi,
2910 753 3093 809 hodie
3113 753 3261 809 mihi
3284 755 3594 815 humiliter

1904 837 2328 909 repedandum
2350 842 2514 898 novi.
2547 844 2616 899 Et
2645 844 2962 901 confestim
2990 858 3249 917 pergens
3273 859 3403 917 quo
3454 862 3600 906 eun-

1905 927 2058 983 dum
2084 926 2370 1002 decrevit,
2397 932 2694 990 advocato
2722 935 2836 990 viri
2868 934 2967 991 Dei
3010 939 3177 1002 nato,
3236 935 3369 991 solo
3421 941 3603 999 tenus

1922 1031 2120 1071 eoram
2152 1033 2231 1073 eo
2255 1025 2611 1091 prostratus,
2638 1024 3061 1097 paenitentiam
3116 1025 3239 1095 egit
3292 1041 3490 1100 super
3537 1047 3609 1091 eo

1908 1104 2081 1176 quod
2108 1106 2295 1177 priori
2324 1108 2422 1164 die
2442 1110 2595 1167 adeo
2615 1112 3003 1169 inexorabilis
3033 1113 3274 1184 exstitit,
3306 1129 3426 1172 nec
3477 1134 3603 1179 non

1910 1208 2132 1266 pacem
2163 1194 2317 1252 ultro
2347 1198 2401 1253 ei
2424 1198 2659 1266 obtulit,
2688 1218 2829 1258 cum
2858 1218 2996 1260 eam
3044 1203 3191 1259 dare
3210 1203 3382 1275 prius
3413 1212 3601 1269 etiam

1916 1286 2167 1350 rogatus
2199 1288 2515 1345 recusavit.
2549 1290 2732 1361 Cujus
2761 1291 2846 1347 rei
2871 1292 3060 1362 gratia
3086 1292 3272 1349 homo
3308 1295 3411 1351 Dei
3461 1297 3601 1354 laeti-

1918 1370 2161 1441 ﬁcatus,
2191 1374 2592 1448 Omnipoterti
2615 1379 2974 1448 magniﬁcas
3026 1385 3224 1452 grates
3268 1384 3486 1454 retulit,
3542 1389 3599 1442 et

1920 1459 2314 1518 nihilominus
2343 1466 2542 1521 omnis
2563 1467 2757 1539 plebs,
2786 1473 2852 1524 ut
2879 1470 3128 1539 audivit,
3156 1471 3443 1529 humanae
3489 1476 3597 1532 du-

127 1553 340 1609 tionem
371 1548 673 1606 homicidii
703 1548 1049 1605 amaritudo
1105 1547 1258 1602 adeo
1308 1545 1415 1602 tibi
1470 1541 1813 1600 dulcorata
1919 1548 2068 1604 ritias
2096 1551 2497 1610 molliticatori
2526 1554 2739 1612 laudes
2770 1557 2954 1613 dedit.
2989 1576 3018 1611 ›

129 1647 234 1708 est,
264 1657 388 1714 quo
418 1655 526 1695 nec
553 1638 634 1695 ob
664 1635 1143 1693 misericordiam
1175 1635 1297 1703 Dei,
1341 1649 1544 1706 neque
1594 1631 1677 1687 ob
1710 1649 1808 1689 re~
1844 1652 1889 1706 Β

126 1731 386 1789 verentia
410 1728 570 1785 beati
597 1727 749 1783 Petri
778 1743 817 1783 a
876 1729 1039 1782 tanto
1090 1724 1252 1781 malo
1303 1723 1450 1779 velis
1502 1720 1803 1779 inhiberi.

133 1820 372 1877 Confido
392 1818 452 1874 in
488 1816 742 1873 Domino
764 1815 910 1889 quia
942 1815 990 1869 si
1015 1813 1186 1869 illum
1235 1812 1487 1875 videres,
1515 1811 1808 1869 animum

134 1911 250 1966 sine
279 1907 564 1964 dilatione
596 1910 889 1962 mutares.
920 1904 1021 1959 His
1051 1907 1108 1957 et
1145 1900 1567 1972 hujuscemodi
1622 1900 1807 1957 dictis

134 2004 190 2055 et
215 1997 447 2063 auditis,
482 1995 627 2051 abiit
653 1995 760 2067 qui
792 1997 1040 2050 vocatus
1069 1995 1336 2061 venerat,
1362 1990 1579 2046 mentis
1606 1990 1804 2046 obsti-

139 2092 285 2143 natis
314 2101 518 2142 ecum
547 2101 703 2141 onus
729 2088 996 2157 portans.
1038 2084 1254 2137 Verum
1310 2078 1584 2153 proxima
1618 2086 1804 2137 nocte

136 2181 445 2248 senstt'per
472 2173 812 2247 principem
863 2172 1245 2228 tenebrarum
1302 2169 1630 2242 mortisque
1694 2172 1804 2225 mi-

132 2266 380 2322 nistrum
396 2264 565 2337 quod
592 2262 939 2318 faciendum
960 2260 1307 2333 proterviter
1326 2258 1585 2313 decrevit
1603 2275 1801 2331 quam

131 2354 277 2410 foret
303 2353 639 2409 sinistrum.
672 2355 821 2407 Nam
852 2350 912 2405 in
938 2350 1136 2422 prima
1158 2347 1358 2417 vigilia
1396 2346 1606 2414 noctis,
1663 2348 1802 2420 ipso

129 2443 407 2511 Aginulfo
436 2458 578 2497 cum
606 2440 864 2510 conjuge
891 2454 1001 2494 sua
1025 2438 1088 2493 in
1116 2437 1270 2493 lecto
1324 2436 1684 2503 decubante,
1746 2443 1805 2494 et

129 2532 503 2606 pedissequis
528 2529 902 2604 puellaribus
930 2527 993 2583 in
1015 2526 1303 2582 conclave
1328 2526 1456 2596 jam
1500 2530 1687 2581 strata
1712 2527 1800 2582 fo-

128 2621 426 2685 ventibus,
454 2635 569 2675 nec
600 2634 726 2673 non
757 2632 879 2688 prie
918 2614 1152 2671 foribus
1186 2612 1566 2669 cubiculariis
1624 2631 1802 2669 excu-

126 2710 439 2777 bantibus,
474 2707 677 2763 subito
708 2705 991 2777 apparuit
1017 2703 1285 2776 zEthiops
1318 2703 1397 2758 ad
1424 2702 1803 2760 fornaculum

127 2804 318 2868 stans,
344 2797 451 2870 qui
480 2796 661 2867 lignis
700 2794 779 2850 ad
804 2810 1034 2867 prunas
1059 2794 1188 2864 jam
1220 2792 1439 2865 partim
1499 2798 1802 2849 emortuas

125 2888 420 2960 appositis
442 2888 649 2956 ignem
667 2882 935 2939 aﬂlando
959 2881 1285 2949 succendit,
1315 2886 1495 2954 atque
1518 2885 1802 2936 terrorem

2541 1644 2973 1702 Ammonirius.

1994 1747 2021 1775 «
2065 1726 2262 1784 Placet
2288 1729 2455 1796 mihi,
2492 1730 2699 1799 fateor,
2753 1734 3044 1791 sententia
3085 1751 3272 1808 quam
3330 1734 3410 1793 ob
3455 1751 3595 1810 pro-

1916 1813 2187 1872 dendam
2212 1818 2389 1873 simul
2421 1823 2480 1874 et
2508 1821 2847 1877 cavendam
2879 1825 3280 1893 suggestionis
3339 1826 3594 1883 diaboli-

1915 1919 2003 1958 cae
2034 1904 2327 1961 malitiam
2357 1907 2638 1979 proximo
2664 1907 3032 1982 descripsisti
3090 1911 3374 1984 capitulo,
3428 1928 3588 1986 quas,

1915 1998 1982 2048 ut
2012 1993 2248 2050 videtur
2284 2011 2435 2050 mea;
2479 1996 2781 2068 parvitati,
2804 2014 2927 2054 non
2975 2000 3469 2058 inconvenienter
3508 2002 3595 2057 vi-

1915 2082 2007 2137 sio
2036 2083 2174 2139 viva
2204 2089 2402 2158 potest
2423 2084 2562 2151 dici,
2585 2085 2732 2158 quia
2758 2102 2866 2159 per
2894 2104 3033 2145 eam
3075 2089 3357 2146 inimicus
3403 2090 3592 2147 homo

1914 2185 1949 2225 a
1979 2177 2174 2227 morte
2204 2172 2462 2245 proximi
2496 2178 2586 2229 est
2642 2175 2999 2245 prohibitus,
3033 2183 3215 2250 atque
3245 2178 3421 2234 vivus
3446 2191 3588 2233 cum

1912 2259 2048 2315 vivo
2088 2261 2147 2317 in
2181 2262 2436 2331 gratiam
2469 2265 2815 2319 communis
2862 2265 3256 2322 humanitatis
3303 2265 3589 2320 vivaciter

1911 2352 2000 2403 est
2026 2350 2331 2406 reductus.
2359 2354 2438 2406 De
2469 2356 2703 2419 cretero,
2734 2354 2901 2425 quod
2940 2354 3160 2410 insidet
3217 2353 3444 2420 animo,
3505 2350 3592 2425 ᾶὶτ

1910 2436 2151 2494 lectioni
2183 2444 2299 2495 tuae
2338 2439 2655 2495 consilium
2709 2422 2809 2507 do,
2869 2446 2934 2498 ut
2992 2442 3307 2516 praesentis
3361 2422 3590 2508 dialogi

1913 2525 2163 2583 claudas
2195 2529 2443 2599 librum,
2470 2544 2545 2584 ne
2572 2530 2719 2585 forte
2746 2532 2926 2588 unius
2956 2531 3284 2589 voluminis
3304 2527 3591 2603 probabi-

1911 2614 2031 2670 lem
2062 2618 2314 2673 excedat
2332 2617 2606 2674 modum.
2644 2641 2672 2669 »

2554 2708 2949 2765 Collectitius.

1987 2811 2017 2845 α
2050 2794 2339 2859 Quamvis
2373 2795 2517 2851 mihi
2544 2811 2668 2851 non
2713 2796 2786 2853 sit
2823 2813 2936 2870 pro
2988 2808 3219 2863 magno
3269 2789 3587 2862 dijudicari

1914 2879 1993 2933 ab
2019 2881 2266 2938 homine
2291 2883 2383 2938 vel
2413 2883 2493 2940 ab
2522 2884 2793 2941 humano
2821 2885 2941 2954 die,
2974 2889 3182 2940 tamen
3202 2880 3285 2936 ita
3308 2884 3425 2935 tute
3449 2879 3587 2936 cha-

124 2993 270 3032 cum
301 2981 544 3048 stupore
569 2972 929 3029 horribiliter
959 2972 1051 3026 his
1079 2971 1184 3043 qui
1233 2970 1482 3026 aderant
1535 2970 1801 3035 incussit,
1833 3007 1874 3064 C
1912 2968 2068 3024 ritati
2094 2978 2331 3043 meapte
2361 2973 2622 3044 probum
2662 2974 2898 3029 videtur
2944 2985 3315 3029 :onsensum
3372 2969 3462 3039 iri,
3523 2973 3590 3026 ut

121 3083 241 3122 nec
272 3081 396 3120 non
427 3080 582 3137 pene
605 3062 881 3116 omnium
908 3061 1036 3115 haec
1060 3060 1415 3115 intuentium
1449 3060 1602 3114 vires
1629 3076 1801 3113 ener-

125 3171 289 3210 vans
337 3154 491 3208 adeo
519 3151 806 3216 excussit,
834 3155 918 3217 ut,
952 3166 1091 3206 eum
1111 3149 1449 3205 necessario
1492 3148 1659 3220 loqui
1712 3154 1799 3205 at—

120 3261 251 3316 que
284 3242 598 3313 signaculo
627 3240 821 3295 crucis
860 3239 953 3295 vel
978 3240 1119 3294 ﬁdei
1142 3238 1410 3294 munime
1470 3238 1707 3306 signare
1738 3255 1800 3294 se

124 3333 371 3403 vellent,
405 3348 527 3388 non
559 3329 760 3386 solum
789 3330 903 3385 hoc
942 3329 1209 3402 proficue
1242 3328 1433 3383 facere
1464 3327 1796 3398 nequirent,

117 3421 237 3478 sed
266 3437 375 3476 nec
408 3420 622 3475 saltem
653 3418 867 3474 mutire
906 3423 1171 3491 possent,
1206 3420 1454 3489 excepto
1499 3415 1662 3487 quod
1694 3430 1801 3487 per

120 3516 323 3568 totam
368 3515 610 3566 noctem
664 3506 1082 3563 miserabiliter
1109 3505 1442 3571 ululabant,
1494 3503 1799 3558 dentibus-

114 3616 249 3673 que
281 3599 650 3655 incessanter
676 3595 1025 3651 stridebant.
1046 3595 1213 3649 Tunc
1243 3593 1527 3650 dominus
1553 3593 1795 3662 domus,

114 3689 259 3761 ipse
288 3687 557 3743 videlicet
586 3684 923 3754 Aginulfus,
953 3683 1165 3738 videns
1191 3682 1503 3738 diabolum
1526 3681 1799 3737 cominus

118 3784 416 3845 stantem,
451 3782 508 3832 et
540 3774 720 3848 quasi
751 3773 830 3829 ad
860 3773 1062 3828 focum
1112 3787 1175 3827 se
1218 3770 1683 3833 calefacientem,
1731 3771 1797 3825 ti-

116 3866 290 3924 muit
308 3865 477 3921 valde
506 3882 581 3921 ne
612 3864 662 3919 is
694 3863 799 3937 qui
829 3878 902 3918 ex
930 3861 1259 3933 improviso
1292 3860 1670 3925 adveniebat,
1714 3860 1803 3915 ni-

116 3973 259 4027 ger,
295 3955 588 4027 hispidus,
622 3953 901 4009 horrldus
927 3953 1170 4024 hospes,
1205 3955 1497 4022 potestate
1538 3950 1800 4021 desuper

111 4047 297 4114 data,
331 4060 393 4099 se
421 4045 577 4099 intra
596 4042 966 4098 domesticos
988 4040 1243 4112 parietes
1266 4056 1297 4095 e
1322 4039 1517 4094 medio
1544 4042 1793 4111 raperet,

113 4143 181 4191 et
211 4134 626 4191 infelicissima
657 4149 796 4188 cum
823 4130 957 4186 ﬁliis
989 4129 1277 4199 gehennae
1330 4144 1505 4183 suum
1561 4144 1631 4182 ex
1689 4126 1798 4182 ad-

111 4241 287 4281 vena
318 4223 719 4279 domesticum
750 4221 988 4276 faceret.
1024 4218 1178 4284 Quid
1203 4218 1452 4287 ageret?
1482 4217 1627 4289 quid
1654 4232 1798 4272 con-

116 4315 249 4370 silii
276 4318 516 4386 caperet
543 4312 570 4367 ‘2
601 4310 866 4367 maximi:
912 4309 1252 4382 implicatus
1283 4307 1591 4378 angustiis,
1631 4306 1798 4379 quod

115 4403 510 4461 horrendum
539 4401 689 4457 vidit
716 4399 884 4456 effari
901 4398 1150 4454 minime
1179 4397 1386 4470 quivit.
1416 4400 1634 4452 Omnes
1665 4412 1796 4468 per.

119 4509 305 4548 sons:
334 4492 489 4548 illius
520 4489 805 4547 clientelas
845 4492 1164 4545 trementes
1193 4486 1479 4542 dolebant
1523 4485 1585 4539 in
1632 4500 1798 4540 eom-

113 4597 350 4647 mune,
410 4597 598 4638 unam
646 4580 1045 4651 eamdemque
1101 4592 1346 4649 poenam
1419 4573 1801 4646 patiebantur

118 4673 425 4743 universx,
458 4670 572 4726 sub
604 4669 812 4725 mortis
842 4666 1329 4723 comminatione.
1362 4663 1628 4720 Tandem
1657 4663 1803 4719 inte-

115 4764 293 4819 riore
324 4761 569 4818 homine
609 4774 900 4815 arcanum
925 4772 1111 4812 sacrm
1151 4754 1291 4839 fidei
1340 4758 1800 4825 rememorante,

115 4851 322 4924 coepit
346 4850 523 4906 corde
553 4855 725 4904 tenus
756 4846 1009 4920 psallere
1044 4864 1057 4913 ;
1085 4845 1213 4916 jam
1238 4844 1399 4899 enim
1417 4842 1620 4897 didicit
1650 4842 1805 4915 psal-

114 4958 297 5010 mos,
323 4956 445 4996 non
470 4939 569 4994 illa
595 4941 768 4993 nocte
798 4952 904 5008 per
931 4934 1195 4991 ofﬁcium
1224 4934 1345 4990 oris
1377 4932 1560 4989 verba
1618 4932 1804 5004 profe~

112 5046 297 5097 rens,
335 5029 444 5085 sed
472 5033 660 5084 totam
687 5025 813 5082 vim
844 5024 1109 5098 corporis
1133 5028 1189 5079 et
1218 5021 1437 5078 animae
1468 5036 1607 5077 cum
1635 5020 1806 5078 silen-

115 5121 210 5175 tio
252 5133 446 5190 usque
495 5116 573 5171 ad
618 5115 813 5170 lucem
866 5114 928 5168 in
988 5115 1171 5167 Deum
1228 5115 1600 5166 convertens.
1650 5110 1805 5166 Tum

117 5206 423 5265 Psalterio
452 5220 575 5261 non
606 5208 853 5259 externa
875 5201 979 5257 sed
1008 5201 1240 5255 interna
1266 5198 1543 5254 cautione
1579 5214 1617 5254 a
1644 5192 1804 5271 prin-

115 5297 296 5370 cipio
330 5310 523 5367 usque
550 5294 629 5350 ad
677 5292 905 5349 calcem
958 5288 1236 5363 perlecto,
1288 5287 1601 5342 clementia
1647 5287 1804 5344 illius

112 5386 239 5459 qui
266 5384 423 5441 tollit
445 5388 694 5457 peccata
722 5380 954 5446 mundi,
984 5378 1084 5433 vix
1111 5393 1248 5431 cum
1283 5375 1406 5430 suis
1432 5375 1511 5431 ab
1565 5374 1807 5432 infesta-

112 5477 298 5533 tione
333 5473 634 5530 diabolica
672 5470 889 5527 meruit
937 5466 1197 5537 liberari,
1256 5470 1437 5538 atque
1492 5464 1805 5521 Christiani

113 5580 358 5622 sensus
384 5578 615 5633 magna
655 5558 999 5635 potentique
1056 5554 1247 5625 gratia
1300 5553 1613 5610 revisitari.
1671 5552 1801 5621 Qui,

113 5654 284 5713 solis
313 5652 534 5725 jubare
558 5654 747 5709 terras
776 5648 1153 5713 relustrante,
1174 5657 1284 5716 per
1338 5641 1806 5715 verbaconjugis

1910 3060 2275 3114 narrationis
2303 3061 2608 3129 gressibus
2637 3062 2694 3115 iu
2730 3063 2988 3117 Galliam
3014 3074 3294 3133 pergens,
3322 3058 3588 3133 primum

1910 3146 1971 3200 iu
2004 3162 2076 3202 ea
2097 3147 2323 3203 factum
2351 3153 2595 3217 tangam
2654 3149 2859 3222 aliquo
2916 3149 3095 3223 quod
3137 3148 3468 3220 legentibus
3522 3153 3581 3206 et

1910 3236 2297 3291 audientibus
2327 3237 2465 3293 utile
2493 3237 2585 3305 sit,
2617 3238 2755 3294 dein
2814 3239 3074 3295 tendam
3127 3239 3203 3295 ad
3263 3239 3583 3297 voluminis

1910 3324 2116 3385 tinem.
2145 3330 2443 3397 quatenus
2468 3326 2550 3382 ibi
2581 3331 2780 3383 fervor
2802 3327 3081 3384 dictandi
3109 3334 3165 3385 et
3186 3328 3482 3385 scribendi
3503 3329 3585 3387 ad

1910 3418 2149 3486 tempus
2178 3415 2469 3487 quiescat,
2500 3417 2624 3472 sive
2655 3416 3022 3486 decalescat,
3047 3418 3151 3475 ubi
3182 3418 3287 3487 sol,
3315 3420 3582 3493 quotidie

1909 3503 1987 3558 ad
2018 3518 2307 3558 occasum
2336 3519 2614 3575 vergens,
2646 3506 2881 3561 mundo
2915 3506 3191 3565 absentia
3220 3524 3332 3566 sua
3391 3511 3581 3568 noctis

1909 3593 2186 3648 tenebras
2212 3593 2591 3650 infundendo
2617 3596 3083 3667 quodammodo
3114 3598 3325 3656 ardere
3351 3615 3458 3657 seu
3494 3601 3582 3657 lu-

1909 3699 2039 3738 cere
2062 3683 2419 3739 mortalibus
2458 3689 2674 3740 cessat.

1984 3792 2011 3820 ‹‹
2053 3774 2193 3826 Erat
2220 3773 2473 3843 quidam
2500 3774 2721 3829 nobilis
2746 3776 2931 3830 homo
2958 3776 3247 3833 habitans
3277 3778 3338 3833 in
3367 3780 3580 3836 Gallia-

1906 3875 2043 3916 rum
2074 3875 2282 3929 rcgno,
2310 3862 2415 3933 qui
2438 3877 2499 3916 se
2529 3862 2773 3917 assidue
2804 3862 2865 3916 in
2906 3864 3225 3920 venatione
3267 3866 3419 3921 inter
3463 3867 3582 3923 alia

1908 3961 2214 4009 exercens,
2243 3947 2340 4003 die
2370 3949 2641 4020 quadam
2672 3962 2855 4020 quem
2894 3953 3314 4007 necessarium
3365 3953 3577 4009 habuit

1908 4033 1987 4087 ad
2018 4033 2269 4089 domum
2302 4035 2557 4090 reditum
2584 4037 2877 4107 protraxit
2905 4050 3101 4108 usque
3119 4039 3194 4093 ad
3223 4039 3341 4095 diei
3360 4040 3578 4096 noctis-

1908 4138 1977 4176 te
1998 4124 2439 4195 crepusculum.
2473 4126 2635 4179 Tunc
2684 4123 2841 4179 illius
2891 4125 3147 4182 canibus
3193 4127 3577 4202 vulpeculam

1911 4211 2081 4265 solito
2107 4212 2563 4285 insequentibus
2594 4217 2651 4269 et
2675 4212 2961 4283 ingressis
3011 4217 3332 4287 cujusdam
3383 4233 3580 4276 caver-

1910 4299 2087 4355 nulas
2116 4303 2358 4373 montis,
2388 4302 2674 4357 dominus
2697 4306 2754 4358 et
2779 4304 2978 4360 senior
3016 4304 3193 4361 valde
3234 4306 3445 4364 dolens
3475 4322 3576 4365 su-

1912 4406 2018 4462 per
2044 4390 2280 4446 interitu
2302 4392 2657 4447 eorumdem
2690 4408 2935 4465 canum,
2963 4393 3105 4467 quia
3147 4411 3270 4451 non
3301 4402 3578 4469 poterant

1911 4478 2094 4533 videri
2123 4495 2319 4552 neque
2346 4480 2560 4548 audiri,
2594 4481 2756 4537 misit
2782 4482 2857 4538 de
2913 4482 3039 4537 suis
3078 4484 3366 4539 militibus
3394 4490 3575 4556 atque

1910 4568 2229 4625 comitibus
2261 4570 2364 4642 qui
2386 4569 2498 4625 sibi
2545 4571 2619 4626 de
2646 4571 2935 4642 proximis
2964 4571 3118 4627 villis
3172 4573 3376 4641 ignem
3433 4588 3573 4628 cum

1909 4659 2136 4714 lumine
2157 4658 2456 4725 afferrent,
2484 4660 2825 4732 pariterque
2855 4661 3028 4714 funes
3054 4675 3194 4715 cum
3245 4659 3443 4730 longis
3472 4675 3570 4717 or-

1910 4748 2156 4803 dinibus
2183 4748 2500 4817 deferrent,
2526 4747 2749 4820 quibus
2794 4748 3113 4802 cavitatem
3168 4748 3390 4803 montis
3432 4749 3579 4805 des;

1914 4838 2233 4894 cendentes
2267 4838 2484 4893 intrare
2532 4835 2815 4891 valerent.
2875 4838 3142 4908 Cumque
3168 4851 3326 4891 unus
3355 4851 3428 4892 ex
3457 4836 3571 4893 illis

1912 4927 2017 5000 qui
2045 4930 2182 5000 post
2209 4926 2411 4995 ignem
2437 4930 2494 4980 et
2539 4923 2839 4979 funiculos
2888 4924 3057 4979 missi
3114 4930 3282 4981 erant
3336 4941 3445 4999 per
3491 4925 3575 4982 fo-

1913 5030 2121 5072 ramen
2146 5015 2407 5079 intraret,
2440 5014 2498 5068 et
2533 5012 2692 5068 intus
2738 5013 2843 5068 diu
2893 5012 3270 5085 nimiumque
3326 5020 3569 5085 erraret,

1912 5106 2157 5162 tandem
2200 5104 2278 5159 ad
2326 5101 2647 5157 buccinam
2702 5101 3098 5173 cornicinum,
3152 5117 3288 5174 quis
3337 5103 3574 5160 interim

1914 5193 2056 5250 foris
2088 5190 2481 5265 persultabat,
2510 5189 2609 5245 vix
2628 5189 2938 5246 reﬂectens
2969 5190 3079 5246 iter
3125 5189 3205 5245 ad
3253 5190 3573 5249 dominum

1912 5280 2223 5354 repedavit
2251 5294 2449 5345 suum,
2492 5281 2549 5333 et
2576 5276 2725 5333 dixit
2758 5276 2837 5333 ad
2890 5292 3030 5332 eum
3063 5294 3076 5332 :
3124 5278 3396 5350 Domine,
3460 5278 3574 5336 ista

1913 5375 2207 5427 montana
2237 5372 2374 5423 sunt
2394 5365 2599 5423 omnia
2630 5379 2798 5434 cava,
2831 5379 2902 5421 ac
2927 5365 3146 5422 horum
3175 5365 3458 5423 interiora
3482 5368 3572 5423 vi-

1914 5460 2131 5515 dentur
2152 5458 2331 5532 quasi
2352 5457 2516 5527 regio
2568 5454 2825 5524 deserta,
2877 5458 2952 5523 et,
3004 5454 3119 5510 nisi
3166 5456 3314 5511 mihi
3368 5460 3573 5529 tuapte

1915 5549 2220 5620 adjutores
2245 5548 2462 5604 dentur
2489 5544 2595 5619 qui
2623 5544 2795 5601 funes
2819 5560 2957 5601 cum
2979 5543 3293 5601 ordinibus
3312 5545 3569 5615 trahant,

1913 5644 1972 5695 et
1998 5653 2107 5711 per
2136 5653 2424 5696 saxorum
2453 5635 2807 5711 asperitates
2834 5638 3167 5693 sustentare
3212 5633 3345 5692 illas
3371 5633 3573 5693 minus
