  <div class='ocr_page' id='page_1' title='image "/cluster/home/n/w/nwhite01/storage/ocr_20150623/141/hvd.32044054760012/547.png"; bbox 0 0 3996 6178; ppageno 0'>
   <div class='ocr_carea' id='block_1_1' title="bbox 519 208 650 262">
    <p class='ocr_par' dir='ltr' id='par_1_1' title="bbox 519 208 650 262">
     <span class='ocr_line' id='line_1_1' title="bbox 519 208 650 262; baseline -0.008 0"><span class='ocrx_word' id='word_1_1' title='bbox 519 208 650 262; x_wconf 76' lang='grc'>1087</span> 
     </span>
    </p>
   </div>
   <div class='ocr_carea' id='block_1_2' title="bbox 1560 199 3776 268">
    <p class='ocr_par' dir='ltr' id='par_1_2' title="bbox 1560 199 3776 268">
     <span class='ocr_line' id='line_1_2' title="bbox 1560 199 3776 268; baseline -0 -12"><span class='ocrx_word' id='word_1_2' title='bbox 1560 201 1874 256; x_wconf 82' lang='lat' dir='ltr'>ARNOLDI</span> <span class='ocrx_word' id='word_1_3' title='bbox 1913 199 2512 256; x_wconf 58' lang='lat' dir='ltr'>EMMERAMMEVSIS</span> <span class='ocrx_word' id='word_1_4' title='bbox 2551 203 2884 258; x_wconf 78' lang='lat' dir='ltr'>MONACHI.</span> <span class='ocrx_word' id='word_1_5' title='bbox 3710 219 3776 268; x_wconf 57' lang='lat' dir='ltr'>trag</span> 
     </span>
    </p>
   </div>
   <div class='ocr_carea' id='block_1_3' title="bbox 514 321 3781 400">
    <p class='ocr_par' dir='ltr' id='par_1_3' title="bbox 514 321 3781 400">
     <span class='ocr_line' id='line_1_3' title="bbox 514 321 3781 400; baseline 0.002 -16"><span class='ocrx_word' id='word_1_6' title='bbox 514 328 838 393; x_wconf 84' lang='lat' dir='ltr'>fastidiant,</span> <span class='ocrx_word' id='word_1_7' title='bbox 867 325 1157 398; x_wconf 82' lang='lat' dir='ltr'>certisque</span> <span class='ocrx_word' id='word_1_8' title='bbox 1190 326 1681 398; x_wconf 89' lang='lat' dir='ltr'>spatiorumlocis</span> <span class='ocrx_word' id='word_1_9' title='bbox 1716 323 1890 380; x_wconf 86' lang='lat' dir='ltr'>divisi</span> <span class='ocrx_word' id='word_1_10' title='bbox 1917 321 2166 392; x_wconf 89' lang='lat' dir='ltr'>vigilan-</span> <span class='ocrx_word' id='word_1_11' title='bbox 2205 328 2249 378; x_wconf 86' lang='lat' dir='ltr'><strong>A</strong></span> <span class='ocrx_word' id='word_1_12' title='bbox 2284 338 2536 395; x_wconf 86' lang='lat' dir='ltr'>spernas</span> <span class='ocrx_word' id='word_1_13' title='bbox 2566 326 2869 382; x_wconf 87' lang='lat' dir='ltr'>miseriam</span> <span class='ocrx_word' id='word_1_14' title='bbox 2902 345 2914 382; x_wconf 88' lang='lat'><strong>:</strong></span> <span class='ocrx_word' id='word_1_15' title='bbox 2950 325 3050 382; x_wconf 91' lang='lat' dir='ltr'>sed</span> <span class='ocrx_word' id='word_1_16' title='bbox 3093 327 3443 398; x_wconf 72' lang='lat' dir='ltr'>quantocius</span> <span class='ocrx_word' id='word_1_17' title='bbox 3492 344 3553 384; x_wconf 79' lang='lat' dir='ltr'>ex</span> <span class='ocrx_word' id='word_1_18' title='bbox 3597 329 3781 400; x_wconf 60' lang='lat' dir='ltr'>legatione</span> 
     </span>
    </p>
   </div>
   <div class='ocr_carea' id='block_1_4' title="bbox 516 413 2172 490">
    <p class='ocr_par' dir='ltr' id='par_1_4' title="bbox 516 413 2172 490">
     <span class='ocr_line' id='line_1_4' title="bbox 516 413 2172 490; baseline -0.005 -15"><span class='ocrx_word' id='word_1_19' title='bbox 516 419 743 475; x_wconf 89' lang='lat' dir='ltr'>tissima</span> <span class='ocrx_word' id='word_1_20' title='bbox 771 434 867 472; x_wconf 92' lang='lat' dir='ltr'>me</span> <span class='ocrx_word' id='word_1_21' title='bbox 906 433 1044 471; x_wconf 90' lang='lat' dir='ltr'>cum</span> <span class='ocrx_word' id='word_1_22' title='bbox 1068 416 1292 472; x_wconf 86' lang='lat' dir='ltr'>lumine</span> <span class='ocrx_word' id='word_1_23' title='bbox 1333 417 1705 490; x_wconf 60' lang='lat' dir='ltr'>praecedente</span> <span class='ocrx_word' id='word_1_24' title='bbox 1755 413 2172 488; x_wconf 71' lang='lat' dir='ltr'>prrestolentur</span> 
     </span>
    </p>
   </div>
   <div class='ocr_carea' id='block_1_5' title="bbox 516 504 2170 578">
    <p class='ocr_par' dir='ltr' id='par_1_5' title="bbox 516 504 2170 578">
     <span class='ocr_line' id='line_1_5' title="bbox 516 504 2170 578; baseline -0.005 -14"><span class='ocrx_word' id='word_1_25' title='bbox 516 506 806 574; x_wconf 89' lang='lat' dir='ltr'>custodia,</span> <span class='ocrx_word' id='word_1_26' title='bbox 830 521 938 560; x_wconf 90' lang='lat' dir='ltr'>nec</span> <span class='ocrx_word' id='word_1_27' title='bbox 966 521 1150 578; x_wconf 88' lang='lat' dir='ltr'>quem</span> <span class='ocrx_word' id='word_1_28' title='bbox 1181 506 1361 562; x_wconf 90' lang='lat' dir='ltr'>mittis</span> <span class='ocrx_word' id='word_1_29' title='bbox 1385 506 1536 562; x_wconf 92' lang='lat' dir='ltr'>ultra</span> <span class='ocrx_word' id='word_1_30' title='bbox 1574 504 1828 573; x_wconf 87' lang='lat' dir='ltr'>videbis,</span> <span class='ocrx_word' id='word_1_31' title='bbox 1860 507 1918 558; x_wconf 91' lang='lat' dir='ltr'>et</span> <span class='ocrx_word' id='word_1_32' title='bbox 1970 507 2170 557; x_wconf 89' lang='lat' dir='ltr'>tamen</span> 
     </span>
    </p>
   </div>
   <div class='ocr_carea' id='block_1_6' title="bbox 515 594 2170 664">
    <p class='ocr_par' dir='ltr' id='par_1_6' title="bbox 515 594 2170 664">
     <span class='ocr_line' id='line_1_6' title="bbox 515 594 2170 664; baseline -0.004 -13"><span class='ocrx_word' id='word_1_33' title='bbox 515 595 766 651; x_wconf 85' lang='lat' dir='ltr'>canibus</span> <span class='ocrx_word' id='word_1_34' title='bbox 795 594 856 649; x_wconf 90' lang='lat' dir='ltr'>in</span> <span class='ocrx_word' id='word_1_35' title='bbox 882 599 1168 650; x_wconf 82' lang='lat' dir='ltr'>aeternum</span> <span class='ocrx_word' id='word_1_36' title='bbox 1198 595 1450 650; x_wconf 85' lang='lat' dir='ltr'>carebis.</span> <span class='ocrx_word' id='word_1_37' title='bbox 1483 599 1608 650; x_wconf 85' lang='lat' dir='ltr'>Non</span> <span class='ocrx_word' id='word_1_38' title='bbox 1637 594 1796 649; x_wconf 92' lang='lat' dir='ltr'>enim</span> <span class='ocrx_word' id='word_1_39' title='bbox 1842 607 2017 664; x_wconf 91' lang='lat' dir='ltr'>spero</span> <span class='ocrx_word' id='word_1_40' title='bbox 2075 607 2170 646; x_wconf 92' lang='lat' dir='ltr'>me</span> 
     </span>
    </p>
   </div>
   <div class='ocr_carea' id='block_1_7' title="bbox 515 681 2172 755">
    <p class='ocr_par' dir='ltr' id='par_1_7' title="bbox 515 681 2172 755">
     <span class='ocr_line' id='line_1_7' title="bbox 515 681 2172 755; baseline -0.004 -17"><span class='ocrx_word' id='word_1_41' title='bbox 515 699 586 738; x_wconf 79' lang='lat' dir='ltr'>ex</span> <span class='ocrx_word' id='word_1_42' title='bbox 609 686 693 738; x_wconf 91' lang='lat' dir='ltr'>tot</span> <span class='ocrx_word' id='word_1_43' title='bbox 722 682 1091 739; x_wconf 79' lang='lat' dir='ltr'>anfractibus</span> <span class='ocrx_word' id='word_1_44' title='bbox 1146 699 1325 755; x_wconf 89' lang='lat' dir='ltr'>posse</span> <span class='ocrx_word' id='word_1_45' title='bbox 1373 683 1586 752; x_wconf 89' lang='lat' dir='ltr'>redire,</span> <span class='ocrx_word' id='word_1_46' title='bbox 1620 681 1753 750; x_wconf 90' lang='lat' dir='ltr'>nisi,</span> <span class='ocrx_word' id='word_1_47' title='bbox 1785 684 1902 736; x_wconf 90' lang='lat' dir='ltr'>Deo</span> <span class='ocrx_word' id='word_1_48' title='bbox 1960 694 2172 734; x_wconf 91' lang='lat' dir='ltr'>conce-</span> 
     </span>
    </p>
   </div>
   <div class='ocr_carea' id='block_1_8' title="bbox 515 767 2176 844">
    <p class='ocr_par' dir='ltr' id='par_1_8' title="bbox 515 767 2176 844">
     <span class='ocr_line' id='line_1_8' title="bbox 515 767 2176 844; baseline -0.004 -16"><span class='ocrx_word' id='word_1_49' title='bbox 515 772 714 840; x_wconf 80' lang='lat' dir='ltr'>dente,</span> <span class='ocrx_word' id='word_1_50' title='bbox 748 771 1056 841; x_wconf 80' lang='lat' dir='ltr'>contingat</span> <span class='ocrx_word' id='word_1_51' title='bbox 1083 772 1436 844; x_wconf 85' lang='lat' dir='ltr'>parvitatem</span> <span class='ocrx_word' id='word_1_52' title='bbox 1458 788 1657 828; x_wconf 87' lang='lat' dir='ltr'>meam</span> <span class='ocrx_word' id='word_1_53' title='bbox 1703 787 1841 826; x_wconf 92' lang='lat' dir='ltr'>cum</span> <span class='ocrx_word' id='word_1_54' title='bbox 1887 767 2176 824; x_wconf 90' lang='lat' dir='ltr'>funiculo—</span> 
     </span>
    </p>
   </div>
   <div class='ocr_carea' id='block_1_9' title="bbox 517 857 2169 916">
    <p class='ocr_par' dir='ltr' id='par_1_9' title="bbox 517 857 2169 916">
     <span class='ocr_line' id='line_1_9' title="bbox 517 857 2169 916; baseline -0.003 0"><span class='ocrx_word' id='word_1_55' title='bbox 517 878 655 916; x_wconf 90' lang='lat' dir='ltr'>rum</span> <span class='ocrx_word' id='word_1_56' title='bbox 686 861 1094 916; x_wconf 85' lang='lat' dir='ltr'>attrectatione</span> <span class='ocrx_word' id='word_1_57' title='bbox 1125 861 1410 916; x_wconf 91' lang='lat' dir='ltr'>continua</span> <span class='ocrx_word' id='word_1_58' title='bbox 1469 860 1720 916; x_wconf 90' lang='lat' dir='ltr'>salutem</span> <span class='ocrx_word' id='word_1_59' title='bbox 1770 857 2169 914; x_wconf 88' lang='lat' dir='ltr'>concambire.</span> 
     </span>
    </p>
   </div>
   <div class='ocr_carea' id='block_1_10' title="bbox 525 947 2173 1020">
    <p class='ocr_par' dir='ltr' id='par_1_10' title="bbox 525 947 2173 1020">
     <span class='ocr_line' id='line_1_10' title="bbox 525 947 2173 1020; baseline -0.003 -15"><span class='ocrx_word' id='word_1_60' title='bbox 525 948 679 1015; x_wconf 87' lang='lat' dir='ltr'>Quid</span> <span class='ocrx_word' id='word_1_61' title='bbox 709 949 898 1004; x_wconf 89' lang='lat' dir='ltr'>multa</span> <span class='ocrx_word' id='word_1_62' title='bbox 927 949 955 1004; x_wconf 90' lang='lat'><strong>?</strong></span> <span class='ocrx_word' id='word_1_63' title='bbox 1011 950 1232 1005; x_wconf 83' lang='lat' dir='ltr'>Eodem</span> <span class='ocrx_word' id='word_1_64' title='bbox 1263 956 1569 1005; x_wconf 90' lang='lat' dir='ltr'>momento</span> <span class='ocrx_word' id='word_1_65' title='bbox 1599 965 1738 1004; x_wconf 90' lang='lat' dir='ltr'>cum</span> <span class='ocrx_word' id='word_1_66' title='bbox 1767 949 1858 1004; x_wconf 91' lang='lat' dir='ltr'>his</span> <span class='ocrx_word' id='word_1_67' title='bbox 1901 964 2056 1020; x_wconf 90' lang='lat' dir='ltr'>quos</span> <span class='ocrx_word' id='word_1_68' title='bbox 2113 947 2173 1001; x_wconf 93' lang='lat' dir='ltr'>in</span> 
     </span>
    </p>
   </div>
   <div class='ocr_carea' id='block_1_11' title="bbox 519 1037 2176 1110">
    <p class='ocr_par' dir='ltr' id='par_1_11' title="bbox 519 1037 2176 1110">
     <span class='ocr_line' id='line_1_11' title="bbox 519 1037 2176 1110; baseline -0.002 -16"><span class='ocrx_word' id='word_1_69' title='bbox 519 1038 888 1109; x_wconf 86' lang='lat' dir='ltr'>adjutorium</span> <span class='ocrx_word' id='word_1_70' title='bbox 928 1038 1169 1110; x_wconf 87' lang='lat' dir='ltr'>petebat</span> <span class='ocrx_word' id='word_1_71' title='bbox 1204 1039 1510 1107; x_wconf 88' lang='lat' dir='ltr'>ingressus</span> <span class='ocrx_word' id='word_1_72' title='bbox 1576 1043 1663 1094; x_wconf 92' lang='lat' dir='ltr'>est</span> <span class='ocrx_word' id='word_1_73' title='bbox 1717 1037 1806 1092; x_wconf 90' lang='lat' dir='ltr'>vir</span> <span class='ocrx_word' id='word_1_74' title='bbox 1857 1037 2077 1103; x_wconf 90' lang='lat' dir='ltr'>denuo,</span> <span class='ocrx_word' id='word_1_75' title='bbox 2119 1040 2176 1092; x_wconf 91' lang='lat' dir='ltr'>et</span> 
     </span>
    </p>
   </div>
   <div class='ocr_carea' id='block_1_12' title="bbox 521 1125 2172 1198">
    <p class='ocr_par' dir='ltr' id='par_1_12' title="bbox 521 1125 2172 1198">
     <span class='ocr_line' id='line_1_12' title="bbox 521 1125 2172 1198; baseline -0.002 -15"><span class='ocrx_word' id='word_1_76' title='bbox 521 1127 873 1198; x_wconf 88' lang='lat' dir='ltr'>aliquandiu</span> <span class='ocrx_word' id='word_1_77' title='bbox 894 1127 1139 1181; x_wconf 91' lang='lat' dir='ltr'>restium</span> <span class='ocrx_word' id='word_1_78' title='bbox 1166 1127 1387 1182; x_wconf 86' lang='lat' dir='ltr'>ducatu</span> <span class='ocrx_word' id='word_1_79' title='bbox 1437 1125 1770 1182; x_wconf 87' lang='lat' dir='ltr'>incedendo</span> <span class='ocrx_word' id='word_1_80' title='bbox 1810 1141 2014 1181; x_wconf 92' lang='lat' dir='ltr'>moras</span> <span class='ocrx_word' id='word_1_81' title='bbox 2045 1140 2172 1197; x_wconf 89' lang='lat' dir='ltr'>per-</span> 
     </span>
    </p>
   </div>
   <div class='ocr_carea' id='block_1_13' title="bbox 520 1214 2175 1288">
    <p class='ocr_par' dir='ltr' id='par_1_13' title="bbox 520 1214 2175 1288">
     <span class='ocr_line' id='line_1_13' title="bbox 520 1214 2175 1288; baseline 0 -18"><span class='ocrx_word' id='word_1_82' title='bbox 520 1231 731 1286; x_wconf 90' lang='lat' dir='ltr'>pessus</span> <span class='ocrx_word' id='word_1_83' title='bbox 761 1219 849 1270; x_wconf 91' lang='lat' dir='ltr'>est</span> <span class='ocrx_word' id='word_1_84' title='bbox 897 1231 1132 1283; x_wconf 87' lang='lat' dir='ltr'>exosas,</span> <span class='ocrx_word' id='word_1_85' title='bbox 1173 1215 1474 1288; x_wconf 89' lang='lat' dir='ltr'>quamvis,</span> <span class='ocrx_word' id='word_1_86' title='bbox 1506 1220 1570 1271; x_wconf 94' lang='lat' dir='ltr'>ut</span> <span class='ocrx_word' id='word_1_87' title='bbox 1597 1215 1788 1270; x_wconf 82' lang='lat' dir='ltr'>exitus</span> <span class='ocrx_word' id='word_1_88' title='bbox 1829 1214 1912 1270; x_wconf 89' lang='lat' dir='ltr'>rei</span> <span class='ocrx_word' id='word_1_89' title='bbox 1958 1214 2175 1287; x_wconf 90' lang='lat' dir='ltr'>proba-</span> 
     </span>
    </p>
   </div>
   <div class='ocr_carea' id='block_1_14' title="bbox 519 1303 2174 1377">
    <p class='ocr_par' dir='ltr' id='par_1_14' title="bbox 519 1303 2174 1377">
     <span class='ocr_line' id='line_1_14' title="bbox 519 1303 2174 1377; baseline 0.001 -19"><span class='ocrx_word' id='word_1_90' title='bbox 519 1303 616 1370; x_wconf 88' lang='lat' dir='ltr'>vit,</span> <span class='ocrx_word' id='word_1_91' title='bbox 644 1319 765 1358; x_wconf 92' lang='lat' dir='ltr'>non</span> <span class='ocrx_word' id='word_1_92' title='bbox 797 1303 1218 1360; x_wconf 89' lang='lat' dir='ltr'>infructuosas.</span> <span class='ocrx_word' id='word_1_93' title='bbox 1251 1308 1398 1360; x_wconf 82' lang='lat' dir='ltr'>Nam</span> <span class='ocrx_word' id='word_1_94' title='bbox 1424 1321 1564 1360; x_wconf 91' lang='lat' dir='ltr'>cum</span> <span class='ocrx_word' id='word_1_95' title='bbox 1593 1304 1838 1360; x_wconf 91' lang='lat' dir='ltr'>luminis</span> <span class='ocrx_word' id='word_1_96' title='bbox 1897 1303 2174 1377; x_wconf 89' lang='lat' dir='ltr'>deporta-</span> 
     </span>
    </p>
   </div>
   <div class='ocr_carea' id='block_1_15' title="bbox 519 1391 2180 1466">
    <p class='ocr_par' dir='ltr' id='par_1_15' title="bbox 519 1391 2180 1466">
     <span class='ocr_line' id='line_1_15' title="bbox 519 1391 2180 1466; baseline 0 -20"><span class='ocrx_word' id='word_1_97' title='bbox 519 1391 678 1446; x_wconf 87' lang='lat' dir='ltr'>tione</span> <span class='ocrx_word' id='word_1_98' title='bbox 705 1392 1052 1464; x_wconf 90' lang='lat' dir='ltr'>oppidoque</span> <span class='ocrx_word' id='word_1_99' title='bbox 1084 1394 1420 1449; x_wconf 90' lang='lat' dir='ltr'>necessaria</span> <span class='ocrx_word' id='word_1_100' title='bbox 1451 1393 1510 1449; x_wconf 91' lang='lat' dir='ltr'>in</span> <span class='ocrx_word' id='word_1_101' title='bbox 1543 1394 1602 1449; x_wconf 90' lang='lat' dir='ltr'>id</span> <span class='ocrx_word' id='word_1_102' title='bbox 1636 1398 1870 1466; x_wconf 90' lang='lat' dir='ltr'>tempus</span> <span class='ocrx_word' id='word_1_103' title='bbox 1929 1391 2180 1448; x_wconf 88' lang='lat' dir='ltr'>admini-</span> 
     </span>
    </p>
   </div>
   <div class='ocr_carea' id='block_1_16' title="bbox 520 1479 2179 1554">
    <p class='ocr_par' dir='ltr' id='par_1_16' title="bbox 520 1479 2179 1554">
     <span class='ocr_line' id='line_1_16' title="bbox 520 1479 2179 1554; baseline 0.001 -20"><span class='ocrx_word' id='word_1_104' title='bbox 520 1479 822 1546; x_wconf 89' lang='lat' dir='ltr'>stratione,</span> <span class='ocrx_word' id='word_1_105' title='bbox 858 1480 1152 1550; x_wconf 90' lang='lat' dir='ltr'>angulum</span> <span class='ocrx_word' id='word_1_106' title='bbox 1191 1481 1522 1554; x_wconf 88' lang='lat' dir='ltr'>quemdam</span> <span class='ocrx_word' id='word_1_107' title='bbox 1578 1483 1890 1538; x_wconf 89' lang='lat' dir='ltr'>horridum</span> <span class='ocrx_word' id='word_1_108' title='bbox 1915 1480 2179 1537; x_wconf 80' lang='lat' dir='ltr'>offende-</span> 
     </span>
    </p>
   </div>
   <div class='ocr_carea' id='block_1_17' title="bbox 519 1569 2180 1642">
    <p class='ocr_par' dir='ltr' id='par_1_17' title="bbox 519 1569 2180 1642">
     <span class='ocr_line' id='line_1_17' title="bbox 519 1569 2180 1642; baseline 0.001 -20"><span class='ocrx_word' id='word_1_109' title='bbox 519 1572 608 1623; x_wconf 89' lang='lat' dir='ltr'>ret</span> <span class='ocrx_word' id='word_1_110' title='bbox 636 1583 706 1624; x_wconf 89' lang='lat' dir='ltr'>ac</span> <span class='ocrx_word' id='word_1_111' title='bbox 739 1569 1145 1639; x_wconf 89' lang='lat' dir='ltr'>tenebrosum,</span> <span class='ocrx_word' id='word_1_112' title='bbox 1176 1571 1406 1642; x_wconf 82' lang='lat' dir='ltr'>aspexit</span> <span class='ocrx_word' id='word_1_113' title='bbox 1431 1571 1584 1626; x_wconf 91' lang='lat' dir='ltr'>duos</span> <span class='ocrx_word' id='word_1_114' title='bbox 1605 1571 1880 1626; x_wconf 89' lang='lat' dir='ltr'>homines</span> <span class='ocrx_word' id='word_1_115' title='bbox 1906 1570 2180 1626; x_wconf 89' lang='lat' dir='ltr'>cominus</span> 
     </span>
    </p>
   </div>
   <div class='ocr_carea' id='block_1_18' title="bbox 2284 415 3787 485">
    <p class='ocr_par' dir='ltr' id='par_1_18' title="bbox 2284 415 3787 485">
     <span class='ocr_line' id='line_1_18' title="bbox 2284 415 3787 485; baseline 0.008 -17"><span class='ocrx_word' id='word_1_116' title='bbox 2284 430 2423 468; x_wconf 90' lang='lat' dir='ltr'>mea</span> <span class='ocrx_word' id='word_1_117' title='bbox 2441 415 2589 470; x_wconf 86' lang='lat' dir='ltr'>meis</span> <span class='ocrx_word' id='word_1_118' title='bbox 2622 415 2785 472; x_wconf 90' lang='lat' dir='ltr'>dicas</span> <span class='ocrx_word' id='word_1_119' title='bbox 2811 421 2866 472; x_wconf 92' lang='lat' dir='ltr'>et</span> <span class='ocrx_word' id='word_1_120' title='bbox 2896 416 3212 472; x_wconf 90' lang='lat' dir='ltr'>annunties</span> <span class='ocrx_word' id='word_1_121' title='bbox 3235 417 3371 485; x_wconf 90' lang='lat' dir='ltr'>ut,si</span> <span class='ocrx_word' id='word_1_122' title='bbox 3387 434 3472 472; x_wconf 90' lang='lat' dir='ltr'>me</span> <span class='ocrx_word' id='word_1_123' title='bbox 3491 420 3635 475; x_wconf 81' lang='lat' dir='ltr'>velint</span> <span class='ocrx_word' id='word_1_124' title='bbox 3653 425 3787 481; x_wconf 75' lang='lat' dir='ltr'>redem-</span> 
     </span>
    </p>
   </div>
   <div class='ocr_carea' id='block_1_19' title="bbox 2284 503 3790 584">
    <p class='ocr_par' dir='ltr' id='par_1_19' title="bbox 2284 503 3790 584">
     <span class='ocr_line' id='line_1_19' title="bbox 2284 503 3790 584; baseline 0.008 -27"><span class='ocrx_word' id='word_1_125' title='bbox 2284 507 2457 574; x_wconf 86' lang='lat' dir='ltr'>ptum</span> <span class='ocrx_word' id='word_1_126' title='bbox 2487 503 2576 569; x_wconf 93' lang='lat' dir='ltr'>iri,</span> <span class='ocrx_word' id='word_1_127' title='bbox 2609 504 2860 560; x_wconf 87' lang='lat' dir='ltr'>reddant</span> <span class='ocrx_word' id='word_1_128' title='bbox 2873 504 3045 575; x_wconf 88' lang='lat' dir='ltr'>justis</span> <span class='ocrx_word' id='word_1_129' title='bbox 3065 505 3403 560; x_wconf 80' lang='lat' dir='ltr'>haeredibus</span> <span class='ocrx_word' id='word_1_130' title='bbox 3426 507 3668 578; x_wconf 81' lang='lat' dir='ltr'>praedium</span> <span class='ocrx_word' id='word_1_131' title='bbox 3698 518 3790 584; x_wconf 72' lang='lat' dir='ltr'>quoi</span> 
     </span>
    </p>
   </div>
   <div class='ocr_carea' id='block_1_20' title="bbox 2283 591 3791 665">
    <p class='ocr_par' dir='ltr' id='par_1_20' title="bbox 2283 591 3791 665">
     <span class='ocr_line' id='line_1_20' title="bbox 2283 591 3791 665; baseline 0.006 -20"><span class='ocrx_word' id='word_1_132' title='bbox 2283 591 2428 646; x_wconf 90' lang='lat' dir='ltr'>olim</span> <span class='ocrx_word' id='word_1_133' title='bbox 2460 609 2742 665; x_wconf 88' lang='lat' dir='ltr'>perverso</span> <span class='ocrx_word' id='word_1_134' title='bbox 2774 593 3192 649; x_wconf 90' lang='lat' dir='ltr'>scabinionum</span> <span class='ocrx_word' id='word_1_135' title='bbox 3216 593 3433 664; x_wconf 91' lang='lat' dir='ltr'>judicio</span> <span class='ocrx_word' id='word_1_136' title='bbox 3456 596 3524 650; x_wconf 86' lang='lat' dir='ltr'>ab</span> <span class='ocrx_word' id='word_1_137' title='bbox 3550 597 3791 654; x_wconf 77' lang='lat' dir='ltr'>invalidion-</span> 
     </span>
    </p>
   </div>
   <div class='ocr_carea' id='block_1_21' title="bbox 2285 681 3793 756">
    <p class='ocr_par' dir='ltr' id='par_1_21' title="bbox 2285 681 3793 756">
     <span class='ocr_line' id='line_1_21' title="bbox 2285 681 3793 756; baseline 0.005 -22"><span class='ocrx_word' id='word_1_138' title='bbox 2285 681 2403 736; x_wconf 90' lang='lat' dir='ltr'>bus</span> <span class='ocrx_word' id='word_1_139' title='bbox 2435 681 2671 737; x_wconf 89' lang='lat' dir='ltr'>abstuli.</span> <span class='ocrx_word' id='word_1_140' title='bbox 2709 683 2875 748; x_wconf 87' lang='lat' dir='ltr'>Quod</span> <span class='ocrx_word' id='word_1_141' title='bbox 2907 682 2955 736; x_wconf 91' lang='lat' dir='ltr'>si</span> <span class='ocrx_word' id='word_1_142' title='bbox 2982 697 3102 737; x_wconf 93' lang='lat' dir='ltr'>non</span> <span class='ocrx_word' id='word_1_143' title='bbox 3144 682 3403 746; x_wconf 88' lang='lat' dir='ltr'>fecerint,</span> <span class='ocrx_word' id='word_1_144' title='bbox 3454 700 3551 756; x_wconf 90' lang='lat' dir='ltr'>pro</span> <span class='ocrx_word' id='word_1_145' title='bbox 3584 693 3704 741; x_wconf 87' lang='lat' dir='ltr'>certo</span> <span class='ocrx_word' id='word_1_146' title='bbox 3731 705 3793 743; x_wconf 53' lang='grc' dir='ltr'>περ</span> 
     </span>
    </p>
   </div>
   <div class='ocr_carea' id='block_1_22' title="bbox 2287 770 3794 843">
    <p class='ocr_par' dir='ltr' id='par_1_22' title="bbox 2287 770 3794 843">
     <span class='ocr_line' id='line_1_22' title="bbox 2287 770 3794 843; baseline 0.003 -19"><span class='ocrx_word' id='word_1_147' title='bbox 2287 785 2385 824; x_wconf 91' lang='lat' dir='ltr'>me</span> <span class='ocrx_word' id='word_1_148' title='bbox 2414 786 2605 842; x_wconf 92' lang='lat' dir='ltr'>usque</span> <span class='ocrx_word' id='word_1_149' title='bbox 2637 774 2695 825; x_wconf 88' lang='lat' dir='ltr'>in</span> <span class='ocrx_word' id='word_1_150' title='bbox 2726 771 2880 826; x_wconf 90' lang='lat' dir='ltr'>diem</span> <span class='ocrx_word' id='word_1_151' title='bbox 2907 770 3114 842; x_wconf 87' lang='lat' dir='ltr'>judicii</span> <span class='ocrx_word' id='word_1_152' title='bbox 3154 770 3229 825; x_wconf 91' lang='lat' dir='ltr'>de</span> <span class='ocrx_word' id='word_1_153' title='bbox 3288 771 3469 843; x_wconf 58' lang='lat' dir='ltr'>panis</span> <span class='ocrx_word' id='word_1_154' title='bbox 3519 773 3652 828; x_wconf 89' lang='lat' dir='ltr'>haud</span> <span class='ocrx_word' id='word_1_155' title='bbox 3689 777 3794 830; x_wconf 75' lang='lat' dir='ltr'>exitu-</span> 
     </span>
    </p>
   </div>
   <div class='ocr_carea' id='block_1_23' title="bbox 2285 858 3796 932">
    <p class='ocr_par' dir='ltr' id='par_1_23' title="bbox 2285 858 3796 932">
     <span class='ocr_line' id='line_1_23' title="bbox 2285 858 3796 932; baseline 0.003 -20"><span class='ocrx_word' id='word_1_156' title='bbox 2285 873 2423 913; x_wconf 90' lang='lat' dir='ltr'>rum</span> <span class='ocrx_word' id='word_1_157' title='bbox 2449 858 2591 914; x_wconf 92' lang='lat' dir='ltr'>fore.</span> <span class='ocrx_word' id='word_1_158' title='bbox 2622 859 2721 914; x_wconf 90' lang='lat' dir='ltr'>Sin</span> <span class='ocrx_word' id='word_1_159' title='bbox 2750 875 2890 916; x_wconf 91' lang='lat' dir='ltr'>vero</span> <span class='ocrx_word' id='word_1_160' title='bbox 2933 859 3302 915; x_wconf 86' lang='lat' dir='ltr'>satisfactum</span> <span class='ocrx_word' id='word_1_161' title='bbox 3349 860 3506 916; x_wconf 85' lang='lat' dir='ltr'>fuerit</span> <span class='ocrx_word' id='word_1_162' title='bbox 3533 863 3796 932; x_wconf 63' lang='lat' dir='ltr'>postulationi</span> 
     </span>
    </p>
   </div>
   <div class='ocr_carea' id='block_1_24' title="bbox 2285 947 3796 1020">
    <p class='ocr_par' dir='ltr' id='par_1_24' title="bbox 2285 947 3796 1020">
     <span class='ocr_line' id='line_1_24' title="bbox 2285 947 3796 1020; baseline 0.003 -18"><span class='ocrx_word' id='word_1_163' title='bbox 2285 963 2457 1014; x_wconf 76' lang='lat' dir='ltr'>meae,</span> <span class='ocrx_word' id='word_1_164' title='bbox 2493 964 2667 1020; x_wconf 90' lang='lat' dir='ltr'>spero</span> <span class='ocrx_word' id='word_1_165' title='bbox 2698 947 2936 1003; x_wconf 90' lang='lat' dir='ltr'>vincula</span> <span class='ocrx_word' id='word_1_166' title='bbox 2980 963 3114 1002; x_wconf 91' lang='lat' dir='ltr'>mea</span> <span class='ocrx_word' id='word_1_167' title='bbox 3165 963 3288 1002; x_wconf 93' lang='lat' dir='ltr'>non</span> <span class='ocrx_word' id='word_1_168' title='bbox 3340 947 3437 1003; x_wconf 92' lang='lat' dir='ltr'>diu</span> <span class='ocrx_word' id='word_1_169' title='bbox 3481 951 3796 1015; x_wconf 72' lang='lat' dir='ltr'>teneri,seder</span> 
     </span>
    </p>
   </div>
   <div class='ocr_carea' id='block_1_25' title="bbox 2285 1036 3799 1108">
    <p class='ocr_par' dir='ltr' id='par_1_25' title="bbox 2285 1036 3799 1108">
     <span class='ocr_line' id='line_1_25' title="bbox 2285 1036 3799 1108; baseline 0.002 -17"><span class='ocrx_word' id='word_1_170' title='bbox 2285 1036 2509 1108; x_wconf 88' lang='lat' dir='ltr'>templo</span> <span class='ocrx_word' id='word_1_171' title='bbox 2539 1037 2790 1093; x_wconf 88' lang='lat' dir='ltr'>absolvi.</span> <span class='ocrx_word' id='word_1_172' title='bbox 2821 1039 2886 1092; x_wconf 88' lang='lat' dir='ltr'>Et</span> <span class='ocrx_word' id='word_1_173' title='bbox 2903 1037 3017 1091; x_wconf 89' lang='lat' dir='ltr'>hoc</span> <span class='ocrx_word' id='word_1_174' title='bbox 3045 1036 3158 1092; x_wconf 86' lang='lat' dir='ltr'>illis</span> <span class='ocrx_word' id='word_1_175' title='bbox 3191 1043 3246 1092; x_wconf 90' lang='lat' dir='ltr'>et</span> <span class='ocrx_word' id='word_1_176' title='bbox 3270 1037 3372 1091; x_wconf 85' lang='lat' dir='ltr'>tibi</span> <span class='ocrx_word' id='word_1_177' title='bbox 3406 1037 3614 1105; x_wconf 90' lang='lat' dir='ltr'>signum</span> <span class='ocrx_word' id='word_1_178' title='bbox 3654 1040 3799 1094; x_wconf 86' lang='lat' dir='ltr'>redem-</span> 
     </span>
    </p>
   </div>
   <div class='ocr_carea' id='block_1_26' title="bbox 2284 1125 3799 1196">
    <p class='ocr_par' dir='ltr' id='par_1_26' title="bbox 2284 1125 3799 1196">
     <span class='ocr_line' id='line_1_26' title="bbox 2284 1125 3799 1196; baseline 0.001 -16"><span class='ocrx_word' id='word_1_179' title='bbox 2284 1125 2506 1196; x_wconf 91' lang='lat' dir='ltr'>ptionis</span> <span class='ocrx_word' id='word_1_180' title='bbox 2535 1142 2684 1181; x_wconf 56' lang='lat' dir='ltr'>mea!</span> <span class='ocrx_word' id='word_1_181' title='bbox 2707 1125 3124 1195; x_wconf 85' lang='lat' dir='ltr'>certissimum,</span> <span class='ocrx_word' id='word_1_182' title='bbox 3153 1142 3201 1179; x_wconf 85' lang='lat' dir='ltr'>s1</span> <span class='ocrx_word' id='word_1_183' title='bbox 3231 1141 3525 1182; x_wconf 86' lang='lat' dir='ltr'>recurrens</span> <span class='ocrx_word' id='word_1_184' title='bbox 3568 1127 3660 1182; x_wconf 90' lang='lat' dir='ltr'>huc</span> <span class='ocrx_word' id='word_1_185' title='bbox 3701 1129 3799 1184; x_wconf 61' lang='lat' dir='ltr'>adre</span> 
     </span>
    </p>
   </div>
   <div class='ocr_carea' id='block_1_27' title="bbox 2285 1215 3800 1288">
    <p class='ocr_par' dir='ltr' id='par_1_27' title="bbox 2285 1215 3800 1288">
     <span class='ocr_line' id='line_1_27' title="bbox 2285 1215 3800 1288; baseline 0.001 -19"><span class='ocrx_word' id='word_1_186' title='bbox 2285 1216 2466 1282; x_wconf 89' lang='lat' dir='ltr'>neris,</span> <span class='ocrx_word' id='word_1_187' title='bbox 2501 1219 2557 1270; x_wconf 92' lang='lat' dir='ltr'>et</span> <span class='ocrx_word' id='word_1_188' title='bbox 2586 1231 2682 1270; x_wconf 91' lang='lat' dir='ltr'>me</span> <span class='ocrx_word' id='word_1_189' title='bbox 2707 1215 2803 1271; x_wconf 88' lang='lat' dir='ltr'>hic</span> <span class='ocrx_word' id='word_1_190' title='bbox 2857 1231 2980 1270; x_wconf 94' lang='lat' dir='ltr'>non</span> <span class='ocrx_word' id='word_1_191' title='bbox 3037 1215 3375 1280; x_wconf 76' lang='lat' dir='ltr'>inveneris;</span> <span class='ocrx_word' id='word_1_192' title='bbox 3428 1216 3604 1288; x_wconf 88' lang='lat' dir='ltr'>sicque</span> <span class='ocrx_word' id='word_1_193' title='bbox 3640 1233 3738 1270; x_wconf 83' lang='lat' dir='ltr'>cum</span> <span class='ocrx_word' id='word_1_194' title='bbox 3755 1235 3800 1271; x_wconf 71' lang='lat' dir='ltr'>s1-</span> 
     </span>
    </p>
   </div>
   <div class='ocr_carea' id='block_1_28' title="bbox 2285 1301 3799 1376">
    <p class='ocr_par' dir='ltr' id='par_1_28' title="bbox 2285 1301 3799 1376">
     <span class='ocr_line' id='line_1_28' title="bbox 2285 1301 3799 1376; baseline 0.003 -21"><span class='ocrx_word' id='word_1_195' title='bbox 2285 1301 2406 1357; x_wconf 92' lang='lat' dir='ltr'>lute</span> <span class='ocrx_word' id='word_1_196' title='bbox 2437 1302 2514 1358; x_wconf 90' lang='lat' dir='ltr'>ad</span> <span class='ocrx_word' id='word_1_197' title='bbox 2545 1303 2790 1376; x_wconf 86' lang='lat' dir='ltr'>propria</span> <span class='ocrx_word' id='word_1_198' title='bbox 2819 1302 3190 1372; x_wconf 84' lang='lat' dir='ltr'>regredieris.</span> <span class='ocrx_word' id='word_1_199' title='bbox 3256 1305 3351 1358; x_wconf 86' lang='lat' dir='ltr'>Est</span> <span class='ocrx_word' id='word_1_200' title='bbox 3379 1307 3433 1358; x_wconf 90' lang='lat' dir='ltr'>et</span> <span class='ocrx_word' id='word_1_201' title='bbox 3472 1302 3607 1358; x_wconf 88' lang='lat' dir='ltr'>aliud</span> <span class='ocrx_word' id='word_1_202' title='bbox 3652 1303 3799 1373; x_wconf 82' lang='lat' dir='ltr'>signum</span> 
     </span>
    </p>
   </div>
   <div class='ocr_carea' id='block_1_29' title="bbox 2285 1390 3801 1463">
    <p class='ocr_par' dir='ltr' id='par_1_29' title="bbox 2285 1390 3801 1463">
     <span class='ocr_line' id='line_1_29' title="bbox 2285 1390 3801 1463; baseline 0.001 -19"><span class='ocrx_word' id='word_1_203' title='bbox 2285 1407 2411 1463; x_wconf 71' lang='lat' dir='ltr'>prae</span> <span class='ocrx_word' id='word_1_204' title='bbox 2448 1391 2758 1461; x_wconf 88' lang='lat' dir='ltr'>manibus,</span> <span class='ocrx_word' id='word_1_205' title='bbox 2813 1391 2977 1463; x_wconf 92' lang='lat' dir='ltr'>quod</span> <span class='ocrx_word' id='word_1_206' title='bbox 3032 1390 3137 1445; x_wconf 89' lang='lat' dir='ltr'>tibi</span> <span class='ocrx_word' id='word_1_207' title='bbox 3185 1391 3410 1463; x_wconf 90' lang='lat' dir='ltr'>absque</span> <span class='ocrx_word' id='word_1_208' title='bbox 3455 1391 3686 1446; x_wconf 83' lang='lat' dir='ltr'>dilatione</span> <span class='ocrx_word' id='word_1_209' title='bbox 3708 1408 3801 1445; x_wconf 89' lang='lat' dir='ltr'>mon-</span> 
     </span>
    </p>
   </div>
   <div class='ocr_carea' id='block_1_30' title="bbox 2287 1479 3799 1552">
    <p class='ocr_par' dir='ltr' id='par_1_30' title="bbox 2287 1479 3799 1552">
     <span class='ocr_line' id='line_1_30' title="bbox 2287 1479 3799 1552; baseline 0 -18"><span class='ocrx_word' id='word_1_210' title='bbox 2287 1484 2506 1535; x_wconf 90' lang='lat' dir='ltr'>stratur</span> <span class='ocrx_word' id='word_1_211' title='bbox 2535 1481 2594 1535; x_wconf 91' lang='lat' dir='ltr'>in</span> <span class='ocrx_word' id='word_1_212' title='bbox 2623 1480 2893 1536; x_wconf 84' lang='lat' dir='ltr'>canibus.</span> <span class='ocrx_word' id='word_1_213' title='bbox 2927 1483 3074 1535; x_wconf 78' lang='lat' dir='ltr'>Nam</span> <span class='ocrx_word' id='word_1_214' title='bbox 3103 1479 3354 1534; x_wconf 90' lang='lat' dir='ltr'>habebis</span> <span class='ocrx_word' id='word_1_215' title='bbox 3382 1495 3477 1535; x_wconf 91' lang='lat' dir='ltr'>eos</span> <span class='ocrx_word' id='word_1_216' title='bbox 3507 1495 3656 1552; x_wconf 85' lang='lat' dir='ltr'>penes</span> <span class='ocrx_word' id='word_1_217' title='bbox 3677 1485 3726 1548; x_wconf 89' lang='lat' dir='ltr'>te,</span> <span class='ocrx_word' id='word_1_218' title='bbox 3746 1481 3799 1551; x_wconf 89' lang='lat' dir='ltr'>qui</span> 
     </span>
    </p>
   </div>
   <div class='ocr_carea' id='block_1_31' title="bbox 2286 1568 3799 1641">
    <p class='ocr_par' dir='ltr' id='par_1_31' title="bbox 2286 1568 3799 1641">
     <span class='ocr_line' id='line_1_31' title="bbox 2286 1568 3799 1641; baseline -0.002 -17"><span class='ocrx_word' id='word_1_219' title='bbox 2286 1569 2347 1624; x_wconf 92' lang='lat' dir='ltr'>in</span> <span class='ocrx_word' id='word_1_220' title='bbox 2377 1569 2586 1641; x_wconf 88' lang='lat' dir='ltr'>primis</span> <span class='ocrx_word' id='word_1_221' title='bbox 2616 1569 2832 1624; x_wconf 87' lang='lat' dir='ltr'>reversi</span> <span class='ocrx_word' id='word_1_222' title='bbox 2861 1573 3083 1639; x_wconf 89' lang='lat' dir='ltr'>essent,</span> <span class='ocrx_word' id='word_1_223' title='bbox 3117 1568 3229 1623; x_wconf 92' lang='lat' dir='ltr'>nisi</span> <span class='ocrx_word' id='word_1_224' title='bbox 3257 1569 3330 1622; x_wconf 87' lang='lat' dir='ltr'>ad</span> <span class='ocrx_word' id='word_1_225' title='bbox 3371 1573 3564 1622; x_wconf 90' lang='lat' dir='ltr'>nutum</span> <span class='ocrx_word' id='word_1_226' title='bbox 3590 1568 3799 1622; x_wconf 83' lang='lat' dir='ltr'>Dominiin</span> 
     </span>
    </p>
   </div>
   <div class='ocr_carea' id='block_1_32' title="bbox 521 1657 3800 1732">
    <p class='ocr_par' dir='ltr' id='par_1_32' title="bbox 521 1657 3800 1732">
     <span class='ocr_line' id='line_1_32' title="bbox 521 1657 3800 1732; baseline -0.001 -20"><span class='ocrx_word' id='word_1_227' title='bbox 521 1661 744 1713; x_wconf 90' lang='lat' dir='ltr'>stantes</span> <span class='ocrx_word' id='word_1_228' title='bbox 773 1662 829 1714; x_wconf 92' lang='lat' dir='ltr'>et</span> <span class='ocrx_word' id='word_1_229' title='bbox 859 1658 1249 1714; x_wconf 88' lang='lat' dir='ltr'>nihilominus</span> <span class='ocrx_word' id='word_1_230' title='bbox 1279 1660 1510 1732; x_wconf 90' lang='lat' dir='ltr'>lapides</span> <span class='ocrx_word' id='word_1_231' title='bbox 1541 1677 1681 1716; x_wconf 90' lang='lat' dir='ltr'>cum</span> <span class='ocrx_word' id='word_1_232' title='bbox 1713 1661 1944 1715; x_wconf 89' lang='lat' dir='ltr'>tribulis</span> <span class='ocrx_word' id='word_1_233' title='bbox 1977 1659 2178 1714; x_wconf 86' lang='lat' dir='ltr'>ferreis</span> <span class='ocrx_word' id='word_1_234' title='bbox 2213 1675 2256 1728; x_wconf 79' lang='grc' dir='ltr'>Β</span> <span class='ocrx_word' id='word_1_235' title='bbox 2288 1659 2402 1713; x_wconf 93' lang='lat' dir='ltr'>hoc</span> <span class='ocrx_word' id='word_1_236' title='bbox 2428 1658 2560 1714; x_wconf 92' lang='lat' dir='ltr'>loco</span> <span class='ocrx_word' id='word_1_237' title='bbox 2589 1658 2994 1714; x_wconf 86' lang='lat' dir='ltr'>subsisterent.</span> <span class='ocrx_word' id='word_1_238' title='bbox 3029 1658 3249 1712; x_wconf 74' lang='lat' dir='ltr'>Eadem</span> <span class='ocrx_word' id='word_1_239' title='bbox 3295 1658 3436 1712; x_wconf 90' lang='lat' dir='ltr'>hora</span> <span class='ocrx_word' id='word_1_240' title='bbox 3463 1673 3584 1711; x_wconf 89' lang='lat' dir='ltr'>cum</span> <span class='ocrx_word' id='word_1_241' title='bbox 3609 1672 3736 1711; x_wconf 85' lang='lat' dir='ltr'>canes</span> <span class='ocrx_word' id='word_1_242' title='bbox 3751 1657 3800 1709; x_wconf 71' lang='lat' dir='ltr'>ad-</span> 
     </span>
    </p>
   </div>
   <div class='ocr_carea' id='block_1_33' title="bbox 520 1745 2177 1817">
    <p class='ocr_par' dir='ltr' id='par_1_33' title="bbox 520 1745 2177 1817">
     <span class='ocr_line' id='line_1_33' title="bbox 520 1745 2177 1817; baseline 0.002 -17"><span class='ocrx_word' id='word_1_243' title='bbox 520 1745 880 1802; x_wconf 88' lang='lat' dir='ltr'>horribiliter</span> <span class='ocrx_word' id='word_1_244' title='bbox 897 1747 1282 1814; x_wconf 85' lang='lat' dir='ltr'>ﬂagellantes.</span> <span class='ocrx_word' id='word_1_245' title='bbox 1328 1749 1497 1804; x_wconf 92' lang='lat' dir='ltr'>Tunc</span> <span class='ocrx_word' id='word_1_246' title='bbox 1524 1749 1908 1817; x_wconf 86' lang='lat' dir='ltr'>investigator</span> <span class='ocrx_word' id='word_1_247' title='bbox 1933 1765 2177 1815; x_wconf 90' lang='lat' dir='ltr'>canum,</span> 
     </span>
    </p>
   </div>
   <div class='ocr_carea' id='block_1_34' title="bbox 521 1836 2185 1911">
    <p class='ocr_par' dir='ltr' id='par_1_34' title="bbox 521 1836 2185 1911">
     <span class='ocr_line' id='line_1_34' title="bbox 521 1836 2185 1911; baseline 0.002 -20"><span class='ocrx_word' id='word_1_248' title='bbox 521 1836 601 1892; x_wconf 93' lang='lat' dir='ltr'>ob</span> <span class='ocrx_word' id='word_1_249' title='bbox 639 1836 943 1892; x_wconf 72' lang='lat' dir='ltr'>insolitam</span> <span class='ocrx_word' id='word_1_250' title='bbox 976 1838 1272 1894; x_wconf 89' lang='lat' dir='ltr'>visionem</span> <span class='ocrx_word' id='word_1_251' title='bbox 1303 1840 1632 1909; x_wconf 80' lang='lat' dir='ltr'>exterritus,</span> <span class='ocrx_word' id='word_1_252' title='bbox 1658 1855 1946 1911; x_wconf 89' lang='lat' dir='ltr'>moreque</span> <span class='ocrx_word' id='word_1_253' title='bbox 1973 1840 2185 1894; x_wconf 91' lang='lat' dir='ltr'>huma-</span> 
     </span>
    </p>
   </div>
   <div class='ocr_carea' id='block_1_35' title="bbox 522 1923 2180 1998">
    <p class='ocr_par' dir='ltr' id='par_1_35' title="bbox 522 1923 2180 1998">
     <span class='ocr_line' id='line_1_35' title="bbox 522 1923 2180 1998; baseline 0.002 -21"><span class='ocrx_word' id='word_1_254' title='bbox 522 1939 615 1977; x_wconf 66' lang='grc' dir='ltr'>[ιω</span> <span class='ocrx_word' id='word_1_255' title='bbox 650 1923 984 1991; x_wconf 82' lang='lat' dir='ltr'>fragilitatis</span> <span class='ocrx_word' id='word_1_256' title='bbox 1011 1941 1164 1996; x_wconf 90' lang='lat' dir='ltr'>pene</span> <span class='ocrx_word' id='word_1_257' title='bbox 1207 1925 1333 1981; x_wconf 92' lang='lat' dir='ltr'>solo</span> <span class='ocrx_word' id='word_1_258' title='bbox 1393 1932 1563 1980; x_wconf 91' lang='lat' dir='ltr'>tenus</span> <span class='ocrx_word' id='word_1_259' title='bbox 1616 1925 1938 1998; x_wconf 90' lang='lat' dir='ltr'>collapsus,</span> <span class='ocrx_word' id='word_1_260' title='bbox 1972 1926 2180 1994; x_wconf 87' lang='lat' dir='ltr'>fugam</span> 
     </span>
    </p>
   </div>
   <div class='ocr_carea' id='block_1_36' title="bbox 521 2011 2181 2087">
    <p class='ocr_par' dir='ltr' id='par_1_36' title="bbox 521 2011 2181 2087">
     <span class='ocr_line' id='line_1_36' title="bbox 521 2011 2181 2087; baseline 0.004 -22"><span class='ocrx_word' id='word_1_261' title='bbox 521 2011 668 2066; x_wconf 92' lang='lat' dir='ltr'>inire</span> <span class='ocrx_word' id='word_1_262' title='bbox 701 2013 951 2082; x_wconf 88' lang='lat' dir='ltr'>paravit.</span> <span class='ocrx_word' id='word_1_263' title='bbox 993 2014 1104 2070; x_wconf 90' lang='lat' dir='ltr'>Sed</span> <span class='ocrx_word' id='word_1_264' title='bbox 1134 2030 1272 2069; x_wconf 91' lang='lat' dir='ltr'>eum</span> <span class='ocrx_word' id='word_1_265' title='bbox 1303 2015 1609 2087; x_wconf 88' lang='lat' dir='ltr'>prohibuit</span> <span class='ocrx_word' id='word_1_266' title='bbox 1631 2032 1788 2071; x_wconf 91' lang='lat' dir='ltr'>unus</span> <span class='ocrx_word' id='word_1_267' title='bbox 1820 2033 1890 2070; x_wconf 80' lang='lat' dir='ltr'>ex</span> <span class='ocrx_word' id='word_1_268' title='bbox 1940 2016 2181 2071; x_wconf 87' lang='lat' dir='ltr'>tribula-</span> 
     </span>
    </p>
   </div>
   <div class='ocr_carea' id='block_1_37' title="bbox 524 2101 2178 2178">
    <p class='ocr_par' dir='ltr' id='par_1_37' title="bbox 524 2101 2178 2178">
     <span class='ocr_line' id='line_1_37' title="bbox 524 2101 2178 2178; baseline 0.003 -22"><span class='ocrx_word' id='word_1_269' title='bbox 524 2101 774 2168; x_wconf 89' lang='lat' dir='ltr'>toribus,</span> <span class='ocrx_word' id='word_1_270' title='bbox 798 2101 1002 2157; x_wconf 88' lang='lat' dir='ltr'>dicens</span> <span class='ocrx_word' id='word_1_271' title='bbox 1032 2121 1043 2157; x_wconf 89' lang='lat'><strong>:</strong></span> <span class='ocrx_word' id='word_1_272' title='bbox 1080 2107 1156 2158; x_wconf 74' lang='lat' dir='ltr'>Nc</span> <span class='ocrx_word' id='word_1_273' title='bbox 1175 2103 1369 2172; x_wconf 83' lang='lat' dir='ltr'>fugias</span> <span class='ocrx_word' id='word_1_274' title='bbox 1397 2121 1592 2177; x_wconf 90' lang='lat' dir='ltr'>neque</span> <span class='ocrx_word' id='word_1_275' title='bbox 1613 2121 1857 2176; x_wconf 86' lang='lat' dir='ltr'>paveas,</span> <span class='ocrx_word' id='word_1_276' title='bbox 1890 2107 2178 2178; x_wconf 87' lang='lat' dir='ltr'>quoniam</span> 
     </span>
    </p>
   </div>
   <div class='ocr_carea' id='block_1_38' title="bbox 521 2190 2178 2262">
    <p class='ocr_par' dir='ltr' id='par_1_38' title="bbox 521 2190 2178 2262">
     <span class='ocr_line' id='line_1_38' title="bbox 521 2190 2178 2262; baseline 0.004 -19"><span class='ocrx_word' id='word_1_277' title='bbox 521 2205 630 2262; x_wconf 92' lang='lat' dir='ltr'>per</span> <span class='ocrx_word' id='word_1_278' title='bbox 660 2190 1134 2248; x_wconf 87' lang='lat' dir='ltr'>misericordiam</span> <span class='ocrx_word' id='word_1_279' title='bbox 1170 2193 1402 2248; x_wconf 89' lang='lat' dir='ltr'>Domini</span> <span class='ocrx_word' id='word_1_280' title='bbox 1439 2193 1622 2249; x_wconf 90' lang='lat' dir='ltr'>nostri</span> <span class='ocrx_word' id='word_1_281' title='bbox 1671 2197 1808 2248; x_wconf 86' lang='lat' dir='ltr'>Jesu</span> <span class='ocrx_word' id='word_1_282' title='bbox 1840 2195 2046 2250; x_wconf 86' lang='lat' dir='ltr'>Christi</span> <span class='ocrx_word' id='word_1_283' title='bbox 2103 2195 2178 2250; x_wconf 88' lang='lat' dir='ltr'>ad</span> 
     </span>
    </p>
   </div>
   <div class='ocr_carea' id='block_1_39' title="bbox 523 2279 2181 2355">
    <p class='ocr_par' dir='ltr' id='par_1_39' title="bbox 523 2279 2181 2355">
     <span class='ocr_line' id='line_1_39' title="bbox 523 2279 2181 2355; baseline 0.004 -22"><span class='ocrx_word' id='word_1_284' title='bbox 523 2279 639 2334; x_wconf 94' lang='lat' dir='ltr'>hoc</span> <span class='ocrx_word' id='word_1_285' title='bbox 669 2279 786 2334; x_wconf 92' lang='lat' dir='ltr'>huc</span> <span class='ocrx_word' id='word_1_286' title='bbox 813 2280 1037 2335; x_wconf 90' lang='lat' dir='ltr'>missus</span> <span class='ocrx_word' id='word_1_287' title='bbox 1063 2297 1125 2336; x_wconf 93' lang='lat' dir='ltr'>es</span> <span class='ocrx_word' id='word_1_288' title='bbox 1158 2286 1221 2337; x_wconf 92' lang='lat' dir='ltr'>ut</span> <span class='ocrx_word' id='word_1_289' title='bbox 1246 2282 1446 2337; x_wconf 90' lang='lat' dir='ltr'>dicam</span> <span class='ocrx_word' id='word_1_290' title='bbox 1479 2282 1580 2337; x_wconf 87' lang='lat' dir='ltr'>tibi</span> <span class='ocrx_word' id='word_1_291' title='bbox 1629 2283 1766 2355; x_wconf 89' lang='lat' dir='ltr'>quis</span> <span class='ocrx_word' id='word_1_292' title='bbox 1800 2285 1932 2353; x_wconf 92' lang='lat' dir='ltr'>sim,</span> <span class='ocrx_word' id='word_1_293' title='bbox 1989 2290 2045 2340; x_wconf 90' lang='lat' dir='ltr'>et</span> <span class='ocrx_word' id='word_1_294' title='bbox 2076 2301 2181 2340; x_wconf 92' lang='lat' dir='ltr'>cur</span> 
     </span>
    </p>
   </div>
   <div class='ocr_carea' id='block_1_40' title="bbox 523 2366 2178 2439">
    <p class='ocr_par' dir='ltr' id='par_1_40' title="bbox 523 2366 2178 2439">
     <span class='ocr_line' id='line_1_40' title="bbox 523 2366 2178 2439; baseline 0.004 -17"><span class='ocrx_word' id='word_1_295' title='bbox 523 2366 620 2422; x_wconf 92' lang='lat' dir='ltr'>hic</span> <span class='ocrx_word' id='word_1_296' title='bbox 652 2367 712 2422; x_wconf 92' lang='lat' dir='ltr'>in</span> <span class='ocrx_word' id='word_1_297' title='bbox 742 2372 907 2424; x_wconf 86' lang='lat' dir='ltr'>tanta</span> <span class='ocrx_word' id='word_1_298' title='bbox 937 2369 1315 2426; x_wconf 87' lang='lat' dir='ltr'>tribulatione</span> <span class='ocrx_word' id='word_1_299' title='bbox 1342 2375 1425 2426; x_wconf 91' lang='lat' dir='ltr'>tot</span> <span class='ocrx_word' id='word_1_300' title='bbox 1468 2386 1768 2426; x_wconf 87' lang='lat' dir='ltr'>annorum</span> <span class='ocrx_word' id='word_1_301' title='bbox 1825 2372 2178 2439; x_wconf 90' lang='lat' dir='ltr'>evolutione,</span> 
     </span>
    </p>
   </div>
   <div class='ocr_carea' id='block_1_41' title="bbox 527 2456 2180 2532">
    <p class='ocr_par' dir='ltr' id='par_1_41' title="bbox 527 2456 2180 2532">
     <span class='ocr_line' id='line_1_41' title="bbox 527 2456 2180 2532; baseline 0.005 -23"><span class='ocrx_word' id='word_1_302' title='bbox 527 2456 811 2512; x_wconf 84' lang='lat' dir='ltr'>steterim.</span> <span class='ocrx_word' id='word_1_303' title='bbox 845 2463 890 2512; x_wconf 86' lang='lat' dir='ltr'><strong>A</strong></span> <span class='ocrx_word' id='word_1_304' title='bbox 923 2475 1066 2530; x_wconf 90' lang='lat' dir='ltr'>quo,</span> <span class='ocrx_word' id='word_1_305' title='bbox 1092 2459 1198 2530; x_wconf 90' lang='lat' dir='ltr'>qui</span> <span class='ocrx_word' id='word_1_306' title='bbox 1227 2460 1410 2531; x_wconf 90' lang='lat' dir='ltr'>paulo</span> <span class='ocrx_word' id='word_1_307' title='bbox 1425 2465 1560 2515; x_wconf 89' lang='lat' dir='ltr'>ante</span> <span class='ocrx_word' id='word_1_308' title='bbox 1591 2460 2180 2532; x_wconf 88' lang='lat' dir='ltr'>perimbecillitatem</span> 
     </span>
    </p>
   </div>
   <div class='ocr_carea' id='block_1_42' title="bbox 525 2546 2178 2618">
    <p class='ocr_par' dir='ltr' id='par_1_42' title="bbox 525 2546 2178 2618">
     <span class='ocr_line' id='line_1_42' title="bbox 525 2546 2178 2618; baseline 0.002 -18"><span class='ocrx_word' id='word_1_309' title='bbox 525 2546 746 2601; x_wconf 76' lang='lat' dir='ltr'>exstitit</span> <span class='ocrx_word' id='word_1_310' title='bbox 805 2547 1085 2618; x_wconf 91' lang='lat' dir='ltr'>pavidus,</span> <span class='ocrx_word' id='word_1_311' title='bbox 1165 2549 1370 2605; x_wconf 90' lang='lat' dir='ltr'>audito</span> <span class='ocrx_word' id='word_1_312' title='bbox 1425 2549 1635 2605; x_wconf 76' lang='lat' dir='ltr'>Christi</span> <span class='ocrx_word' id='word_1_313' title='bbox 1677 2551 1942 2616; x_wconf 89' lang='lat' dir='ltr'>nomine,</span> <span class='ocrx_word' id='word_1_314' title='bbox 1988 2552 2178 2607; x_wconf 81' lang='lat' dir='ltr'>factus</span> 
     </span>
    </p>
   </div>
   <div class='ocr_carea' id='block_1_43' title="bbox 525 2633 2183 2709">
    <p class='ocr_par' dir='ltr' id='par_1_43' title="bbox 525 2633 2183 2709">
     <span class='ocr_line' id='line_1_43' title="bbox 525 2633 2183 2709; baseline 0.004 -21"><span class='ocrx_word' id='word_1_315' title='bbox 525 2633 691 2690; x_wconf 83' lang='lat' dir='ltr'>fortis</span> <span class='ocrx_word' id='word_1_316' title='bbox 722 2639 777 2690; x_wconf 90' lang='lat' dir='ltr'>et</span> <span class='ocrx_word' id='word_1_317' title='bbox 831 2635 1084 2701; x_wconf 88' lang='lat' dir='ltr'>validus,</span> <span class='ocrx_word' id='word_1_318' title='bbox 1115 2637 1526 2692; x_wconf 88' lang='lat' dir='ltr'>sciscitabatur</span> <span class='ocrx_word' id='word_1_319' title='bbox 1578 2639 1929 2709; x_wconf 83' lang='lat' dir='ltr'>hujusmodi</span> <span class='ocrx_word' id='word_1_320' title='bbox 1985 2641 2183 2696; x_wconf 85' lang='lat' dir='ltr'>verbis</span> 
     </span>
    </p>
   </div>
   <div class='ocr_carea' id='block_1_44' title="bbox 523 2723 2181 2799">
    <p class='ocr_par' dir='ltr' id='par_1_44' title="bbox 523 2723 2181 2799">
     <span class='ocr_line' id='line_1_44' title="bbox 523 2723 2181 2799; baseline 0.004 -21"><span class='ocrx_word' id='word_1_321' title='bbox 523 2723 891 2796; x_wconf 89' lang='lat' dir='ltr'>proloquens</span> <span class='ocrx_word' id='word_1_322' title='bbox 925 2742 936 2779; x_wconf 93' lang='lat'>:</span> <span class='ocrx_word' id='word_1_323' title='bbox 967 2725 1118 2790; x_wconf 90' lang='lat' dir='ltr'>Quid</span> <span class='ocrx_word' id='word_1_324' title='bbox 1148 2731 1213 2782; x_wconf 91' lang='lat' dir='ltr'>tu</span> <span class='ocrx_word' id='word_1_325' title='bbox 1244 2727 1338 2781; x_wconf 92' lang='lat' dir='ltr'>hic</span> <span class='ocrx_word' id='word_1_326' title='bbox 1358 2730 1384 2782; x_wconf 80' lang='lat'>‘?</span> <span class='ocrx_word' id='word_1_327' title='bbox 1411 2733 1512 2782; x_wconf 90' lang='lat' dir='ltr'>aut</span> <span class='ocrx_word' id='word_1_328' title='bbox 1532 2744 1720 2799; x_wconf 91' lang='lat' dir='ltr'>quare</span> <span class='ocrx_word' id='word_1_329' title='bbox 1747 2729 1876 2783; x_wconf 88' lang='lat' dir='ltr'>talis</span> <span class='ocrx_word' id='word_1_330' title='bbox 1898 2735 1955 2784; x_wconf 92' lang='lat' dir='ltr'>et</span> <span class='ocrx_word' id='word_1_331' title='bbox 1984 2735 2181 2785; x_wconf 88' lang='lat' dir='ltr'>tantus</span> 
     </span>
    </p>
   </div>
   <div class='ocr_carea' id='block_1_45' title="bbox 524 2813 2178 2886">
    <p class='ocr_par' dir='ltr' id='par_1_45' title="bbox 524 2813 2178 2886">
     <span class='ocr_line' id='line_1_45' title="bbox 524 2813 2178 2886; baseline 0.005 -19"><span class='ocrx_word' id='word_1_332' title='bbox 524 2813 731 2876; x_wconf 89' lang='lat' dir='ltr'>homo,</span> <span class='ocrx_word' id='word_1_333' title='bbox 797 2830 981 2885; x_wconf 89' lang='lat' dir='ltr'>quem</span> <span class='ocrx_word' id='word_1_334' title='bbox 1030 2815 1092 2869; x_wconf 89' lang='lat' dir='ltr'>in</span> <span class='ocrx_word' id='word_1_335' title='bbox 1149 2816 1368 2870; x_wconf 63' lang='lat' dir='ltr'>saeculo</span> <span class='ocrx_word' id='word_1_336' title='bbox 1423 2817 1768 2886; x_wconf 84' lang='lat' dir='ltr'>judicialern</span> <span class='ocrx_word' id='word_1_337' title='bbox 1808 2823 1864 2872; x_wconf 93' lang='lat' dir='ltr'>et</span> <span class='ocrx_word' id='word_1_338' title='bbox 1893 2819 2178 2875; x_wconf 88' lang='lat' dir='ltr'>curialem</span> 
     </span>
    </p>
   </div>
   <div class='ocr_carea' id='block_1_46' title="bbox 525 2901 2183 2977">
    <p class='ocr_par' dir='ltr' id='par_1_46' title="bbox 525 2901 2183 2977">
     <span class='ocr_line' id='line_1_46' title="bbox 525 2901 2183 2977; baseline 0.005 -23"><span class='ocrx_word' id='word_1_339' title='bbox 525 2901 803 2969; x_wconf 82' lang='lat' dir='ltr'>cognovi,</span> <span class='ocrx_word' id='word_1_340' title='bbox 832 2917 1143 2974; x_wconf 87' lang='lat' dir='ltr'>nuperque</span> <span class='ocrx_word' id='word_1_341' title='bbox 1170 2904 1231 2958; x_wconf 91' lang='lat' dir='ltr'>in</span> <span class='ocrx_word' id='word_1_342' title='bbox 1259 2905 1516 2977; x_wconf 89' lang='lat' dir='ltr'>propriis</span> <span class='ocrx_word' id='word_1_343' title='bbox 1544 2905 1770 2960; x_wconf 90' lang='lat' dir='ltr'>laribus</span> <span class='ocrx_word' id='word_1_344' title='bbox 1801 2906 1952 2962; x_wconf 86' lang='lat' dir='ltr'>bene</span> <span class='ocrx_word' id='word_1_345' title='bbox 1983 2909 2183 2963; x_wconf 89' lang='lat' dir='ltr'>valen-</span> 
     </span>
    </p>
   </div>
   <div class='ocr_carea' id='block_1_47' title="bbox 526 2987 2253 3083">
    <p class='ocr_par' dir='ltr' id='par_1_47' title="bbox 526 2987 2253 3083">
     <span class='ocr_line' id='line_1_47' title="bbox 526 2987 2253 3083; baseline 0.006 -41"><span class='ocrx_word' id='word_1_346' title='bbox 526 2991 645 3083; x_wconf 79' lang='lat' dir='ltr'>tem</span> <span class='ocrx_word' id='word_1_347' title='bbox 677 2987 820 3058; x_wconf 85' lang='lat' dir='ltr'>vidi,</span> <span class='ocrx_word' id='word_1_348' title='bbox 877 2989 1200 3061; x_wconf 89' lang='lat' dir='ltr'>deputatus</span> <span class='ocrx_word' id='word_1_349' title='bbox 1245 3007 1307 3046; x_wconf 91' lang='lat' dir='ltr'>es</span> <span class='ocrx_word' id='word_1_350' title='bbox 1357 2991 1416 3047; x_wconf 93' lang='lat' dir='ltr'>in</span> <span class='ocrx_word' id='word_1_351' title='bbox 1456 2993 1773 3064; x_wconf 65' lang='lat' dir='ltr'>pistrinum</span> <span class='ocrx_word' id='word_1_352' title='bbox 1831 3000 1886 3049; x_wconf 93' lang='lat' dir='ltr'>et</span> <span class='ocrx_word' id='word_1_353' title='bbox 1933 3011 2182 3066; x_wconf 85' lang='lat' dir='ltr'>gurgus-</span> <span class='ocrx_word' id='word_1_354' title='bbox 2213 3029 2253 3083; x_wconf 66' lang='grc' dir='ltr'>ρ</span> 
     </span>
    </p>
   </div>
   <div class='ocr_carea' id='block_1_48' title="bbox 526 3074 2182 3148">
    <p class='ocr_par' dir='ltr' id='par_1_48' title="bbox 526 3074 2182 3148">
     <span class='ocr_line' id='line_1_48' title="bbox 526 3074 2182 3148; baseline 0.005 -18"><span class='ocrx_word' id='word_1_355' title='bbox 526 3074 675 3131; x_wconf 91' lang='lat' dir='ltr'>tium</span> <span class='ocrx_word' id='word_1_356' title='bbox 697 3075 952 3148; x_wconf 90' lang='lat' dir='ltr'>hujusce</span> <span class='ocrx_word' id='word_1_357' title='bbox 978 3078 1090 3133; x_wconf 88' lang='lat' dir='ltr'>loci</span> <span class='ocrx_word' id='word_1_358' title='bbox 1117 3078 1144 3133; x_wconf 80' lang='lat'><strong>?</strong></span> <span class='ocrx_word' id='word_1_359' title='bbox 1172 3083 1353 3135; x_wconf 83' lang='lat' dir='ltr'>Notus</span> <span class='ocrx_word' id='word_1_360' title='bbox 1379 3084 1467 3135; x_wconf 90' lang='lat' dir='ltr'>est</span> <span class='ocrx_word' id='word_1_361' title='bbox 1503 3081 1663 3136; x_wconf 91' lang='lat' dir='ltr'>enim</span> <span class='ocrx_word' id='word_1_362' title='bbox 1690 3081 1834 3137; x_wconf 91' lang='lat' dir='ltr'>mihi</span> <span class='ocrx_word' id='word_1_363' title='bbox 1883 3083 2049 3138; x_wconf 92' lang='lat' dir='ltr'>locus</span> <span class='ocrx_word' id='word_1_364' title='bbox 2079 3085 2182 3140; x_wconf 89' lang='lat' dir='ltr'>ha-</span> 
     </span>
    </p>
   </div>
   <div class='ocr_carea' id='block_1_49' title="bbox 528 3164 2181 3243">
    <p class='ocr_par' dir='ltr' id='par_1_49' title="bbox 528 3164 2181 3243">
     <span class='ocr_line' id='line_1_49' title="bbox 528 3164 2181 3243; baseline 0.005 -24"><span class='ocrx_word' id='word_1_365' title='bbox 528 3164 830 3220; x_wconf 90' lang='lat' dir='ltr'>bitationis</span> <span class='ocrx_word' id='word_1_366' title='bbox 857 3170 990 3232; x_wconf 66' lang='lat' dir='ltr'>tuae,</span> <span class='ocrx_word' id='word_1_367' title='bbox 1022 3183 1208 3239; x_wconf 88' lang='lat' dir='ltr'>quam</span> <span class='ocrx_word' id='word_1_368' title='bbox 1239 3169 1502 3224; x_wconf 88' lang='lat' dir='ltr'>habuisti</span> <span class='ocrx_word' id='word_1_369' title='bbox 1533 3170 1595 3224; x_wconf 91' lang='lat' dir='ltr'>in</span> <span class='ocrx_word' id='word_1_370' title='bbox 1634 3171 1884 3237; x_wconf 88' lang='lat' dir='ltr'>mundo,</span> <span class='ocrx_word' id='word_1_371' title='bbox 1940 3173 2181 3243; x_wconf 69' lang='lat' dir='ltr'>saepius-</span> 
     </span>
    </p>
   </div>
   <div class='ocr_carea' id='block_1_50' title="bbox 525 3253 2180 3331">
    <p class='ocr_par' dir='ltr' id='par_1_50' title="bbox 525 3253 2180 3331">
     <span class='ocr_line' id='line_1_50' title="bbox 525 3253 2180 3331; baseline 0.005 -23"><span class='ocrx_word' id='word_1_372' title='bbox 525 3268 643 3325; x_wconf 92' lang='lat' dir='ltr'>que</span> <span class='ocrx_word' id='word_1_373' title='bbox 673 3253 903 3310; x_wconf 89' lang='lat' dir='ltr'>bonum</span> <span class='ocrx_word' id='word_1_374' title='bbox 929 3256 1271 3312; x_wconf 87' lang='lat' dir='ltr'>convivium</span> <span class='ocrx_word' id='word_1_375' title='bbox 1323 3257 1510 3314; x_wconf 86' lang='lat' dir='ltr'>habui</span> <span class='ocrx_word' id='word_1_376' title='bbox 1568 3259 1945 3331; x_wconf 87' lang='lat' dir='ltr'>prOprietatis</span> <span class='ocrx_word' id='word_1_377' title='bbox 1977 3266 2089 3316; x_wconf 77' lang='lat' dir='ltr'>tuae</span> <span class='ocrx_word' id='word_1_378' title='bbox 2121 3262 2180 3316; x_wconf 90' lang='lat' dir='ltr'>in</span> 
     </span>
    </p>
   </div>
   <div class='ocr_carea' id='block_1_51' title="bbox 526 3342 2184 3415">
    <p class='ocr_par' dir='ltr' id='par_1_51' title="bbox 526 3342 2184 3415">
     <span class='ocr_line' id='line_1_51' title="bbox 526 3342 2184 3415; baseline 0.004 -17"><span class='ocrx_word' id='word_1_379' title='bbox 526 3342 736 3409; x_wconf 91' lang='lat' dir='ltr'>fundo,</span> <span class='ocrx_word' id='word_1_380' title='bbox 769 3359 878 3399; x_wconf 91' lang='lat' dir='ltr'>nec</span> <span class='ocrx_word' id='word_1_381' title='bbox 908 3360 1028 3400; x_wconf 92' lang='lat' dir='ltr'>non</span> <span class='ocrx_word' id='word_1_382' title='bbox 1055 3345 1462 3402; x_wconf 72' lang='lat' dir='ltr'>haereditatem</span> <span class='ocrx_word' id='word_1_383' title='bbox 1490 3347 1776 3403; x_wconf 87' lang='lat' dir='ltr'>natalium</span> <span class='ocrx_word' id='word_1_384' title='bbox 1811 3354 2071 3415; x_wconf 92' lang='lat' dir='ltr'>tuorum,</span> <span class='ocrx_word' id='word_1_385' title='bbox 2128 3356 2184 3405; x_wconf 89' lang='lat' dir='ltr'>et</span> 
     </span>
    </p>
   </div>
   <div class='ocr_carea' id='block_1_52' title="bbox 527 3434 2181 3506">
    <p class='ocr_par' dir='ltr' id='par_1_52' title="bbox 527 3434 2181 3506">
     <span class='ocr_line' id='line_1_52' title="bbox 527 3434 2181 3506; baseline 0.005 -20"><span class='ocrx_word' id='word_1_386' title='bbox 527 3448 775 3487; x_wconf 85' lang='lat' dir='ltr'>uxorem</span> <span class='ocrx_word' id='word_1_387' title='bbox 827 3437 992 3488; x_wconf 88' lang='lat' dir='ltr'>tuam</span> <span class='ocrx_word' id='word_1_388' title='bbox 1051 3449 1189 3488; x_wconf 87' lang='lat' dir='ltr'>cum</span> <span class='ocrx_word' id='word_1_389' title='bbox 1220 3434 1354 3488; x_wconf 81' lang='lat' dir='ltr'>filiis</span> <span class='ocrx_word' id='word_1_390' title='bbox 1385 3451 1491 3506; x_wconf 88' lang='lat' dir='ltr'>per</span> <span class='ocrx_word' id='word_1_391' title='bbox 1530 3436 1800 3492; x_wconf 91' lang='lat' dir='ltr'>notitiam</span> <span class='ocrx_word' id='word_1_392' title='bbox 1845 3437 1985 3492; x_wconf 88' lang='lat' dir='ltr'>satis</span> <span class='ocrx_word' id='word_1_393' title='bbox 2015 3454 2181 3494; x_wconf 90' lang='lat' dir='ltr'>com-</span> 
     </span>
    </p>
   </div>
   <div class='ocr_carea' id='block_1_53' title="bbox 526 3521 2184 3598">
    <p class='ocr_par' dir='ltr' id='par_1_53' title="bbox 526 3521 2184 3598">
     <span class='ocr_line' id='line_1_53' title="bbox 526 3521 2184 3598; baseline 0.005 -24"><span class='ocrx_word' id='word_1_394' title='bbox 526 3521 810 3574; x_wconf 88' lang='lat' dir='ltr'>mendavi</span> <span class='ocrx_word' id='word_1_395' title='bbox 865 3521 1010 3575; x_wconf 90' lang='lat' dir='ltr'>meis</span> <span class='ocrx_word' id='word_1_396' title='bbox 1039 3521 1278 3585; x_wconf 88' lang='lat' dir='ltr'>animis,</span> <span class='ocrx_word' id='word_1_397' title='bbox 1303 3523 1351 3576; x_wconf 91' lang='lat' dir='ltr'>si</span> <span class='ocrx_word' id='word_1_398' title='bbox 1408 3528 1467 3576; x_wconf 93' lang='lat' dir='ltr'>tu</span> <span class='ocrx_word' id='word_1_399' title='bbox 1518 3540 1581 3577; x_wconf 92' lang='lat' dir='ltr'>es</span> <span class='ocrx_word' id='word_1_400' title='bbox 1623 3524 1718 3580; x_wconf 90' lang='lat' dir='ltr'>ille</span> <span class='ocrx_word' id='word_1_401' title='bbox 1774 3526 1957 3580; x_wconf 90' lang='lat' dir='ltr'>homo</span> <span class='ocrx_word' id='word_1_402' title='bbox 2011 3528 2184 3598; x_wconf 91' lang='lat' dir='ltr'>cujus</span> 
     </span>
    </p>
   </div>
   <div class='ocr_carea' id='block_1_54' title="bbox 527 3608 2182 3685">
    <p class='ocr_par' dir='ltr' id='par_1_54' title="bbox 527 3608 2182 3685">
     <span class='ocr_line' id='line_1_54' title="bbox 527 3608 2182 3685; baseline 0.006 -25"><span class='ocrx_word' id='word_1_403' title='bbox 527 3622 850 3677; x_wconf 89' lang='lat' dir='ltr'>personam</span> <span class='ocrx_word' id='word_1_404' title='bbox 879 3608 1033 3663; x_wconf 90' lang='lat' dir='ltr'>bene</span> <span class='ocrx_word' id='word_1_405' title='bbox 1064 3625 1160 3663; x_wconf 87' lang='lat' dir='ltr'>me</span> <span class='ocrx_word' id='word_1_406' title='bbox 1189 3609 1540 3676; x_wconf 85' lang='lat' dir='ltr'>dignoscere</span> <span class='ocrx_word' id='word_1_407' title='bbox 1577 3618 1738 3682; x_wconf 93' lang='lat' dir='ltr'>puto.</span> <span class='ocrx_word' id='word_1_408' title='bbox 1776 3617 2044 3685; x_wconf 84' lang='lat' dir='ltr'>Cumque</span> <span class='ocrx_word' id='word_1_409' title='bbox 2077 3632 2182 3670; x_wconf 92' lang='lat' dir='ltr'>vo-</span> 
     </span>
    </p>
   </div>
   <div class='ocr_carea' id='block_1_55' title="bbox 529 3695 2179 3776">
    <p class='ocr_par' dir='ltr' id='par_1_55' title="bbox 529 3695 2179 3776">
     <span class='ocr_line' id='line_1_55' title="bbox 529 3695 2179 3776; baseline 0.007 -28"><span class='ocrx_word' id='word_1_410' title='bbox 529 3695 811 3750; x_wconf 90' lang='lat' dir='ltr'>cabulum</span> <span class='ocrx_word' id='word_1_411' title='bbox 862 3696 1028 3768; x_wconf 91' lang='lat' dir='ltr'>quod</span> <span class='ocrx_word' id='word_1_412' title='bbox 1085 3698 1142 3750; x_wconf 93' lang='lat' dir='ltr'>in</span> <span class='ocrx_word' id='word_1_413' title='bbox 1199 3697 1503 3768; x_wconf 88' lang='lat' dir='ltr'>baptismo</span> <span class='ocrx_word' id='word_1_414' title='bbox 1578 3708 1889 3772; x_wconf 88' lang='lat' dir='ltr'>acceperat</span> <span class='ocrx_word' id='word_1_415' title='bbox 1939 3703 2179 3776; x_wconf 88' lang='lat' dir='ltr'>diceret,</span> 
     </span>
    </p>
   </div>
   <div class='ocr_carea' id='block_1_56' title="bbox 527 3782 2184 3860">
    <p class='ocr_par' dir='ltr' id='par_1_56' title="bbox 527 3782 2184 3860">
     <span class='ocr_line' id='line_1_56' title="bbox 527 3782 2184 3860; baseline 0.007 -23"><span class='ocrx_word' id='word_1_416' title='bbox 527 3782 1057 3855; x_wconf 88' lang='lat' dir='ltr'>possessionumve</span> <span class='ocrx_word' id='word_1_417' title='bbox 1115 3785 1364 3841; x_wconf 88' lang='lat' dir='ltr'>nomina</span> <span class='ocrx_word' id='word_1_418' title='bbox 1420 3787 1481 3842; x_wconf 93' lang='lat' dir='ltr'>in</span> <span class='ocrx_word' id='word_1_419' title='bbox 1537 3788 1759 3860; x_wconf 89' lang='lat' dir='ltr'>quibus</span> <span class='ocrx_word' id='word_1_420' title='bbox 1811 3790 2184 3850; x_wconf 87' lang='lat' dir='ltr'>habitaverat</span> 
     </span>
    </p>
   </div>
   <div class='ocr_carea' id='block_1_57' title="bbox 527 3871 2181 3949">
    <p class='ocr_par' dir='ltr' id='par_1_57' title="bbox 527 3871 2181 3949">
     <span class='ocr_line' id='line_1_57' title="bbox 527 3871 2181 3949; baseline 0.006 -21"><span class='ocrx_word' id='word_1_421' title='bbox 527 3871 810 3942; x_wconf 89' lang='lat' dir='ltr'>adjiceret</span> <span class='ocrx_word' id='word_1_422' title='bbox 844 3875 990 3945; x_wconf 90' lang='lat' dir='ltr'>;qui</span> <span class='ocrx_word' id='word_1_423' title='bbox 1021 3881 1146 3930; x_wconf 88' lang='lat' dir='ltr'>erat</span> <span class='ocrx_word' id='word_1_424' title='bbox 1171 3875 1570 3944; x_wconf 87' lang='lat' dir='ltr'>interrogatus</span> <span class='ocrx_word' id='word_1_425' title='bbox 1609 3879 1938 3949; x_wconf 80' lang='lat' dir='ltr'>respondit.</span> <span class='ocrx_word' id='word_1_426' title='bbox 1987 3885 2052 3936; x_wconf 92' lang='lat' dir='ltr'>ut</span> <span class='ocrx_word' id='word_1_427' title='bbox 2107 3883 2181 3938; x_wconf 91' lang='lat' dir='ltr'>de</span> 
     </span>
    </p>
   </div>
   <div class='ocr_carea' id='block_1_58' title="bbox 524 3961 2180 4039">
    <p class='ocr_par' dir='ltr' id='par_1_58' title="bbox 524 3961 2180 4039">
     <span class='ocr_line' id='line_1_58' title="bbox 524 3961 2180 4039; baseline 0.006 -23"><span class='ocrx_word' id='word_1_428' title='bbox 524 3961 638 4018; x_wconf 91' lang='lat' dir='ltr'>hac</span> <span class='ocrx_word' id='word_1_429' title='bbox 669 3964 790 4018; x_wconf 91' lang='lat' dir='ltr'>vita</span> <span class='ocrx_word' id='word_1_430' title='bbox 849 3963 1167 4019; x_wconf 88' lang='lat' dir='ltr'>sublatus:</span> <span class='ocrx_word' id='word_1_431' title='bbox 1233 3964 1326 4020; x_wconf 91' lang='lat' dir='ltr'>Ille</span> <span class='ocrx_word' id='word_1_432' title='bbox 1371 3965 1497 4038; x_wconf 88' lang='lat' dir='ltr'>ipse</span> <span class='ocrx_word' id='word_1_433' title='bbox 1545 3967 1854 4038; x_wconf 87' lang='lat' dir='ltr'>quondam</span> <span class='ocrx_word' id='word_1_434' title='bbox 1905 3985 2017 4039; x_wconf 87' lang='lat' dir='ltr'>ego</span> <span class='ocrx_word' id='word_1_435' title='bbox 2075 3970 2180 4039; x_wconf 89' lang='lat' dir='ltr'>fui,</span> 
     </span>
    </p>
   </div>
   <div class='ocr_carea' id='block_1_59' title="bbox 525 4051 2184 4130">
    <p class='ocr_par' dir='ltr' id='par_1_59' title="bbox 525 4051 2184 4130">
     <span class='ocr_line' id='line_1_59' title="bbox 525 4051 2184 4130; baseline 0.007 -26"><span class='ocrx_word' id='word_1_436' title='bbox 525 4065 707 4120; x_wconf 90' lang='lat' dir='ltr'>quem</span> <span class='ocrx_word' id='word_1_437' title='bbox 736 4054 798 4106; x_wconf 93' lang='lat' dir='ltr'>tu</span> <span class='ocrx_word' id='word_1_438' title='bbox 825 4051 1008 4106; x_wconf 88' lang='lat' dir='ltr'>modo</span> <span class='ocrx_word' id='word_1_439' title='bbox 1031 4069 1125 4108; x_wconf 90' lang='lat' dir='ltr'>me</span> <span class='ocrx_word' id='word_1_440' title='bbox 1159 4051 1337 4108; x_wconf 88' lang='lat' dir='ltr'>fuisse</span> <span class='ocrx_word' id='word_1_441' title='bbox 1367 4054 1598 4121; x_wconf 82' lang='lat' dir='ltr'>dixisti;</span> <span class='ocrx_word' id='word_1_442' title='bbox 1629 4056 1731 4111; x_wconf 89' lang='lat' dir='ltr'>sed</span> <span class='ocrx_word' id='word_1_443' title='bbox 1761 4065 2004 4129; x_wconf 91' lang='lat' dir='ltr'>propter</span> <span class='ocrx_word' id='word_1_444' title='bbox 2052 4075 2184 4130; x_wconf 90' lang='lat' dir='ltr'>pec-</span> 
     </span>
    </p>
   </div>
   <div class='ocr_carea' id='block_1_60' title="bbox 527 4142 2180 4212">
    <p class='ocr_par' dir='ltr' id='par_1_60' title="bbox 527 4142 2180 4212">
     <span class='ocr_line' id='line_1_60' title="bbox 527 4142 2180 4212; baseline 0.007 -22"><span class='ocrx_word' id='word_1_445' title='bbox 527 4142 660 4192; x_wconf 88' lang='lat' dir='ltr'>cata</span> <span class='ocrx_word' id='word_1_446' title='bbox 689 4154 824 4194; x_wconf 89' lang='lat' dir='ltr'>mea</span> <span class='ocrx_word' id='word_1_447' title='bbox 849 4155 960 4210; x_wconf 90' lang='lat' dir='ltr'>pro</span> <span class='ocrx_word' id='word_1_448' title='bbox 1001 4142 1349 4212; x_wconf 89' lang='lat' dir='ltr'>purgatorio</span> <span class='ocrx_word' id='word_1_449' title='bbox 1383 4142 1517 4208; x_wconf 80' lang='lat' dir='ltr'>igne</span> <span class='ocrx_word' id='word_1_450' title='bbox 1549 4149 1684 4199; x_wconf 88' lang='lat' dir='ltr'>ante</span> <span class='ocrx_word' id='word_1_451' title='bbox 1736 4144 1956 4200; x_wconf 90' lang='lat' dir='ltr'>multos</span> <span class='ocrx_word' id='word_1_452' title='bbox 1986 4163 2180 4202; x_wconf 87' lang='lat' dir='ltr'>annos</span> 
     </span>
    </p>
   </div>
   <div class='ocr_carea' id='block_1_61' title="bbox 527 4221 2183 4298">
    <p class='ocr_par' dir='ltr' id='par_1_61' title="bbox 527 4221 2183 4298">
     <span class='ocr_line' id='line_1_61' title="bbox 527 4221 2183 4298; baseline 0.009 -22"><span class='ocrx_word' id='word_1_453' title='bbox 527 4221 643 4278; x_wconf 92' lang='lat' dir='ltr'>huc</span> <span class='ocrx_word' id='word_1_454' title='bbox 675 4241 809 4280; x_wconf 88' lang='lat' dir='ltr'>sum</span> <span class='ocrx_word' id='word_1_455' title='bbox 843 4226 1186 4298; x_wconf 88' lang='lat' dir='ltr'>deputatus.</span> <span class='ocrx_word' id='word_1_456' title='bbox 1242 4231 1412 4294; x_wconf 86' lang='lat' dir='ltr'>Quod</span> <span class='ocrx_word' id='word_1_457' title='bbox 1471 4237 1669 4287; x_wconf 79' lang='lat' dir='ltr'>autem</span> <span class='ocrx_word' id='word_1_458' title='bbox 1701 4232 1863 4288; x_wconf 86' lang='lat' dir='ltr'>vides</span> <span class='ocrx_word' id='word_1_459' title='bbox 1917 4250 2037 4290; x_wconf 89' lang='lat' dir='ltr'>non</span> <span class='ocrx_word' id='word_1_460' title='bbox 2096 4241 2183 4291; x_wconf 92' lang='lat' dir='ltr'>est</span> 
     </span>
    </p>
   </div>
   <div class='ocr_carea' id='block_1_62' title="bbox 528 4312 2182 4384">
    <p class='ocr_par' dir='ltr' id='par_1_62' title="bbox 528 4312 2182 4384">
     <span class='ocr_line' id='line_1_62' title="bbox 528 4312 2182 4384; baseline 0.01 -20"><span class='ocrx_word' id='word_1_461' title='bbox 528 4324 688 4377; x_wconf 91' lang='lat' dir='ltr'>caro,</span> <span class='ocrx_word' id='word_1_462' title='bbox 715 4312 818 4366; x_wconf 90' lang='lat' dir='ltr'>sed</span> <span class='ocrx_word' id='word_1_463' title='bbox 843 4314 1105 4384; x_wconf 91' lang='lat' dir='ltr'>spiritus.</span> <span class='ocrx_word' id='word_1_464' title='bbox 1139 4316 1311 4370; x_wconf 87' lang='lat' dir='ltr'>Miror</span> <span class='ocrx_word' id='word_1_465' title='bbox 1335 4334 1472 4373; x_wconf 92' lang='lat' dir='ltr'>vero</span> <span class='ocrx_word' id='word_1_466' title='bbox 1511 4319 1684 4375; x_wconf 90' lang='lat' dir='ltr'>valde</span> <span class='ocrx_word' id='word_1_467' title='bbox 1743 4322 1790 4376; x_wconf 90' lang='lat' dir='ltr'>si</span> <span class='ocrx_word' id='word_1_468' title='bbox 1839 4323 2037 4378; x_wconf 91' lang='lat' dir='ltr'>adhuc</span> <span class='ocrx_word' id='word_1_469' title='bbox 2080 4324 2182 4379; x_wconf 90' lang='lat' dir='ltr'>ali-</span> 
     </span>
    </p>
   </div>
   <div class='ocr_carea' id='block_1_63' title="bbox 527 4400 2182 4483">
    <p class='ocr_par' dir='ltr' id='par_1_63' title="bbox 527 4400 2182 4483">
     <span class='ocr_line' id='line_1_63' title="bbox 527 4400 2182 4483; baseline 0.01 -29"><span class='ocrx_word' id='word_1_470' title='bbox 527 4400 662 4472; x_wconf 91' lang='lat' dir='ltr'>quis</span> <span class='ocrx_word' id='word_1_471' title='bbox 693 4416 968 4456; x_wconf 88' lang='lat' dir='ltr'>meorum</span> <span class='ocrx_word' id='word_1_472' title='bbox 997 4402 1178 4470; x_wconf 88' lang='lat' dir='ltr'>vivat,</span> <span class='ocrx_word' id='word_1_473' title='bbox 1211 4410 1314 4460; x_wconf 92' lang='lat' dir='ltr'>aut</span> <span class='ocrx_word' id='word_1_474' title='bbox 1338 4407 1400 4460; x_wconf 93' lang='lat' dir='ltr'>in</span> <span class='ocrx_word' id='word_1_475' title='bbox 1427 4409 1666 4476; x_wconf 70' lang='lat' dir='ltr'>saeculo,</span> <span class='ocrx_word' id='word_1_476' title='bbox 1701 4411 1760 4465; x_wconf 93' lang='lat' dir='ltr'>in</span> <span class='ocrx_word' id='word_1_477' title='bbox 1791 4427 1915 4483; x_wconf 92' lang='lat' dir='ltr'>quo</span> <span class='ocrx_word' id='word_1_478' title='bbox 1967 4419 2182 4472; x_wconf 90' lang='lat' dir='ltr'>cuncta</span> 
     </span>
    </p>
   </div>
   <div class='ocr_carea' id='block_1_64' title="bbox 526 4491 2182 4568">
    <p class='ocr_par' dir='ltr' id='par_1_64' title="bbox 526 4491 2182 4568">
     <span class='ocr_line' id='line_1_64' title="bbox 526 4491 2182 4568; baseline 0.009 -24"><span class='ocrx_word' id='word_1_479' title='bbox 526 4494 899 4545; x_wconf 88' lang='lat' dir='ltr'>veterascunt</span> <span class='ocrx_word' id='word_1_480' title='bbox 951 4495 1008 4546; x_wconf 89' lang='lat' dir='ltr'>et</span> <span class='ocrx_word' id='word_1_481' title='bbox 1059 4491 1362 4561; x_wconf 81' lang='lat' dir='ltr'>deficiunt,</span> <span class='ocrx_word' id='word_1_482' title='bbox 1417 4505 1719 4568; x_wconf 89' lang='lat' dir='ltr'>superstes</span> <span class='ocrx_word' id='word_1_483' title='bbox 1791 4516 1919 4556; x_wconf 89' lang='lat' dir='ltr'>esse</span> <span class='ocrx_word' id='word_1_484' title='bbox 1964 4503 2182 4560; x_wconf 87' lang='lat' dir='ltr'>valeat.</span> 
     </span>
    </p>
   </div>
   <div class='ocr_carea' id='block_1_65' title="bbox 526 4577 2186 4656">
    <p class='ocr_par' dir='ltr' id='par_1_65' title="bbox 526 4577 2186 4656">
     <span class='ocr_line' id='line_1_65' title="bbox 526 4577 2186 4656; baseline 0.007 -22"><span class='ocrx_word' id='word_1_485' title='bbox 526 4581 742 4634; x_wconf 83' lang='lat' dir='ltr'>Contra</span> <span class='ocrx_word' id='word_1_486' title='bbox 772 4577 1159 4648; x_wconf 90' lang='lat' dir='ltr'>subjunctum</span> <span class='ocrx_word' id='word_1_487' title='bbox 1187 4585 1274 4635; x_wconf 91' lang='lat' dir='ltr'>est</span> <span class='ocrx_word' id='word_1_488' title='bbox 1321 4599 1356 4638; x_wconf 91' lang='lat' dir='ltr'>a</span> <span class='ocrx_word' id='word_1_489' title='bbox 1416 4586 1835 4656; x_wconf 86' lang='lat' dir='ltr'>respondente,</span> <span class='ocrx_word' id='word_1_490' title='bbox 1891 4591 2186 4646; x_wconf 90' lang='lat' dir='ltr'>sermonis</span> 
     </span>
    </p>
   </div>
   <div class='ocr_carea' id='block_1_66' title="bbox 528 4669 2188 4750">
    <p class='ocr_par' dir='ltr' id='par_1_66' title="bbox 528 4669 2188 4750">
     <span class='ocr_line' id='line_1_66' title="bbox 528 4669 2188 4750; baseline 0.008 -28"><span class='ocrx_word' id='word_1_491' title='bbox 528 4669 861 4740; x_wconf 89' lang='lat' dir='ltr'>complice:</span> <span class='ocrx_word' id='word_1_492' title='bbox 899 4671 1019 4737; x_wconf 83' lang='lat' dir='ltr'>Ego</span> <span class='ocrx_word' id='word_1_493' title='bbox 1059 4687 1303 4742; x_wconf 85' lang='lat' dir='ltr'>quoque</span> <span class='ocrx_word' id='word_1_494' title='bbox 1350 4671 1490 4726; x_wconf 85' lang='lat' dir='ltr'>satis</span> <span class='ocrx_word' id='word_1_495' title='bbox 1538 4675 1738 4730; x_wconf 87' lang='lat' dir='ltr'>mirari</span> <span class='ocrx_word' id='word_1_496' title='bbox 1793 4694 2029 4750; x_wconf 85' lang='lat' dir='ltr'>nequeo</span> <span class='ocrx_word' id='word_1_497' title='bbox 2082 4697 2188 4736; x_wconf 90' lang='lat' dir='ltr'>cur</span> 
     </span>
    </p>
   </div>
   <div class='ocr_carea' id='block_1_67' title="bbox 526 4757 2188 4840">
    <p class='ocr_par' dir='ltr' id='par_1_67' title="bbox 526 4757 2188 4840">
     <span class='ocr_line' id='line_1_67' title="bbox 526 4757 2188 4840; baseline 0.008 -29"><span class='ocrx_word' id='word_1_498' title='bbox 526 4772 719 4812; x_wconf 87' lang='lat' dir='ltr'>annos</span> <span class='ocrx_word' id='word_1_499' title='bbox 751 4757 991 4823; x_wconf 81' lang='lat' dir='ltr'>dixeris,</span> <span class='ocrx_word' id='word_1_500' title='bbox 1025 4776 1162 4814; x_wconf 88' lang='lat' dir='ltr'>eum</span> <span class='ocrx_word' id='word_1_501' title='bbox 1185 4760 1363 4816; x_wconf 88' lang='lat' dir='ltr'>hodie</span> <span class='ocrx_word' id='word_1_502' title='bbox 1396 4761 1595 4817; x_wconf 90' lang='lat' dir='ltr'>obitus</span> <span class='ocrx_word' id='word_1_503' title='bbox 1627 4766 1710 4819; x_wconf 91' lang='lat' dir='ltr'>tui</span> <span class='ocrx_word' id='word_1_504' title='bbox 1738 4766 1809 4820; x_wconf 90' lang='lat' dir='ltr'>sit</span> <span class='ocrx_word' id='word_1_505' title='bbox 1865 4767 1992 4822; x_wconf 91' lang='lat' dir='ltr'>dies</span> <span class='ocrx_word' id='word_1_506' title='bbox 2015 4770 2188 4840; x_wconf 92' lang='lat' dir='ltr'>septi-</span> 
     </span>
    </p>
   </div>
   <div class='ocr_carea' id='block_1_68' title="bbox 527 4847 2186 4913">
    <p class='ocr_par' dir='ltr' id='par_1_68' title="bbox 527 4847 2186 4913">
     <span class='ocr_line' id='line_1_68' title="bbox 527 4847 2186 4913; baseline 0.007 -12"><span class='ocrx_word' id='word_1_507' title='bbox 527 4861 649 4909; x_wconf 90' lang='lat' dir='ltr'>ma,</span> <span class='ocrx_word' id='word_1_508' title='bbox 676 4852 732 4901; x_wconf 90' lang='lat' dir='ltr'>et</span> <span class='ocrx_word' id='word_1_509' title='bbox 755 4863 888 4902; x_wconf 92' lang='lat' dir='ltr'>cras</span> <span class='ocrx_word' id='word_1_510' title='bbox 913 4847 1218 4904; x_wconf 91' lang='lat' dir='ltr'>illucescat</span> <span class='ocrx_word' id='word_1_511' title='bbox 1247 4855 1477 4907; x_wconf 89' lang='lat' dir='ltr'>octava.</span> <span class='ocrx_word' id='word_1_512' title='bbox 1526 4855 1679 4909; x_wconf 87' lang='lat' dir='ltr'>Uxor</span> <span class='ocrx_word' id='word_1_513' title='bbox 1700 4860 1800 4910; x_wconf 89' lang='lat' dir='ltr'>tua</span> <span class='ocrx_word' id='word_1_514' title='bbox 1835 4856 1970 4911; x_wconf 80' lang='lat' dir='ltr'>vivit</span> <span class='ocrx_word' id='word_1_515' title='bbox 1999 4863 2056 4912; x_wconf 91' lang='lat' dir='ltr'>et</span> <span class='ocrx_word' id='word_1_516' title='bbox 2082 4858 2186 4913; x_wconf 83' lang='lat' dir='ltr'>filii</span> 
     </span>
    </p>
   </div>
   <div class='ocr_carea' id='block_1_69' title="bbox 527 4935 2184 5017">
    <p class='ocr_par' dir='ltr' id='par_1_69' title="bbox 527 4935 2184 5017">
     <span class='ocr_line' id='line_1_69' title="bbox 527 4935 2184 5017; baseline 0.008 -28"><span class='ocrx_word' id='word_1_517' title='bbox 527 4935 612 4990; x_wconf 91' lang='lat' dir='ltr'>tui</span> <span class='ocrx_word' id='word_1_518' title='bbox 636 4936 696 4990; x_wconf 89' lang='lat' dir='ltr'>in</span> <span class='ocrx_word' id='word_1_519' title='bbox 750 4936 1000 4992; x_wconf 91' lang='lat' dir='ltr'>sanitate</span> <span class='ocrx_word' id='word_1_520' title='bbox 1033 4944 1299 5002; x_wconf 87' lang='lat' dir='ltr'>manent,</span> <span class='ocrx_word' id='word_1_521' title='bbox 1355 4940 1522 5011; x_wconf 89' lang='lat' dir='ltr'>quod</span> <span class='ocrx_word' id='word_1_522' title='bbox 1556 4957 1679 4998; x_wconf 92' lang='lat' dir='ltr'>non</span> <span class='ocrx_word' id='word_1_523' title='bbox 1713 4943 1892 5000; x_wconf 82' lang='lat' dir='ltr'>fallax</span> <span class='ocrx_word' id='word_1_524' title='bbox 1924 4945 2184 5017; x_wconf 87' lang='lat' dir='ltr'>profero,</span> 
     </span>
    </p>
   </div>
   <div class='ocr_carea' id='block_1_70' title="bbox 528 5023 2192 5098">
    <p class='ocr_par' dir='ltr' id='par_1_70' title="bbox 528 5023 2192 5098">
     <span class='ocr_line' id='line_1_70' title="bbox 528 5023 2192 5098; baseline 0.008 -21"><span class='ocrx_word' id='word_1_525' title='bbox 528 5023 632 5078; x_wconf 88' lang='lat' dir='ltr'>sed</span> <span class='ocrx_word' id='word_1_526' title='bbox 657 5025 973 5096; x_wconf 87' lang='lat' dir='ltr'>veridicus,</span> <span class='ocrx_word' id='word_1_527' title='bbox 1001 5027 1145 5098; x_wconf 87' lang='lat' dir='ltr'>quia</span> <span class='ocrx_word' id='word_1_528' title='bbox 1177 5043 1279 5082; x_wconf 91' lang='lat' dir='ltr'>eos</span> <span class='ocrx_word' id='word_1_529' title='bbox 1301 5028 1424 5084; x_wconf 90' lang='lat' dir='ltr'>vidi</span> <span class='ocrx_word' id='word_1_530' title='bbox 1475 5031 1922 5089; x_wconf 89' lang='lat' dir='ltr'>nudiustertius.</span> <span class='ocrx_word' id='word_1_531' title='bbox 1971 5038 2041 5090; x_wconf 76' lang='lat' dir='ltr'>At</span> <span class='ocrx_word' id='word_1_532' title='bbox 2090 5035 2192 5091; x_wconf 86' lang='lat' dir='ltr'>de-</span> 
     </span>
    </p>
   </div>
   <div class='ocr_carea' id='block_1_71' title="bbox 527 5110 2190 5185">
    <p class='ocr_par' dir='ltr' id='par_1_71' title="bbox 527 5110 2190 5185">
     <span class='ocr_line' id='line_1_71' title="bbox 527 5110 2190 5185; baseline 0.007 -19"><span class='ocrx_word' id='word_1_533' title='bbox 527 5110 766 5166; x_wconf 86' lang='lat' dir='ltr'>functus</span> <span class='ocrx_word' id='word_1_534' title='bbox 823 5115 1198 5185; x_wconf 87' lang='lat' dir='ltr'>respondens</span> <span class='ocrx_word' id='word_1_535' title='bbox 1270 5116 1444 5171; x_wconf 83' lang='lat' dir='ltr'>inﬁt:</span> <span class='ocrx_word' id='word_1_536' title='bbox 1507 5121 1634 5174; x_wconf 84' lang='lat' dir='ltr'>Non</span> <span class='ocrx_word' id='word_1_537' title='bbox 1689 5121 1836 5176; x_wconf 88' lang='lat' dir='ltr'>mihi</span> <span class='ocrx_word' id='word_1_538' title='bbox 1911 5121 2190 5179; x_wconf 86' lang='lat' dir='ltr'>videntur</span> 
     </span>
    </p>
   </div>
   <div class='ocr_carea' id='block_1_72' title="bbox 529 5200 2188 5282">
    <p class='ocr_par' dir='ltr' id='par_1_72' title="bbox 529 5200 2188 5282">
     <span class='ocr_line' id='line_1_72' title="bbox 529 5200 2188 5282; baseline 0.009 -30"><span class='ocrx_word' id='word_1_539' title='bbox 529 5204 754 5270; x_wconf 88' lang='lat' dir='ltr'>septem</span> <span class='ocrx_word' id='word_1_540' title='bbox 810 5200 900 5255; x_wconf 88' lang='lat' dir='ltr'>vel</span> <span class='ocrx_word' id='word_1_541' title='bbox 951 5208 1086 5258; x_wconf 92' lang='lat' dir='ltr'>octo</span> <span class='ocrx_word' id='word_1_542' title='bbox 1138 5204 1266 5259; x_wconf 88' lang='lat' dir='ltr'>dies</span> <span class='ocrx_word' id='word_1_543' title='bbox 1328 5221 1518 5278; x_wconf 88' lang='lat' dir='ltr'>usque</span> <span class='ocrx_word' id='word_1_544' title='bbox 1563 5209 1748 5264; x_wconf 90' lang='lat' dir='ltr'>modo</span> <span class='ocrx_word' id='word_1_545' title='bbox 1789 5214 1925 5282; x_wconf 91' lang='lat' dir='ltr'>post</span> <span class='ocrx_word' id='word_1_546' title='bbox 1979 5211 2188 5267; x_wconf 89' lang='lat' dir='ltr'>mortis</span> 
     </span>
    </p>
   </div>
   <div class='ocr_carea' id='block_1_73' title="bbox 528 5287 2189 5357">
    <p class='ocr_par' dir='ltr' id='par_1_73' title="bbox 528 5287 2189 5357">
     <span class='ocr_line' id='line_1_73' title="bbox 528 5287 2189 5357; baseline 0.009 -15"><span class='ocrx_word' id='word_1_547' title='bbox 528 5287 866 5355; x_wconf 89' lang='lat' dir='ltr'>articulum,</span> <span class='ocrx_word' id='word_1_548' title='bbox 928 5291 1033 5346; x_wconf 89' lang='lat' dir='ltr'>sed</span> <span class='ocrx_word' id='word_1_549' title='bbox 1091 5293 1270 5348; x_wconf 90' lang='lat' dir='ltr'>credo</span> <span class='ocrx_word' id='word_1_550' title='bbox 1316 5293 1376 5348; x_wconf 91' lang='lat' dir='ltr'>in</span> <span class='ocrx_word' id='word_1_551' title='bbox 1431 5311 1526 5350; x_wconf 90' lang='lat' dir='ltr'>me</span> <span class='ocrx_word' id='word_1_552' title='bbox 1581 5298 1817 5354; x_wconf 63' lang='lat' dir='ltr'>saevisse</span> <span class='ocrx_word' id='word_1_553' title='bbox 1888 5315 2189 5357; x_wconf 89' lang='lat' dir='ltr'>annorum</span> 
     </span>
    </p>
   </div>
   <div class='ocr_carea' id='block_1_74' title="bbox 526 5376 2188 5457">
    <p class='ocr_par' dir='ltr' id='par_1_74' title="bbox 526 5376 2188 5457">
     <span class='ocr_line' id='line_1_74' title="bbox 526 5376 2188 5457; baseline 0.01 -27"><span class='ocrx_word' id='word_1_554' title='bbox 526 5376 830 5445; x_wconf 88' lang='lat' dir='ltr'>octoginta</span> <span class='ocrx_word' id='word_1_555' title='bbox 857 5379 1095 5450; x_wconf 64' lang='lat' dir='ltr'>paenale</span> <span class='ocrx_word' id='word_1_556' title='bbox 1127 5381 1484 5452; x_wconf 83' lang='lat' dir='ltr'>periculum.</span> <span class='ocrx_word' id='word_1_557' title='bbox 1557 5387 1804 5443; x_wconf 85' lang='lat' dir='ltr'>Perinde</span> <span class='ocrx_word' id='word_1_558' title='bbox 1863 5404 2010 5457; x_wconf 88' lang='lat' dir='ltr'>rogo</span> <span class='ocrx_word' id='word_1_559' title='bbox 2045 5395 2095 5445; x_wconf 89' lang='lat' dir='ltr'>te</span> <span class='ocrx_word' id='word_1_560' title='bbox 2127 5390 2188 5446; x_wconf 90' lang='lat' dir='ltr'>in</span> 
     </span>
    </p>
   </div>
   <div class='ocr_carea' id='block_1_75' title="bbox 527 5467 2188 5546">
    <p class='ocr_par' dir='ltr' id='par_1_75' title="bbox 527 5467 2188 5546">
     <span class='ocr_line' id='line_1_75' title="bbox 527 5467 2188 5546; baseline 0.008 -24"><span class='ocrx_word' id='word_1_561' title='bbox 527 5467 772 5522; x_wconf 90' lang='lat' dir='ltr'>nomine</span> <span class='ocrx_word' id='word_1_562' title='bbox 795 5470 936 5523; x_wconf 85' lang='lat' dir='ltr'>Jesu</span> <span class='ocrx_word' id='word_1_563' title='bbox 966 5469 1178 5526; x_wconf 87' lang='lat' dir='ltr'>Christi</span> <span class='ocrx_word' id='word_1_564' title='bbox 1210 5471 1532 5529; x_wconf 73' lang='lat' dir='ltr'>Salvatoris</span> <span class='ocrx_word' id='word_1_565' title='bbox 1556 5475 1850 5546; x_wconf 90' lang='lat' dir='ltr'>omnium,</span> <span class='ocrx_word' id='word_1_566' title='bbox 1884 5493 1957 5533; x_wconf 90' lang='lat' dir='ltr'>ne</span> <span class='ocrx_word' id='word_1_567' title='bbox 1983 5495 2188 5535; x_wconf 90' lang='lat' dir='ltr'>meam</span> 
     </span>
    </p>
   </div>
   <div class='ocr_carea' id='block_1_76' title="bbox 598 5647 1028 5716">
    <p class='ocr_par' dir='ltr' id='par_1_76' title="bbox 598 5647 1028 5716">
     <span class='ocr_line' id='line_1_76' title="bbox 598 5647 1028 5716; baseline 0.012 -17"><span class='ocrx_word' id='word_1_568' title='bbox 598 5647 746 5716; x_wconf 81' lang='lat'><strong>(269)</strong></span> <span class='ocrx_word' id='word_1_569' title='bbox 783 5647 964 5715; x_wconf 83' lang='lat' dir='ltr'>Soph.</span> <span class='ocrx_word' id='word_1_570' title='bbox 989 5662 1028 5704; x_wconf 86' lang='grc' dir='ltr'>ι.</span> 
     </span>
    </p>
   </div>
   <div class='ocr_carea' id='block_1_77' title="bbox 2286 1745 3799 1817">
    <p class='ocr_par' dir='ltr' id='par_1_77' title="bbox 2286 1745 3799 1817">
     <span class='ocr_line' id='line_1_77' title="bbox 2286 1745 3799 1817; baseline -0.004 -15"><span class='ocrx_word' id='word_1_571' title='bbox 2286 1751 2645 1809; x_wconf 84' lang='lat' dir='ltr'>ventassent,</span> <span class='ocrx_word' id='word_1_572' title='bbox 2679 1762 2983 1816; x_wconf 89' lang='lat' dir='ltr'>regressus</span> <span class='ocrx_word' id='word_1_573' title='bbox 3010 1751 3100 1801; x_wconf 90' lang='lat' dir='ltr'>est</span> <span class='ocrx_word' id='word_1_574' title='bbox 3128 1746 3311 1800; x_wconf 91' lang='lat' dir='ltr'>homo</span> <span class='ocrx_word' id='word_1_575' title='bbox 3327 1745 3799 1817; x_wconf 68' lang='lat' dir='ltr'>etpraasentiacanum</span> 
     </span>
    </p>
   </div>
   <div class='ocr_carea' id='block_1_78' title="bbox 2287 1833 3802 1909">
    <p class='ocr_par' dir='ltr' id='par_1_78' title="bbox 2287 1833 3802 1909">
     <span class='ocr_line' id='line_1_78' title="bbox 2287 1833 3802 1909; baseline -0.003 -19"><span class='ocrx_word' id='word_1_576' title='bbox 2287 1836 2538 1909; x_wconf 91' lang='lat' dir='ltr'>placans</span> <span class='ocrx_word' id='word_1_577' title='bbox 2593 1835 2845 1891; x_wconf 90' lang='lat' dir='ltr'>dominu</span> <span class='ocrx_word' id='word_1_578' title='bbox 2873 1855 2907 1889; x_wconf 60' lang='grc' dir='ltr'>ις</span> <span class='ocrx_word' id='word_1_579' title='bbox 2952 1852 3156 1902; x_wconf 90' lang='lat' dir='ltr'>suum,</span> <span class='ocrx_word' id='word_1_580' title='bbox 3217 1851 3352 1890; x_wconf 92' lang='lat' dir='ltr'>cum</span> <span class='ocrx_word' id='word_1_581' title='bbox 3400 1833 3704 1888; x_wconf 84' lang='lat' dir='ltr'>festinatione</span> <span class='ocrx_word' id='word_1_582' title='bbox 3737 1833 3802 1885; x_wconf 74' lang='lat' dir='ltr'>ibat</span> 
     </span>
    </p>
   </div>
   <div class='ocr_carea' id='block_1_79' title="bbox 2289 1921 3799 1996">
    <p class='ocr_par' dir='ltr' id='par_1_79' title="bbox 2289 1921 3799 1996">
     <span class='ocr_line' id='line_1_79' title="bbox 2289 1921 3799 1996; baseline -0.005 -15"><span class='ocrx_word' id='word_1_583' title='bbox 2289 1925 2367 1981; x_wconf 89' lang='lat' dir='ltr'>ad</span> <span class='ocrx_word' id='word_1_584' title='bbox 2396 1925 2642 1981; x_wconf 90' lang='lat' dir='ltr'>viduam</span> <span class='ocrx_word' id='word_1_585' title='bbox 2671 1930 2728 1980; x_wconf 91' lang='lat' dir='ltr'>et</span> <span class='ocrx_word' id='word_1_586' title='bbox 2757 1925 2833 1981; x_wconf 91' lang='lat' dir='ltr'>ad</span> <span class='ocrx_word' id='word_1_587' title='bbox 2863 1924 3016 1980; x_wconf 84' lang='lat' dir='ltr'>tilios</span> <span class='ocrx_word' id='word_1_588' title='bbox 3047 1924 3206 1979; x_wconf 88' lang='lat' dir='ltr'>illius</span> <span class='ocrx_word' id='word_1_589' title='bbox 3235 1939 3410 1996; x_wconf 90' lang='lat' dir='ltr'>quem</span> <span class='ocrx_word' id='word_1_590' title='bbox 3440 1923 3633 1978; x_wconf 89' lang='lat' dir='ltr'>noviter</span> <span class='ocrx_word' id='word_1_591' title='bbox 3669 1921 3799 1976; x_wconf 86' lang='lat' dir='ltr'>allocu-</span> 
     </span>
    </p>
   </div>
   <div class='ocr_carea' id='block_1_80' title="bbox 2290 2010 3802 2083">
    <p class='ocr_par' dir='ltr' id='par_1_80' title="bbox 2290 2010 3802 2083">
     <span class='ocr_line' id='line_1_80' title="bbox 2290 2010 3802 2083; baseline -0.005 -14"><span class='ocrx_word' id='word_1_592' title='bbox 2290 2019 2384 2069; x_wconf 91' lang='lat' dir='ltr'>tus</span> <span class='ocrx_word' id='word_1_593' title='bbox 2413 2019 2502 2070; x_wconf 92' lang='lat' dir='ltr'>est</span> <span class='ocrx_word' id='word_1_594' title='bbox 2529 2013 2812 2079; x_wconf 86' lang='lat' dir='ltr'>defuncti,</span> <span class='ocrx_word' id='word_1_595' title='bbox 2837 2029 2906 2069; x_wconf 90' lang='lat' dir='ltr'>ac</span> <span class='ocrx_word' id='word_1_596' title='bbox 2937 2012 3370 2068; x_wconf 89' lang='lat' dir='ltr'>indicabatillis</span> <span class='ocrx_word' id='word_1_597' title='bbox 3397 2027 3518 2083; x_wconf 74' lang='lat' dir='ltr'>qua:</span> <span class='ocrx_word' id='word_1_598' title='bbox 3561 2010 3755 2064; x_wconf 83' lang='lat' dir='ltr'>audierat</span> <span class='ocrx_word' id='word_1_599' title='bbox 3775 2017 3802 2060; x_wconf 68' lang='lat' dir='ltr'>et</span> 
     </span>
    </p>
   </div>
   <div class='ocr_carea' id='block_1_81' title="bbox 2289 2099 3799 2168">
    <p class='ocr_par' dir='ltr' id='par_1_81' title="bbox 2289 2099 3799 2168">
     <span class='ocr_line' id='line_1_81' title="bbox 2289 2099 3799 2168; baseline -0.005 -11"><span class='ocrx_word' id='word_1_600' title='bbox 2289 2103 2521 2159; x_wconf 90' lang='lat' dir='ltr'>viderat</span> <span class='ocrx_word' id='word_1_601' title='bbox 2543 2103 2605 2158; x_wconf 94' lang='lat' dir='ltr'>in</span> <span class='ocrx_word' id='word_1_602' title='bbox 2631 2103 2847 2158; x_wconf 90' lang='lat' dir='ltr'>abditis</span> <span class='ocrx_word' id='word_1_603' title='bbox 2906 2102 3148 2157; x_wconf 89' lang='lat' dir='ltr'>montis.</span> <span class='ocrx_word' id='word_1_604' title='bbox 3209 2101 3310 2167; x_wconf 89' lang='lat' dir='ltr'>Qui</span> <span class='ocrx_word' id='word_1_605' title='bbox 3366 2117 3514 2167; x_wconf 83' lang='lat' dir='ltr'>mox,</span> <span class='ocrx_word' id='word_1_606' title='bbox 3550 2099 3708 2154; x_wconf 84' lang='lat' dir='ltr'>ﬂentes</span> <span class='ocrx_word' id='word_1_607' title='bbox 3742 2113 3799 2168; x_wconf 71' lang='lat' dir='ltr'>pro</span> 
     </span>
    </p>
   </div>
   <div class='ocr_carea' id='block_1_82' title="bbox 2291 2188 3800 2264">
    <p class='ocr_par' dir='ltr' id='par_1_82' title="bbox 2291 2188 3800 2264">
     <span class='ocr_line' id='line_1_82' title="bbox 2291 2188 3800 2264; baseline -0.007 -18"><span class='ocrx_word' id='word_1_608' title='bbox 2291 2191 2454 2248; x_wconf 91' lang='lat' dir='ltr'>malo</span> <span class='ocrx_word' id='word_1_609' title='bbox 2484 2192 2648 2264; x_wconf 88' lang='lat' dir='ltr'>quod</span> <span class='ocrx_word' id='word_1_610' title='bbox 2674 2191 2897 2247; x_wconf 86' lang='lat' dir='ltr'>factum</span> <span class='ocrx_word' id='word_1_611' title='bbox 2929 2194 3037 2259; x_wconf 89' lang='lat' dir='ltr'>est,</span> <span class='ocrx_word' id='word_1_612' title='bbox 3067 2188 3468 2262; x_wconf 67' lang='lat' dir='ltr'>paenitentiam</span> <span class='ocrx_word' id='word_1_613' title='bbox 3517 2193 3722 2257; x_wconf 87' lang='lat' dir='ltr'>egerunt.</span> <span class='ocrx_word' id='word_1_614' title='bbox 3744 2201 3800 2237; x_wconf 68' lang='lat' dir='ltr'>nec</span> 
     </span>
    </p>
   </div>
   <div class='ocr_carea' id='block_1_83' title="bbox 2290 2275 3799 2352">
    <p class='ocr_par' dir='ltr' id='par_1_83' title="bbox 2290 2275 3799 2352">
     <span class='ocr_line' id='line_1_83' title="bbox 2290 2275 3799 2352; baseline -0.006 -17"><span class='ocrx_word' id='word_1_615' title='bbox 2290 2297 2412 2336; x_wconf 91' lang='lat' dir='ltr'>non</span> <span class='ocrx_word' id='word_1_616' title='bbox 2463 2280 2857 2352; x_wconf 80' lang='lat' dir='ltr'>eleemosynis</span> <span class='ocrx_word' id='word_1_617' title='bbox 2903 2279 3175 2334; x_wconf 89' lang='lat' dir='ltr'>animam</span> <span class='ocrx_word' id='word_1_618' title='bbox 3228 2277 3499 2333; x_wconf 87' lang='lat' dir='ltr'>redimere</span> <span class='ocrx_word' id='word_1_619' title='bbox 3548 2275 3799 2330; x_wconf 83' lang='lat' dir='ltr'>festinarunt</span> 
     </span>
    </p>
   </div>
   <div class='ocr_carea' id='block_1_84' title="bbox 2288 2361 3800 2442">
    <p class='ocr_par' dir='ltr' id='par_1_84' title="bbox 2288 2361 3800 2442">
     <span class='ocr_line' id='line_1_84' title="bbox 2288 2361 3800 2442; baseline -0.008 -18"><span class='ocrx_word' id='word_1_620' title='bbox 2288 2369 2605 2425; x_wconf 90' lang='lat' dir='ltr'>reddentes</span> <span class='ocrx_word' id='word_1_621' title='bbox 2637 2369 2931 2442; x_wconf 67' lang='lat' dir='ltr'>praedium</span> <span class='ocrx_word' id='word_1_622' title='bbox 2960 2368 3043 2422; x_wconf 90' lang='lat' dir='ltr'>eis</span> <span class='ocrx_word' id='word_1_623' title='bbox 3074 2367 3149 2422; x_wconf 91' lang='lat' dir='ltr'>de</span> <span class='ocrx_word' id='word_1_624' title='bbox 3179 2366 3395 2438; x_wconf 86' lang='lat' dir='ltr'>quibus</span> <span class='ocrx_word' id='word_1_625' title='bbox 3415 2363 3729 2420; x_wconf 86' lang='lat' dir='ltr'>mandaverat</span> <span class='ocrx_word' id='word_1_626' title='bbox 3745 2361 3800 2429; x_wconf 86' lang='lat' dir='ltr'>qui</span> 
     </span>
    </p>
   </div>
   <div class='ocr_carea' id='block_1_85' title="bbox 2289 2449 3798 2530">
    <p class='ocr_par' dir='ltr' id='par_1_85' title="bbox 2289 2449 3798 2530">
     <span class='ocr_line' id='line_1_85' title="bbox 2289 2449 3798 2530; baseline -0.008 -17"><span class='ocrx_word' id='word_1_627' title='bbox 2289 2463 2418 2513; x_wconf 90' lang='lat' dir='ltr'>erat</span> <span class='ocrx_word' id='word_1_628' title='bbox 2441 2459 2502 2513; x_wconf 93' lang='lat' dir='ltr'>in</span> <span class='ocrx_word' id='word_1_629' title='bbox 2534 2458 2744 2530; x_wconf 72' lang='lat' dir='ltr'>pmnis.</span> <span class='ocrx_word' id='word_1_630' title='bbox 2775 2461 2935 2513; x_wconf 87' lang='lat' dir='ltr'>Tunc</span> <span class='ocrx_word' id='word_1_631' title='bbox 2964 2462 3182 2525; x_wconf 90' lang='lat' dir='ltr'>rogatu</span> <span class='ocrx_word' id='word_1_632' title='bbox 3207 2455 3467 2511; x_wconf 89' lang='lat' dir='ltr'>omnium</span> <span class='ocrx_word' id='word_1_633' title='bbox 3487 2465 3726 2509; x_wconf 83' lang='lat' dir='ltr'>recurrens</span> <span class='ocrx_word' id='word_1_634' title='bbox 3745 2449 3798 2501; x_wconf 71' lang='lat' dir='ltr'>llo-</span> 
     </span>
    </p>
   </div>
   <div class='ocr_carea' id='block_1_86' title="bbox 2290 2536 3801 2619">
    <p class='ocr_par' dir='ltr' id='par_1_86' title="bbox 2290 2536 3801 2619">
     <span class='ocr_line' id='line_1_86' title="bbox 2290 2536 3801 2619; baseline -0.009 -16"><span class='ocrx_word' id='word_1_635' title='bbox 2290 2564 2392 2603; x_wconf 87' lang='lat' dir='ltr'>mo</span> <span class='ocrx_word' id='word_1_636' title='bbox 2423 2548 2501 2603; x_wconf 91' lang='lat' dir='ltr'>ad</span> <span class='ocrx_word' id='word_1_637' title='bbox 2532 2553 2796 2603; x_wconf 88' lang='lat' dir='ltr'>montem</span> <span class='ocrx_word' id='word_1_638' title='bbox 2830 2547 2932 2602; x_wconf 86' lang='lat' dir='ltr'>ubi</span> <span class='ocrx_word' id='word_1_639' title='bbox 2975 2547 3347 2619; x_wconf 86' lang='lat' dir='ltr'>promissum</span> <span class='ocrx_word' id='word_1_640' title='bbox 3403 2547 3615 2616; x_wconf 62' lang='lat' dir='ltr'>sperata:</span> <span class='ocrx_word' id='word_1_641' title='bbox 3656 2536 3801 2594; x_wconf 83' lang='lat' dir='ltr'>absolu-</span> 
     </span>
    </p>
   </div>
   <div class='ocr_carea' id='block_1_87' title="bbox 2292 2631 3798 2708">
    <p class='ocr_par' dir='ltr' id='par_1_87' title="bbox 2292 2631 3798 2708">
     <span class='ocr_line' id='line_1_87' title="bbox 2292 2631 3798 2708; baseline -0.006 -17"><span class='ocrx_word' id='word_1_642' title='bbox 2292 2637 2466 2691; x_wconf 90' lang='lat' dir='ltr'>tionis</span> <span class='ocrx_word' id='word_1_643' title='bbox 2497 2637 2743 2708; x_wconf 88' lang='lat' dir='ltr'>accepit,</span> <span class='ocrx_word' id='word_1_644' title='bbox 2784 2652 2891 2708; x_wconf 88' lang='lat' dir='ltr'>per</span> <span class='ocrx_word' id='word_1_645' title='bbox 2941 2636 3256 2690; x_wconf 77' lang='lat' dir='ltr'>immensae</span> <span class='ocrx_word' id='word_1_646' title='bbox 3286 2633 3501 2707; x_wconf 82' lang='lat' dir='ltr'>pietatis</span> <span class='ocrx_word' id='word_1_647' title='bbox 3550 2631 3728 2690; x_wconf 86' lang='lat' dir='ltr'>fontem,</span> <span class='ocrx_word' id='word_1_648' title='bbox 3759 2639 3798 2677; x_wconf 71' lang='lat' dir='ltr'>ne</span> 
     </span>
    </p>
   </div>
   <div class='ocr_carea' id='block_1_88' title="bbox 2291 2715 3799 2780">
    <p class='ocr_par' dir='ltr' id='par_1_88' title="bbox 2291 2715 3799 2780">
     <span class='ocr_line' id='line_1_88' title="bbox 2291 2715 3799 2780; baseline -0.01 0"><span class='ocrx_word' id='word_1_649' title='bbox 2291 2725 2404 2780; x_wconf 92' lang='lat' dir='ltr'>sibi</span> <span class='ocrx_word' id='word_1_650' title='bbox 2459 2724 2716 2780; x_wconf 89' lang='lat' dir='ltr'>solitudo</span> <span class='ocrx_word' id='word_1_651' title='bbox 2773 2730 2830 2779; x_wconf 89' lang='lat' dir='ltr'>et</span> <span class='ocrx_word' id='word_1_652' title='bbox 2884 2724 3145 2779; x_wconf 57' lang='lat' dir='ltr'>tenebrae</span> <span class='ocrx_word' id='word_1_653' title='bbox 3209 2722 3405 2778; x_wconf 92' lang='lat' dir='ltr'>terrori</span> <span class='ocrx_word' id='word_1_654' title='bbox 3452 2725 3616 2775; x_wconf 86' lang='lat' dir='ltr'>essent</span> <span class='ocrx_word' id='word_1_655' title='bbox 3647 2721 3686 2769; x_wconf 88' lang='lat' dir='ltr'>et</span> <span class='ocrx_word' id='word_1_656' title='bbox 3723 2715 3799 2767; x_wconf 85' lang='lat' dir='ltr'>hor-</span> 
     </span>
    </p>
   </div>
   <div class='ocr_carea' id='block_1_89' title="bbox 2288 2803 3797 2884">
    <p class='ocr_par' dir='ltr' id='par_1_89' title="bbox 2288 2803 3797 2884">
     <span class='ocr_line' id='line_1_89' title="bbox 2288 2803 3797 2884; baseline -0.008 -16"><span class='ocrx_word' id='word_1_657' title='bbox 2288 2815 2429 2882; x_wconf 87' lang='lat' dir='ltr'>rori,</span> <span class='ocrx_word' id='word_1_658' title='bbox 2463 2814 2787 2884; x_wconf 87' lang='lat' dir='ltr'>assumptis</span> <span class='ocrx_word' id='word_1_659' title='bbox 2818 2813 3144 2868; x_wconf 89' lang='lat' dir='ltr'>comitibus</span> <span class='ocrx_word' id='word_1_660' title='bbox 3180 2829 3317 2866; x_wconf 91' lang='lat' dir='ltr'>cum</span> <span class='ocrx_word' id='word_1_661' title='bbox 3345 2809 3543 2866; x_wconf 88' lang='lat' dir='ltr'>lumine</span> <span class='ocrx_word' id='word_1_662' title='bbox 3567 2803 3749 2869; x_wconf 86' lang='lat' dir='ltr'>intravit,</span> <span class='ocrx_word' id='word_1_663' title='bbox 3768 2804 3797 2852; x_wconf 80' lang='lat' dir='ltr'>et</span> 
     </span>
    </p>
   </div>
   <div class='ocr_carea' id='block_1_90' title="bbox 2291 2889 3797 2980">
    <p class='ocr_par' dir='ltr' id='par_1_90' title="bbox 2291 2889 3797 2980">
     <span class='ocr_line' id='line_1_90' title="bbox 2291 2889 3797 2980; baseline -0.009 -22"><span class='ocrx_word' id='word_1_664' title='bbox 2291 2902 2544 2958; x_wconf 91' lang='lat' dir='ltr'>alterum</span> <span class='ocrx_word' id='word_1_665' title='bbox 2575 2903 2854 2974; x_wconf 82' lang='lat' dir='ltr'>praedicto</span> <span class='ocrx_word' id='word_1_666' title='bbox 2882 2902 3056 2972; x_wconf 87' lang='lat' dir='ltr'>signo</span> <span class='ocrx_word' id='word_1_667' title='bbox 3089 2900 3427 2956; x_wconf 87' lang='lat' dir='ltr'>absolutum</span> <span class='ocrx_word' id='word_1_668' title='bbox 3453 2897 3696 2959; x_wconf 87' lang='lat' dir='ltr'>invenit,et</span> 
     </span>
    </p>
   </div>
   <div class='ocr_carea' id='block_1_91' title="bbox 2290 2975 3796 3060">
    <p class='ocr_par' dir='ltr' id='par_1_91' title="bbox 2290 2975 3796 3060">
     <span class='ocr_line' id='line_1_91' title="bbox 2290 2975 3796 3060; baseline -0.009 -13"><span class='ocrx_word' id='word_1_669' title='bbox 2290 3008 2426 3047; x_wconf 92' lang='lat' dir='ltr'>rum</span> <span class='ocrx_word' id='word_1_670' title='bbox 2459 2993 2518 3046; x_wconf 92' lang='lat' dir='ltr'>in</span> <span class='ocrx_word' id='word_1_671' title='bbox 2573 2991 2960 3060; x_wconf 87' lang='lat' dir='ltr'>castigatione</span> <span class='ocrx_word' id='word_1_672' title='bbox 3017 2989 3366 3046; x_wconf 74' lang='lat' dir='ltr'>derelictum</span> <span class='ocrx_word' id='word_1_673' title='bbox 3401 3001 3508 3042; x_wconf 92' lang='lat' dir='ltr'>non</span> <span class='ocrx_word' id='word_1_674' title='bbox 3545 2983 3688 3038; x_wconf 91' lang='lat' dir='ltr'>solum</span> <span class='ocrx_word' id='word_1_675' title='bbox 3717 2975 3796 3030; x_wconf 71' lang='lat' dir='ltr'>vidit</span> 
     </span>
    </p>
   </div>
   <div class='ocr_carea' id='block_1_92' title="bbox 2293 3066 3792 3137">
    <p class='ocr_par' dir='ltr' id='par_1_92' title="bbox 2293 3066 3792 3137">
     <span class='ocr_line' id='line_1_92' title="bbox 2293 3066 3792 3137; baseline -0.013 -2"><span class='ocrx_word' id='word_1_676' title='bbox 2293 3082 2398 3136; x_wconf 91' lang='lat' dir='ltr'>sed</span> <span class='ocrx_word' id='word_1_677' title='bbox 2430 3082 2609 3137; x_wconf 89' lang='lat' dir='ltr'>etiam</span> <span class='ocrx_word' id='word_1_678' title='bbox 2638 3080 2862 3136; x_wconf 91' lang='lat' dir='ltr'>invidit.</span> <span class='ocrx_word' id='word_1_679' title='bbox 2899 3080 3112 3135; x_wconf 89' lang='lat' dir='ltr'>Exiens</span> <span class='ocrx_word' id='word_1_680' title='bbox 3153 3095 3296 3135; x_wconf 82' lang='lat' dir='ltr'>vero</span> <span class='ocrx_word' id='word_1_681' title='bbox 3349 3077 3475 3132; x_wconf 90' lang='lat' dir='ltr'>inde</span> <span class='ocrx_word' id='word_1_682' title='bbox 3516 3075 3634 3129; x_wconf 87' lang='lat' dir='ltr'>inter</span> <span class='ocrx_word' id='word_1_683' title='bbox 3669 3066 3792 3122; x_wconf 69' lang='lat' dir='ltr'>tiueles</span> 
     </span>
    </p>
   </div>
   <div class='ocr_carea' id='block_1_93' title="bbox 2293 3165 3559 3239">
    <p class='ocr_par' dir='ltr' id='par_1_93' title="bbox 2293 3165 3559 3239">
     <span class='ocr_line' id='line_1_93' title="bbox 2293 3165 3559 3239; baseline -0.006 -14"><span class='ocrx_word' id='word_1_684' title='bbox 2293 3168 2602 3239; x_wconf 87' lang='lat' dir='ltr'>divulgare</span> <span class='ocrx_word' id='word_1_685' title='bbox 2631 3168 2856 3224; x_wconf 91' lang='lat' dir='ltr'>studuit</span> <span class='ocrx_word' id='word_1_686' title='bbox 2884 3167 3218 3236; x_wconf 86' lang='lat' dir='ltr'>gratiarum</span> <span class='ocrx_word' id='word_1_687' title='bbox 3249 3165 3510 3221; x_wconf 87' lang='lat' dir='ltr'>actiones.</span> <span class='ocrx_word' id='word_1_688' title='bbox 3539 3185 3559 3207; x_wconf 84' lang='lat'>»</span> 
     </span>
    </p>
   </div>
   <div class='ocr_carea' id='block_1_94' title="bbox 2912 3258 3730 3336">
    <p class='ocr_par' dir='ltr' id='par_1_94' title="bbox 2912 3258 3730 3336">
     <span class='ocr_line' id='line_1_94' title="bbox 2912 3258 3730 3336; baseline -0.009 -23"><span class='ocrx_word' id='word_1_689' title='bbox 2912 3258 3341 3313; x_wconf 79' lang='lat' dir='ltr'>Ammonicius.</span> <span class='ocrx_word' id='word_1_690' title='bbox 3726 3331 3730 3336; x_wconf 76' lang='lat'><strong><em>_</em></strong></span> 
     </span>
    </p>
   </div>
   <div class='ocr_carea' id='block_1_95' title="bbox 2367 3337 3792 3422">
    <p class='ocr_par' dir='ltr' id='par_1_95' title="bbox 2367 3337 3792 3422">
     <span class='ocr_line' id='line_1_95' title="bbox 2367 3337 3792 3422; baseline -0.002 -24"><span class='ocrx_word' id='word_1_691' title='bbox 2367 3372 2395 3398; x_wconf 82' lang='grc'>‹‹</span> <span class='ocrx_word' id='word_1_692' title='bbox 2429 3348 2580 3413; x_wconf 88' lang='lat' dir='ltr'>Quid</span> <span class='ocrx_word' id='word_1_693' title='bbox 2612 3347 2726 3403; x_wconf 92' lang='lat' dir='ltr'>sibi</span> <span class='ocrx_word' id='word_1_694' title='bbox 2754 3347 2881 3402; x_wconf 84' lang='lat' dir='ltr'>vult</span> <span class='ocrx_word' id='word_1_695' title='bbox 2904 3347 3019 3402; x_wconf 92' lang='lat' dir='ltr'>hoc</span> <span class='ocrx_word' id='word_1_696' title='bbox 3048 3347 3300 3419; x_wconf 88' lang='lat' dir='ltr'>quodin</span> <span class='ocrx_word' id='word_1_697' title='bbox 3329 3341 3621 3418; x_wconf 74' lang='lat' dir='ltr'>purgatoria</span> <span class='ocrx_word' id='word_1_698' title='bbox 3640 3337 3792 3422; x_wconf 40' lang='lat' dir='ltr'>cast?</span> 
     </span>
    </p>
   </div>
   <div class='ocr_carea' id='block_1_96' title="bbox 2293 3420 3788 3513">
    <p class='ocr_par' dir='ltr' id='par_1_96' title="bbox 2293 3420 3788 3513">
     <span class='ocr_line' id='line_1_96' title="bbox 2293 3420 3788 3513; baseline -0.011 -19"><span class='ocrx_word' id='word_1_699' title='bbox 2293 3439 2452 3494; x_wconf 90' lang='lat' dir='ltr'>tione</span> <span class='ocrx_word' id='word_1_700' title='bbox 2483 3437 2714 3495; x_wconf 62' lang='lat' dir='ltr'>tributae</span> <span class='ocrx_word' id='word_1_701' title='bbox 2746 3437 2945 3492; x_wconf 80' lang='lat' dir='ltr'>ferreae</span> <span class='ocrx_word' id='word_1_702' title='bbox 2986 3443 3130 3492; x_wconf 87' lang='lat' dir='ltr'>sunt</span> <span class='ocrx_word' id='word_1_703' title='bbox 3159 3435 3321 3498; x_wconf 80' lang='lat' dir='ltr'>visae,</span> <span class='ocrx_word' id='word_1_704' title='bbox 3365 3450 3430 3489; x_wconf 90' lang='lat' dir='ltr'>ac</span> <span class='ocrx_word' id='word_1_705' title='bbox 3479 3426 3671 3486; x_wconf 82' lang='lat' dir='ltr'>exhibita</span> <span class='ocrx_word' id='word_1_706' title='bbox 3703 3420 3788 3513; x_wconf 39' lang='lat' dir='ltr'>lat-It:</span> 
     </span>
    </p>
   </div>
   <div class='ocr_carea' id='block_1_97' title="bbox 2294 3505 3779 3603">
    <p class='ocr_par' dir='ltr' id='par_1_97' title="bbox 2294 3505 3779 3603">
     <span class='ocr_line' id='line_1_97' title="bbox 2294 3505 3779 3603; baseline -0.015 -16"><span class='ocrx_word' id='word_1_707' title='bbox 2294 3529 2442 3584; x_wconf 90' lang='lat' dir='ltr'>dum</span> <span class='ocrx_word' id='word_1_708' title='bbox 2475 3528 2732 3597; x_wconf 87' lang='lat' dir='ltr'>ﬂagella,</span> <span class='ocrx_word' id='word_1_709' title='bbox 2761 3543 2871 3582; x_wconf 89' lang='lat' dir='ltr'>nec</span> <span class='ocrx_word' id='word_1_710' title='bbox 2898 3542 3021 3582; x_wconf 91' lang='lat' dir='ltr'>non</span> <span class='ocrx_word' id='word_1_711' title='bbox 3051 3526 3312 3582; x_wconf 88' lang='lat' dir='ltr'>duorum</span> <span class='ocrx_word' id='word_1_712' title='bbox 3337 3522 3546 3596; x_wconf 90' lang='lat' dir='ltr'>parium</span> <span class='ocrx_word' id='word_1_713' title='bbox 3564 3505 3779 3603; x_wconf 53' lang='lat' dir='ltr'>alterestitii</span> 
     </span>
    </p>
   </div>
   <div class='ocr_carea' id='block_1_98' title="bbox 2293 3593 3774 3688">
    <p class='ocr_par' dir='ltr' id='par_1_98' title="bbox 2293 3593 3774 3688">
     <span class='ocr_line' id='line_1_98' title="bbox 2293 3593 3774 3688; baseline -0.011 -15"><span class='ocrx_word' id='word_1_714' title='bbox 2293 3618 2550 3687; x_wconf 91' lang='lat' dir='ltr'>relictus,</span> <span class='ocrx_word' id='word_1_715' title='bbox 2562 3593 2730 3672; x_wconf 40' lang='lat' dir='ltr'>&#39;alter</span> <span class='ocrx_word' id='word_1_716' title='bbox 2759 3615 3005 3688; x_wconf 90' lang='lat' dir='ltr'>quidem</span> <span class='ocrx_word' id='word_1_717' title='bbox 3035 3631 3146 3687; x_wconf 91' lang='lat' dir='ltr'>per</span> <span class='ocrx_word' id='word_1_718' title='bbox 3177 3593 3580 3669; x_wconf 77' lang='lat' dir='ltr'>absolutionem</span> <span class='ocrx_word' id='word_1_719' title='bbox 3615 3607 3666 3656; x_wconf 74' lang='lat' dir='ltr'>est</span> <span class='ocrx_word' id='word_1_720' title='bbox 3695 3593 3774 3650; x_wconf 62' lang='lat' dir='ltr'>inde</span> 
     </span>
    </p>
   </div>
   <div class='ocr_carea' id='block_1_99' title="bbox 2293 3692 3778 3775">
    <p class='ocr_par' dir='ltr' id='par_1_99' title="bbox 2293 3692 3778 3775">
     <span class='ocr_line' id='line_1_99' title="bbox 2293 3692 3778 3775; baseline -0.013 -13"><span class='ocrx_word' id='word_1_721' title='bbox 2293 3707 2566 3762; x_wconf 89' lang='lat' dir='ltr'>sublatus</span> <span class='ocrx_word' id='word_1_722' title='bbox 2593 3707 2622 3761; x_wconf 84' lang='lat'>‘?</span> <span class='ocrx_word' id='word_1_723' title='bbox 2671 3705 2910 3770; x_wconf 86' lang='lat' dir='ltr'>Questio</span> <span class='ocrx_word' id='word_1_724' title='bbox 2964 3703 3268 3775; x_wconf 91' lang='lat' dir='ltr'>siquidem</span> <span class='ocrx_word' id='word_1_725' title='bbox 3311 3707 3366 3757; x_wconf 90' lang='lat' dir='ltr'>et</span> <span class='ocrx_word' id='word_1_726' title='bbox 3405 3692 3652 3754; x_wconf 86' lang='lat' dir='ltr'>admiratio</span> <span class='ocrx_word' id='word_1_727' title='bbox 3676 3695 3778 3775; x_wconf 44' lang='lat' dir='ltr'>sui)?</span> 
     </span>
    </p>
   </div>
   <div class='ocr_carea' id='block_1_100' title="bbox 2292 3774 3783 3866">
    <p class='ocr_par' dir='ltr' id='par_1_100' title="bbox 2292 3774 3783 3866">
     <span class='ocr_line' id='line_1_100' title="bbox 2292 3774 3783 3866; baseline -0.017 -16"><span class='ocrx_word' id='word_1_728' title='bbox 2292 3794 2644 3866; x_wconf 82' lang='lat' dir='ltr'>hujusmodi</span> <span class='ocrx_word' id='word_1_729' title='bbox 2660 3795 2839 3849; x_wconf 89' lang='lat' dir='ltr'>rebus</span> <span class='ocrx_word' id='word_1_730' title='bbox 2869 3774 3074 3863; x_wconf 76' lang='lat' dir='ltr'>digna,</span> <span class='ocrx_word' id='word_1_731' title='bbox 3099 3797 3259 3848; x_wconf 90' lang='lat' dir='ltr'>certa</span> <span class='ocrx_word' id='word_1_732' title='bbox 3279 3791 3549 3862; x_wconf 86' lang='lat' dir='ltr'>exspectat</span> <span class='ocrx_word' id='word_1_733' title='bbox 3584 3774 3783 3835; x_wconf 55' lang='lat' dir='ltr'>absolutio</span> 
     </span>
    </p>
   </div>
   <div class='ocr_carea' id='block_1_101' title="bbox 2294 3884 2656 3951">
    <p class='ocr_par' dir='ltr' id='par_1_101' title="bbox 2294 3884 2656 3951">
     <span class='ocr_line' id='line_1_101' title="bbox 2294 3884 2656 3951; baseline -0.003 -12"><span class='ocrx_word' id='word_1_734' title='bbox 2294 3884 2386 3939; x_wconf 88' lang='lat' dir='ltr'>nis</span> <span class='ocrx_word' id='word_1_735' title='bbox 2426 3884 2656 3951; x_wconf 80' lang='lat' dir='ltr'>signa.»</span> 
     </span>
    </p>
   </div>
   <div class='ocr_carea' id='block_1_102' title="bbox 2928 3973 3320 4028">
    <p class='ocr_par' dir='ltr' id='par_1_102' title="bbox 2928 3973 3320 4028">
     <span class='ocr_line' id='line_1_102' title="bbox 2928 3973 3320 4028; baseline -0.008 -1"><span class='ocrx_word' id='word_1_736' title='bbox 2928 3973 3320 4028; x_wconf 76' lang='lat' dir='ltr'>Collectitius.</span> 
     </span>
    </p>
   </div>
   <div class='ocr_carea' id='block_1_103' title="bbox 2366 4047 3790 4131">
    <p class='ocr_par' dir='ltr' id='par_1_103' title="bbox 2366 4047 3790 4131">
     <span class='ocr_line' id='line_1_103' title="bbox 2366 4047 3790 4131; baseline -0.009 -14"><span class='ocrx_word' id='word_1_737' title='bbox 2366 4087 2393 4111; x_wconf 81' lang='grc'>‹‹</span> <span class='ocrx_word' id='word_1_738' title='bbox 2430 4064 2485 4119; x_wconf 94' lang='lat' dir='ltr'>Si</span> <span class='ocrx_word' id='word_1_739' title='bbox 2511 4061 2711 4131; x_wconf 87' lang='lat' dir='ltr'>velles,</span> <span class='ocrx_word' id='word_1_740' title='bbox 2744 4077 2780 4114; x_wconf 94' lang='grc' dir='ltr'>ο</span> <span class='ocrx_word' id='word_1_741' title='bbox 2810 4059 3168 4126; x_wconf 70' lang='grc' dir='ltr'>Αωιηοηὶοἱ,</span> <span class='ocrx_word' id='word_1_742' title='bbox 3202 4061 3490 4114; x_wconf 89' lang='lat' dir='ltr'>contentus</span> <span class='ocrx_word' id='word_1_743' title='bbox 3529 4061 3627 4104; x_wconf 77' lang='lat' dir='ltr'>esse</span> <span class='ocrx_word' id='word_1_744' title='bbox 3651 4047 3790 4131; x_wconf 55' lang='grc' dir='ltr'>ῐεωρίῖ·</span> 
     </span>
    </p>
   </div>
   <div class='ocr_carea' id='block_1_104' title="bbox 2295 4120 3793 4230">
    <p class='ocr_par' dir='ltr' id='par_1_104' title="bbox 2295 4120 3793 4230">
     <span class='ocr_line' id='line_1_104' title="bbox 2295 4120 3793 4230; baseline -0.025 -20"><span class='ocrx_word' id='word_1_745' title='bbox 2295 4168 2355 4206; x_wconf 84' lang='lat' dir='ltr'>re</span> <span class='ocrx_word' id='word_1_746' title='bbox 2369 4151 2566 4224; x_wconf 88' lang='lat' dir='ltr'>prisco</span> <span class='ocrx_word' id='word_1_747' title='bbox 2595 4149 2846 4222; x_wconf 91' lang='lat' dir='ltr'>scriptis,</span> <span class='ocrx_word' id='word_1_748' title='bbox 2886 4149 3051 4205; x_wconf 90' lang='lat' dir='ltr'>lectis</span> <span class='ocrx_word' id='word_1_749' title='bbox 3093 4153 3150 4203; x_wconf 91' lang='lat' dir='ltr'>et</span> <span class='ocrx_word' id='word_1_750' title='bbox 3187 4147 3354 4202; x_wconf 90' lang='lat' dir='ltr'>dictis</span> <span class='ocrx_word' id='word_1_751' title='bbox 3382 4146 3435 4199; x_wconf 91' lang='lat' dir='ltr'>in</span> <span class='ocrx_word' id='word_1_752' title='bbox 3459 4120 3793 4230; x_wconf 42' lang='lat' dir='ltr'>taliaque</span> 
     </span>
    </p>
   </div>
   <div class='ocr_carea' id='block_1_105' title="bbox 2297 4221 3794 4307">
    <p class='ocr_par' dir='ltr' id='par_1_105' title="bbox 2297 4221 3794 4307">
     <span class='ocr_line' id='line_1_105' title="bbox 2297 4221 3794 4307; baseline -0.005 -13"><span class='ocrx_word' id='word_1_753' title='bbox 2297 4221 2516 4295; x_wconf 80' lang='lat' dir='ltr'>talibus</span> <span class='ocrx_word' id='word_1_754' title='bbox 2547 4221 2728 4294; x_wconf 84' lang='lat' dir='ltr'>rebus</span> <span class='ocrx_word' id='word_1_755' title='bbox 2760 4239 3142 4293; x_wconf 90' lang='lat' dir='ltr'>inveniuntur</span> <span class='ocrx_word' id='word_1_756' title='bbox 3194 4236 3365 4300; x_wconf 87' lang='lat' dir='ltr'>edita,</span> <span class='ocrx_word' id='word_1_757' title='bbox 3403 4228 3549 4286; x_wconf 87' lang='lat' dir='ltr'>credo</span> <span class='ocrx_word' id='word_1_758' title='bbox 3583 4221 3654 4277; x_wconf 65' lang='lat' dir='ltr'>tibi</span> <span class='ocrx_word' id='word_1_759' title='bbox 3679 4223 3794 4307; x_wconf 55' lang='lat' dir='ltr'>P9559</span> 
     </span>
    </p>
   </div>
   <div class='ocr_carea' id='block_1_106' title="bbox 2296 4313 3789 4400">
    <p class='ocr_par' dir='ltr' id='par_1_106' title="bbox 2296 4313 3789 4400">
     <span class='ocr_line' id='line_1_106' title="bbox 2296 4313 3789 4400; baseline -0.023 -15"><span class='ocrx_word' id='word_1_760' title='bbox 2296 4329 2734 4384; x_wconf 89' lang='lat' dir='ltr'>absolutionem</span> <span class='ocrx_word' id='word_1_761' title='bbox 2781 4327 3073 4392; x_wconf 87' lang='lat' dir='ltr'>sufficere,</span> <span class='ocrx_word' id='word_1_762' title='bbox 3130 4343 3316 4400; x_wconf 86' lang='lat' dir='ltr'>quam</span> <span class='ocrx_word' id='word_1_763' title='bbox 3369 4323 3545 4378; x_wconf 71' lang='lat' dir='ltr'>beatus</span> <span class='ocrx_word' id='word_1_764' title='bbox 3577 4313 3789 4400; x_wconf 58' lang='lat' dir='ltr'>aeger-ius</span> 
     </span>
    </p>
   </div>
   <div class='ocr_carea' id='block_1_107' title="bbox 2294 4399 3797 4486">
    <p class='ocr_par' dir='ltr' id='par_1_107' title="bbox 2294 4399 3797 4486">
     <span class='ocr_line' id='line_1_107' title="bbox 2294 4399 3797 4486; baseline -0.033 7"><span class='ocrx_word' id='word_1_765' title='bbox 2294 4419 2356 4474; x_wconf 72' lang='lat' dir='ltr'>in</span> <span class='ocrx_word' id='word_1_766' title='bbox 2411 4417 2790 4486; x_wconf 71' lang='lat' dir='ltr'>Dial080mm</span> <span class='ocrx_word' id='word_1_767' title='bbox 2848 4415 3024 4485; x_wconf 87' lang='lat' dir='ltr'>libro,</span> <span class='ocrx_word' id='word_1_768' title='bbox 3093 4399 3550 4472; x_wconf 80' lang='lat' dir='ltr'>sciscitationibus</span> <span class='ocrx_word' id='word_1_769' title='bbox 3590 4399 3693 4452; x_wconf 81' lang='lat' dir='ltr'>Petri</span> <span class='ocrx_word' id='word_1_770' title='bbox 3738 4400 3797 4438; x_wconf 67' lang='grc' dir='ltr'>ξδ-</span> 
     </span>
    </p>
   </div>
   <div class='ocr_carea' id='block_1_108' title="bbox 2294 4486 3795 4581">
    <p class='ocr_par' dir='ltr' id='par_1_108' title="bbox 2294 4486 3795 4581">
     <span class='ocr_line' id='line_1_108' title="bbox 2294 4486 3795 4581; baseline -0.014 -19"><span class='ocrx_word' id='word_1_771' title='bbox 2294 4506 2617 4574; x_wconf 85' lang='lat' dir='ltr'>tisfaciens,</span> <span class='ocrx_word' id='word_1_772' title='bbox 2672 4505 2746 4560; x_wconf 88' lang='lat' dir='ltr'>de</span> <span class='ocrx_word' id='word_1_773' title='bbox 2795 4504 3014 4559; x_wconf 85' lang='lat' dir='ltr'>talibus</span> <span class='ocrx_word' id='word_1_774' title='bbox 3062 4503 3388 4560; x_wconf 90' lang='lat' dir='ltr'>visionibus</span> <span class='ocrx_word' id='word_1_775' title='bbox 3425 4497 3585 4581; x_wconf 8' lang='lat' dir='ltr'>plano;</span> <span class='ocrx_word' id='word_1_776' title='bbox 3614 4486 3795 4581; x_wconf 53' lang='grc' dir='ltr'>εςΐωοῐξε</span> 
     </span>
    </p>
   </div>
   <div class='ocr_carea' id='block_1_109' title="bbox 2297 4576 3793 4666">
    <p class='ocr_par' dir='ltr' id='par_1_109' title="bbox 2297 4576 3793 4666">
     <span class='ocr_line' id='line_1_109' title="bbox 2297 4576 3793 4666; baseline -0.01 -16"><span class='ocrx_word' id='word_1_777' title='bbox 2297 4595 2441 4651; x_wconf 89' lang='lat' dir='ltr'>olim</span> <span class='ocrx_word' id='word_1_778' title='bbox 2470 4594 2791 4650; x_wconf 90' lang='lat' dir='ltr'>scribendo</span> <span class='ocrx_word' id='word_1_779' title='bbox 2823 4593 3120 4666; x_wconf 84' lang='lat' dir='ltr'>exposuit.</span> <span class='ocrx_word' id='word_1_780' title='bbox 3158 4597 3316 4650; x_wconf 90' lang='lat' dir='ltr'>Nunc</span> <span class='ocrx_word' id='word_1_781' title='bbox 3345 4604 3471 4644; x_wconf 85' lang='lat' dir='ltr'>vero</span> <span class='ocrx_word' id='word_1_782' title='bbox 3510 4579 3617 4653; x_wconf 88' lang='lat' dir='ltr'>quia</span> <span class='ocrx_word' id='word_1_783' title='bbox 3651 4576 3793 4666; x_wconf 29' lang='lat' dir='ltr'>illiilli?“</span> 
     </span>
    </p>
   </div>
   <div class='ocr_carea' id='block_1_110' title="bbox 2296 4657 3793 4747">
    <p class='ocr_par' dir='ltr' id='par_1_110' title="bbox 2296 4657 3793 4747">
     <span class='ocr_line' id='line_1_110' title="bbox 2296 4657 3793 4747; baseline -0.008 -7"><span class='ocrx_word' id='word_1_784' title='bbox 2296 4684 2542 4740; x_wconf 89' lang='lat' dir='ltr'>bitatem</span> <span class='ocrx_word' id='word_1_785' title='bbox 2593 4689 2760 4740; x_wconf 90' lang='lat' dir='ltr'>tuam</span> <span class='ocrx_word' id='word_1_786' title='bbox 2789 4683 2960 4739; x_wconf 89' lang='lat' dir='ltr'>aliter</span> <span class='ocrx_word' id='word_1_787' title='bbox 2988 4688 3247 4739; x_wconf 89' lang='lat' dir='ltr'>avertere</span> <span class='ocrx_word' id='word_1_788' title='bbox 3277 4694 3389 4735; x_wconf 92' lang='lat' dir='ltr'>non</span> <span class='ocrx_word' id='word_1_789' title='bbox 3427 4680 3641 4747; x_wconf 67' lang='lat' dir='ltr'>possum.</span> <span class='ocrx_word' id='word_1_790' title='bbox 3672 4657 3793 4711; x_wconf 61' lang='grc'>(1³⁸⁸³³</span> 
     </span>
    </p>
   </div>
   <div class='ocr_carea' id='block_1_111' title="bbox 2296 4751 3792 4872">
    <p class='ocr_par' dir='ltr' id='par_1_111' title="bbox 2296 4751 3792 4872">
     <span class='ocr_line' id='line_1_111' title="bbox 2296 4751 3792 4872; baseline 0.012 -17"><span class='ocrx_word' id='word_1_791' title='bbox 2296 4775 2552 4829; x_wconf 61' lang='lat' dir='ltr'>breviter</span> <span class='ocrx_word' id='word_1_792' title='bbox 2581 4772 2728 4872; x_wconf 51' lang='lat' dir='ltr'>qua</span> <span class='ocrx_word' id='word_1_793' title='bbox 2755 4772 3006 4872; x_wconf 44' lang='lat' dir='ltr'>maid?</span> <span class='ocrx_word' id='word_1_794' title='bbox 3037 4769 3430 4872; x_wconf 65' lang='lat' dir='ltr'>his</span> <span class='ocrx_word' id='word_1_795' title='bbox 3480 4751 3792 4872; x_wconf 63' lang='lat' dir='ltr'>rr.:*.:::“‘:§</span> 
     </span>
    </p>
   </div>
   <div class='ocr_carea' id='block_1_112' title="bbox 2297 4838 3790 4962">
    <p class='ocr_par' dir='ltr' id='par_1_112' title="bbox 2297 4838 3790 4962">
     <span class='ocr_line' id='line_1_112' title="bbox 2297 4838 3790 4962; baseline -0.015 -45"><span class='ocrx_word' id='word_1_796' title='bbox 2297 4867 2353 4917; x_wconf 90' lang='lat' dir='ltr'>et</span> <span class='ocrx_word' id='word_1_797' title='bbox 2373 4862 2797 4916; x_wconf 88' lang='lat' dir='ltr'>convenienter</span> <span class='ocrx_word' id='word_1_798' title='bbox 2828 4861 3059 4916; x_wconf 65' lang='lat' dir='ltr'>tribuite</span> <span class='ocrx_word' id='word_1_799' title='bbox 3103 4859 3243 4915; x_wconf 69' lang='lat' dir='ltr'>visaa</span> <span class='ocrx_word' id='word_1_800' title='bbox 3299 4857 3443 4920; x_wconf 89' lang='lat' dir='ltr'>sunt,</span> <span class='ocrx_word' id='word_1_801' title='bbox 3479 4838 3790 4962; x_wconf 41' lang='lat' dir='ltr'>seculniilil&#39;lllllnﬁ</span> 
     </span>
     <span class='ocr_line' id='line_1_113' title="bbox 2444 4937 3775 4962; baseline -0.005 0"><span class='ocrx_word' id='word_1_802' title='bbox 2444 4949 2460 4962; x_wconf 66' lang='grc' dir='ltr'>ς</span> <span class='ocrx_word' id='word_1_803' title='bbox 2655 4950 2665 4962; x_wconf 88' lang='grc'>.</span> <span class='ocrx_word' id='word_1_804' title='bbox 2735 4954 2744 4962; x_wconf 99' lang='grc'>.</span> <span class='ocrx_word' id='word_1_805' title='bbox 2849 4955 2859 4962; x_wconf 90' lang='grc'><strong>.</strong></span> <span class='ocrx_word' id='word_1_806' title='bbox 2941 4954 2950 4962; x_wconf 90' lang='grc'>.</span> <span class='ocrx_word' id='word_1_807' title='bbox 3004 4954 3013 4962; x_wconf 89' lang='grc'>.</span> <span class='ocrx_word' id='word_1_808' title='bbox 3165 4947 3200 4962; x_wconf 73' lang='grc' dir='ltr'><em>ν</em></span> <span class='ocrx_word' id='word_1_809' title='bbox 3297 4961 3302 4962; x_wconf 65' lang='lat'><strong><em>,</em></strong></span> <span class='ocrx_word' id='word_1_810' title='bbox 3377 4937 3660 4962; x_wconf 63' lang='lat' dir='ltr'>,m..:m¢n</span> <span class='ocrx_word' id='word_1_811' title='bbox 3771 4957 3775 4961; x_wconf 85' lang='grc' dir='ltr'> </span> 
     </span>
    </p>
   </div>
   <div class='ocr_carea' id='block_1_113' title="bbox 2297 4924 3790 5023">
    <p class='ocr_par' dir='ltr' id='par_1_113' title="bbox 2297 4924 3790 5023">
     <span class='ocr_line' id='line_1_114' title="bbox 2297 4924 3790 5023; baseline -0.009 -19"><span class='ocrx_word' id='word_1_812' title='bbox 2297 4949 2465 5023; x_wconf 90' lang='lat' dir='ltr'>quod</span> <span class='ocrx_word' id='word_1_813' title='bbox 2494 4950 2790 5022; x_wconf 90' lang='lat' dir='ltr'>propheta</span> <span class='ocrx_word' id='word_1_814' title='bbox 2847 4954 3112 5013; x_wconf 89' lang='lat' dir='ltr'>testatur,</span> <span class='ocrx_word' id='word_1_815' title='bbox 3145 4947 3343 5002; x_wconf 84' lang='lat' dir='ltr'>dicens</span> <span class='ocrx_word' id='word_1_816' title='bbox 3375 4961 3385 4997; x_wconf 91' lang='lat'><strong>:</strong></span> <span class='ocrx_word' id='word_1_817' title='bbox 3439 4924 3790 5023; x_wconf 48' lang='lat' dir='ltr'>Ti‘ibuleblluf</span> 
     </span>
    </p>
   </div>
   <div class='ocr_carea' id='block_1_114' title="bbox 2297 5011 3789 5116">
    <p class='ocr_par' dir='ltr' id='par_1_114' title="bbox 2297 5011 3789 5116">
     <span class='ocr_line' id='line_1_115' title="bbox 2297 5011 3789 5116; baseline 0.013 -21"><span class='ocrx_word' id='word_1_818' title='bbox 2297 5011 2463 5095; x_wconf 71' lang='lat' dir='ltr'>fortis</span> <span class='ocrx_word' id='word_1_819' title='bbox 2495 5011 2515 5022; x_wconf 60' lang='grc'><strong><em>⁵</em></strong></span> <span class='ocrx_word' id='word_1_820' title='bbox 2540 5011 2704 5109; x_wconf 69' lang='lat'>(269).</span> <span class='ocrx_word' id='word_1_821' title='bbox 2777 5038 2946 5099; x_wconf 87' lang='lat' dir='ltr'>Quod</span> <span class='ocrx_word' id='word_1_822' title='bbox 3020 5011 3218 5094; x_wconf 67' lang='lat' dir='ltr'>autem</span> <span class='ocrx_word' id='word_1_823' title='bbox 3281 5011 3789 5116; x_wconf 49' lang='lat' dir='ltr'>Pecc“‘°’°5,,la.l.’_°f:rf</span> 
     </span>
    </p>
   </div>
   <div class='ocr_carea' id='block_1_115' title="bbox 2298 5103 3789 5228">
    <p class='ocr_par' dir='ltr' id='par_1_115' title="bbox 2298 5103 3789 5228">
     <span class='ocr_line' id='line_1_116' title="bbox 2298 5103 3789 5228; baseline -0.011 -45"><span class='ocrx_word' id='word_1_824' title='bbox 2298 5127 2406 5184; x_wconf 92' lang='lat' dir='ltr'>visi</span> <span class='ocrx_word' id='word_1_825' title='bbox 2461 5133 2603 5183; x_wconf 89' lang='lat' dir='ltr'>sunt</span> <span class='ocrx_word' id='word_1_826' title='bbox 2656 5128 2716 5182; x_wconf 91' lang='lat' dir='ltr'>in</span> <span class='ocrx_word' id='word_1_827' title='bbox 2775 5143 3060 5182; x_wconf 88' lang='lat' dir='ltr'>saxorum</span> <span class='ocrx_word' id='word_1_828' title='bbox 3118 5123 3377 5194; x_wconf 86' lang='lat' dir='ltr'>ﬂagellis,</span> <span class='ocrx_word' id='word_1_829' title='bbox 3449 5103 3789 5228; x_wconf 46' lang='lat' dir='ltr'>manif‘e‘sllilsfﬁ</span> 
     </span>
     <span class='ocr_line' id='line_1_117' title="bbox 2301 5201 3742 5228; baseline 0.001 -1"><span class='ocrx_word' id='word_1_830' title='bbox 2301 5217 2312 5227; x_wconf 78' lang='lat'><em>.</em></span> <span class='ocrx_word' id='word_1_831' title='bbox 2553 5222 2562 5228; x_wconf 92' lang='lat'>.</span> <span class='ocrx_word' id='word_1_832' title='bbox 2635 5217 2650 5228; x_wconf 66' lang='grc' dir='ltr'>τ</span> <span class='ocrx_word' id='word_1_833' title='bbox 2955 5216 2966 5228; x_wconf 77' lang='grc'><strong>1</strong></span> <span class='ocrx_word' id='word_1_834' title='bbox 3297 5201 3542 5228; x_wconf 59' lang='lat' dir='ltr'>,,,-__:|..|:.u</span> <span class='ocrx_word' id='word_1_835' title='bbox 3638 5207 3646 5228; x_wconf 99' lang='lat' dir='ltr'><strong>I</strong></span> <span class='ocrx_word' id='word_1_836' title='bbox 3733 5221 3742 5228; x_wconf 69' lang='grc' dir='ltr'><strong>ι</strong></span> 
     </span>
    </p>
   </div>
   <div class='ocr_carea' id='block_1_116' title="bbox 2298 5185 3742 5288">
    <p class='ocr_par' dir='ltr' id='par_1_116' title="bbox 2298 5185 3742 5288">
     <span class='ocr_line' id='line_1_118' title="bbox 2298 5185 3742 5288; baseline -0.01 -16"><span class='ocrx_word' id='word_1_837' title='bbox 2298 5217 2570 5288; x_wconf 91' lang='lat' dir='ltr'>increpat</span> <span class='ocrx_word' id='word_1_838' title='bbox 2615 5217 2899 5271; x_wconf 88' lang='lat' dir='ltr'>duritiam</span> <span class='ocrx_word' id='word_1_839' title='bbox 2954 5185 3232 5271; x_wconf 54' lang='lat' dir='ltr'>humana;</span> <span class='ocrx_word' id='word_1_840' title='bbox 3278 5201 3558 5283; x_wconf 84' lang='lat' dir='ltr'>pravitatis.</span> <span class='ocrx_word' id='word_1_841' title='bbox 3603 5188 3678 5248; x_wconf 69' lang='lat' dir='ltr'>Clli</span> 
     </span>
    </p>
   </div>
   <div class='ocr_carea' id='block_1_117' title="bbox 2301 5268 3789 5417">
    <p class='ocr_par' dir='ltr' id='par_1_117' title="bbox 2301 5268 3789 5417">
     <span class='ocr_line' id='line_1_119' title="bbox 2301 5268 3789 5362; baseline -0.009 0"><span class='ocrx_word' id='word_1_842' title='bbox 2301 5268 2496 5362; x_wconf 76' lang='lat' dir='ltr'>mistar</span> <span class='ocrx_word' id='word_1_843' title='bbox 2534 5306 2799 5362; x_wconf 90' lang='lat' dir='ltr'>minatur</span> <span class='ocrx_word' id='word_1_844' title='bbox 2843 5305 3096 5360; x_wconf 89' lang='lat' dir='ltr'>dicens:</span> <span class='ocrx_word' id='word_1_845' title='bbox 3142 5301 3310 5360; x_wconf 83' lang='lat' dir='ltr'>Multa</span> <span class='ocrx_word' id='word_1_846' title='bbox 3359 5288 3560 5362; x_wconf 76' lang='lat' dir='ltr'>ﬂagella</span> <span class='ocrx_word' id='word_1_847' title='bbox 3619 5268 3789 5350; x_wconf 52' lang='lat' dir='ltr'>Pacem</span> 
     </span>
     <span class='ocr_line' id='line_1_120' title="bbox 2302 5364 3788 5417; baseline 0 0"><span class='ocrx_word' id='word_1_848' title='bbox 2302 5395 2382 5417; x_wconf 80' lang='lat'>_.:_</span> <span class='ocrx_word' id='word_1_849' title='bbox 2421 5395 2563 5417; x_wconf 52' lang='lat' dir='ltr'>[nam</span> <span class='ocrx_word' id='word_1_850' title='bbox 2609 5394 2774 5417; x_wconf 50' lang='lat' dir='ltr'>nn-)</span> <span class='ocrx_word' id='word_1_851' title='bbox 2801 5410 2936 5417; x_wconf 56' lang='lat' dir='ltr'>“MU.</span> <span class='ocrx_word' id='word_1_852' title='bbox 2971 5410 3124 5417; x_wconf 83' lang='lat'>.-_.-._</span> <span class='ocrx_word' id='word_1_853' title='bbox 3146 5407 3248 5417; x_wconf 64' lang='grc' dir='ltr'>νυ...</span> <span class='ocrx_word' id='word_1_854' title='bbox 3277 5384 3494 5417; x_wconf 58' lang='lat' dir='ltr'>nuntium</span> <span class='ocrx_word' id='word_1_855' title='bbox 3543 5374 3612 5417; x_wconf 73' lang='lat' dir='ltr'>est</span> <span class='ocrx_word' id='word_1_856' title='bbox 3650 5364 3788 5417; x_wconf 72' lang='lat' dir='ltr'>assum‘</span> 
     </span>
    </p>
   </div>
   <div class='ocr_carea' id='block_1_118' title="bbox 2302 5374 3789 5498">
    <p class='ocr_par' dir='ltr' id='par_1_118' title="bbox 2302 5374 3789 5498">
     <span class='ocr_line' id='line_1_121' title="bbox 2302 5374 3789 5498; baseline -0.021 17"><span class='ocrx_word' id='word_1_857' title='bbox 2419 5395 2586 5465; x_wconf 56' lang='grc' dir='ltr'>(πολ</span> <span class='ocrx_word' id='word_1_858' title='bbox 2607 5394 2779 5498; x_wconf 57' lang='lat' dir='ltr'>quod</span> <span class='ocrx_word' id='word_1_859' title='bbox 2962 5407 3248 5498; x_wconf 61' lang='lat' dir='ltr'>Pe?</span> <span class='ocrx_word' id='word_1_860' title='bbox 3274 5374 3789 5498; x_wconf 46' lang='lat' dir='ltr'>granariis&quot;;</span> 
     </span>
    </p>
   </div>
   <div class='ocr_carea' id='block_1_119' title="bbox 2301 5463 3686 5556">
    <p class='ocr_par' dir='ltr' id='par_1_119' title="bbox 2301 5463 3686 5556">
     <span class='ocr_line' id='line_1_122' title="bbox 2301 5463 3686 5556; baseline -0.011 -17"><span class='ocrx_word' id='word_1_861' title='bbox 2301 5463 2445 5556; x_wconf 82' lang='lat' dir='ltr'>ptus</span> <span class='ocrx_word' id='word_1_862' title='bbox 2497 5463 2555 5538; x_wconf 87' lang='lat' dir='ltr'>et</span> <span class='ocrx_word' id='word_1_863' title='bbox 2606 5481 2756 5538; x_wconf 89' lang='lat' dir='ltr'>alter</span> <span class='ocrx_word' id='word_1_864' title='bbox 2797 5497 2904 5554; x_wconf 89' lang='lat' dir='ltr'>per</span> <span class='ocrx_word' id='word_1_865' title='bbox 2952 5480 3168 5552; x_wconf 88' lang='lat' dir='ltr'>judicis</span> <span class='ocrx_word' id='word_1_866' title='bbox 3211 5475 3439 5548; x_wconf 88' lang='lat' dir='ltr'>justiam</span> <span class='ocrx_word' id='word_1_867' title='bbox 3487 5465 3537 5519; x_wconf 79' lang='lat' dir='ltr'>in</span> <span class='ocrx_word' id='word_1_868' title='bbox 3581 5463 3686 5527; x_wconf 65' lang='lat' dir='ltr'>P03n</span> 
     </span>
    </p>
   </div>
   <div class='ocr_carea' id='block_1_120' title="bbox 2377 5659 2910 5731">
    <p class='ocr_par' dir='ltr' id='par_1_120' title="bbox 2377 5659 2910 5731">
     <span class='ocr_line' id='line_1_123' title="bbox 2377 5659 2910 5731; baseline 0.002 -17"><span class='ocrx_word' id='word_1_869' title='bbox 2377 5659 2530 5731; x_wconf 83' lang='lat'><strong>(270)</strong></span> <span class='ocrx_word' id='word_1_870' title='bbox 2552 5660 2720 5717; x_wconf 75' lang='lat' dir='ltr'>Psal.</span> <span class='ocrx_word' id='word_1_871' title='bbox 2748 5674 2910 5716; x_wconf 82' lang='lat' dir='ltr'>xxxi.</span> 
     </span>
    </p>
   </div>
  </div>
