3984 6180
165 143 183 197 l
193 147 297 201 089

1212 142 1502 204 HOMIIJA
1538 150 1629 202 DE
1668 144 1858 203 OCTO
1907 146 2504 209 BEATITUDINIBUS.

3438 171 3577 225 £090

152 267 495 337 derelictus,
527 268 751 343 optime
782 270 1058 326 convenit
1087 270 1443 339 evangelicae
1490 269 1812 334 sententiae,
1852 276 1899 327 Α
1927 285 2113 342 quam
2143 287 2250 345 per
2269 274 2583 334 utilitatem
2606 278 2697 335 sui
2718 280 3051 340 admodum
3080 286 3275 358 placet
3304 291 3580 348 sensibus

150 373 277 430 qua
297 358 646 425 designatur
669 358 961 414 trifariam
989 373 1177 427 genus
1199 359 1539 429 hominum,
1565 357 1816 414 Domino
1926 359 2094 416 meis.
2128 383 2156 411 ››

151 444 387 502 dicente
416 464 429 501 :
469 449 652 501 Erunt
676 446 799 501 duo
822 447 880 502 in
910 446 1062 501 lecto
1083 462 1228 518 uno,
1261 463 1420 503 unus
1476 451 1818 503 assumetur

150 538 210 590 et
237 534 384 591 alter
418 534 806 607 relinquetur.
844 538 1024 591 Erunt
1048 534 1183 591 dua;
1216 536 1577 593 molentesin
1600 553 1813 606 unum,

2551 455 2944 514 Collectitius.

1997 558 2025 583 «
2054 539 2116 592 Et
2138 537 2453 598 humilitati
2474 560 2623 600 mete
2640 545 2855 618 placet,
2875 547 2936 604 in
2954 549 3199 607 nomine
3222 559 3442 611 sanctae
3465 557 3579 612 Tri-

152 638 278 678 una
306 626 650 679 assumetur
675 628 732 679 et
758 623 943 679 altera
973 623 1357 696 relinquetur.
1388 628 1573 681 Erunt
1600 625 1724 681 duo
1752 625 1815 681 in
1923 624 2121 681 nitatis
2144 626 2419 686 claudere
2449 631 2688 703 librum,
2721 636 2865 708 quia
2890 638 2979 693 sol
3020 656 3160 697 cum
3211 641 3331 699 ﬁne
3380 643 3579 701 brevis

155 727 323 783 agro,
355 729 511 770 unus
537 717 879 770 assumetur
906 718 963 769 et
987 713 1134 769 alter
1162 714 1529 787 relinquetur
1575 716 1745 787 (271).
1784 740 1811 765 ››

763 803 1189 859 Ammonicius.

225 912 253 938 ‹‹
283 889 507 947 Solutio
530 890 772 965 triplicis
804 890 1156 964 quaestionis
1185 895 1308 948 tam
1327 908 1436 966 per
1457 892 1811 950 brevitatem

1454 1240 2267 1361 ARNOLDI

1922 714 2170 771 dieculte
2195 717 2323 788 jam
2353 721 2499 792 petit
2525 738 2829 783 occasum.
2868 749 2895 777 »

2532 812 2955 874 Ammonicius.

1994 916 2019 942 α
2058 893 2337 953 Feliciter.
2364 900 2576 955 Amen.
2610 926 2637 951 ››

400 1477 482 1529 EX
523 1475 778 1531 COMl'l‘li
818 1475 1305 1533 VOHBURGENSI
1346 1476 1659 1533 MONACHI
1698 1478 1784 1533 ET
1821 1476 2079 1534 DECANI
2120 1480 2718 1541 EMMERAMMENSIS
2758 1488 2920 1543 0RD.
2968 1493 3024 1545 ὃ.
3070 1494 3319 1549 ΒΕΝΕΙ).

1626 1634 2101 1723 HOMILIA

873 1813 1059 1930 DE
1158 1810 1529 1934 OCTO
1629 1813 2873 1947 BEATITUDINIBUS

1192 2034 1319 2121 ET
1376 2034 1765 2124 SANCTO
1823 2036 1960 2125 ΕΜ
1979 2038 2510 2137 MERAMMO.

343 2233 538 2305 (Apud
572 2235 633 2289 P.
663 2237 725 2291 R.
762 2238 887 2305 Psz,
922 2235 1089 2292 Thes.
1122 2236 1376 2306 Anecd.,
1409 2240 1552 2293 tom.
1588 2240 1677 2306 IV,
1705 2255 1765 2311 p.
1797 2256 1856 2307 ιι,
1888 2256 1951 2313 p.
1973 2245 2066 2314 29,
2094 2259 2165 2301 ex
2196 2260 2313 2301 ms.
2347 2247 2481 2304 cod.
2509 2246 2880 2305 bibliothecae
2910 2254 3358 2323 Emmeramm.)

205 2540 401 2596 Lectio
421 2543 475 2596 S.
510 2543 829 2612 Evangeliii
888 2546 1223 2602 secundum
1278 2547 1616 2604 Matthaeum
1652 2564 1664 2601 :
1728 2549 1798 2602 In
1840 2551 1878 2603 Β
1909 2557 2125 2607 ventur
2148 2554 2348 2622 fontes
2378 2558 2470 2611 tui
2491 2559 2683 2627 foras,
2711 2565 2766 2615 et
2825 2560 2887 2615 in
2933 2548 3171 2629 plateis,
3197 2577 3385 2635 aquas
3434 2571 3569 2622 tuas

125 2631 247 2686 illo
274 2637 557 2705 tempore,
589 2648 724 2689 cum
754 2640 1012 2691 montem
1047 2640 1104 2691 et
1128 2635 1296 2709 reliq.

528 2789 759 2830 HOMILIA
808 2791 1043 2832 LECTION
1053 2793 1106 2833 IS
1144 2794 1379 2834 EJUSDEM
1389 2823 1402 2835 .

202 2916 445 2971 Creator
465 2920 521 2972 et
539 2918 897 2990 Redemptor
919 2920 1153 2989 generis
1173 2922 1425 2978 humani
1444 2926 1611 2979 Jesus
1634 2924 1796 2979 Chri-

122 3010 263 3060 stus
296 3005 581 3062 Dominus
612 3014 813 3063 noster
836 3024 1050 3065 omnes
1071 3010 1347 3067 homines
1369 3012 1494 3068 sine
1516 3029 1797 3085 persona-

1910 2640 2127 2697 divide.
2160 2642 2392 2700 Habeto
2418 2660 2517 2701 eas
2542 2648 2723 2717 solus,
2755 2664 2863 2704 nec
2887 2650 3007 2705 sint
3033 2651 3221 2706 alieni
3241 2653 3569 2723 participes

1912 2731 2018 2785 tui.
2059 2732 2475 2807 Unusquisque
2505 2734 2696 2791 fidelis
2726 2752 2951 2809 aquam
2981 2738 3056 2794 de
3092 2738 3347 2795 cisterna
3377 2757 3485 2797 sua
3516 2748 3573 2799 et

1910 2818 2134 2875 ﬂuenta
2165 2822 2325 2893 putei
2355 2823 2447 2879 sui
2474 2823 2645 2895 bibit,
2668 2842 2809 2882 cum
2838 2826 3117 2899 spiritalis
3147 2827 3377 2885 donum
3404 2830 3571 2887 intel-

1907 2904 2162 2976 ligentiae
2188 2908 2538 2983 sibimetipsi
2570 2913 2735 2985 prius
2761 2914 3038 2987 infundit,
3068 2932 3138 2972 ea
3188 2916 3407 2975 scilicet
3433 2935 3573 2992 ope-

1907 2996 2073 3052 ribus
2102 2997 2491 3073 adimplendo
2516 3019 2650 3074 quae
2683 3020 2743 3059 se
2771 3004 2992 3061 habere
3019 3005 3289 3077 intelligit
3319 3024 3569 3065 munere

120 3110 269 3149 rum
299 3096 644 3168 acceptione
667 3097 745 3153 ad
782 3114 906 3154 sum
932 3099 1163 3155 donum
1182 3100 1564 3172 benignitatis
1590 3102 1799 3159 invitat
1906 3087 2127 3143 divino.
2160 3090 2378 3144 Deinde
2409 3090 2757 3148 derivantur
2786 3093 2947 3149 foras
2969 3094 3161 3151 fontes
3220 3097 3373 3167 ejus,
3429 3115 3569 3154 cum

119 3183 505 3254 generaliter,
532 3185 737 3241 dicens
771 3204 783 3241 ε
816 3187 883 3243 δέ
908 3190 1040 3259 quis
1071 3190 1219 3256 εειίι,
1254 3192 1455 3247 veniat
1486 3192 1567 3246 ad
1594 3207 1686 3248 me
1742 3200 1797 3248 ει
1904 3176 2244 3233 divinorum
2274 3180 2530 3249 gratiam
2553 3181 2855 3238 donorum
2876 3183 3005 3238 aliis
3026 3184 3442 3241 subministrat
3470 3203 3570 3242 ex-

120 3272 317 3328 bz‘bat.
350 3274 513 3330 Unde
545 3279 601 3330 et
630 3276 943 3348 apostolus
978 3280 1181 3334 Petrus
1218 3297 1230 3333 :
1262 3281 1333 3335 In
1388 3282 1658 3352 veritate,
1713 3282 1796 3338 in-

1908 3270 2104 3325 terius.
2163 3274 2223 3325 In
2270 3270 2481 3343 plateis
2512 3276 2657 3327 vero’
2703 3272 3054 3329 dividuntur
3102 3279 3157 3329 ct
3183 3292 3376 3348 aquae.
3408 3293 3568 3344 cum,

116 3362 280 3435 quit,
316 3366 579 3433 comperi
609 3365 751 3435 quia
780 3381 899 3421 non
931 3373 1013 3422 est
1065 3383 1466 3437 personarum
1520 3376 1797 3440 acceptor

1977 3363 2070 3414 xta
2121 3359 2473 3431 qualitatem
2532 3365 2591 3417 et
2646 3362 3038 3435 capacitatem
3095 3362 3572 3437 uniuscujusque

119 3453 285 3506 Deus
313 3466 337 3519 ;
354 3451 458 3506 sed
488 3452 548 3506 in
577 3454 744 3508 omni
767 3459 960 3524 gente,
986 3457 1093 3526 qui
1120 3457 1282 3512 timet
1313 3459 1499 3513 Deum
1551 3464 1604 3514 et
1664 3475 1796 3529 ope-

118 3545 312 3596 ratur
331 3541 658 3609 justitiam,
691 3549 967 3612 acceptus
997 3550 1079 3599 est
1124 3545 1237 3600 illi.
1301 3545 1432 3602 Sitis
1487 3546 1617 3603 haec
1672 3563 1794 3604 non

116 3629 432 3685 exterioris
457 3629 719 3686 hominis
750 3636 838 3687 est
880 3633 1249 3705 accipienda,
1311 3635 1418 3692 sed
1473 3635 1790 3709 interioris,

115 3716 238 3789 qui
266 3718 615 3775 exteriorem
646 3724 811 3776 tanto
832 3722 1113 3794 praecellit
1155 3722 1371 3779 decore
1428 3740 1790 3799 gemmaque

114 3804 469 3874 nobilitatis,
501 3812 565 3862 ut
592 3808 826 3878 merito,
855 3813 977 3865 tam
1000 3809 1061 3865 in
1090 3810 1267 3866 nobis
1296 3828 1484 3885 quam
1526 3812 1590 3869 in
1638 3814 1787 3883 aliis,

1905 3447 2398 3515 auditoris,viam
2424 3449 2683 3505 veritatis
2734 3449 2851 3506 late
2908 3450 3226 3507 innotescit
3272 3452 3471 3507 verbis
3516 3458 3572 3507 et

1904 3536 2212 3609 exemplis.
2276 3540 2437 3593 'l‘unc
2486 3538 2647 3594 enim
2698 3540 2883 3595 habet
2933 3556 3035 3596 eas
3071 3540 3255 3607 solus,
3289 3557 3400 3597 nec
3433 3546 3572 3598 sunt

1904 3626 2100 3691 alieni,
2130 3626 2193 3682 id
2222 3631 2312 3683 est
2340 3628 2670 3696 daemones,
2701 3629 3022 3703 participes
3051 3631 3203 3702 ejus,
3261 3647 3402 3687 cum
3460 3646 3573 3688 nec

1902 3730 2010 3787 per
2037 3715 2246 3771 vitium
2277 3715 2549 3772 elationis
2579 3716 2879 3789 malignis,
2909 3718 3014 3775 sed
3035 3734 3144 3792 per
3164 3720 3441 3792 spiritum
3465 3720 3575 3777 hu-

1903 3804 2167 3860 militatis
2196 3821 2375 3876 verae,
2404 3806 2681 3878 spiritalis
2714 3808 2916 3876 gratiae
2945 3813 3181 3880 potum,
3229 3814 3411 3881 prout
3465 3826 3573 3881 po-

112 3892 221 3948 ille
252 3895 447 3965 magis
472 3911 658 3968 quam
689 3898 944 3954 exterior
973 3898 1273 3969 diligatur,
1329 3899 1473 3973 quia
1517 3899 1596 3956 ab
1637 3900 1783 3957 inte-
1819 3896 1864 3951 ο
1893 3898 2026 3959 test,
2053 3893 2251 3948 studet
2278 3893 2409 3949 aliis
2433 3894 2692 3949 exterius
2721 3894 3068 3966 propinare.

114 3983 279 4039 riore
309 3983 428 4040 vita
453 3985 726 4041 exteriori
753 3986 1112 4044 attribuitur.
1147 3988 1307 4044 Sicut
1334 3988 1495 4045 enim
1536 3990 1785 4045 exterio-

114 4072 199 4128 ris
224 4071 485 4129 hominis
508 4073 632 4130 sitis
648 4091 755 4148 per
778 4075 1047 4133 diversas
1070 4076 1375 4150 liquorum
1396 4076 1790 4149 exstinguitur

116 4162 425 4229 materias,
459 4163 539 4220 ita
560 4163 683 4219 sitis
702 4165 965 4221 hominis
993 4166 1288 4223 interioris
1316 4183 1423 4241 per
1447 4166 1631 4223 divini
1660 4183 1788 4223 ver-

113 4249 176 4307 bi
215 4252 412 4307 varias
441 4258 742 4309 recreatur
770 4255 1113 4311 sententias.
1150 4256 1204 4312 Si
1239 4256 1344 4329 qui
1395 4259 1597 4312 autem
1652 4271 1787 4311 nos-

116 4346 283 4396 trum
316 4340 586 4398 ariditate
612 4342 890 4399 invisibili
945 4343 1241 4413 laborant,
1290 4346 1370 4401 ad
1416 4345 1786 4402 Salvatorem

115 4427 423 4484 credendo
454 4429 697 4487 veniant
725 4449 737 4497 ;
772 4448 842 4488 ac
873 4432 1002 4504 ejus
1048 4432 1364 4506 praeceptis
1399 4433 1788 4490 obaudiendo

115 4517 355 4586 bibant,
390 4524 448 4575 et
474 4518 761 4589 bibendo,
794 4521 856 4577 id
885 4526 974 4579 est
1002 4521 1155 4578 bene
1186 4523 1466 4592 vivendo,
1500 4524 1787 4581 aeternali-

116 4609 213 4662 ter
242 4606 465 4662 vivant.

188 4690 281 4745 Ad
312 4707 500 4763 quam
531 4692 714 4763 hujus
766 4698 944 4767 potus
998 4699 1210 4766 gustus
1260 4696 1600 4752 mercedem
1652 4713 1785 4770 per-

114 4774 344 4844 veniat,
365 4775 496 4849 ipse
515 4777 807 4834 Dominus
830 4780 1175 4850 evangelica
1203 4796 1347 4837 voce
1375 4780 1780 4838 demonstrat:

116 4864 238 4931 Qui
260 4865 471 4936 credit,
499 4866 712 4939 inquit,
737 4869 798 4923 in
856 4885 966 4938 me,
988 4871 1244 4939 ﬂumina
1284 4870 1358 4926 de
1401 4876 1606 4927 ventre
1656 4873 1784 4941 ejus

109 4955 307 5022 ﬂuent
365 4969 537 5026 aqua
583 4957 749 5013 vivax
804 4959 1032 5025 Venter,
1087 4959 1162 5014 de
1218 4975 1341 5032 quo
1400 4958 1787 5029 egrediuntur

115 5058 298 5114 aqum
328 5042 503 5111 vivae,
536 5050 625 5101 est
665 5045 995 5102 intellectus
1050 5046 1345 5103 sensibilis
1404 5047 1642 5105 animae.
1705 5051 1782 5105 De

112 5145 243 5203 quo
272 5136 477 5188 ventre
500 5132 728 5190 ﬂumen
758 5134 1059 5205 egreditur
1087 5151 1262 5207 aquae
1289 5135 1457 5204 vivae,
1511 5153 1649 5193 cum
1672 5138 1783 5194 do-

1970 3981 2139 4037 Hunc
2196 3980 2401 4037 salutis
2449 3987 2662 4054 potum
2713 3981 3002 4037 Dominus
3058 3984 3230 4037 Jesus
3260 3981 3571 4054 discipulis

1897 4071 2022 4126 suis
2050 4069 2418 4143 porrigebat,
2446 4075 2748 4143 quatenus
2778 4069 2890 4141 ipsi
2921 4069 3217 4138 biberent,
3250 4074 3308 4126 et
3346 4070 3423 4126 de
3475 4088 3575 4128 eo-

1892 4176 2031 4215 rum
2092 4163 2330 4232 pectore
2385 4175 2558 4231 aquse
2610 4158 2762 4213 vivae
2819 4163 3192 4229 emanarent,
3257 4176 3398 4216 cum
3430 4164 3568 4218 octo

1893 4248 2338 4306 beatitudinum
2361 4249 2615 4319 gratiam
2650 4247 2725 4304 ad
2749 4264 2958 4304 eorum
2987 4249 3270 4320 dignatus
3301 4254 3390 4307 est
3435 4267 3571 4325 pro-

1894 4338 2045 4395 ferre
2075 4337 2349 4394 notitiam
2385 4355 2397 4405 ;
2433 4354 2569 4411 quae
2594 4338 2721 4394 vitae
2753 4338 3128 4395 currentibus
3158 4339 3443 4411 stadium,
3498 4341 3567 4397 li-

1893 4428 2107 4485 berum
2132 4427 2301 4497 regni
2331 4426 2583 4483 caelestis
2615 4427 2891 4500 pandunt
2915 4427 3241 4486 introitum.
3263 4429 3359 4485 Ait
3380 4429 3563 4485 enim:

1965 4519 2143 4575 Beati
2156 4533 2454 4588 pauperes
2476 4519 2716 4589 spiritu.
2736 4518 3106 4593 Paupertatis
3131 4519 3309 4590 igitur
3324 4516 3566 4573 afﬂictio

1892 4622 1987 4662 res
2021 4611 2110 4662 est
2129 4604 2329 4661 media
2349 4604 2407 4661 in
2426 4604 2540 4662 hoc
2561 4604 2781 4662 saeculo
2807 4623 2819 4660 :
2843 4622 2978 4679 quae
3005 4622 3116 4679 pro
3142 4602 3566 4659 sustinentium

1892 4695 2184 4768 qualitate
2215 4698 2272 4751 et
2301 4694 2546 4751 arbitrio
2576 4694 2754 4751 beata
2780 4710 2885 4750 seu
2906 4710 3030 4749 non
3062 4693 3243 4748 beata
3267 4690 3564 4763 judicabi-

1895 4791 1988 4841 tur
2012 4785 2073 4840 in
2106 4785 2326 4841 futuro.
2359 4784 2515 4841 Multi
2544 4787 2683 4840 sunt
2704 4782 2867 4839 enim
2888 4797 3043 4855 quos
3058 4780 3429 4854 paupertatis
3455 4779 3564 4837 mi-

1894 4874 2049 4931 seria
2081 4874 2335 4945 stringit,
2365 4873 2470 4928 sed
2502 4871 2755 4928 caelestis
2807 4870 3038 4944 praemii
3091 4869 3412 4943 promissio
3440 4885 3565 4925 non

1892 4963 2124 5035 ditabit,
2170 4962 2317 5036 quia
2346 4959 2684 5017 molestiam
2702 4958 2919 5031 inopiae
2948 4959 3116 5014 freno
3137 4958 3438 5030 patientiae
3459 4973 3561 5016 ne-

1892 5055 2086 5109 sciunt
2118 5056 2313 5108 tenere
2344 5068 2357 5117 ;
2390 5053 2446 5103 et
2470 5065 2607 5120 quae
2629 5052 2939 5119 nequeunt
2954 5046 3407 5120 apprehendere
3424 5062 3566 5120 pos-

1892 5141 2164 5203 sidendo,
2192 5155 2300 5211 per
2330 5136 2590 5193 avaritiae
2622 5134 2851 5191 malum
2874 5134 3309 5207 concupiscunt
3340 5135 3401 5191 in
3432 5134 3563 5191 ani-

112 5233 290 5287 num,
317 5219 479 5293 quod
509 5236 546 5277 a
583 5224 701 5278 Deo
749 5222 1136 5295 percipimus,
1190 5222 1450 5295 spiritale
1490 5225 1778 5296 proximis
1825 5247 1868 5301 D
1902 5230 2345 5298 mo.Pauperes
2368 5226 2761 5295 suntspiritu,
2789 5224 3018 5298 quiper
3040 5224 3293 5294 gratiam
3314 5224 3564 5297 Spiritus

113 5309 337 5364 nostris
361 5309 662 5367 humiliter
689 5313 1020 5382 satagimus
1049 5312 1486 5368 administrare.
1529 5313 1692 5370 Unde
1722 5319 1780 5370 et

112 5413 224 5469 per
292 5397 674 5457 Salomonem
724 5402 1046 5475 unicuique
1104 5400 1262 5456 ﬁdeli
1317 5399 1576 5457 dicitur:
1634 5403 1780 5460 Bibe

112 5501 339 5558 aquam
372 5489 445 5545 de
464 5492 723 5549 cisterna
749 5499 875 5563 tua,
907 5498 962 5548 et
982 5494 1213 5561 ﬂuenta
1236 5491 1408 5561 putei
1430 5492 1521 5547 tui
1545 5506 1570 5561 ,'
1618 5491 1776 5547 (teri-

187 5594 342 5667 (271)
362 5597 508 5655 Luc.
538 5616 671 5655 xvu.

1900 5317 2087 5376 sancti
2106 5332 2166 5370 se
2188 5314 2545 5370 submittunt
2562 5317 2908 5385 spontaneis
2929 5312 3289 5385 paupertati.
3320 5312 3561 5380 Idcirco,

1894 5405 2069 5476 juxta
2090 5398 2441 5455 sententiam
2473 5397 2813 5470 Salvatoris,
2841 5396 2941 5453 illa
2970 5401 3298 5471 paupertas
3327 5400 3417 5452 est
3440 5396 3565 5452 lau-

1888 5486 2105 5547 dabilis
2127 5500 2261 5558 quae
2284 5487 2387 5539 aut
2400 5478 2623 5539 habere
2648 5497 2776 5539 non
2799 5482 2982 5556 cupit,
3005 5487 3109 5540 aut
3134 5481 3181 5538 si
3202 5480 3408 5551 habet,
3427 5496 3562 5558 pro_
