3996 6178
438 154 569 215 4091

849 155 1155 211 ARNOLDI
1194 114 1782 212 existumans
1818 142 2132 206 nomen!
2170 140 2462 204 ΗοωωΑ
2504 153 2590 208 οε
2630 153 2810 210 ocro
2849 151 3447 210 BEATITUDINIBUS

3766 152 3882 210 im

434 285 570 355 pter
596 284 782 338 Deum
811 276 1121 348 erogando
1133 277 1799 351 relinquit—Quoniam
1820 276 2083 345 ipsorum
2120 269 2169 322 Α
2206 273 2582 332 sustinebunt
2601 276 2863 348 justitiaa,
2896 277 3114 333 merito
3133 276 3330 333 beata:
3360 276 3669 333 satietatis
3713 278 3887 334 verba

437 378 522 429 est
564 386 811 442 regnum
861 369 1167 425 caelorum.
1233 368 1389 424 Licet
1435 372 1876 441 contemptores
1911 362 2091 434 hujus

438 459 638 517 saeculi
652 458 851 514 adhuc
868 461 1192 527 graventur
1206 457 1363 512 mole
1386 456 1633 523 carnali,
1659 460 1859 511 tamen
1884 454 2012 525 jam
2030 451 2092 505 ti-

436 548 604 606 deiet
623 547 747 620 spei
768 547 958 616 gratia
973 547 1142 615 regni
1164 546 1417 601 ccelestis
1437 544 1831 619 possidebunt
1850 541 2089 612 gaudia.

505 639 686 695 Beati
702 637 891 693 mites.
921 635 1080 691 Mites
1112 639 1252 690 sunt
1270 636 1593 706 mansueti,
1626 634 1730 707 qui
1771 633 2091 689 Dominum

435 724 917 784 mansuetudinis
950 724 1190 780 student
1210 724 1450 796 imitari,
1479 724 1583 797 qui
1609 722 1781 779 dicit:
1818 724 2037 779 Discite
2056 737 2093 778 a

434 833 527 874 me
555 818 697 889 quia
722 816 882 871 mitis
911 830 1041 870 sum
1064 820 1119 870 el
1148 815 1392 870 humilis
1420 815 1613 869 corde.
1651 814 1809 870 Sicut
1838 813 1932 868 ille
1961 829 2093 868 om—

435 904 617 960 nibus
648 903 896 959 omnino
925 902 1273 959 hominibus
1300 918 1422 957 suae
1453 902 1723 972 gratuitae
1754 901 1984 956 donum
2002 900 2095 955 tri-

437 993 566 1049 buit
593 992 846 1066 pietatis,
872 991 975 1060 ita,
1006 995 1185 1064 prout
1210 996 1482 1063 possunt,
1506 996 1561 1046 et
1584 990 1755 1045 mites
1773 990 2095 1062 unicuique

438 1085 721 1152 satagunt
733 1080 1017 1153 prodesse
1031 1080 1263 1151 absque
1284 1079 1417 1135 felle
1429 1079 2096 1146 amaritudinis.—Quo-

438 1172 600 1226 niam
624 1171 740 1238 ipsi
761 1168 1147 1239 possidebunt
1171 1173 1416 1224 terram.
1440 1172 1564 1223 Non
1587 1185 1724 1241 quae
1764 1167 2095 1223 visibilibus

436 1257 653 1313 nostris
676 1257 984 1312 obtutibus
1011 1261 1263 1329 apparet
1293 1262 1472 1321 terra,
1504 1262 1561 1312 et
1591 1258 1896 1315 diversam
1924 1256 2095 1313 arbo-

434 1362 570 1402 rum
627 1345 1071 1418 herbarumque
1123 1346 1313 1416 gignit
1366 1347 1701 1412 materiam,
1760 1346 1863 1401 sed
1930 1346 2093 1401 illam

436 1451 622 1508 quam
650 1434 1031 1507 spiritualiter
1070 1434 1413 1492 intuebatur
1460 1436 1777 1497 Psalmista
1828 1435 2095 1493 invisibi-

434 1524 575 1592 lem,
607 1524 812 1580 dicens
841 1544 853 1579 :
891 1524 1083 1580 Credo
1119 1525 1319 1580 videre
1350 1525 1501 1581 bona
1524 1527 1765 1581 Domini
1810 1526 1871 1580 in
1932 1531 2094 1580 terra

2206 366 2508 418 merentur
2537 364 2743 421 audire
2776 383 2789 419 :
2823 397 2891 406 —-
2922 367 3212 438 quoniam
3244 368 3365 437 ipsi
3408 366 3887 429 saturabuntur,

2202 465 2323 506 non
2348 452 2448 507 illa
2475 454 2781 510 saturitate
2802 471 2991 527 quam
3012 456 3287 528 sequitur
3310 456 3497 511 famis
3535 455 3778 527 inopia.
3799 457 3889 509 sed

2200 555 2390 611 quam
2420 543 2759 615 suspirabat
2783 544 3100 601 Psalmista
3118 561 3259 601 cum
3272 545 3483 601 adhuc
3496 545 3891 617 requievisset

2199 627 2262 683 in
2295 633 2486 686 terra:
2520 633 2646 702 Ego
2677 638 2873 688 autem
2907 635 2971 687 in
2990 635 3241 703 justitia
3267 634 3592 704 apparebo
3623 649 3890 703 conspeo

2202 720 2295 773 tui
2344 725 2443 776 tuo
2472 735 2496 775 ,ο
2580 722 2866 789 satiabor,
2927 722 3071 779 dum
3125 724 3649 793 manifestabitur
3706 723 3892 793 glon'a

2204 813 2330 863 tua.

2274 896 2454 952 Beati
2478 900 2909 956 misericordes.
2944 899 3270 956 Misericors
3293 900 3533 956 dicitur
3582 900 3702 972 qui
3765 898 3893 954 alio-

2202 1001 2340 1040 rum
2368 988 2827 1044 necessitatibus
2863 989 3244 1061 compatitur.
3299 990 3689 1061 Quicunque
3752 989 3893 1043 enim

2202 1091 2356 1128 verae
2390 1075 2624 1132 bonum
2654 1077 3073 1133 misericordiae
3097 1078 3401 1133 desiderat
3439 1077 3748 1151 adipisci,
3807 1094 3893 1131 ne.

2204 1178 2371 1217 cesse
2448 1170 2537 1220 est
2622 1170 2685 1221 ut
2741 1166 3095 1223 misereatur
3152 1185 3164 1234 ;
3225 1168 3427 1240 primo
3506 1167 3891 1238 sibimetipsi.

2202 1267 2280 1307 ne
2319 1253 2486 1325 quid,
2547 1255 2829 1326 operibus
2892 1256 3323 1312 consentiendo
3392 1256 3607 1317 malis,
3682 1256 3887 1311 admit-

2202 1344 2285 1396 tat
2352 1342 2626 1414 quodin
2691 1344 2888 1400 futuro
2952 1345 3153 1400 sinum
3221 1345 3535 1401 cruciatus
3601 1346 3889 1417 aperiat;

2201 1436 2261 1486 et
2282 1436 2422 1489 tunc
2473 1432 2949 1491 misericordiam
2981 1434 3113 1491 aliis
3130 1438 3304 1507 juxta
3336 1436 3505 1491 vires
3552 1436 3886 1508 impendat.

2202 1536 2391 1591 quam
2456 1522 2620 1593 prius
2641 1524 2703 1577 in
2735 1524 3063 1597 semetipso
3092 1524 3399 1580 bonorum
3427 1541 3713 1598 operum
3746 1542 3889 1580 exse

435 1614 779 1669 viventium.
833 1613 969 1667 Ideo
1018 1612 1232 1668 dicitur
1293 1618 1446 1668 terra
1498 1613 1809 1669 beatorum
1858 1612 2092 1686 requies
2131 1626 2176 1683 Β
2202 1610 2440 1665 cutione
2499 1611 3178 1681 didicerat.—Quoniam
3238 1616 3355 1684 ipsi
3398 1616 3883 1670 misericordiam

436 1707 675 1772 aeterna,
698 1702 843 1774 quia
864 1702 1016 1757 sicut
1044 1706 1197 1757 terra
1228 1702 1523 1759 soliditate
1549 1708 1764 1759 cuncta
1811 1702 2094 1775 praecellit

435 1793 751 1860 elementa,
783 1793 864 1849 ita
892 1792 1201 1850 beatitudo
1219 1794 1471 1851 caelestis
1492 1793 1870 1872 permanebit
1901 1791 2093 1851 solida

436 1889 493 1939 et
528 1890 834 1955 perpetua.
872 1886 934 1937 Et
964 1899 1170 1939 revera
1218 1889 1358 1939 tunc
1408 1883 1579 1939 mites
1628 1884 1844 1939 terram
1899 1881 2091 1953 possi-

434 1970 597 2037 dent,
616 1971 863 2042 quando
893 1970 952 2025 in
977 1970 1073 2026 die
1096 1971 1305 2042 judicii
1344 1972 1730 2045 corporaliter
1758 1975 2089 2039 resurgant,

435 2059 677 2115 utsicut
704 2059 905 2114 divina
961 2076 1211 2132 corpore
1262 2064 1318 2116 et
1364 2062 1567 2117 anima
1621 2062 2096 2117 observaverunt

436 2147 745 2217 mandata,
770 2148 852 2202 ita
898 2147 1251 2204 zeternaliter
1305 2155 1665 2206 coronentur
1720 2148 1987 2221 corporis
2039 2153 2097 2203 et

435 2236 655 2293 animae
680 2236 833 2292 stola
857 2236 1021 2292 bina.

506 2326 683 2382 Beati
711 2326 815 2397 qui
827 2326 1052 2396 lugent.
1073 2329 1200 2382 Non
1212 2328 1520 2383 communi
1533 2327 1836 2384 saecularis
1852 2327 1995 2383 tristi
2004 2328 2093 2382 tite

434 2414 640 2480 ductu,
670 2413 775 2469 sed
803 2413 1165 2486 poenitentiae
1194 2415 1496 2486 instinctu,
1521 2434 1768 2472 suorum
1818 2416 2097 2472 aliorum-

436 2520 554 2578 que
577 2503 936 2563 detrimenta
960 2520 1213 2579 operum
1234 2505 1555 2562 bonorum.
1574 2508 1994 2580 Suntnamque
2015 2506 2095 2563 1a-

436 2607 656 2665 crymae
688 2595 948 2667 quatuor
978 2592 1070 2649 his
1098 2592 1411 2666 speciebus
1441 2593 1748 2651 distinctae.
1785 2596 1933 2651 Sunt
1982 2594 2094 2649 hu-

436 2680 638 2751 midae,
664 2680 838 2741 salsae
869 2685 926 2738 et
954 2698 1199 2749 amarae,
1232 2682 1464 2752 calidae,
1490 2700 1677 2757 purae.
1713 2688 1860 2741 Sunt
1903 2683 2096 2740 humi-

435 2770 547 2840 dae,
578 2788 702 2844 quo
735 2771 944 2829 sordes
968 2777 1353 2845 peccatorum
1381 2774 1611 2845 possint
1636 2771 1897 2837 abluere,
1923 2781 1979 2830 et
2000 2791 2093 2830 sa-

436 2859 519 2916 cri
542 2859 786 2934 lapsum
812 2859 1185 2932 baptismatis
1202 2860 1263 2915 in
1291 2861 1549 2930 gradum
1570 2863 1874 2918 restituere
1896 2863 2093 2932 dignae

434 2946 951 3002 reconciliationis.
982 2947 1146 3002 Unde
1172 2947 1352 3003 Isaias
1386 2965 1398 3002 :
1432 2949 1769 3018 Lavamini,
1803 2951 2015 3023 inquit,
2040 2958 2093 3007 et
2136 2983 2176 3039 ρ

436 3033 650 3091 mundi
679 3040 875 3090 estote.
908 3034 1066 3092 Sicut
1085 3034 1245 3092 enim
1271 3036 1522 3093 materia
1544 3054 1842 3111 aquarum
1859 3040 2093 3100 visibili.

436 3121 633 3179 carnis
654 3121 1057 3192 immunditia,
1087 3123 1166 3179 ita
1190 3122 1599 3196 lacrymarum
1630 3126 1898 3183 ubertate
1936 3128 2097 3185 lava-

436 3216 532 3268 tur
563 3212 947 3286 spiritualiter
971 3218 1029 3271 et
1057 3213 1279 3273 anima.
1317 3216 1465 3271 Sunt
1522 3215 1695 3273 salsae
1746 3224 1803 3274 et
1849 3234 2093 3289 amarae,

434 3300 581 3377 quia
606 3317 715 3377 per
736 3317 906 3377 spem
937 3302 1127 3358 veniae
1179 3306 1237 3359 et
1279 3308 1565 3361 terrorem
1617 3304 1771 3376 ignis
1808 3307 2096 3377 gehennae

434 3390 916 3464 uniuscujusque
946 3391 1219 3447 animum
1246 3391 1440 3448 ﬁdelis
1471 3393 1834 3465 restringunt
1861 3412 1897 3451 a
1919 3396 2098 3469 culpa

433 3478 687 3535 luxuriae
720 3479 1001 3549 carnalis,
1035 3479 1186 3536 sicut
1215 3480 1503 3537 Dominus
1555 3482 1674 3538 ait:
1725 3486 1861 3541 Sint
1911 3487 2101 3543 lumbi

436 3570 621 3624 vestri
639 3569 964 3639 prwcincti
986 3581 1009 3640 ;
1039 3573 1097 3623 et
1118 3568 1438 3641 Apostolus
1473 3588 1485 3626 :
1518 3571 1664 3628 Sine
1678 3588 1829 3643 pace
1848 3580 1903 3631 et
1926 3578 2099 3633 casti-

434 3657 638 3713 monia
668 3671 836 3713 nemo
864 3657 1081 3714 videbit
1104 3660 1311 3713 Deum.
1348 3659 1495 3715 Sunt
1523 3659 1729 3717 calidae
1777 3663 1856 3719 ad
1912 3665 2099 3738 repel-

433 3742 685 3803 lendum
716 3745 901 3816 frigus
930 3745 1314 3814 inﬁdelitatis,
1348 3752 1407 3805 et
1435 3748 1514 3804 ad
1534 3750 1990 3812 accendendum
2011 3771 2103 3812 ar-

434 3833 647 3892 dorem
674 3834 999 3891 charitatis.
1026 3834 1187 3893 Sicut
1215 3835 1341 3892 sine
1375 3837 1507 3894 oleo
1535 3837 1804 3916 lucerna,
1834 3843 1916 3902 ita
1949 3844 2100 3903 ﬁdes

434 3924 561 3982 sine
591 3923 918 3996 charitatis,
943 3923 1253 3999 lampada.
1286 3928 1430 3983 Sunt
1452 3944 1640 4002 purae,
1674 3947 1813 3987 cum
1842 3933 1978 4008 quis
2002 3949 2099 3991 as-

435 4012 611 4071 sidua
630 4012 815 4070 ﬂendi
840 4013 1278 4071 consuetudine
1299 4016 1528 4089 peccati
1559 4018 1653 4074 sui
1677 4021 1933 4090 gratiam
1973 4039 2102 4096 spe-

431 4103 651 4159 raverit
680 4101 867 4158 venite
904 4121 917 4172 ;
946 4107 1001 4159 et
1021 4103 1155 4175 jam
1184 4120 1309 4160 non
1342 4105 1552 4163 timore
1576 4107 1734 4178 ignis
1784 4111 2096 4181 gehennae,

438 4189 545 4246 sed
573 4207 685 4264 pro
710 4192 1155 4266 exspectatione
1185 4198 1417 4250 internae
1454 4193 1841 4257 beatitudinis
1895 4200 2102 4274 incipit

438 4278 601 4349 ﬂere,
624 4285 872 4338 cantans
900 4281 1168 4358 quotidie
1201 4300 1341 4339 cum
1372 4284 1683 4343 Psalmista
1712 4287 1775 4346 in
1795 4290 2095 4347 oratione:

433 4368 632 4442 Super
648 4371 904 4441 ﬂumina
927 4372 1284 4444 Babylonis,
1311 4374 1440 4430 illic
1459 4376 1714 4434 sedimus
1735 4385 1789 4436 et
1807 4382 2098 4452 ﬂevimus,

436 4458 581 4517 dum
610 4461 1072 4519 recordaremur
1100 4464 1209 4529 tui,
1249 4461 1414 4519 Sion.
1446 4464 1514 4520 Hi
1537 4466 1684 4524 tales
1716 4468 1934 4527 divinae
1959 4486 2101 4542 gau-

436 4546 538 4606 dia
566 4566 603 4607 a
632 4549 1057 4607 consolationis
1107 4557 1430 4620 merentur,
1485 4558 1550 4611 ut
1604 4555 2001 4617 subinfertur:
2030 4593 2099 4602 —

435 4640 720 4710 quoniam
740 4640 859 4709 ipsi
885 4641 1379 4710 consolabuntur,
1418 4640 1521 4700 illa
1551 4645 1827 4705 videlicet
1884 4666 2098 4706 conso-

434 4724 655 4786 latione
696 4743 834 4802 quae
859 4733 998 4803 post
1042 4729 1201 4786 hanc
1244 4729 1430 4788 vitam
1486 4734 1705 4791 sanctis
1760 4736 2000 4796 dabitur
2035 4738 2099 4796 in

436 4816 660 4875 aeterna
678 4813 904 4889 requie.

505 4897 687 4955 Beati
709 4898 818 4971 qui
841 4899 1114 4955 esuriant
1143 4905 1199 4956 et
1227 4900 1419 4956 situnt
1428 4903 1755 4972 justitiam.
1801 4905 2096 4964 Justitiam

435 4984 661 5041 esurire
690 4989 749 5042 et
777 4986 954 5060 sitire,
983 4991 1071 5043 est
1099 4992 1401 5062 praecepta
1432 4992 1741 5049 Dominica
1782 4993 1986 5051 animo
2032 4995 2096 5052 li-

434 5072 603 5131 benti
623 5075 854 5148 audire,
877 5081 935 5133 et
954 5076 1071 5133 sub
1093 5079 1260 5135 omni
1289 5076 1629 5139 festinantia
1657 5082 1943 5156 operibus
1986 5085 2093 5143 ad-

436 5163 705 5238 implere.
722 5169 785 5222 In
800 5165 914 5224 hoc
940 5167 1101 5224 enim
1122 5166 1256 5223 loco
1270 5168 1500 5241 justitia
1520 5171 1761 5228 duobus
1788 5173 1985 5230 modis
2006 5181 2097 5232 est

437 5252 845 5327 intelligenda.
868 5257 1103 5314 Justitia
1121 5257 1443 5314 Dominum
1467 5261 1765 5319 Christum
1779 5263 2090 5335 signiﬁcat,

438 5342 513 5401 de
538 5360 660 5419 quo
691 5346 1002 5419 apostolus
1020 5346 1426 5407 Paulusdicit:
1454 5350 1570 5418 Qui
1594 5352 1793 5411 factus
1823 5360 1907 5411 est
1928 5355 2091 5411 nobis

426 5434 787 5505 justiﬁcatio
817 5443 872 5495 et
896 5438 1316 5508 sanctiﬁcatio.
1352 5441 1415 5496 Et
1438 5439 1580 5498 item
1601 5442 1767 5514 justa
1797 5444 1897 5500 Dei
1922 5460 2092 5501 mau-

435 5515 578 5575 data
604 5536 931 5593 possumus
957 5521 1253 5591 justitiam
1281 5521 1628 5596 intelligere,
1656 5544 1790 5600 quae
1817 5544 1959 5583 suos
1980 5528 2090 5585 ob-

436 5612 770 5667 servatores
790 5610 1115 5667 creduntur
1126 5611 1474 5683 justiﬁcare.
1506 5615 1618 5682 Qui
1633 5616 1813 5675 talem
1831 5618 2090 5676 esuriem

2202 1706 2683 1771 consequentur:
2731 1717 2855 1757 non
2901 1701 3068 1758 illam
3109 1719 3241 1776 quae
3272 1704 3489 1775 augeri
3548 1702 3653 1759 vel
3716 1705 3885 1758 minui

2201 1787 2363 1845 valet
2394 1805 2503 1861 pro
2529 1789 2861 1847 diversitate
2888 1796 3228 1866 temporum
3256 1811 3268 1859 ;
3294 1792 3400 1847 sed
3432 1809 3588 1865 quae
3612 1792 3683 1847 in
3703 1793 3889 1847 divina

2201 1877 2707 1950 contemplatione
2738 1880 3095 1937 detrimenta
3122 1897 3248 1937 non
3275 1881 3617 1938 sustinebit
3643 1883 3709 1937 in
3740 1890 3887 1937 reter-

2202 1981 2372 2021 num.

2272 2057 2451 2111 Beati
2474 2058 2696 2113 mundo
2714 2059 2910 2114 corde.
2928 2057 3075 2113 lllud
3088 2060 3310 2115 etenim
3333 2064 3427 2115 est
3447 2076 3567 2116 cor
3592 2061 3885 2116 mundum

2200 2144 2367 2215 quod
2398 2145 2476 2200 ab
2504 2147 2669 2200 omni
2704 2147 2990 2219 spurcitia
3022 2147 3297 2204 vitiorum
3318 2150 3434 2204 erit
3450 2154 3885 2221 expurgatum.

2201 2235 2259 2285 et
2289 2232 2455 2304 quod
2476 2248 2597 2289 non
2626 2237 2812 2307 turpis
2841 2236 3228 2302 conscientia,
3253 2253 3366 2292 nec
3394 2238 3727 2294 malarum
3749 2241 3885 2307 cogi-

2204 2322 2499 2377 tationum
2549 2324 2899 2395 coinquinat
2958 2325 3310 2397 frequentia.
3376 2329 3461 2381 De
3517 2344 3656 2399 qua
3707 2328 3885 2382 cordis

2205 2411 2502 2467 munditia
2532 2413 2819 2468 exorabat
2868 2414 3188 2469 Dominum
3248 2415 3586 2472 Psalmista
3645 2416 3881 2471 dicens:

2205 2500 2325 2556 Cor
2344 2502 2631 2557 mundum
2681 2518 2819 2558 crea
2865 2504 2927 2558 in
2983 2520 3093 2574 me,
3140 2506 3729 2573 Deus.—Quouiam
3788 2510 3881 2575 ipsi

2202 2591 2391 2645 Deum
2446 2591 2745 2648 videbunt.
2808 2594 2962 2647 Deus
3015 2593 3174 2649 enim
3227 2594 3481 2666 spiritus
3532 2601 3652 2651 est.
3719 2599 3882 2651 Nemo

2203 2678 2365 2733 enim
2398 2681 2584 2734 Deum
2614 2683 2807 2750 potest
2831 2679 3045 2735 intueri
3071 2681 3183 2736 nisi
3211 2698 3321 2754 per
3350 2682 3675 2753 spiritales
3695 2684 3881 2738 oculos

2203 2768 2401 2823 cordis
2433 2768 2663 2823 mundi.
2694 2768 2793 2824 llic
2824 2768 3120 2825 videbitur
3160 2786 3269 2843 per
3328 2772 3613 2840 gratiam
3673 2773 3882 2846 specia-

2202 2856 2320 2911 lem
2349 2876 2361 2918 ;
2398 2857 2459 2911 in
2490 2859 2688 2912 futuro
2718 2862 2920 2913 autem
2947 2858 3097 2914 facie
3126 2859 3204 2914 ad
3235 2859 3489 2929 faciem,
3520 2868 3592 2917 ut
3636 2864 3880 2917 Joannes

2203 2948 2284 3001 ait
2317 2963 2329 2999 :
2365 2947 2515 3001 Cum
2540 2948 2693 3002 enim
2728 2948 3105 3017 apparuerit,
3132 2949 3355 3004 similes
3417 2952 3480 3005 ei
3540 2954 3788 3011 ervnus,
3836 2958 3879 3004 et

2202 3035 2528 3092 videbimus
2558 3052 2690 3092 eum
2719 3036 2900 3093 sicuti
2926 3044 3031 3093 est.

2274 3128 2451 3182 Beati
2470 3127 2732 3195 paciﬁci.
2762 3126 2998 3182 Pacitici
3028 3126 3189 3182 enim
3221 3133 3366 3183 sunt
3392 3128 3506 3203 qui
3531 3145 3751 3202 pacem
3804 3131 3878 3185 fa-

2203 3231 2333 3269 cere
2365 3220 2645 3285 satagunt
2678 3234 2690 3283 ;
2718 3215 2983 3289 primum
3011 3216 3074 3271 in
3104 3218 3473 3290 semetipsis,
3506 3220 3688 3291 juxta
3738 3228 3873 3293 Apo-

2204 3301 2337 3357 stoli
2368 3319 2577 3357 vocem
2608 3302 2857 3357 dicentis
2892 3320 2905 3356 :
2930 3304 3020 3359 Ne
3045 3319 3184 3374 ergo
3211 3313 3427 3375 regnet
3456 3316 3777 3375 peccatum
3821 3308 3866 3360 in

2206 3397 2397 3447 vestro
2428 3393 2675 3447 mortali
2702 3407 2968 3461 corpore,
2994 3398 3058 3447 ut
3098 3393 3393 3450 obediatis
3457 3412 3863 3467 concupiscen-

2206 3481 2301 3535 tiis
2330 3482 2478 3549 ejus.
2515 3480 2734 3535 Deinde
2766 3496 2906 3536 vero
2936 3480 3363 3537 dissidentium
3394 3484 3588 3540 «orda
3617 3486 3693 3541 ad
3734 3500 3863 3538 con-

2207 3569 2475 3625 cordiam
2526 3585 2851 3641 provocare
2904 3587 3042 3627 cum
3101 3573 3599 3630 mansuetudinis
3656 3572 3850 3641 gratia.

2209 3658 2372 3713 Unde
2404 3658 2715 3715 Psalmista
2744 3677 2755 3714 :
2792 3660 2940 3716 Cum
2974 3659 3085 3727 his,
3116 3661 3333 3733 inquit,
3366 3667 3483 3733 qui
3505 3663 3739 3719 oderunt
3762 3676 3853 3731 pc-

2207 3763 2330 3804 cem
2356 3763 2519 3804 eram
2536 3750 2847 3818 paciﬁcus.
2879 3782 2949 3790 —
2981 3750 3272 3816 Quoniam
3296 3753 3421 3821 ﬁlii
3450 3755 3563 3809 Dei
3588 3753 3860 3809 vocabam

2207 3842 2328 3891 tur.
2363 3837 2560 3893 Merito
2588 3852 2728 3906 ergo
2759 3836 2860 3892 filii
2893 3837 2992 3893 Dei
3015 3839 3401 3895 vocabuntur
3462 3842 3725 3915 paciﬁci,
3773 3840 3861 3914 qui

2207 3925 2532 3981 Dominum
2564 3926 2730 4000 pacis
2754 3926 2993 3983 student
3011 3927 3251 3984 imitari.
3285 3931 3438 3995 Quia
3468 3931 3654 3987 Filius
3673 3933 3771 3987 Dei
3799 3930 3865 3986 ad

2206 4012 2322 4069 hoc
2352 4018 2597 4070 venerat
2623 4013 2685 4068 in
2712 4015 3013 4070 mundum
3034 4019 3099 4070 ut
3121 4018 3241 4072 Deo
3262 4019 3418 4074 Patri
3446 4036 3561 4075 suo
3607 4019 3871 4094 paciﬁca-

2206 4107 2294 4159 ret
2323 4119 2513 4174 genus
2543 4104 2902 4172 humanum,
2931 4110 2986 4161 et
3012 4121 3121 4178 per
3150 4122 3273 4161 suae
3299 4108 3561 4177 gratiam
3582 4109 3873 4182 passionis

2206 4192 2461 4265 aperiret
2483 4194 2735 4265 januam
2764 4192 3218 4263 reguiccelestis.
3244 4203 3534 4253 Nascente
3548 4197 3875 4267 Salvatore,

2206 4280 2345 4336 huic
2391 4280 2622 4336 mundo
2662 4279 3016 4351 angelorum
3044 4297 3263 4355 pacem
3296 4284 3880 4342 decantabatmulti-

2206 4369 2353 4425 tudo
2382 4369 2619 4425 dicens:
2648 4371 2858 4427 Gloria
2888 4372 2948 4427 in
2980 4374 3230 4429 excelsis
3242 4375 3386 4446 Deo,
3401 4381 3451 4432 et
3472 4377 3528 4430 in
3550 4380 3725 4430 terra
3742 4390 3881 4445 pas:

2208 4458 2561 4515 hominibus.
2588 4461 2653 4513 Et
2680 4457 2809 4531 ipse
2841 4458 3127 4527 Salvator,
3187 4461 3559 4519 discessurus
3590 4464 3671 4519 de
3694 4480 3877 4520 mun-

2205 4549 2305 4617 do,
2374 4549 2653 4605 eamdem
2708 4549 3019 4623 discipulis
3066 4553 3542 4610 commendabat
3564 4554 3871 4611 dicendo:

2226 4639 2448 4694 Pacem
2472 4639 2745 4708 relinquo
2804 4640 2985 4707 vobis,
3040 4656 3251 4710 pacem
3318 4659 3509 4699 meam
3578 4645 3865 4700 donabis.

2206 4725 2358 4782 Nihil
2415 4725 2598 4793 aliud,
2667 4725 2898 4798 fratres,
2965 4727 3028 4783 in
3092 4730 3260 4802 pacis
3327 4732 3604 4801 nomine,
3672 4733 3791 4789 nisi
3820 4749 3872 4787 se

2202 4815 2405 4889 ipsum
2471 4814 2699 4870 curavit
2749 4814 3103 4891 relinquere,
3168 4823 3233 4875 ut
3294 4821 3517 4877 Paulus
3578 4822 3712 4879 ait:
3757 4824 3872 4893 Ipse

2204 4909 2289 4962 est
2350 4906 2504 4960 enim
2566 4920 2693 4975 pax
2754 4912 2982 4975 nostra,
3023 4909 3129 4979 qui
3172 4910 3317 4979 fecit
3361 4917 3630 4984 utraque
3672 4930 3868 4969 unum

2205 4994 2429 5051 Idcirco
2461 4994 2576 5049 sub
2603 4994 2769 5051 omni
2797 4995 3091 5053 debemus
3128 4996 3452 5056 devotione
3493 5017 3727 5075 pacem
3755 5002 3868 5058 dili-

2204 5099 2361 5155 gere,
2396 5082 2447 5139 si
2475 5085 2658 5140 Deum
2714 5087 2880 5160 pacis
2936 5086 3214 5143 volumus
3262 5089 3492 5148 habere
3542 5092 3864 5164 placatum.

2274 5175 2453 5231 Beati
2480 5176 2585 5247 qui
2600 5176 3071 5245 persecutionem
3080 5178 3411 5248 patiuntur
3427 5189 3695 5253 propter
3705 5182 3868 5253 justi-

2202 5268 2369 5320 tiam.
2406 5266 2706 5321 Sustinent
2734 5264 2895 5321 enim
2908 5267 3354 5339 persecutiones
3372 5270 3574 5344 multi,
3610 5279 3677 5329 ut
3694 5270 3866 5329 humi.

2199 5353 2367 5421 cidae,
2400 5353 2559 5411 fures
2587 5360 2645 5411 et
2673 5354 2945 5425 adulteri,
2976 5374 3084 5413 nec
3113 5362 3319 5415 tamen
3335 5359 3728 5419 beatitudine
3745 5376 3866 5416 con-

2199 5442 2552 5501 solabuntur
2581 5444 2826 5501 caelesti.
2853 5446 3016 5502 Unde
3046 5448 3360 5520 apostolus
3380 5453 3596 5507 Petrus
3617 5454 3701 5508 ait
3733 5451 3866 5508 :.\'e-

2196 5548 2290 5588 mo
2313 5539 2569 5589 vestrum
2594 5536 2870 5604 patiatur
2898 5538 3074 5605 quasi
3101 5535 3427 5609 homicida,
3461 5549 3577 5596 aut
3593 5543 3733 5610 fur,
3769 5546 3861 5596 aut

2196 5622 2456 5679 adulter.
2480 5630 2584 5681 aut
2598 5639 2797 5695 rapax
2812 5623 2927 5681 Sed
2940 5625 3043 5697 qui
3055 5629 3545 5698 persecutionem
3559 5630 3867 5703 patiuntur
