3996 6178
73 200 81 225 ,
181 153 327 210 1093

516 149 877 209 APPENDIX
914 154 1015 207 AD
1052 151 1462 209 ARNOLDUM.
1505 180 1574 190 —
1613 148 1880 207 DESCRH

2066 146 2389 213 CENSUUM
2426 160 2726 217 MONAST.
2770 161 2829 218 s.
2871 146 3317 237 EMMERAMMI,
3522 171 3667 232 me

172 278 428 352 propter
455 273 782 345 Christum,
841 308 911 316 —
954 279 1217 347 ipsorum
1267 280 1354 333 est
1401 290 1652 346 regnum
1690 276 1865 332 εαιιο-
1905 281 1953 330 Α
1984 276 2403 346 gloriossimus
2434 289 2663 356 martyr
2694 285 2905 357 Christi
2931 290 3433 347 Emmerammus
3464 300 3673 357 mente

173 382 339 422 rum.
394 363 561 421 Unde
617 362 921 420 Dominus
965 365 1134 458 alibi
1153 365 1234 422 ait
1263 381 1285 421 .·
1334 365 1403 421 Si
1448 379 1539 458 me
1566 367 1871 458 persecuti
1977 366 2256 436 ﬂagranti
2316 368 2549 458 sitiebat
2595 355 2677 429 ab
2726 355 2976 432 infantia
3023 377 3137 433 sub
3177 380 3396 437 solerti
3445 355 3677 458 degens,

170 461 341 549 sunt,
365 460 554 549 ξίφος
578 460 1050 549 persequentur.
1086 455 1221 549 Haec
1253 459 1342 510 est
1367 453 1644 549 gratuita
1692 456 1868 549 misef
1977 472 2119 549 cura
2170 456 2616 549 magistrorum,
2670 478 2990 537 quousque
3045 466 3252 523 litteras
3305 453 3677 549 Pythaéoﬁ.

172 544 331 601 ratio
360 542 704 608 Salvatoris,
735 546 810 598 ut
836 560 982 600 suos
1010 548 1329 601 sectatores
1367 542 1634 598 hmredes
1692 543 1871 601 faciat
1977 562 2062 602 cas
2082 546 2228 617 (272)
2259 549 2695 606 conscenderat
2724 552 2974 621 bivium,
3005 573 3163 629 quae,
3194 572 3311 632 per
3344 542 3674 627 ramuscu-

173 632 350 702 regni
378 632 655 702 ccelestis,
685 633 745 684 et
779 633 887 704 qui
939 636 1183 706 propter
1234 633 1437 706 ipsum
1495 635 1867 705 contempse-
1973 636 2066 691 los
2097 651 2133 691 a
2163 635 2387 691 dextris
2420 642 2724 709 turgentes
2754 646 2812 698 et
2839 658 2874 698 a
2902 645 3171 710 sinistris,
3199 646 3383 704 viam
3415 657 3552 713 vitae
3580 660 3669 715 di-

172 727 321 779 runt
346 721 519 779 bona
549 720 932 792 temporalia,
963 722 1090 778 sine
1129 722 1247 779 ﬁne
1273 721 1621 796 possideant
1645 722 1868 794 gaudia
1976 725 2198 780 scernit
2223 729 2278 781 et
2303 727 2529 783 mortis.
2559 733 2821 787 Ascenso
2850 748 3095 806 quoque
3124 735 3313 806 hujus
3343 735 3559 801 littera:
3578 746 3665 802 bi-

178 812 577 885 sempiterna.
1973 814 2092 881 vio,
2115 814 2419 887 spiritalia
2449 817 2671 874 dextris
2694 824 2750 876 et
2770 836 2806 877 a
2838 821 3091 878 sinistris
3120 825 3506 897 prospiciens
3521 848 3657 889 ocu-

254 905 395 957 Hasc
421 906 559 957 octo
614 899 1043 970 beatitudines,
1101 917 1136 957 a
1187 900 1438 957 Domino
1485 901 1755 975 prolatae,
1789 903 1867 958 ad
1974 902 2057 971 lo,
2090 903 2394 961 sinistram
2424 907 2608 979 viam,
2660 924 2797 982 quae
2845 926 2993 967 voce
3040 911 3359 969 Dominica
3417 919 3546 975 lata
3596 927 3652 976 et

183 995 541 1047 sanctorum
572 989 927 1046 electionem
948 989 1250 1063 pertinent
1288 989 1549 1061 generali
1600 993 1865 1048 vocatio-
1973 996 2241 1064 spatiosa
2268 995 2632 1065 nominatur,
2648 999 2762 1055 sub
2793 1000 2959 1055 omni
2988 999 3335 1058 festinantia
3350 1003 3646 1075 deseruit;

188 1097 266 1136 ne
298 1099 311 1135 :
338 1098 474 1153 quae
506 1097 654 1136 suos
694 1079 1113 1136 observatores
1134 1081 1484 1152 justiﬁcant,
1504 1086 1561 1137 et
1592 1081 1672 1138 ad
1703 1087 1867 1138 mter-
1974 1087 2034 1139 et
2058 1083 2369 1139 dexteram
2391 1100 2527 1157 quae
2558 1090 2730 1144 arcta
2780 1094 2837 1144 et
2870 1096 3130 1159 angusta
3177 1088 3415 1161 dicitur,
3477 1094 3645 1151 sicuti

188 1186 286 1226 nae
312 1169 605 1226 felicitatis
637 1169 863 1240 gaudia
893 1170 1256 1242 perducunt.
1975 1177 2085 1239 est,
2120 1172 2351 1229 idoneae
2382 1175 2571 1243 gratia
2599 1176 2943 1232 intentionis
2989 1178 3258 1252 arripuit,
3316 1185 3379 1236 ut
3432 1186 3647 1254 postea

266 1260 399 1313 Haec
423 1273 587 1313 nona
616 1273 760 1313 vero
799 1274 936 1330 quae
987 1258 1278 1330 sequitur,
1340 1258 1676 1332 specialiter
1727 1275 1866 1315 san-
1977 1262 2110 1317 vitae
2141 1279 2263 1317 suae
2294 1265 2662 1320 conversatio
2693 1265 3132 1338 comprobavit.
3167 1270 3458 1342 Suscepta
3501 1286 3644 1327 vero

185 1346 296 1401 ctis
327 1346 617 1418 apostolis
648 1351 704 1402 et
728 1346 1098 1418 martyribus
1124 1347 1462 1417 ascribitur,
1493 1353 1559 1404 ut
1580 1348 1867 1405 subinfer-
1977 1349 2131 1407 bene
2162 1353 2557 1409 conversandi
2585 1353 3034 1421 deliberatione,
3067 1355 3142 1411 de
3172 1356 3385 1414 virtute
3433 1358 3495 1414 in
3522 1359 3642 1414 vir-

181 1440 284 1491 tur
311 1453 324 1490 :
355 1438 538 1492 Beati
562 1438 702 1492 estis
756 1452 887 1492 cum
925 1437 1355 1494 male-dixerint
1387 1439 1547 1494 vobis
1591 1445 1646 1495 et
1670 1453 1867 1508 perse-
1974 1444 2165 1495 tutem
2195 1441 2514 1513 proﬁciens
2543 1442 2639 1498 die
2671 1447 2993 1516 noctuque,
3025 1444 3456 1503 acclamatione
3503 1462 3643 1504 con-

181 1527 313 1582 cuti
342 1541 444 1581 vos
492 1526 749 1594 fuerint.
808 1525 971 1581 Beati
1014 1540 1157 1596 ergo
1190 1526 1444 1598 apostoli
1474 1532 1531 1582 et
1568 1520 1897 1599 martyres
1975 1528 2143 1586 cordi
2176 1529 2591 1586 universorum
2619 1531 2886 1588 elevatus
2926 1538 3014 1589 est
3054 1533 3116 1589 in
3148 1534 3504 1608 episcopalis
3550 1535 3642 1592 di-

181 1631 308 1672 non
340 1615 544 1670 solum
566 1630 604 1669 a
633 1615 1030 1686 praesentibus
1059 1631 1331 1671 carceres
1362 1621 1419 1671 et
1448 1617 1714 1685 vincula,
1760 1616 1865 1670 sed
1906 1636 1945 1687 Β
1976 1617 2217 1685 gnitatis
2275 1618 2620 1690 primatum,
2684 1620 2858 1691 juxta
2923 1620 3338 1678 ecclesiasticae
3402 1623 3645 1681 decreta

183 1705 262 1760 de
294 1703 656 1759 absentibus
687 1702 1122 1758 maledictionis
1150 1709 1207 1760 et
1254 1704 1642 1760 detractionis
1695 1704 1870 1760 susti-
1980 1704 2128 1774 legis
2153 1706 2317 1778 prius
2349 1707 2576 1762 ordinis
2606 1707 2918 1764 clericatus
2950 1709 3239 1779 gradibus
3264 1712 3550 1768 ascensis.

182 1791 808 1864 nueruntopprobria
837 1809 849 1846 :
881 1823 950 1832 -—
997 1797 1054 1848 et
1108 1793 1379 1850 dixerint
1426 1809 1601 1850 omne
1643 1794 1869 1849 malum
2055 1798 2325 1869 Cumque
2382 1798 2635 1851 summis
2666 1796 2914 1869 polleret
2964 1799 3302 1871 virtutibus,
3358 1801 3421 1857 in
3474 1800 3643 1876 apice

185 1882 511 1939 adversum
540 1895 643 1937 vos
670 1882 1034 1936 mentientes.
1070 1880 1211 1937 Ideo
1259 1885 1471 1937 contra
1517 1880 1873 1954 prmdicato-
1982 1899 2228 1940 summo
2258 1883 2404 1940 illud
2433 1885 2848 1955 evangelicum
2897 1886 3126 1951 dictum
3173 1888 3413 1945 volvere
3451 1904 3645 1961 caepe-

185 1989 284 2028 res
316 1975 774 2045 persecutorum
801 1970 1063 2027 versutia
1105 1970 1281 2027 ﬁnxit
1317 1972 1668 2037 mendacia,
1729 1971 1873 2043 quia
1980 1978 2072 2028 rat
2128 1974 2332 2029 animo
2376 1991 2389 2030 :
2434 1975 2549 2030 Cui
2599 1976 2738 2043 plus
2796 1977 3208 2047 committitur,
3256 1978 3401 2048 plus
3452 1977 3528 2034 ab
3578 1991 3645 2033 eo

192 2061 426 2118 nullum
456 2061 518 2117 in
549 2060 637 2116 eis
664 2060 981 2131 vestigium
1001 2061 1215 2117 habuit
1242 2061 1494 2118 malitia.
1542 2065 1691 2128 Quae
1720 2078 1871 2134 prae-
1983 2063 2253 2132 exigitur
2270 2076 2291 2135 ,'
2323 2064 2536 2119 timens
2566 2080 2641 2118 ne
2672 2063 2964 2121 talentum
3014 2065 3127 2121 sibi
3174 2066 3467 2123 creditum
3519 2065 3645 2122 sine

198 2151 560 2223 sumptionis
587 2166 773 2206 causa
800 2150 1215 2221 hujuscemodi
1240 2151 1525 2208 fecissent
1547 2152 1874 2224 mala,ipse
1981 2150 2149 2207 lucro
2172 2159 2498 2226 reportaret
2518 2153 2595 2209 ad
2635 2154 2953 2225 Christum,
3002 2171 3141 2211 cum
3195 2155 3417 2212 decoro
3467 2154 3649 2212 comi-

195 2240 489 2297 Dominus
527 2239 864 2308 subiunxit,
922 2240 1140 2295 scilicet
1184 2247 1438 2309 propter
1493 2255 1642 2313 me;
1696 2241 1875 2314 quasi

192 2331 464 2388 diceret:
498 2333 631 2386 Haec
659 2329 865 2385 omnia
893 2345 1014 2386 non
1071 2330 1211 2385 odio
1264 2330 1470 2401 vestri,
1523 2332 1636 2387 sed
1689 2347 1875 2387 causa

192 2421 481 2492 ingerunt
526 2420 793 2477 nominis
849 2420 984 2476 mei.
1037 2451 1104 2461 ——
1162 2419 1429 2476 Gaudete
1473 2428 1531 2477 et
1580 2422 1870 2485 exultate,

197 2510 705 2584 quandoquidem
737 2509 1233 2565 renumerationis
1266 2510 1524 2577 gratiam
1568 2514 1874 2583 perpetuae

198 2617 315 2675 pro
341 2600 518 2657 vestri
549 2598 891 2656 certaminis
936 2597 1272 2672 percipietis
1320 2597 1551 2655 labore.
1611 2631 1680 2640 ——
1728 2600 1878 2667 Quo-

200 2693 370 2746 niam
431 2704 653 2746 merces
703 2694 898 2744 vestra
954 2690 1150 2744 multa
1194 2693 1277 2744 est
1326 2688 1389 2742 in
1439 2690 1625 2744 caelis.
1660 2690 1875 2743 Merces

204 2783 558 2835 sanctorum
586 2777 802 2835 merito
850 2779 1043 2834 multa
1096 2777 1331 2845 dicitur,
1372 2793 1513 2832 cum
1554 2793 1591 2832 a
1616 2776 1877 2832 Domino

202 2884 318 2943 pro
343 2868 696 2923 meritorum
724 2865 1007 2939 qualitate
1036 2866 1099 2921 in
1142 2864 1359 2922 ccelum
1410 2864 1757 2939 centuplum
1789 2881 1881 2921 re-

202 2956 646 3024 munerabitur,
682 2960 742 3011 et
766 2955 888 3013 vita
913 2955 1193 3028 perennis
1232 2953 1455 3025 gaudia
1482 2954 1878 3028 possidebunt
1917 2983 1958 3039 ρ

203 3046 271 3102 in
304 3043 810 3117 contemplatione
840 3043 1064 3099 divina.

282 3136 513 3192 Harum
539 3138 675 3191 octo
705 3133 1288 3200 beatitudinum,nec
1308 3147 1433 3189 non
1462 3137 1519 3190 et
1540 3147 1880 3204 nonee,quae

205 3225 377 3293 solis,
404 3229 470 3281 ut
493 3224 777 3296 diximus,
810 3223 1176 3295 martyribus
1205 3224 1501 3295 convenit,
1535 3222 1881 3294 gustamina

1982 2242 2110 2295 tatu
2141 2240 2491 2297 clericorum
2523 2241 2787 2296 futurum
2821 2258 2883 2298 se
2912 2242 3372 2314 praedicatorem
3392 2242 3648 2299 destina-

1982 2332 2155 2384 verat
2185 2330 2263 2384 ad
2291 2335 2527 2399 gentem
2561 2329 2914 2386 Hunnorum
2940 2349 2953 2398 ;
3003 2347 3137 2407 quae
3166 2334 3310 2387 tunc
3340 2329 3647 2404 temporis,

1982 2415 2213 2473 lumine
2235 2419 2502 2476 veritatis
2532 2418 2855 2487 obcaecata,
2885 2419 3139 2476 diversis
3178 2420 3479 2477 idolorum
3522 2419 3646 2476 cul-

1984 2505 2145 2562 tibus
2170 2525 2233 2564 se
2265 2507 2652 2564 submittebat
2681 2507 2916 2564 devota.
2943 2512 3213 2581 Cumque
3243 2510 3323 2566 ab
3345 2510 3461 2566 hac
3496 2514 3647 2566 nutu

1984 2594 2191 2652 divino
2217 2596 2574 2671 prohibitus,
2610 2612 2719 2669 per
2746 2596 3068 2652 triennium
3110 2597 3253 2653 ﬁdei
3299 2599 3530 2655 semina
3584 2598 3647 2653 in

1984 2684 2199 2742 Norico
2231 2690 2555 2760 spargeret,
2585 2690 2641 2741 et
2668 2685 2886 2742 multos
2926 2687 3001 2742 ad
3030 2686 3248 2751 lucem,
3301 2701 3436 2760 qua:
3486 2686 3649 2744 Chri-

1986 2778 2113 2829 stus
2146 2780 2254 2846 est,
2286 2776 2347 2830 in
2377 2791 2448 2832 ea
2472 2779 2858 2843 converteret,
2918 2791 3057 2831 cum
3112 2774 3316 2848 palma
3353 2774 3647 2847 martyrii,

1986 2865 2448 2937 permirabiliter
2494 2865 2914 2934 consummati,
2975 2864 3255 2935 migravit
3310 2864 3388 2921 ad
3456 2864 3652 2921 Domi-

1986 2942 2140 3010 num
2170 2972 2182 3010 :
2212 2955 2307 3010 cui
2335 2954 2467 3011 laus
2497 2958 2660 3011 estet
2684 2954 2872 3025 gloria
2902 2970 3010 3027 per
3033 2952 3270 3009 inﬁnita
3296 2954 3519 3010 saecula
3544 2969 3654 3010 sm-

1989 3044 2286 3100 culorum.
2316 3049 2526 3099 Amen.

2059 3133 2268 3190 Arnolt
2290 3132 2465 3189 Abba
2492 3133 2673 3203 logon
2701 3134 2929 3199 tractat,
2963 3148 3145 3204 quem
3176 3131 3407 3188 dixerat
3435 3147 3575 3188 oon.

2057 3221 2398 3278 Mercedem
2427 3221 2609 3292 gratis
2631 3219 2956 3276 monadem
2985 3219 3140 3275 dans
3163 3224 3299 3276 octo
3326 3220 3540 3276 beatis.

287 3350 436 3422 (272)
475 3349 539 3406 ld
566 3352 659 3406 est
688 3350 753 3417 Y,

212 3529 307 3540 -οι

314 3520 3620 3554 M

948 3693 1701 3814 APPENDIX
1779 3694 1983 3811 AD
2077 3692 2925 3815 ARNOLDUM.

1898 4120 1987 4238 Ι.

561 4395 1152 4487 DESCRIPTIO
1231 4394 1729 4503 GENSUUM,
1818 4389 2502 4484 PROVENTUUM
2579 4390 2709 4482 AG
2781 4390 3323 4485 FRUGTUUM

1220 4601 1306 4655 EX
1343 4599 1638 4656 PREDIIS
1674 4597 2096 4655 MONASTERll
2136 4598 2193 4654 S.
2234 4597 2670 4666 EMMERAMMJ,

643 4785 960 4870 Tempore
988 4777 1250 4847 abbatis
1264 4776 1650 4848 Burchardi
1676 4774 1900 4866 (1031)
1926 4786 1991 4843 et
2014 4773 2314 4843 Arnoldo
2335 4772 2697 4864 praepositi
2719 4795 2964 4843 munus
2987 4784 3253 4859 agente.

1116 4973 1311 5045 (Apud
1338 4976 1403 5029 Β.
1426 4973 1492 5030 P.
1523 4974 1655 5029 Paz.
1689 4970 1983 5029 Thesauri
2007 4969 2296 5027 Aneedot.
2329 4968 2372 5038 Ι,
2403 4983 2485 5036 ιιι,
2516 4966 2631 5025 col.
2660 4970 2775 5035 67).

305 5281 480 5335 Anno
503 5277 583 5335 ab
613 5275 1026 5334 Iucarnatione
1060 5272 1291 5330 Domini
1314 5272 1497 5328 nostri
1521 5277 1657 5332 Jesu
1683 5274 1892 5334 Christi
1924 5278 1967 5332 Ι)
2006 5285 2271 5346 praesens
2299 5268 2616 5343 descriptio
2655 5267 2812 5325 facta
2840 5271 2946 5325 est.
2991 5269 3161 5327 Hunc
3190 5270 3473 5328 abbatem
3502 5270 3664 5328 misit

229 5367 556 5424 millesimo
586 5368 882 5424 tricesimo
913 5365 1129 5438 primo,
1171 5363 1490 5419 indictione
1518 5379 1637 5430 xw,
1693 5379 1893 5419 rerum
2001 5362 2176 5418 nobis
2234 5360 2443 5431 Augia,
2503 5375 2686 5433 quem
2742 5373 3107 5414 conservans
3158 5360 3349 5431 gratia
3398 5374 3662 5434 superna

232 5458 501 5514 coenobii
556 5460 610 5516 S.
653 5454 1078 5514 Emmerammi
1118 5454 1230 5510 sub
1277 5453 1496 5510 abbate
1528 5452 1893 5523 Burchardo,
2003 5449 2305 5520 adaugeat
2327 5449 2531 5506 omnia
2562 5447 2673 5503 sibi
2702 5447 3044 5504 commissa.

231 5548 375 5622 ipso
424 5547 675 5619 jubente
731 5549 788 5601 et
842 5543 1230 5600 mhilominus
1276 5541 1539 5598 Arnoldo
1577 5540 1897 5614 praeposito
2074 5541 2156 5596 De
2183 5538 2416 5596 civitate
2447 5540 2559 5597 ista
2587 5543 2755 5595 terrae
2782 5538 2978 5595 salicta
3008 5552 3068 5595 ιιι
3096 5538 3273 5597 hobm
3302 5542 3360 5597 et
3385 5537 3659 5597 dimidia.

235 5654 346 5699 eas
365 5634 1016 5713 disquirente,fratrum
1036 5637 1194 5692 coetu
1212 5631 1560 5707 familiaque
1580 5630 1897 5706 probante,
2009 5629 2331 5689 Servitores
2350 5630 2580 5688 habent
2605 5644 2666 5687 ιιι
2692 5629 2889 5689 hobas
2914 5647 2929 5700 ;
2961 5626 3193 5689 villicus
3221 5628 3407 5690 habet
3449 5644 3535 5689 xu
3568 5629 3637 5701 ,τι-
