3984 6180
243 299 265 350 ι
291 281 385 350 101

1143 290 1554 349 DESCRIPTIO
1595 289 1919 346 CENSUUM
1964 290 2267 349 MONAST.
2312 293 2371 350 S.
2415 295 2774 352 EMMERAM.

3530 304 3668 362 H02

235 418 299 474 in
350 433 513 475 anno
560 432 834 490 pannum
885 415 960 472 de
1004 415 1144 472 lana
1194 415 1358 488 long.
1393 415 1529 472 cub.
1563 432 1642 486 1x,
1688 413 1788 470 lat.
1821 430 1898 470 1v.
1928 424 1978 479 Α
2015 415 2155 474 hob.
2185 435 2223 475 1.
2267 417 2500 476 Villicus
2529 420 2712 478 habet
2753 420 2980 478 hobam
3012 437 3028 476 1
3060 426 3116 480 et
3143 397 3246 479 vni
3273 424 3400 496 jug.
3434 427 3669 501 Equita.

239 511 369 564 Duo
430 507 658 564 faciunt
716 523 990 580 pannum
1054 507 1128 563 de
1192 507 1314 564 lino
1370 507 1533 578 long.
1604 505 1742 562 cub.
1797 521 1900 575 x11,

237 597 338 654 lat.
377 601 462 654 IV.

313 691 390 744 De
423 687 749 744 Orilinhem
799 691 937 743 sunt
973 704 1074 743 x1v
1119 687 1316 745 hoba.
1366 687 1626 759 Singula
1669 686 1907 743 solvunt

240 793 316 833 xv
347 776 550 833 situlas
581 776 859 843 cervisia,
892 781 949 832 et
977 793 1231 845 porcum
1278 794 1357 833 xv
1389 778 1526 833 den.
1582 776 1900 844 valentem,

243 885 259 922 1
307 867 578 924 modium
633 867 823 933 tritici,
875 872 931 923 et
980 885 996 920 1
1046 868 1320 924 modium
1377 885 1614 935 avena;
1661 865 1906 923 insimul

241 957 516 1031 dantpro
546 973 724 1030 opere
754 975 833 1013 xv
863 957 1104 1014 solidos.
1138 959 1373 1015 Villicus
1403 959 1584 1015 habet
1608 976 1665 1014 x1
1689 959 1904 1030 jugera

241 1050 298 1101 et
327 1063 343 1101 1
373 1046 516 1102 hob.
567 1045 914 1102 Fortstarius
944 1047 1128 1102 habet
1155 1063 1213 1102 Vl
1257 1049 1386 1118 jug.
1417 1045 1506 1102 Ad
1536 1047 1903 1120 Alaraspach

242 1136 405 1192 mola
447 1153 485 1203 1,
519 1153 656 1192 cum
692 1152 749 1190 111
778 1136 942 1191 rotis.
973 1136 1310 1194 Molinarius
1340 1138 1521 1193 habet
1564 1154 1640 1192 xv
1667 1137 1899 1208 jugera.

241 1225 332 1281 Ad
376 1225 806 1295 Hegilinhoven
856 1230 995 1281 sunt
1041 1243 1075 1282 v
1113 1226 1308 1292 hoba,
1341 1232 1398 1282 et
1440 1243 1512 1281 v11
1547 1227 1780 1298 jugera.
1814 1223 1902 1280 Ab

241 1316 333 1371 his
377 1318 596 1372 dantur
645 1332 720 1371 x1.
765 1315 994 1372 denarii
1039 1321 1095 1372 et
1145 1333 1243 1372 xvi
1297 1316 1483 1372 modii
1533 1332 1760 1372 avena.
1812 1315 1902 1371 Ad

246 1405 784 1462 Horsconoshovan
816 1411 954 1460 sunt
989 1422 1064 1460 xv
1093 1405 1289 1462 hoba.
1324 1405 1412 1461 Ab
1458 1405 1549 1461 his
1592 1405 1904 1461 solvuntur

242 1510 321 1549 xv
347 1493 524 1550 solidi
549 1495 612 1550 in
638 1494 815 1550 ferro.
847 1493 937 1550 Ad
970 1495 1370 1551 Etmatesdorf
1396 1499 1535 1550 sunt
1563 1511 1636 1549 v11
1669 1509 1827 1549 rura.
1854 1499 1902 1550 Α

242 1582 492 1654 singulis
539 1584 780 1640 ruribus
808 1601 844 1640 v
874 1588 930 1640 et
977 1601 1048 1640 111.
1087 1585 1317 1640 denarii
1346 1585 1583 1640 dantur.
1618 1583 1707 1639 Ad
1740 1583 1906 1641 Suai-

241 1672 563 1728 nicandorf
585 1679 724 1728 sunt
753 1689 790 1728 11
833 1673 1030 1729 hoba.
1066 1673 1314 1730 Solvunt
1342 1690 1455 1730 Lxx
1480 1673 1780 1730 denarios.
1813 1673 1904 1728 Ad

2014 505 2136 562 rius
2165 524 2321 564 unus
2351 509 2532 568 habet
2558 510 2704 567 hob.
2741 528 2758 565 1
2789 517 2846 567 et
2873 512 3172 570 decimam
3200 530 3238 569 1.
3273 515 3506 587 Equitat
3534 517 3666 573 ubi-

2014 613 2251 671 cunque
2296 600 2656 674 praecipitur.
2701 605 2778 658 De
2812 603 3191 676 Decbtapeta,
3234 604 3484 661 ecclesia
3530 622 3668 662 cum

2013 685 2407 746 decimatione
2453 695 2682 748 tantum
2728 691 2906 748 unius
2938 691 3072 748 loci.
3105 695 3291 749 Terrae
3325 693 3522 749 salica
3568 694 3672 750 ho-

2011 775 2124 832 bas
2155 794 2208 833 v.
2244 779 2405 835 Servi
2449 780 2646 836 salicis
2689 781 2916 838 habent
2963 798 3122 838 xxvu
3155 783 3312 853 jug.,
3344 783 3520 840 vinea
3550 799 3674 840 una

2013 882 2149 922 cum
2181 867 2450 924 vinitore.
2485 870 2571 925 Ad
2603 871 2988 928 Roccashova
3031 871 3208 927 hoba
3252 871 3410 940 dua,
3444 888 3516 928 ex
3545 873 3674 946 qui-

2011 955 2128 1011 bus
2157 957 2490 1014 redduntur
2514 959 2723 1029 cervis,
2756 960 2911 1016 situl.
2935 979 3012 1016 xx
3040 967 3097 1018 et
3117 962 3254 1018 den.
3280 978 3418 1018 xxx.
3444 961 3672 1019 Modius

2013 1061 2170 1101 unus
2224 1047 2504 1118 triticeus,
2550 1049 2726 1104 mola
2780 1067 2841 1104 11.
2875 1050 2965 1105 Ad
3014 1052 3376 1122 Gebrihinga
3421 1052 3673 1109 ecclesia

2012 1151 2151 1190 cum
2181 1137 2579 1194 decimatione
2625 1138 2811 1211 ipsius
2854 1138 2988 1207 loci,
3021 1145 3078 1196 et
3115 1140 3370 1197 aliorum
3409 1157 3468 1196 1v
3512 1142 3671 1198 loco-

2010 1241 2166 1282 rum.
2195 1230 2385 1284 Terra
2413 1227 2608 1284 salica
2635 1229 2829 1284 hobas
2855 1246 2916 1285 111
2947 1235 3003 1286 et
3030 1248 3130 1299 xx,
3157 1248 3198 1286 11
3223 1231 3352 1301 jug.
3391 1233 3553 1288 Servi
3582 1248 3673 1288 sa-

2009 1315 2106 1371 lici
2148 1316 2376 1374 habent
2402 1335 2502 1374 xu.
2533 1318 2807 1374 Jurnales
2853 1335 3162 1374 mansores
3205 1335 3286 1388 v1,
3316 1318 3419 1391 qui
3450 1316 3670 1387 singuli

2010 1405 2231 1462 debent
2279 1408 2487 1476 cervis,
2520 1408 2748 1464 sidulas
2793 1426 2932 1477 xvn,
2966 1425 3142 1464 ovem
3176 1423 3382 1479 unam,
3415 1407 3667 1462 tremiss.

2011 1495 2331 1564 valentem,
2365 1497 2640 1553 modium
2679 1502 2737 1554 et
2765 1497 3086 1554 dimidium
3133 1498 3375 1567 farina;
3413 1495 3673 1552 vicissim

2009 1600 2118 1657 per
2146 1600 2340 1641 annos
2387 1586 2637 1656 hungelt
2673 1587 2867 1645 reddit
2894 1592 3086 1644 ratem
3115 1605 3154 1644 1.
3197 1590 3383 1644 Arant
3420 1587 3481 1643 in
3530 1585 3676 1642 heb-

2011 1672 2176 1729 dom.
2212 1691 2252 1729 11
2276 1675 2430 1745 jug.,
2477 1681 2802 1747 operantur
2843 1693 2900 1732 1v
2927 1677 3054 1732 dies
3095 1676 3154 1732 in
3197 1675 3404 1744 hebd.,
3439 1674 3672 1732 feminae

241 1762 576 1835 Priemperc
607 1767 744 1818 sunt
771 1779 870 1819 x111
899 1763 1097 1819 hoba.
1135 1764 1392 1834 Singula
1417 1763 1659 1820 solvunt
1696 1763 1902 1819 situlas
1931 1785 1975 1838 Β
2013 1778 2222 1818 eorum
2253 1762 2440 1835 trina,
2481 1780 2520 1818 1.
2553 1764 2904 1835 ludilonem,
2936 1765 3072 1821 dua
3121 1771 3324 1822 autem
3363 1763 3672 1829 camisila,

238 1868 382 1922 xxx,
405 1852 685 1909 denarios
711 1871 846 1910 xxx.
874 1854 962 1909 Ad
979 1855 1318 1911 Mantalnha
1344 1872 1444 1910 v111
1471 1855 1665 1911 hoba.
1693 1855 1782 1910 Ab
1807 1855 1900 1910 his

243 1942 578 1998 solvuntur.
607 1985 621 1998 .
671 1944 762 1999 Ad
795 1944 1190 2000 Duomantala
1238 1961 1274 2000 a
1318 1961 1419 2000 sex
1463 1945 1703 2000 ruribus
1750 1945 1901 2001 dan-

243 2035 339 2086 tur
368 2048 424 2089 1x
454 2033 644 2089 solidi.
674 2033 761 2088 Ad
782 2035 1027 2105 Fiscpac
1059 2040 1197 2089 sunt
1220 2050 1258 2088 11
1290 2034 1485 2090 hoba.
1505 2035 1594 2089 Ab
1625 2035 1717 2089 his
1749 2034 1900 2091 dan-

243 2124 337 2174 tur
364 2137 438 2175 x1.
469 2121 716 2176 denarii.
751 2121 840 2176 Ad
874 2121 1041 2177 Sunit
1067 2121 1289 2177 dantur
1318 2129 1434 2178 tres
1465 2122 1655 2178 situla
1684 2123 1899 2180 mellis.

240 2209 330 2263 Ad
362 2211 770 2266 Puolonsuant
798 2215 935 2266 sunt
963 2227 1180 2266 novem
1208 2227 1368 2267 rura.
1404 2215 1450 2266 A
1475 2218 1702 2286 septem
1734 2210 1904 2267 solvi-

238 2301 336 2352 tur
379 2298 688 2366 talentum,
721 2305 778 2355 et
824 2299 1146 2356 cidalarius
1185 2317 1377 2357 unum
1416 2302 1616 2358 habet.
1651 2301 1739 2357 Ad
1785 2301 1904 2356 Eri-

236 2385 480 2460 linpach
512 2395 648 2445 sunt
681 2405 754 2444 1v.
789 2389 877 2444 Ab
931 2390 1023 2446 his
1053 2391 1274 2447 dantur
1304 2409 1358 2447 1v
1400 2391 1597 2447 solidi.
1623 2393 1712 2447 Ad
1758 2394 1898 2446 Fur-

242 2476 403 2533 dona
445 2485 583 2534 sunt
625 2496 664 2534 x
705 2495 868 2535 rura.
900 2480 989 2535 Ab
1020 2481 1112 2536 his
1163 2480 1476 2536 solvuntur
1505 2499 1544 2536 x
1588 2481 1780 2537 solidi.
1813 2480 1904 2536 Ad

241 2567 664 2624 Prnualasdorf
687 2576 828 2625 sunt
859 2570 967 2625 tria
995 2587 1158 2626 rura.
1191 2573 1457 2636 Quatuor
1488 2571 1663 2626 solidi
1702 2571 1780 2627 ab
1812 2570 1904 2626 his

241 2656 480 2714 dantur.
511 2658 598 2713 Ad
635 2660 866 2732 Urpach
899 2665 1040 2715 sunt
1087 2659 1198 2714 tria
1241 2677 1401 2716 rura.
1437 2660 1528 2715 Ab
1561 2661 1652 2716 h1s
1682 2661 1902 2716 dantur

242 2763 298 2802 111
327 2747 520 2804 solidi.
555 2749 638 2803 Ad
671 2748 962 2804 llwilinan
996 2755 1136 2805 sunt
1165 2750 1288 2805 duo
1327 2767 1487 2806 rura.
1517 2750 1606 2806 Ab
1636 2751 1728 2806 his
1757 2751 1906 2806 dan-

244 2841 338 2892 tur
370 2855 440 2893 χι.
469 2837 719 2894 denarii.
754 2841 832 2894 De
864 2841 1305 2912 Maganaspach
1335 2839 1508 2896 solidi
1538 2857 1636 2897 x11.
1673 2844 1751 2897 De
1783 2841 1900 2896 Ab-

242 2926 697 2985 batiswinidum
731 2930 907 2986 solidi
935 2948 1014 2995 1v,
1038 2931 1266 2987 denarii
1294 2948 1353 2987 x.
1387 2934 1466 2987 De
1498 2931 1693 2988 Harda
1724 2931 1905 2988 talen-

246 3021 372 3073 tum
405 3034 616 3087 unum,
652 3019 881 3076 denarii
920 3038 977 3076 x.

317 3107 410 3163 Ad
474 3115 710 3206 portam
762 3110 1106 3206 monasterii
1169 3115 1338 3206 terra
1396 3111 1590 3167 salica
1647 3111 1810 3206 hoba
1859 3127 1896 3181 1,
1929 3148 1969 3206 Ο

245 3214 430 3270 quam
476 3199 742 3256 minister
770 3201 954 3257 habet
1001 3201 1060 3257 in
1089 3201 1488 3269 beneﬁcium;
1535 3201 1852 3258 decimatio
1882 3218 1898 3255 1

246 3287 320 3343 de
351 3294 511 3344 curte
540 3289 851 3363 principali
881 3296 938 3346 et
984 3290 1058 3346 de
1089 3290 1218 3347 aliis
1247 3308 1365 3346 xv1.
1399 3291 1639 3347 Curtilia
1666 3308 1744 3359 1v,
1776 3290 1900 3346 duo

245 3375 307 3431 in
331 3376 727 3434 beneficicum
753 3395 1065 3448 concessa,
1093 3385 1150 3436 et
1174 3380 1297 3436 duo
1329 3380 1652 3452 censualia,
1675 3397 1746 3436 ex
1771 3379 1901 3453 qui-

247 3465 362 3521 bus
391 3466 720 3522 redduntur
748 3485 880 3524 Lv111
920 3469 1182 3538 denarii;
1227 3469 1452 3526 familia
1501 3469 1796 3526 censualis
1826 3469 1900 3526 de

246 3553 462 3627 capite,
482 3554 543 3610 id
573 3560 683 3622 est,
701 3573 780 3612 x11
801 3557 910 3612 viri
940 3561 997 3614 et
1020 3575 1100 3614 xv
1131 3557 1432 3632 mulieres.
1446 3558 1524 3636 ad
1551 3557 1900 3631 pradictam

245 3650 483 3718 portam
513 3645 894 3719 pertinentes,
927 3664 1000 3704 ex
1029 3648 1250 3722 quibus
1280 3649 1392 3705 urb
1445 3635 1520 3703 ".1-
1561 3649 1655 3705 vel
1687 3648 1902 3705 subur-

247 3734 442 3805 banis,
464 3751 574 3792 nec
598 3752 721 3792 non
746 3741 802 3794 et
826 3737 900 3794 de
931 3738 1258 3806 curtilibus,
1290 3739 1384 3794 vel
1413 3744 1578 3795 extra
1603 3738 1726 3794 sitis
1756 3739 1905 3794 ruri-

245 3826 364 3884 bus
392 3827 726 3883 annualiter
751 3828 1162 3900 persolvenda
1193 3834 1330 3885 sunt
1348 3829 1513 3885 libra
1544 3846 1604 3884 111
1631 3834 1689 3884 et
1717 3847 1773 3884 v1
1805 3845 1902 3884 so-

244 3916 350 3972 lidi
392 3916 639 3976 denarii.
670 3917 739 3974 Hi
763 3924 1078 3993 sequentes
1106 3919 1222 3976 loci
1267 3935 1406 3975 cum
1454 3918 1620 3975 omni
1648 3918 1904 3991 puritate

249 4007 482 4063 servicii
512 4007 885 4065 ministrant:
929 4009 1002 4066 de
1031 4012 1203 4066 Curte
1249 4009 1330 4066 ad
1361 4009 1780 4082 Egilisprunna
1809 4025 1905 4064 ec-

248 4096 428 4153 clesia
459 4114 598 4153 cum
628 4098 1022 4155 decimatione
1052 4099 1243 4172 ipsius
1271 4098 1406 4170 loci,
1438 4103 1494 4154 et
1523 4097 1778 4154 aliorum
1810 4114 1906 4153 x111

245 4186 539 4244 locorum.
567 4191 753 4244 Terrae
773 4188 968 4245 salica
995 4190 1186 4245 hobas
1211 4205 1268 4245 1v
1288 4193 1346 4244 et
1382 4187 1594 4244 dimid.
1621 4187 1782 4245 Servi
1814 4205 1910 4244 sa-

246 4275 347 4332 lici
394 4276 615 4334 habent
667 4295 743 4333 x11
786 4278 1020 4350 jugera.
1061 4281 1360 4335 Mansores
1392 4295 1510 4347 Vill,
1551 4277 1656 4351 qui
1688 4276 1909 4348 singuli

249 4366 511 4423 reddunt
539 4368 800 4423 cervisia
833 4368 1039 4424 situlas
1067 4384 1207 4438 xvu,
1239 4384 1416 4424 ovem
1444 4383 1649 4433 unam,
1679 4366 1909 4424 tremis-

251 4471 385 4512 sam
411 4455 731 4526 valentem,
759 4458 1033 4514 modium
1076 4474 1266 4514 unum
1301 4462 1358 4513 et
1399 4456 1718 4512 dimidium
1768 4457 1906 4512 fari-

253 4561 386 4613 na;
431 4545 692 4602 vicissim
745 4563 852 4620 per
903 4563 1098 4604 annos
1146 4545 1397 4618 bungelt
1441 4546 1566 4602 red.
1615 4550 1798 4602 Arant
1851 4563 1910 4602 111

252 4635 382 4692 dies
411 4635 473 4691 in
516 4636 924 4706 hebdomada,
956 4642 1281 4711 operantur
1310 4653 1369 4693 111
1411 4636 1540 4693 dies
1579 4636 1785 4706 hebd.,
1819 4651 1912 4692 ra~

257 4730 376 4782 tem
431 4741 640 4794 unam,
694 4725 932 4783 femina
989 4741 1198 4784 eorum
1264 4727 1431 4783 trime
1481 4725 1602 4782 lod.
1672 4743 1709 4794 1,
1773 4724 1910 4780 dua

255 4819 458 4872 autem
507 4815 755 4872 cam1sil.
805 4833 843 4872 1.
896 4816 1054 4874 Motae
1100 4833 1157 4873 ιι.
1207 4819 1431 4874 Domus
1480 4833 1516 4871 1.
1567 4818 1644 4871 De
1679 4814 1916 4872 Cherin-

256 4906 600 4976 gozashova
649 4922 801 4961 Lxxx
830 4904 1078 4962 denarii.
1123 4909 1200 4962 De
1239 4906 1540 4963 Talahova
1569 4922 1681 4962 Lxx
1732 4903 1916 4960 dena-

255 4994 348 5063 rii,
381 4995 643 5052 cervisia
683 4995 890 5053 situlas
921 5013 1060 5066 xvu,
1092 5013 1265 5052 ovem
1313 5013 1498 5054 unam
1533 4995 1788 5053 tremiss.
1819 5010 1919 5050 va-

254 5085 499 5154 lentem,
544 5085 780 5142 modios
816 5102 892 5142 v11
942 5101 1167 5155 avena,
1199 5086 1482 5142 carradas
1533 5103 1610 5155 1v,
1643 5084 1790 5155 ligni
1838 5083 1919 5140 ad

256 5175 484 5244 focum,
513 5175 748 5250 pullum
775 5180 815 5244 1',
846 5192 963 5232 ova
985 5193 1044 5244 v,
1076 5175 1266 5248 pascit
1294 5191 1546 5247 porcum
1578 5194 1614 5232 1.
1651 5178 1918 5249 Operan-

257 5272 358 5323 tur
411 5267 587 5325 in.....
621 5311 634 5324 .
688 5267 750 5323 in
806 5272 1097 5324 autumno
1157 5265 1441 5331 similiter,
1493 5271 1622 5322 arat
1672 5267 1735 5322 in
1778 5265 1922 5322 heb-

257 5356 427 5414 dom.
462 5375 517 5413 111
548 5357 696 5426 dies,
727 5357 1012 5424 herbicat,
1039 5360 1219 5426 secat,
1250 5354 1478 5411 inducit
1509 5355 1849 5411 carradium
1879 5371 1918 5421 1,

259 5445 470 5504 fenum
513 5452 692 5516 secat,
725 5450 782 5503 et
808 5446 1054 5503 inducit.
1090 5447 1169 5501 De
1213 5443 1635 5503 Scerhanhova
1680 5443 1920 5498 cervisa

263 5535 472 5594 situlas
526 5554 634 5606 xL;
689 5541 819 5594 arat
872 5552 978 5610 per
1041 5551 1271 5592 annum
1343 5551 1483 5590 xv111
1542 5533 1776 5604 jugera.
1842 5534 1923 5587 De

2011 1869 2075 1921 1.,
2128 1851 2388 1908 reddunt
2442 1853 2750 1910 vermiculi
2803 1870 3030 1927 coppos
3081 1871 3142 1910 11.
3201 1854 3292 1910 Ad
3341 1852 3680 1923 Tegandorf

2013 1941 2327 1998 censuales
2354 1942 2530 1998 hoba
2559 1960 2638 2010 1x,
2671 1944 2776 2017 qui
2805 1944 2983 2000 simul
3012 1943 3274 2001 reddunt
3301 1943 3516 2011 cervis,
3549 1958 3675 1999 car-

2011 2031 2192 2088 radas
2235 2049 2293 2102 v,
2325 2031 2530 2089 farina
2575 2035 2812 2091 modios
2861 2051 2983 2090 xxu
3022 2038 3079 2090 et
3127 2033 3360 2102 dimid.,
3393 2031 3673 2089 denarios

2011 2120 2235 2178 solidos
2262 2139 2339 2177 v1.
2374 2122 2464 2177 Ad
2514 2123 2854 2180 Essislidorf
2895 2123 3059 2180 hoba
3107 2122 3342 2190 dimid.;
3375 2122 3514 2178 inde
3543 2137 3674 2196 per-

2011 2210 2250 2268 solvunt
2291 2212 2430 2268 den.
2479 2229 2574 2281 x1.,
2631 2214 2795 2270 mod.
2845 2231 2906 2271 11.
2953 2217 3033 2270 De
3083 2213 3362 2284 Sinzinga
3408 2211 3672 2284 persolv.

2011 2301 2149 2358 den.
2183 2319 2274 2357 1.x.
2311 2305 2390 2358 De
2434 2303 2717 2360 Altasvelt
2760 2303 2899 2359 den.
2933 2320 2984 2359 1..
3021 2303 3110 2358 Ad
3140 2303 3395 2371 Matinga
3422 2300 3676 2357 ecclesia

2013 2407 2152 2446 cum
2201 2390 2598 2447 decimatione
2641 2392 2829 2465 ipsius
2857 2391 2992 2459 loci,
3027 2390 3339 2446 censuales
3381 2389 3480 2445 hol
3509 2405 3559 2444 a
3590 2406 3674 2457 1v,

2012 2481 2115 2554 qui
2147 2480 2328 2537 simul
2356 2481 2617 2537 reddunt
2645 2483 2852 2538 cervis.
2887 2480 3090 2538 carad.
3131 2497 3213 2538 111.
3248 2485 3304 2536 et
3341 2479 3549 2538 denar.
3575 2497 3670 2537 x1..

2013 2569 2172 2626 Molae
2195 2586 2256 2626 11.

2090 2661 2219 2714 Hac
2246 2664 2385 2714 sunt
2412 2657 2706 2716 beneﬁcia
2731 2659 3020 2732 Proponis
3051 2659 3110 2714 in
3144 2657 3510 2728 Getlovinge,
3541 2657 3674 2730 qui-

2012 2748 2127 2805 bus
2153 2765 2189 2805 a
2215 2757 2420 2807 sancto
2449 2752 2897 2806 Emmerammo
2943 2756 3031 2806 est
3061 2749 3469 2815 beneficiatus,
3499 2753 3555 2803 et
3585 2747 3676 2804 υι.

2012 2839 2169 2895 ricus
2199 2839 2353 2895 tilius
2385 2840 2533 2911 ejus.
2571 2843 2634 2895 In
2667 2839 3032 2910 Geltolvinge
3063 2856 3122 2895 1v
3150 2839 3360 2907 curia;
3395 2837 3454 2893 in
3482 2841 3673 2895 Maur-

2009 2928 2168 3000 linge
2199 2947 2216 2983 1
2244 2929 2410 2986 curia
2439 2948 2451 2997 ;
2486 2930 2545 2985 in
2576 2929 2820 2986 hintach
2843 2929 2992 2985 silva
3022 2934 3078 2985 et
3107 2932 3290 2985 curia.
3325 2932 3388 2984 ln
3419 2927 3674 2984 Harthu‘

2013 3035 2122 3075 seu
2151 3019 2286 3075 dua
2317 3020 2524 3088 curia;
2575 3019 2636 3075 in
2669 3019 3116 3076 Wolferchoven
3147 3035 3188 3074 11
3218 3018 3395 3075 curia
3423 3036 3435 3086 ;
3486 3016 3674 3073 Rude-

2010 3109 2170 3180 linge
2201 3109 2386 3165 altera
2409 3109 2656 3166 dimidia
2681 3109 2866 3165 curia.
2901 3109 3037 3165 Hac
3066 3124 3210 3164 vero
3240 3112 3378 3164 sunt
3403 3124 3540 3180 qua
3571 3106 3675 3163 alii

2013 3200 2092 3256 ab
2123 3215 2194 3256 eo
2224 3197 2560 3254 beneficiati
2588 3203 2825 3254 tenent:
2875 3198 2937 3252 in
2969 3196 3316 3253 Hakhelstat
3342 3213 3361 3251 1
3391 3195 3578 3266 huba,
3610 3195 3672 3250 in

2010 3287 2391 3345 Aitterhoven
2421 3304 2461 3343 11
2502 3286 2680 3343 huba
2725 3291 2782 3342 et
2823 3286 3056 3343 tertiam
3101 3290 3336 3358 partem
3381 3283 3670 3352 decima;

2008 3379 2073 3435 in
2102 3378 2427 3449 Rudelinge
2457 3377 2667 3434 dimid.
2701 3377 2887 3447 huba,
2919 3377 2980 3432 in
3022 3376 3334 3433 Chessawe
3363 3391 3403 3430 11
3450 3373 3628 3430 hubae
3654 3391 3669 3442 ;

2010 3468 2072 3525 in
2103 3469 2272 3524 Much
2303 3484 2490 3542 prope
2519 3467 2743 3538 Ronige
2772 3483 2897 3524 una
2921 3466 3121 3535 huba;
3155 3466 3216 3522 in
3245 3464 3610 3538 Niderspach
3634 3479 3675 3519 11

1959 3609 1967 3620 .
2011 3559 2228 3628 huba;
2280 3559 2342 3614 in
2398 3557 2748 3616 Swinsbach
2787 3575 2826 3613 11
2869 3557 3070 3629 curia,
3103 3556 3165 3612 in
3196 3555 3513 3629 Gailspach
3549 3569 3674 3612 una

2012 3649 2196 3718 curia,
2226 3653 2283 3705 et
2311 3647 2541 3704 hubam
2569 3664 2778 3705 unam.

2038 3740 2355 3797 Buchardi
2379 3739 2456 3797 ab
2484 3741 2548 3797 S.
2577 3739 3008 3796 Emmerammi
3031 3737 3475 3809 complacitatio
3506 3752 3641 3794 eum

2645 3829 3046 3886 Ruitensibus.

2089 3922 2151 3974 In
2181 3918 2424 3974 nomine
2456 3916 2714 3973 Domini.
2745 3920 2962 3973 Notum
2991 3915 3064 3970 sit
3105 3913 3407 3981 ﬁdelibus,
3437 3927 3558 3968 non
3593 3911 3679 3967 in.

2015 4007 2316 4074 ﬁdelibus,
2349 4005 2602 4079 qualiter
2624 4005 2801 4060 bona
2830 4001 3138 4059 memoria
3167 4001 3361 4058 abbas
3387 3999 3677 4055 Purchara

2017 4097 2152 4169 dus,
2185 4097 2336 4153 inter
2383 4100 2595 4151 caetera
2645 4110 2782 4167 qua
2832 4095 2894 4149 in
2942 4093 3124 4149 rebus
3154 4093 3215 4148 Β.
3248 4083 3679 4150 Emmeramml

2021 4185 2255 4259 sibique
2285 4183 2706 4241 tamulantium
2731 4183 2809 4239 ad
2831 4181 3224 4240 commodum
3249 4180 3418 4238 duxit
3437 4179 3532 4237 vel
3557 4197 3684 4237 ver-

2019 4277 2104 4345 tit,
2147 4275 2502 4332 assentiente
2551 4279 2675 4331 tota
2723 4273 2974 4330 fratrum
3015 4278 3253 4330 caterva
3304 4289 3444 4329 cum
3491 4288 3682 4329 manu

2022 4365 2301 4423 advocati
2357 4366 2449 4422 sui
2493 4364 2847 4438 Kadalhohi,
2898 4363 3130 4420 comitis
3176 4361 3677 4430 excellentissimi,

2023 4458 2180 4514 hanc
2210 4455 2707 4529 compendiosam
2760 4471 2899 4512 cum
2948 4454 3328 4511 Ruitensibus
3358 4452 3492 4508 fecit
3522 4465 3681 4506 com-

2023 4546 2470 4621 plac.tationem
2496 4563 2508 4600 :
2542 4550 2607 4602 ut
2633 4545 2709 4602 de
2735 4544 2962 4601 familia
2987 4560 3123 4616 qua
3154 4543 3235 4599 ad
3261 4537 3679 4612 Ruitpertinet,

2024 4636 2223 4694 mansi
2253 4635 2493 4707 scilicet,
2525 4652 2632 4692 seu
2673 4632 3025 4691 hiltiscalebi
3071 4629 3330 4703 expediti
3378 4645 3414 4684 a
3452 4625 3573 4683 sale
3618 4625 3686 4681 ﬁ-

2025 4725 2167 4784 scali
2213 4741 2398 4782 censu
2445 4742 2517 4782 ex
2566 4729 2736 4798 parte
2765 4722 3044 4786 adaucto,
3075 4735 3261 4792 quem
3290 4721 3467 4774 antea
3498 4715 3686 4773 solve-

2023 4821 2161 4874 rant
2206 4833 2313 4890 per
2363 4815 2632 4886 singulos
2688 4828 2902 4882 annos,
2934 4809 3009 4867 de
3058 4807 3306 4880 singulis
3352 4805 3531 4864 hobis
3559 4805 3686 4861 vini

2027 4922 2242 4964 sauma
2271 4921 2394 4962 non
2442 4903 2685 4960 aliunde
2715 4918 2902 4974 quam
2932 4900 3006 4956 de
3039 4915 3147 4962 suo
3172 4897 3418 4970 proprio
3462 4894 3689 4968 persol-

2025 5001 2188 5055 vant.
2218 4996 2341 5052 Hoc
2363 4998 2567 5051 autem
2594 4992 2804 5048 vinum
2838 4991 2960 5046 sive
2988 4988 3137 5046 illud
3162 4987 3258 5044 hic
3285 4985 3552 5060 praedicti
3573 5001 3691 5042 ser-

2027 5087 2086 5143 vi
2116 5088 2346 5155 emant,
2373 5083 2498 5138 sive
2529 5081 2609 5138 ad
2653 5083 2928 5138 Pauzona
2966 5081 3238 5151 emptum
3268 5080 3542 5150 pergant,
3573 5073 3690 5131 tale

2028 5174 2211 5232 debet
2237 5188 2364 5229 esse
2391 5175 2457 5228 ut
2486 5171 2565 5228 ad
2593 5170 2830 5227 libitum
2859 5166 3184 5226 Scafwardi
3211 5166 3324 5222 sub
3347 5166 3692 5238 juramento

2030 5261 2330 5319 constricti
2379 5264 2570 5317 totum
2601 5258 2909 5332 probetur,
2940 5261 2998 5314 et
3022 5256 3104 5313 sic
3151 5255 3213 5312 in
3243 5253 3481 5313 cellario
3509 5252 3693 5310 collo-

2031 5355 2213 5409 cetur.
2247 5353 2408 5406 lianc
2433 5365 2577 5406 vero
2603 5364 2818 5405 census
2848 5347 3190 5404 auctionem
3234 5343 3348 5401 sub
3389 5359 3462 5400 eo
3493 5347 3695 5400 tenore

2031 5439 2291 5516 professi
2323 5443 2464 5496 sunt
2502 5443 2566 5496 ut
2613 5453 2723 5511 pro
2753 5436 2980 5494 colonis
3013 5453 3122 5492 seu
3150 5433 3427 5508 agricolis
3457 5433 3538 5489 ad
3577 5431 3699 5490 alia

2032 5530 2169 5587 loca
2223 5528 2472 5585 minime
2527 5527 2651 5584 ulta
2702 5525 3113 5596 transferatur,
3169 5523 3274 5581 sed
3329 5523 3412 5580 eis
3460 5527 3518 5580 et
3573 5521 3698 5578 suis

266 5625 560 5682 Frianvelt
596 5626 803 5682 cervis.
833 5642 953 5682 xxx
983 5625 1242 5694 modios,
1273 5641 1314 5678 11
1361 5622 1550 5693 sigali.
1577 5619 1926 5676 Annualiter
2036 5617 2289 5693 posteris
2336 5615 2627 5684 habitare,
2658 5614 2977 5672 consistere
3027 5631 3098 5671 ac
3145 5611 3386 5684 servire,
3426 5610 3600 5669 liceat
3634 5610 3697 5667 in

264 5720 439 5772 arant
490 5733 549 5772 v1
575 5717 703 5790 jug.
738 5718 817 5772 De
861 5713 1374 5773 Marchunashusa
1419 5729 1496 5768 x11
1542 5727 1756 5769 massae
1798 5707 1928 5765 ﬁeri
2038 5709 2131 5766 his
2185 5707 2332 5765 locis
2383 5711 2440 5762 et
2495 5705 2666 5762 terris
2721 5721 2856 5779 qua
2914 5704 2994 5761 ad
3055 5703 3407 5778 pradictam
3468 5705 3700 5759 curtem

265 5805 544 5882 reddunt.
622 5809 700 5864 De
768 5806 1059 5866 Entihova
1119 5822 1182 5864 x1
1248 5803 1548 5876 denarios.
1617 5799 1932 5877 Presbyter
2038 5798 2285 5861 nomine
2312 5796 2478 5858 Ruite
2497 5795 2790 5874 pertinere
2805 5794 3259 5872 dignoscantur.
3275 5791 3438 5853 Servi
3456 5801 3700 5868 quoque
