3984 6180
354 269 492 327 1107
1132 262 1429 320 APPEND.
1467 262 1563 319 AD
1602 258 2015 318 ARNOLDUM.
2055 287 2126 300 —
2160 256 2486 315 ANNALES
2524 257 2582 313 S.
2623 256 2982 315 EMMERAM.
3641 259 3786 317 1108

346 394 474 452 817.
496 390 796 452 Pascualis
825 402 991 464 papa
1009 386 1201 446 factus
1231 391 1339 456 est,
1372 389 1430 444 et
1448 384 1757 444 Baturicus
1779 383 2007 460 episco-
2043 386 2095 441 A
2123 385 2249 441 820.
2275 382 2472 440 Hostis
2504 397 2731 455 magna
2758 384 2967 440 contra
2993 380 3402 439 Hliudwitum.

496 499 612 556 pus
641 479 809 552 (286).
2123 475 2247 529 821.
2270 472 2401 531 Alia
2426 473 2620 530 hoste.

355 576 483 631 818.
503 568 883 628 Pernhardus
910 583 1015 626 rex
1042 566 1376 625 carmalum
1403 566 1553 639 (287)
1580 564 1818 623 levavit.
2124 565 2249 622 822.
2270 566 2538 622 Domnus
2560 563 2942 621 Hludowicus
2984 564 3064 621 ad
3112 564 3681 634 Franconovadam,
3733 570 3788 624 et

355 663 479 719 819.
503 659 886 717 Pernhardus
962 657 1199 716 interiit.
1283 655 1639 730 Hiltipaldus
1697 654 2016 729 episcopus
2265 653 2625 711 Hludharius
2648 653 2711 711 in
2737 653 3239 726 Langobardiam.

496 749 644 823 (288)
674 748 823 806 obiit
845 752 904 805 et
931 746 1178 806 Odolfus
1200 746 1345 821 (289)
1370 746 1576 804 comis.
1611 744 1864 802 Liudwit
1890 759 2016 803 car-
2124 748 2249 803 823.
2271 743 2512 818 Hiemps
2542 746 2822 815 magnus,
2856 743 3123 801 similiter
3173 744 3412 802 siccitas
3455 744 3712 816 grandis
3735 749 3786 803 et

497 838 732 897 mulam
760 836 997 895 levavit.
2266 833 2443 892 famis
2470 832 2673 891 valida
2701 833 2870 907 (290).

1054 1123 1380 1181 ANNALES
1422 1122 1671 1181 SANCTI
1709 1123 2123 1180 EMMERAMMI
2161 1120 2627 1178 RATISPONENS

1503 1122 1671 1180 ,ΝΟΤί
1709 1123 2123 1180 ΕΜΜΕΒΑΜΜΙ
2161 1120 2708 1178 RATISPONENSIS
2746 1119 3076 1177 MINORES.

642 1305 836 1362 ANNO
877 1301 1416 1361 INCARNATIONIS
1455 1302 1721 1379 DOMINI.
2056 1310 2096 1365 B
2267 1299 2692 1370 Radasponam
2740 1299 2901 1355 venit
2960 1297 3124 1370 (296).
3182 1298 3262 1354 Et
3309 1297 3524 1370 ingens
3596 1300 3785 1357 thom‘.

359 1399 485 1452 732.
510 1393 859 1451 Gaubaldus
892 1394 941 1429 ³⁷
971 1391 1283 1450 ordinatur
1319 1391 1638 1465 episcopus
1673 1390 1838 1463 (291).
2274 1394 2478 1445 truum
2529 1390 2763 1459 factum
2821 1392 2926 1445 est.
2984 1386 3210 1445 Occisio
3259 1402 3650 1459 paganorum
3713 1390 3787 1446 ad

360 1488 486 1542 743.
510 1482 767 1541 Karolus
797 1483 1125 1558 imperator
1153 1485 1331 1538 natus
1358 1484 1464 1537 est.
2272 1479 2538 1535 Norrum
2563 1480 2735 1550 (297).

361 1579 486 1631 756.
513 1574 842 1647 Sintpertus
871 1573 1184 1630 ordinatur
1211 1571 1554 1646 episcopus.
2130 1572 2255 1626 951.
2278 1567 2601 1625 Perabtold
2625 1567 2784 1623 ﬁlius
2812 1566 3103 1642 Arnulphi
3133 1567 3418 1642 expulsus
3450 1572 3547 1627 est
3574 1569 3651 1626 de
3692 1573 3787 1628 No-

364 1668 487 1721 792.
510 1663 861 1720 Adalwinus
881 1662 1193 1719 ordinatur
1221 1661 1564 1735 episcopus.
2275 1657 2419 1714 rica.

365 1756 490 1810 814.
515 1754 790 1810 Karulus
821 1753 1151 1822 imperator
1175 1750 1318 1807 obiit
1345 1751 1414 1806 ³³.
2133 1754 2257 1806 972.
2284 1750 2537 1807 Sanctus
2566 1747 2972 1819 Wolfkangus
3003 1746 3314 1805 ordinatur
3341 1748 3688 1823 episcopus.

365 1847 490 1899 817.
514 1841 824 1899 Baturicus
854 1840 1174 1915 episcopus
1205 1838 1551 1897 ordinatur.)
2134 1844 2258 1896 975.
2283 1839 2653 1896 Ramuoldus
2707 1856 2744 1895 a
2798 1842 3007 1895 sancto
3056 1837 3423 1911 Wolfkango
3485 1840 3785 1897 ordinatur

367 1936 492 1989 844.
513 1933 808 2002 Satzpurc
837 1935 1101 1988 cremata
1127 1934 1234 1987 est.

1098 1950 1101 1979 μ
1127 1934 1234 1987 est.
2281 1929 2475 1986 abbas
2501 1928 2671 2000 (298).

368 2024 492 2077 845.
517 2021 804 2077 Pattavia
833 2025 1157 2077 crematur.
2136 2023 2262 2076 995.
2288 2018 2674 2075 Gebehardus
2702 2016 2934 2091 primus
2962 2018 3273 2076 ordinatur
3309 2019 3655 2094 episcopus.

369 2113 494 2167 848.
518 2108 943 2166 Erchanfridus
968 2108 1283 2165 ordinatur
1311 2107 1651 2182 episcopus.
2142 2110 2297 2163 1000.
2321 2106 2761 2163 Wolframmus
2785 2105 3099 2163 ordinatur
3127 2128 3133 2133 ·
3164 2107 3337 2165 bbas.

369 2202 493 2257 858.
516 2198 840 2256 Ambricho
867 2198 1178 2258 ordinatur
1207 2198 1550 2273 episcopus.
2144 2200 2297 2253 1006.
2324 2196 2759 2253 Wolframmus
2785 2196 3002 2269 injuste
3028 2198 3364 2271 deponitur,
3388 2203 3445 2255 et
3477 2199 3782 2257 Ricboldus

370 2293 494 2346 862.
515 2288 897 2359 Erchanfrid
925 2288 1086 2346 obiit.
2319 2285 2711 2343 substituitur.

371 2382 496 2435 865.
522 2380 721 2435 Terrae
746 2383 940 2435 motus
968 2378 1110 2449 fuit.
2146 2380 2299 2433 1023.
2322 2375 2708 2433 Gebehardus
2747 2376 3048 2433 secundus
3095 2377 3404 2434 ordinatur
3453 2380 3778 2455 episcopus.

375 2469 498 2525 890.
524 2467 626 2525 Sic
655 2473 922 2526 cremata
953 2473 1038 2525 est
1065 2467 1430 2525 Radisbona.
1462 2461 1787 2526 Ambricho
1810 2469 2032 2539 episco-
2144 2469 2300 2522 1024.
2322 2465 2627 2522 Heinricus
2651 2465 2980 2539 imperator
3004 2466 3169 2536 obiit,
3217 2466 3615 2526 Chuonradus
3670 2487 3780 2527 suc-

509 2572 649 2629 pus,
670 2557 886 2615 Ethice
915 2557 1100 2615 abbas
1125 2557 1419 2615 obierunt.
1443 2561 1729 2631 Aspertus
1768 2559 1914 2632 (292)
1940 2574 2032 2616 or-
2321 2555 2513 2612 cessit.

516 2646 760 2704 dinatur
783 2646 1125 2721 episcopus.
2072 2672 2112 2729 ρ
2145 2649 2301 2702 1028.
2327 2645 2649 2702 Richoldus
2679 2646 2935 2703 caecitate
2987 2664 3310 2720 percussus
3367 2654 3578 2706 sancto
3638 2652 3777 2707 Hart-

375 2740 501 2796 893.
524 2737 783 2810 Asperht
811 2736 1132 2809 episcopus
1161 2736 1326 2793 obiit.
2317 2735 2471 2792 wico
2522 2735 2830 2794 abbatiam
2887 2736 3144 2811 reliquit.
3199 2738 3253 2793 Is
3311 2754 3475 2796 anno
3533 2740 3776 2796 secundo

374 2828 499 2883 894.
523 2826 676 2882 Tuto
706 2824 1018 2881 ordinatur
1048 2824 1389 2897 episcopus.
2318 2828 2529 2898 sponte
2549 2825 2819 2896 regimen
2845 2826 3191 2883 monasterii
3219 2828 3505 2896 deseruit,
3536 2829 3630 2885 cui
3656 2832 3773 2885 Bur-

373 2919 498 2971 895.
519 2914 891 2984 Zuendipalc
915 2914 1044 2970 dua:
1071 2913 1234 2969 obiit.
2318 2915 2508 2972 cbard
2537 2916 2843 2974 successit.

373 3006 500 3059 896.
531 3003 730 3058 Terrae
756 3007 949 3059 motus
979 3002 1273 3058 secundus
1298 3001 1443 3072 fuit.
2145 3008 2301 3062 1036.
2321 3005 2707 3063 Gebehardus
2734 3006 2940 3063 tertius
2961 3007 3274 3087 ordinatur
3293 3009 3623 3083 episcopus.

372 3094 499 3149 906.
523 3090 885 3148 Radasbona
914 3091 1052 3163 igne
1079 3095 1362 3149 cremata.
2145 3094 2299 3152 1037.
2333 3095 2635 3152 Burchard
2665 3095 2857 3153 abbas
2884 3097 3050 3170 apud
3076 3101 3330 3154 Romam
3359 3100 3419 3154 in
3444 3097 3657 3172 paseali
3684 3097 3766 3154 die

372 3184 499 3239 907.
523 3180 825 3238 Exercitus
851 3181 1318 3239 Baiowariorum
1348 3181 1582 3239 occisus
1611 3182 1723 3241 fuit
1746 3182 1913 3257 (293).
2318 3185 2635 3243 defunctus
2660 3191 2753 3243 est
2779 3205 2793 3256 ;
2825 3187 2921 3243 cui
2951 3188 3235 3246 successit
3264 3188 3621 3246 Oudalricus.

374 3274 501 3329 933.
526 3271 819 3343 lsangrim
847 3271 1160 3329 ordinatur
1187 3271 1527 3346 episcopus.
2146 3277 2300 3333 1044.
2324 3276 2678 3347 Beringerus
2708 3276 3021 3334 ordinatur
3049 3277 3261 3334 abbas.

371 3363 495 3419 942.
520 3361 882 3419 Guntharius
906 3360 1216 3419 ordinatur
1241 3361 1585 3436 episcopus,
1612 3367 1750 3437 post
1774 3368 1842 3422 30
1887 3363 2031 3420 heb-
2144 3370 2301 3423 1048.
2322 3356 2749 3437 Reginwardus
2777 3366 3090 3424 ordinatur
3120 3367 3332 3426 abbas.

516 3449 816 3507 domadas
847 3450 1011 3507 obiit.
2142 3460 2298 3514 1052.
2317 3456 2645 3514 Translatio
2677 3456 2870 3514 sancti
2900 3457 3239 3529 Wolfkangi
3268 3457 3520 3532 episcopi,
3548 3460 3601 3512 et
3638 3455 3739 3510 de-

371 3541 498 3596 944.
520 3538 785 3595 Michael
809 3539 1037 3609 accepit
1065 3539 1350 3609 ferulam.
2316 3546 2535 3602 dicatio
2565 3546 2770 3620 criptte
2796 3547 2947 3619 ejus.

369 3629 495 3683 945.
522 3627 742 3682 Occisio
768 3642 1147 3697 paganorum
1181 3627 1326 3700 (294)
1352 3629 1435 3685 ad
1475 3629 1682 3686 Wetes.

1603 3631 1682 3685 Tes.
2143 3637 2298 3691 1060.
2324 3637 2454 3692 Otto
2488 3635 2801 3692 ordinatur
2836 3636 3176 3711 episcopus.

369 3717 495 3772 947.
518 3714 962 3772 Berachtoldus
991 3716 1121 3773 dum
1149 3716 1298 3788 (295)
1327 3717 1493 3775 obiit.
2142 3727 2297 3780 1062.
2323 3723 2648 3782 Conbustio
2679 3724 2939 3782 ccenobii
2971 3726 3163 3783 sancti
3201 3722 3602 3784 Emmerammi
3644 3719 3744 3777 idi-

368 3806 494 3863 948.
514 3804 838 3863 Heinricus
867 3805 996 3870 dua;
1015 3805 1161 3878 (295)
1221 3806 1463 3877 e/fectus
1513 3812 1616 3866 est.
1648 3807 1729 3865 Et
1759 3807 1892 3866 Otto
1921 3824 2031 3869 rex
2314 3812 2432 3869 bus
2459 3813 2691 3887 Aprilis.

1734 4006 1975 4064 VARIE
2020 4008 2313 4067 LECTION
2320 4008 2418 4066 ES.

442 4198 536 4291 9‘)
568 4199 2467 4291 ffﬂeﬁffufl'..9‘€’???{'_5939991998.Wfﬁﬁuzi’ﬁ‘iPSa‘lVWWﬂ
2486 4203 3248 4291 Andreasﬂatispenensie
3277 4200 3768 4291 unum“???

371 4267 527 4324 ὑπ’
570 4267 658 4339 (³⁵)
684 4268 782 4327 hic
806 4275 863 4326 et
885 4271 950 4327 in
970 4267 1347 4344 sequentibus
1378 4267 1811 4348 nonnunquam
1844 4274 2047 4346 (Efele
2077 4267 2210 4332 Fin.
2268 4280 2324 4333 et
2376 4275 2526 4333 Finit
2565 4278 2854 4349 scripsit;
2907 4267 3165 4336 codicem
3219 4267 3440 4336 habere
3496 4276 3766 4342 existimo,

367 4338 530 4413 quod
555 4338 703 4399 obiit
728 4341 1043 4413 tegendum
1072 4358 1193 4401 esse
1218 4349 1471 4404 constat.

2334 5188 2352 5400 ξ

1973 4563 2185 4622 ΝΟΤίΕ

462 4753 588 4835 286)
620 4752 1097 4835 patisbonensis.
1307 4825 1360 4835 ω
1449 4824 1459 4835 ⁸
2201 4758 2351 4835 (291)
2376 4757 2842 4833 Ratisponensis,
2885 4758 2972 4817 uti
3025 4762 3084 4817 et
3137 4759 3243 4834 qui
3291 4762 3632 4833 sequuntur
3673 4755 3780 4830 epi-

456 4825 584 4903 287)
620 4825 739 4903 I._e_
788 4825 1134 4903 tumultum,
1161 4839 1283 4903 yox
1306 4825 1556 4903 Slavica.
1651 4897 1662 4903 _
1779 4900 1818 4903 _
2135 4825 2325 4903 scopi.

454 4896 579 4967 288)
639 4896 1094 4974 Coloniensi_s_et
1123 4896 1314 4974 abbas
1343 4897 1726 4974 Menseensis.
1739 4973 1755 4974 ί
1777 4897 2018 4956 Traditt.
2204 4896 2346 4974 (2'92)
2387 4900 2741 4974 Notissimus
2763 4902 2991 4959 Arnulﬁ
3022 4901 3433 4960 cancellarius.

363 4967 747 5056 Manggeti‘ses
770 4967 937 5051 apud
955 4967 1189 5056 iEk‘halrt
1217 4969 1427 5056 Fratre.
1454 4968 1672 5056 Orient.
1709 4973 1934 5056 11.}.55‘.
1979 5039 1995 5056 ‘
2391 4971 2478 5056 gf.
2508 4988 2649 5029 ann.
2681 4973 3105 5056 Alamannicos
3134 4990 3321 5056 supra
3344 4988 3489 5056 pag.
3515 4976 3604 5030 54.

439 5041 583 5121 (289)
617 5039 904 5121 Bajoariae
934 5044 1079 5121 post
1123 5039 1445 5121 Gerold‘um
1497 5044 1708 5099 rector.
1760 5039 2023 5099 Meichel-
2201 5039 2349 5121 (294)
2391 5046 2768 5115 Ungarorum
2795 5063 2809 5114 ;
2840 5045 2915 5102 cf.
2944 5039 3269 5118 Reginonis
3311 5039 3776 5103 continuata-em

362 5108 484 5167 bek
510 5108 1101 5185 Hist._Frising.'dipl.
1133 5127 1265 5169 nro.
1291 5115 1414 5169 373.
2131 5130 2188 5173 a.
2208 5108 2347 5172 944.

435 5184 585 5261 (290)
622 5183 879 5261 Numeri
899 5183 1196 5261 annorum
1241 5186 1480 5261 824-845
1508 5197 1555 5261 αν
1578 5184 1784 5254 prima
1835 5199 2021 5261 manu
2200 5188 2350 5261 (295)
2390 5186 2693 5259 Bajoariae,
2716 5188 2791 5245 cf.
2826 5187 3146 5261 Reginonis
3175 5191 3335 5247 cont.
3367 5204 3426 5247 a.
3458 5191 3589 5248 945.

362 5253 679 5325 eodemque
706 5253 1397 5326 atramento'pramotati
1417 5260 1560 5311 sunt
1580 5253 1606 5325 7;
1640 5258 1878 5313 numeri
1928 5271 2019 5314 se-
2204 5253 2352 5326 (296)
2390 5253 2563 5315 Anno
2594 5253 2718 5317 954.

361 5330 602 5396 quentes
624 5340 808 5407 usque
826 5325 906 5381 ad
923 5329 1216 5407 _9itm_um
1259 5341 1379 5407 non
1427 5327 1601 5398 longe
1624 5331 1758 5407 post
1787 5327 1863 5384 ab
1891 5328 2018 5385 alia
2202 5325 2350 5407 (297)
2389 5331 2564 5407 anno
2594 5336 2698 5388 955
2729 5329 2809 5387 ad
2839 5332 3120 5407 Lechum.

358 5410 545 5476 manu
570 5397 769 5453 additi
794 5398 1163 5476 sunt,_m_¢tta
1186 5402 1485 5467 praeterea
1513 5397 1791 5469 apposita
1817 5413 2018 5457 rerum
2133 5474 2139 5476 _
2197 5397 2341 5473 (298)
2385 5403 2441 5458 S.
2466 5402 2985 5476 Emmerammi,ut
3007 5403 3190 5476 etiam
3220 5401 3470 5476 abbates
3535 5413 3777 5476 sequen-

360 5473 665 5539 gestarum
692 5472 1002 5527 memorat.
1034 5470 1242 5528 DOCEN.
2124 5470 2212 5555 tes
2246 5470 2378 5555 Leo
2393 5488 2589 5545 usque
2613 5470 3375 5555 episcopi’Batisponenses
3393 5474 3578 5532 simul
3608 5470 3779 5531 abba-

2126 5541 2221 5599 tiae
2253 5544 2310 5601 S.
2339 5541 2767 5603 Emnieranimi
2785 5541 3169 5619 p'razfuera'nt.
