3996 6168
370 280 500 335 illi

962 271 1232 330 EBALUS
1262 272 1424 330 BEM.
1454 268 1775 330 ARCHIEP.
1805 298 1876 313 -
1902 265 2112 325 EBALI
2142 264 2431 325 CHARTA
2457 264 2594 323 PRO
2625 264 2906 324 C(ENOB.
2939 261 3206 322 MOSOM.

3694 256 3821 317 ut:

361 405 528 463 illata
552 400 773 460 Ebalus
804 399 1006 458 animo
1037 398 1340 456 remissior
1366 398 1499 455 loco
1529 397 1739 455 cedere
1768 395 2023 453 medita-
2053 397 2103 451 Α
2130 391 2299 450 initia
2325 391 2705 466 pontiﬁcatus
2734 392 2863 464 ejus
2902 389 2981 448 ad
3019 403 3255 446 annum
3287 389 3419 443 1021
3458 384 3829 443 revocanda

363 498 544 561 retur,
593 508 733 547 eum
784 506 859 546 ne
900 506 1109 546 curam
1162 487 1361 558 gregis
1412 487 1649 544 Domini
1698 486 2033 558 relinquere

364 582 555 653 vellet,
584 581 928 638 cohortatus
957 583 1075 636 est:
1111 601 1139 627 «
1164 577 1402 642 Audivi,
1432 577 1642 651 inquit,
1676 576 1759 632 sic
1803 580 1859 631 te
1888 591 2036 630 moe-

362 688 496 729 rore
546 671 835 728 afﬂictum
884 674 949 726 ut
1000 685 1209 726 curam
1262 667 1457 738 gregis
1517 665 1808 723 Dominici
1862 664 2036 720 relin-

364 778 549 836 quere
577 760 723 818 velis
749 779 763 829 ;
795 760 963 834 quod
992 775 1103 830 ego
1148 758 1359 815 acriter
1389 762 1446 814 et
1474 756 1663 813 amice
1707 754 2032 824 redarguo,

366 857 591 910 testans
633 857 708 919 te,
744 851 795 907 si
836 851 952 907 hoc
1001 849 1213 919 egeris,
1245 863 1369 904 non
1417 846 1597 903 fuisse
1648 849 1977 919 pastorem.
2006 865 2033 891 n

369 942 529 998 Alias
559 940 818 1014 denique
854 938 1262 995 luculentioris
1292 937 1491 994 adhuc
1521 933 1842 992 testimonii
1881 932 2034 989 litte-

367 1048 470 1087 ras
509 1030 721 1102 legeris
779 1029 945 1102 apud
996 1028 1302 1091 eumdem,
1357 1041 1493 1099 quae
1551 1025 1636 1081 sic
1694 1022 2031 1097 incipiunt:

374 1123 582 1178 Gloria
635 1127 689 1178 ct
737 1122 960 1177 honore
1004 1121 1186 1190 digno
1247 1119 1427 1174 Patri
1473 1122 1527 1173 et
1584 1115 2035 1184 archiepiscopo

371 1210 564 1267 Ebalo
589 1222 612 1281 ;
640 1209 721 1266 ita
747 1225 885 1265 vero
908 1208 1207 1270 desinunt,
1252 1206 1395 1263 Vale
1418 1206 1478 1261 in
1510 1205 1836 1274 inﬁnitum.

495 1299 725 1369 Angele
754 1299 991 1354 consilii
1014 1297 1223 1367 magni
1254 1301 1308 1351 te
1338 1296 1578 1352 consule
1607 1293 1854 1352 Christi.

446 1386 703 1443 Sedebat
750 1386 969 1443 Ebalus
1009 1402 1170 1443 anno
1206 1389 1341 1441 t022
1373 1401 1446 1441 ex
1487 1383 1778 1441 Chronico
1826 1383 2039 1439 Centu-

371 1478 557 1551 1ensi;
591 1477 697 1535 sed
735 1477 1108 1536 ostendimus
1156 1477 1221 1533 in
1269 1475 1520 1533 Arnulfo
1562 1475 1877 1533 decessore
1926 1487 2038 1529 suo

404 1635 857 1653 *—

2141 498 2298 541 esse.
2325 487 2495 539 Anno
2530 486 2664 540 t026
2693 478 2940 539 restituit
2967 476 3337 536 monasterio
3368 475 3831 545 Mosomagensi

2142 570 2455 627 ecclesiam
2472 570 2701 628 Duziaci
2716 586 2901 644 quam
2914 566 3242 639 antiquitus
3259 563 3836 639 possederat.Anno

2146 664 2282 718 1027
2333 659 2671 717 Heinricum
2716 664 2988 729 lregem,
3020 656 3248 711 vivente
3297 653 3509 710 adhuc
3560 652 3837 710 Roberto

2142 755 2333 825 patre,
2365 750 2669 808 coronavit
2696 750 2793 806 die
2837 750 3230 805 Pentecostes.
3263 749 3445 801 Anno
3492 744 3641 801 1032
3691 759 3836 816 pro-

2143 841 2378 898 curavit
2419 840 2907 897 instaurationem
2953 835 3303 893 monasterii
3353 835 3834 907 Sparnacensis.

2145 931 2303 988 Obiit
2336 948 2377 988 v
2418 930 2556 988 Idus
2600 929 2727 989 Maii
2776 946 2843 985 ex
2895 924 3240 996 Necrologio
3291 924 3611 991 Remensi,
3672 940 3837 980 anno

2146 1025 2284 1078 1033
2313 1037 2386 1078 ex
2411 1019 2701 1077 Chronico
2731 1014 3166 1087 Mosomagensi
3195 1030 3421 1087 corpus
3466 1014 3609 1085 ejus
3639 1013 3839 1086 sepul~

2145 1114 2275 1166 tum
2296 1110 2454 1181 jacet
2485 1109 2657 1180 juxta
2691 1105 2913 1179 gradus
2951 1104 3122 1179 chori
3156 1119 3364 1159 versus
3416 1102 3673 1159 Odeum
3720 1101 3837 1157 sub

2142 1198 2345 1273 lapide
2375 1198 2471 1255 cui
2518 1197 2870 1271 inscriptum
2900 1198 2990 1252 est
3028 1192 3361 1250 solitarium
3410 1192 3553 1263 ejus
3603 1206 3838 1248 nomen

2142 1290 2374 1348 Ebalus
2412 1290 2913 1359 archiepiscopus.
2965 1284 3207 1341 Dedisse
3245 1282 3469 1340 dicitur
3509 1281 3835 1339 canonicis

2146 1378 2270 1435 suis
2300 1377 2615 1436 ecclesiam
2638 1376 2714 1433 de
2747 1376 3010 1433 Bethana
3053 1378 3217 1431 curte
3244 1388 3359 1447 pro
3403 1371 3835 1430 anniversario

2147 1485 2281 1526 SUO.

1026 1620 3818 1651 _______________________.___—————————

881 1780 1319 1900 EBALI
1379 1773 2508 1900 ARCHIEPISCOPI
2571 1767 3302 1896 REMENSIS

1051 2045 1490 2134 CHARTA
1548 2044 1774 2134 PRO
1832 2041 2346 2132 C(ENOBIO
2402 2036 3133 2131 MOSOMENSIS.

1906 2222 2105 2316 (Anno
2135 2242 2289 2315 1024)

1074 2441 1274 2515 (Actes
1301 2442 1374 2500 de
1395 2442 1458 2500 la
1485 2443 1770 2515 province
1797 2441 2240 2515 eccle’siastique
2266 2440 2340 2499 de
2360 2440 2555 2499 Reims
2582 2442 2725 2495 tom.
2760 2438 2825 2506 Il,
2851 2448 2993 2510 pag.
3020 2432 3101 2509 '7.)

454 2749 523 2806 In
569 2748 814 2805 nomine
868 2765 1121 2807 summae
1169 2752 1228 2807 et
1272 2749 1531 2807 inviduae
1576 2749 1890 2807 Trinitatis.
1923 2750 2048 2821 Ego
2084 2733 2129 2788 Β
2157 2763 2414 2823 eamque
2445 2747 2731 2822 praedicto
2758 2745 2912 2816 loco,
2942 2742 3251 2802 nonnullis
3298 2743 3593 2800 ﬁdelium
3636 2757 3827 2799 coram

385 2842 628 2905 EBALUS,
672 2855 934 2912 superna
984 2840 1271 2910 largiente
1315 2840 1525 2910 gratia,
1561 2840 1698 2897 licet
1739 2840 2045 2911 indignus,

383 2932 604 2985 sanctae
636 2929 941 2985 Remensis
973 2929 1242 2984 Ecclesiae
1274 2929 1678 3002 archipraasul.

453 3020 671 3073 Notum
716 3016 1000 3073 volumus
1050 3033 1179 3073 esse
1215 3016 1506 3074 universis
1555 3018 1697 3075 viris
1734 3017 2044 3090 religiosis,

382 3104 630 3176 clericis,
662 3122 899 3163 necnon
929 3112 985 3164 et
1004 3106 1282 3164 ﬁdelibus
1301 3107 1487 3179 laicis,
1511 3110 1677 3183 quod
1692 3109 2049 3167 venerabilis

383 3194 575 3252 abbas
608 3195 837 3251 Sanctae
860 3196 1051 3253 Mariae
1073 3197 1459 3255 Mosomensis
1480 3197 1925 3265 enclesize,Boso
1944 3212 2050 3253 vo-

382 3285 597 3342 citatus
624 3286 889 3353 nomine,
915 3287 1061 3343 adiit
1076 3293 1293 3344 nostris
1309 3288 1619 3361 parvitatis
1644 3287 2047 3363 praesentiam,

380 3376 595 3433 humili
624 3376 941 3434 devotione
969 3394 1192 3449 rogans
1224 3384 1288 3435 ut
1316 3379 1632 3437 ecclesiam
1657 3379 1718 3437 in
1747 3376 1888 3435 villa
1910 3393 2049 3452 quas

383 3466 597 3522 dicitur
630 3466 880 3522 Duziaco
913 3468 1107 3533 sitam,
1140 3467 1404 3524 ecclesiae
1432 3469 1543 3525 sibi
1575 3473 1673 3526 Del
1705 3474 1856 3525 nutu
1882 3484 2049 3524 com-

384 3556 583 3611 missae
610 3556 960 3628 antiquitate
990 3556 1343 3629 subjectam.
1370 3558 1476 3614 sed
1506 3559 1869 3629 negligentia
1907 3563 1965 3614 et
1986 3558 2051 3614 in

386 3644 554 3702 curia
566 3660 812 3700 suorum
830 3649 947 3701 ant:
968 3661 1275 3704 cessorum
1290 3647 1639 3720 aliquandiu
1653 3648 2052 3704 substractam

389 3748 593 3789 amore
639 3732 759 3799 Dei,
787 3738 844 3790 et
890 3750 1072 3791 causa
1110 3736 1420 3809 parvitatis
1468 3735 1604 3806 100],
1639 3752 1744 3793 seu
1784 3736 2049 3793 remedio

390 3823 604 3880 animae
625 3840 794 3884 mete.
819 3830 1386 3899 antecessorumque
1410 3842 1682 3883 meorum
1704 3827 1781 3885 ad
1805 3828 2051 3900 supple-

390 3917 663 3970 mentum
692 3913 883 3970 victus
906 3913 1155 3971 fratrum
1182 3914 1329 3971 inibi
1352 3914 1466 3972 sub
1497 3914 1706 3987 regula
1736 3916 1926 3974 sancti
1949 3919 2050 3973 Be-

390 4002 609 4060 nedicti
635 4003 1018 4061 militantium
1048 4005 1437 4063 restituerem.
1467 4007 1649 4079 Cujus
1688 4006 1901 4064 humili
1947 4022 2053 4080 pe-

2158 2840 2512 2908 astantibus,
2525 2855 2637 2914 pro
2645 2842 2706 2895 ut
2715 2838 2844 2910 jam
2861 2853 2929 2893 ex
2942 2839 3083 2893 voto
3094 2830 3825 2902 destinaveram,reddidi;

2156 2930 2506 2988 auctoritate
2530 2927 2631 2985 Dei
2649 2926 3095 3001 omnipotentis,
3119 2929 3481 2999 sanctasque
3497 2924 3693 2983 Maria
3712 2922 3827 2994 ejus

2158 3020 2479 3093 genitricis,
2502 3018 2897 3091 omniumque
2927 3019 3298 3085 sanctorum,
3317 3029 3571 3071 necnon
3601 3010 3829 3087 pontiﬁ-

2158 3110 2273 3167 cali
2301 3109 2539 3166 decreto
2564 3112 2785 3165 nostrae
2802 3103 3169 3163 auctoritatis
3188 3102 3570 3160 interdicens
3590 3118 3669 3159 ne
3688 3100 3830 3157 ullus

2156 3205 2505 3258 nostrorum
2519 3212 2939 3255 successorum
2947 3196 3076 3268 jam
3092 3193 3254 3251 dicto
3266 3192 3409 3250 loco
3424 3192 3639 3267 aliquo
3659 3189 3829 3249 modo

2158 3290 2436 3349 eamdem
2464 3289 2781 3346 subtrahat
2806 3286 3140 3354 ecclesiam,
3171 3283 3264 3341 vel
3292 3283 3725 3358 pmjudicium
3749 3280 3827 3337 fa-

2159 3380 2295 3438 ciat.
2350 3380 2417 3436 Et
2467 3379 2596 3436 haec
2651 3381 2858 3436 nostra
2907 3374 3153 3434 donatio
3213 3389 3327 3448 per
3381 3371 3826 3431 succedentium

2160 3476 2502 3543 temporum
2524 3467 2821 3525 curricula
2843 3467 3017 3523 tirma
3036 3470 3092 3522 et
3112 3462 3505 3535 inconvulsa,
3527 3468 3584 3519 et
3604 3462 3821 3532 absque

2160 3559 2283 3616 ulla
2312 3558 2780 3616 contradictione
2800 3556 3144 3630 iniquorum
3175 3554 3456 3610 virorum
3489 3553 3669 3627 quieta
3687 3563 3811 3621 per-

2160 3653 2425 3713 maneat,
2462 3664 2651 3705 manu
2692 3651 2897 3704 nostra
2935 3645 3335 3710 ﬁrmavimus,
3364 3649 3809 3712 nostrorumque

2159 3738 2428 3796 ﬁdelium
2460 3737 2741 3794 manibus
2768 3735 3181 3793 roborandum
3206 3734 3596 3793 tradidimus.

2236 3829 2485 3900 Signum
2528 3825 2691 3884 Ebali
2722 3829 3043 3883 Remorum
3086 3822 3553 3899 archipraesulis.
3585 3821 3823 3892 Signum

2162 3917 2559 3976 Adalberonis
2606 3916 2891 3992 episcopi.
2927 3917 3176 3989 Signum
3227 3914 3495 3985 Hugonis
3532 3911 3825 3970 archidia-

2163 4008 2319 4066 coni.
2402 4008 2650 4080 Signum
2725 4005 3011 4065 Harduini
3083 4003 3517 4064 archidiaconi.
3585 4003 3829 4074 Signum

393 4093 603 4162 titioni,
634 4094 897 4168 penuriae
927 4094 1044 4153 loci
1073 4111 1445 4170 compassus,
1479 4112 1797 4154 assensum
1826 4095 2059 4170 praebui
2096 4099 2136 4156 C
2166 4097 2322 4155 Aluﬁ
2347 4095 2771 4157 archidiaconi.

848 4433 1225 4532 GLERI
1283 4437 2184 4537 NOVIOMENSIS
2242 4440 2414 4533 ET
2475 4437 3377 4538 TORNACENSIS

1896 4665 2347 4737 EPISTULA

1074 4826 1191 4895 Ad
1213 4849 1552 4920 episcopos
1565 4828 1936 4920 provinciae
1960 4828 2327 4914 Remensis,
2364 4840 2444 4899 de
2472 4831 2788 4920 episcopo
2819 4826 3144 4919 eligendo.

1909 4998 2101 5073 (Anno
2147 4999 2330 5073 4030.)

1241 5159 1311 5232 (Α
1321 5164 1439 5219 ctes
1464 5161 1538 5219 de
1569 5163 1629 5220 la
1658 5162 1944 5233 province
1967 5162 2409 5237 ecclésiastique
2432 5162 2506 5219 de
2528 5161 2747 5234 Reims,
2778 5163 2843 5232 II,
2871 5160 2981 5229 48.)

474 5308 730 5370 Domino
778 5313 986 5380 ΕΒΑιο,
1019 5310 1448 5385 gloriosissimo
1495 5315 1819 5371 Remorum
1871 5313 2067 5371 archi-
2098 5335 2142 5391 ι)
2173 5331 2243 5372 ac
2274 5313 2663 5373 Tornacensis
2693 5313 3129 5383 Ecclesiae,huic
3158 5314 3380 5372 sanctae
3406 5312 3539 5371 sedi
3569 5312 3828 5388 speciali-

401 5398 704 5473 episcopo,
736 5403 794 5457 et
822 5402 1043 5458 caeteris
1068 5401 1342 5458 dicreesis
1367 5402 1714 5477 metropolis
1739 5402 2058 5477 episcopis,

400 5490 758 5547 ADALBERONI
788 5490 1007 5548 scilicet
1036 5491 1416 5548 Laudunensi
1461 5493 1766 5567 episcopo,
1799 5495 2059 5550 Romano

404 5579 838 5647 Catalaunensi,
868 5582 1130 5638 GERARDO
1160 5582 1598 5650 Cameracensi,
1621 5585 1833 5639 Vsnmo
1865 5580 2061 5638 Belva-

400 5668 583 5736 censi,
616 5673 847 5728 Vumom
896 5670 1335 5741 Silvanectensi,
1370 5676 1607 5730 FULCONI
1647 5672 2056 5740 Ambianensi,

399 5755 652 5814 DBOGONI
674 5760 1054 5832 Tarvanensi,
1079 5761 1272 5821 clerus
1291 5764 1347 5820 et
1363 5762 1626 5837 populus
1642 5760 2058 5824 Noviomensis

2170 5409 2258 5461 ter
2284 5404 2703 5478 obsequentes.

2241 5497 2557 5562 Quoniam,
2603 5491 2936 5549 secundum
2979 5491 3334 5549 canonicam
3374 5492 3820 5555 institutionem.

2167 5584 2398 5641 nullam
2430 5582 2770 5645 Ecclesiam.
2803 5581 3089 5656 pastorali
3132 5581 3423 5651 regimine
3462 5582 3821 5647 destitutam,

2167 5677 2380 5746 praeter
2402 5671 2898 5745 metropoliticam
2919 5687 2991 5729 ac
3011 5670 3499 5728 diaecesanorum
3523 5671 3825 5745 episeopo-

2163 5777 2303 5821 rum
2330 5761 2764 5836 auctoritatem,
2796 5760 2876 5820 ad
2900 5759 3223 5821 antistitem
3251 5758 3724 5834 subrogandnm
3741 5760 3823 5820 fas
