3984 6180
229 285 368 346 1113

1151 279 1467 346 ΙῐΟᾹΝΝΕΞ
1504 289 1614 346 XIX
1649 287 1854 345 PAPA.
1895 317 1966 332 -
2007 290 2287 350 ΝΟΤΙΤΙΑ
2325 290 2720 351 HISTORICA.

3508 287 3645 348 1114

215 416 312 472 est
352 410 640 484 aspirare,
673 413 882 468 vestra
931 411 1254 470 sanctitatis
1299 413 1730 482 excellentiam,
1779 430 1884 488 pa-
1923 417 1971 471 A
1995 416 2254 486 dentem,
2283 419 2623 487 docibilem,
2655 419 2999 494 patientem,
3031 417 3300 474 moribus
3348 422 3642 492 tempera-

207 507 341 560 .tres
372 503 726 573 beatissimi,
759 504 1106 561 necessitate
1135 505 1326 562 coacti
1358 505 1619 576 adimus,
1653 510 1709 562 et
1739 506 1891 562 sicut

223 592 302 649 ad
349 596 586 648 montes
631 592 733 648 Dei
777 593 981 650 oculos
1021 593 1356 665 dirigimus,
1388 611 1496 668 per
1526 611 1681 668 quos
1709 594 1885 651 nobis

227 679 518 737 auxilium
546 680 764 747 venire,
801 683 919 737 Deo
946 683 1326 756 propitiante,
1360 684 1742 740 confidimus.
1780 687 1888 766 su-

225 769 441 826 blimes
489 770 648 826 enim
690 776 926 828 montes
970 773 1180 830 merito
1212 775 1427 842 vocati,
1459 775 1774 830 cedrorum
1808 775 1890 831 Li-

223 860 372 917 bani
403 860 814 918 celsitudinem
844 863 1075 919 verticis
1125 864 1410 935 dignitate
1441 864 1794 938 pracellitis,
1825 865 1886 920 in

225 950 450 1023 quibus
497 951 780 1008 divinitus
810 953 1128 1011 constituta
1157 971 1288 1012 esse
1315 955 1685 1025 dignoscitur
1715 955 1886 1012 habi-

225 1039 370 1096 tatio
421 1040 520 1096 Dei
561 1041 856 1109 viventis;
908 1043 1056 1099 coelo
1103 1044 1151 1099 si
1198 1044 1444 1117 quidem
1493 1045 1887 1118 proximiores

219 1131 437 1199 effecti,
472 1148 508 1188 a
535 1149 678 1189 vero
712 1132 856 1201 sole,
888 1135 989 1206 qui
1022 1137 1189 1191 Pater
1218 1135 1516 1192 luminum
1556 1141 1806 1192 vocatur
1832 1141 1889 1194 et

225 1226 331 1289 est,
361 1237 398 1277 a
427 1238 548 1296 quo
577 1223 756 1279 totius
801 1223 1045 1280 luminis
1089 1225 1257 1295 origo
1310 1226 1598 1299 procedit,
1625 1227 1683 1282 vi
1715 1228 1886 1298 cujus

225 1310 491 1368 irradiati
536 1311 844 1370 inferiores
864 1331 1108 1388 quoque
1131 1315 1276 1372 illati
1300 1315 1542 1372 luniinis
1575 1317 1890 1390 participa-

230 1401 385 1458 tione
411 1401 734 1469 illustratis,
769 1418 839 1459 ac
868 1403 1091 1460 calesti
1121 1421 1252 1461 rore
1279 1421 1314 1460 a
1348 1405 1758 1478 superioribus
1787 1407 1887 1462 de-

225 1487 446 1548 ﬂuente
464 1491 815 1548 humiliores
846 1494 1145 1550 secundos
1178 1494 1405 1552 efficitis
1431 1514 1443 1563 ;
1469 1495 1582 1552 sub
1605 1495 1886 1552 umbram

223 1579 402 1652 igitur
431 1581 611 1637 vestri
641 1581 918 1638 culminis
947 1582 1289 1640 ﬁducialius
1329 1583 1756 1655 confugientes,
1790 1602 1887 1641 ve-

228 1674 349 1726 stra
379 1671 745 1743 protectione
794 1671 943 1728 tueri
981 1672 1367 1746 deposcimus
1415 1680 1734 1748 quatenus,
1763 1675 1891 1732 diu-

1995 510 2141 575 turn,
2174 509 2295 566 vita
2337 515 2589 576 castum,
2637 509 2930 573 sobrium,
2978 507 3288 577 humilem,
3322 507 3639 575 affabilem,

1995 596 2459 668 misericordem,
2491 599 2836 670 litteratum,
2869 598 2930 654 in
2968 598 3097 668 lege
3142 597 3244 654 Dei
3271 597 3641 662 instructum,

1994 687 2056 743 in
2086 688 2522 761 Scripturarum
2553 690 2832 746 sensibus
2871 694 3134 757 cautum,
3168 691 3232 744 in
3260 684 3645 758 dogmatibus

1994 778 2405 834 ecclesiasticis
2436 780 2842 844 exercitatum,
2869 783 2922 836 et
2951 779 3285 835 secundum
3318 775 3647 848 Scriptura-

1993 883 2129 922 rum
2163 867 2457 923 tramitem
2483 866 2980 942 traditionemque
3006 865 3430 936 orthodoxam,
3461 867 3520 920 et
3547 878 3647 919 ca-

1993 971 2224 1012 nonum
2251 972 2319 1011 ac
2346 955 2720 1013 decretorum
2747 957 2905 1012 sedis
2933 957 3293 1030 apostolica,
3317 952 3646 1028 prasulum

1995 1045 2468 1113 constitutiones,
2510 1062 2656 1102 sano
2705 1062 2884 1102 sensu
2931 1047 3360 1103 ecclesiasticas
3407 1041 3646 1115 regulas

1992 1137 2439 1206 intelligentem,
2488 1151 2758 1208 saneque
2797 1153 3070 1194 sermone
3109 1137 3423 1193 docentem
3465 1137 3646 1207 atque

1996 1233 2358 1294 servantem,
2389 1227 2847 1301 amplectentem
2877 1243 3016 1282 eum
3046 1227 3148 1299 qui
3183 1225 3517 1282 secundum
3543 1223 3648 1279 do-

1995 1316 2245 1372 ctrinam
2275 1320 2363 1372 est
2388 1315 2630 1372 ﬁdelem
2681 1331 3021 1371 sermonem
3063 1319 3120 1370 et
3161 1330 3300 1369 cum
3355 1311 3649 1367 modestia

1993 1405 2412 1479 corripientem
2444 1422 2546 1463 eos
2591 1406 2697 1479 qui
2727 1405 3029 1474 resistunt,
3062 1408 3118 1460 et
3144 1404 3192 1460 si
3221 1402 3326 1476 qui
3355 1417 3516 1458 sana
3547 1400 3651 1456 do-

1994 1497 2196 1553 ctrina
2229 1497 2629 1552 adversantur
2657 1495 2742 1551 eis
2775 1497 3048 1553 resistere
3081 1500 3139 1552 et
3165 1493 3524 1563 redarguere
3556 1504 3650 1546 sa-

1993 1603 2074 1642 na
2103 1586 2373 1642 doctrina
2404 1586 2856 1659 pravalentem;
2896 1584 3253 1658 hospitalem
3285 1581 3649 1648 modestum,

1996 1691 2120 1732 sua
2164 1675 2373 1732 domui
2423 1675 2577 1732 bene
2619 1675 3033 1748 praepositum,
3081 1690 3205 1731 non
3252 1671 3650 1746 neophytum,

225 1760 385 1838 turni
410 1761 606 1818 luctus
631 1762 826 1832 elogio
841 1769 1092 1836 paterno
1117 1781 1282 1821 more
1315 1766 1758 1839 compatiendo,
1777 1783 1883 1824 no-
1921 1782 1964 1834 Β
1994 1766 2317 1823 habentem
2363 1765 2771 1822 testimonium
2802 1765 3031 1822 bonum
3060 1783 3073 1833 ;
3119 1765 3182 1821 in
3221 1761 3510 1834 gradibus
3540 1759 3654 1815 sin-

223 1847 318 1905 bis
368 1849 721 1922 suffragium
769 1853 1194 1910 consolationis
1241 1855 1576 1928 prabeatis,
1610 1860 1665 1911 et
1714 1872 1885 1928 spem

223 1937 467 2012 incapti
499 1940 701 2010 gaudii
729 1942 808 1999 ad
837 1942 1113 2000 effectum
1142 1945 1468 2017 perducere
1491 1961 1613 2001 non
1643 1945 1882 2001 differa-

224 2028 316 2084 tis.
352 2029 632 2086 Dolemus
674 2031 920 2104 quidem
970 2037 1025 2088 et
1051 2033 1333 2104 ejulando
1363 2034 1647 2108 lacrymis
1679 2034 1882 2091 defici-

223 2136 383 2192 mus,
411 2124 614 2193 utpote
645 2122 894 2195 piissimi
943 2123 1129 2196 patris
1161 2125 1347 2180 nostri
1380 2125 1685 2197 Harduini,
1718 2127 1882 2184 vide-

220 2207 356 2264 licet
402 2209 688 2282 episcopi,
734 2216 925 2267 morte
974 2212 1308 2269 admodum
1360 2214 1631 2281 desolati.
1675 2232 1880 2288 quem,

222 2296 378 2369 proh
398 2296 573 2354 dolor
592 2299 620 2356 ἰ)
648 2301 988 2357 communis
1011 2302 1294 2360 humana
1319 2304 1681 2362 conditionis
1709 2323 1885 2362 casus

224 2384 400 2442 nobis
430 2391 673 2460 repente
705 2389 1007 2463 subripuit
1035 2410 1047 2459 ;
1093 2392 1474 2451 miseratione
1505 2400 1707 2452 autem
1737 2412 1888 2452 sere-

227 2475 457 2532 nissimi
481 2477 639 2549 regis
665 2479 926 2537 Rotberti
950 2482 1011 2537 in
1037 2487 1240 2540 nostra
1271 2483 1648 2542 tribulatione
1679 2502 1888 2543 conso-

228 2565 337 2621 lari
367 2567 681 2640 capimus,
714 2570 887 2641 cujus
933 2571 1232 2629 immensa
1279 2572 1494 2646 pietate
1544 2575 1622 2632 ad
1660 2575 1888 2648 petitio-

229 2671 370 2712 nem
395 2656 574 2713 totius
597 2657 870 2714 Ecclesia
893 2664 1182 2717 rectorem
1209 2663 1531 2736 petivimus
1550 2664 1886 2733 dominum,

231 2743 500 2803 videlicet
543 2748 880 2819 Hugonem,
934 2751 1205 2808 Ecclesia
1249 2757 1465 2809 nostra
1503 2755 1890 2812 Tornacensis

232 2835 645 2909 prapositum,
674 2841 1119 2897 Cameracensis
1144 2847 1346 2898 autem
1377 2844 1890 2917 archidiaconum,

233 2940 416 2997 quem
469 2928 778 2984 communi
824 2934 966 2985 voto
1018 2936 1324 3005 pastorem
1370 2932 1664 3004 eligimus,
1710 2939 1893 2991 recto-

234 3029 360 3070 rem
403 3015 808 3090 deposcimus,
853 3020 1163 3093 pontificio
1209 3023 1675 3095 proclamamus.
1724 3024 1893 3096 Eligi-

234 3121 372 3162 mus
421 3123 564 3178 ergo
612 3123 752 3166 eum
793 3110 975 3167 talem
1005 3112 1248 3186 qualem
1273 3113 1444 3184 jubet
1474 3114 1806 3188 apostolica
1839 3119 1896 3172 et

236 3197 527 3255 canonica
575 3200 919 3272 auctoritas,
951 3201 1071 3258 fide
1102 3203 1482 3274 catholicum,
1502 3209 1716 3263 natura
1750 3223 1894 3281 pru-

959 3388 964 3389 ,
989 3388 1018 3392 ,,
1037 3388 1054 3390 _
1081 3388 1110 3389 φ
1133 3388 1302 3391 ηψ-
1574 3388 1620 3392 _

1995 1856 2172 1926 gulis,
2200 1855 2533 1912 secundum
2572 1855 2952 1912 traditionem
3002 1852 3488 1922 ecclesiasticam,
3539 1846 3650 1905 ml-

1992 1946 2343 2002 nistrantem
2375 1945 2452 2001 ad
2501 1959 2681 2001 omne
2720 1960 2874 2018 opus
2913 1941 3167 2013 bonum,
3199 1943 3256 1998 et
3299 1941 3378 1997 ad
3426 1937 3654 1996 satisfa-

1993 2035 2248 2091 ctionem
2279 2031 2443 2091 omni
2472 2033 2739 2107 poscenti
2788 2033 3100 2091 rationem.
3136 2031 3232 2088 His
3261 2045 3404 2102 ergo
3432 2032 3489 2084 et
3519 2026 3648 2084 aliis

1990 2125 2309 2182 virtutibus
2349 2124 2693 2198 plenissime
2736 2123 3080 2198 pollentem,
3108 2119 3474 2179 omnimodis
3502 2117 3651 2191 peti-

1993 2232 2131 2270 mus
2159 2220 2224 2271 ut
2248 2214 2606 2288 quantocius
2621 2219 2819 2270 vestra
2837 2213 3253 2269 benedictione
3278 2209 3455 2266 nobis
3482 2207 3651 2263 illum

1995 2303 2350 2361 consecretis
2409 2303 2760 2366 antistitem,
2813 2307 3132 2375 quatenus,
3187 2303 3427 2356 auctore
3502 2298 3649 2362 Deo,

1996 2393 2167 2466 plebs
2189 2408 2325 2465 qua
2355 2391 2458 2447 diu
2487 2389 2814 2464 episcopali
2838 2389 3126 2460 regimine
3155 2385 3366 2455 caruit,
3394 2383 3509 2440 sub
3532 2388 3655 2440 tan-

1997 2490 2056 2542 to
2083 2483 2384 2558 pontifice,
2409 2481 2486 2538 ad
2512 2486 2815 2555 pastorem
2847 2485 2904 2537 et
2931 2480 3282 2553 episcopum
3311 2475 3652 2533 animarum

1997 2579 2341 2632 nostrarum
2372 2587 2680 2640 conversa,
2714 2586 2824 2626 suo
2855 2571 3109 2626 Domino
3155 2566 3406 2624 militare
3436 2563 3651 2634 valeat,

1999 2665 2164 2740 quia,
2199 2667 2445 2720 testante
2491 2661 2811 2736 Scriptura,
2857 2659 3162 2731 integritas
3205 2654 3654 2733 prasidentium

2001 2755 2163 2812 salus
2201 2756 2290 2810 est
2318 2750 2716 2820 subditorum,
2748 2753 2805 2808 et
2834 2749 2939 2806 ubi
2981 2746 3359 2805 incolumitas
3396 2747 3483 2800 est
3511 2742 3654 2800 obe-

1999 2844 2254 2911 dientia,
2283 2843 2365 2900 ibi
2409 2857 2558 2900 sana
2596 2845 2684 2898 est
2710 2840 2904 2898 forma
2931 2839 3248 2904 doctrina;
3280 2834 3424 2910 quia
3453 2836 3654 2891 autem

2001 2951 2212 2992 omnes
2238 2949 2348 2990 nec
2387 2931 2688 2989 evectione
2716 2946 3032 3006 equorum,
3063 2945 3173 2985 nec
3206 2926 3403 2983 officio
3428 2923 3654 2998 pedum

2003 3026 2218 3083 adesse
2245 3023 2534 3093 valemus,
2566 3022 2883 3080 unanimes
2927 3019 3065 3078 huic
3113 3018 3418 3094 scriptura
3449 3028 3654 3074 assen-

2004 3133 2139 3174 sum
2169 3114 2533 3192 prabemus.

1634 3373 3657 3418 Μ

1616 3563 1761 3604 ANNO
1801 3563 1993 3604 DOMINI
2034 3563 2278 3605 nxmu.

842 3739 932 3923 J
945 3737 1546 3929 OANN
1567 3741 1836 3927 ES
1984 3743 2366 3930 XIX
2509 3737 3076 3926 PAPA

1697 4058 1816 4064 -υ
1821 4058 2132 4066 _-_--————.—

1419 4208 1839 4300 ΝΟΤΙΤΙΑ
1948 4209 2055 4300 HI
2066 4208 2493 4301 STORIGA

1081 4413 1422 4487 (Cucoxics,
1473 4415 1621 4474 Vita
1656 4416 2064 4476 Romanorum
2099 4417 2475 4488 pontiﬁcum,
2517 4427 2657 4488 pag.
2699 4408 2846 4481 288.)

1732 4590 1836 4597 ._—_

314 4714 572 4770 Joannes
602 4711 730 4779 XIX,
765 4709 1094 4783 Romanus,
1124 4727 1197 4770 ex
1240 4711 1559 4770 comitibus
1603 4712 1894 4770 Tuscula-
1935 4713 1976 4767 C
2009 4712 2166 4782 bus;
2211 4715 2446 4770 creatus
2495 4711 2685 4787 pridie
2731 4708 2862 4767 Kal.
2896 4706 3100 4773 Martii,
3129 4720 3166 4762 a
3192 4701 3664 4762 Tusculanorum

240 4800 362 4873 nis,
394 4801 498 4876 qui
527 4807 584 4858 et
612 4802 848 4873 Signia,
880 4807 936 4859 et
965 4803 1040 4859 de
1070 4803 1390 4860 comitibus
1413 4803 1553 4859 dicti
1582 4807 1741 4874 sunt,
1766 4806 1901 4860 Gre-

243 4892 395 4963 gorii
439 4891 616 4962 ﬁlius,
652 4893 944 4950 Benedicti
971 4896 1107 4960 VIII,
1143 4893 1597 4967 pradecessoris
1637 4893 1748 4960 sui,
1783 4893 1901 4950 fra-

245 4986 334 5038 ter
363 4984 716 5049 Germanus,
748 4998 884 5055 qua
907 4998 1000 5038 res
1028 4983 1333 5038 rarissimo
1358 4983 1633 5058 exemplo
1665 4982 1900 5052 accidit,

247 5070 435 5127 semel
464 5071 524 5127 in
551 5071 850 5145 Stephano
883 5071 926 5126 Il
957 5075 1014 5126 et
1033 5070 1214 5126 Paulo
1240 5071 1369 5141 ejus
1400 5088 1769 5140 successore,
1798 5072 1905 5145 qui

244 5160 455 5218 fratres
486 5161 745 5232 fuerunt,
779 5161 930 5217 sicut
958 5165 1016 5217 et
1039 5177 1202 5216 nunc
1231 5160 1290 5216 in
1317 5164 1542 5218 Joanne
1573 5168 1629 5219 et
1657 5163 1905 5220 Benedi-

245 5254 342 5306 cto
372 5250 489 5304 VIII
517 5250 782 5308 secundo
813 5249 1048 5318 accidit,
1080 5254 1136 5306 et
1165 5265 1470 5322 nusquam
1519 5252 1667 5308 alias
1716 5252 1902 5310 conti-

246 5339 407 5410 gisse
434 5341 750 5397 invenitur.

321 5431 649 5504 Episcopus
701 5431 812 5488 fuit
851 5433 1130 5498 Joannes,
1162 5429 1520 5499 Portuensis,
1555 5432 1801 5488 Henrico
1849 5436 1904 5488 ct

248 5521 572 5580 Cbunrado
618 5521 959 5593 junioribus
997 5519 1457 5593 imperatoribus
1488 5521 1786 5592 Augustis,
1820 5538 1906 5578 se-

248 5611 336 5668 dit
381 5626 575 5669 annos
624 5628 746 5681 VIII,
776 5626 1011 5666 menses
1061 5627 1139 5678 IX,
1172 5608 1299 5666 dies
1340 5627 1438 5678 ix;
1493 5626 1563 5666 ex
1605 5610 1904 5667 monacho

255 5702 311 5757 S.
341 5698 636 5756 Benedicti
661 5699 723 5755 in
743 5699 1105 5756 monasterio
1134 5701 1188 5757 S.
1208 5698 1504 5754 Anastasii
1526 5702 1749 5768 Romae,
1774 5700 1907 5756 Gui-

255 5787 411 5848 doue
460 5793 517 5849 et
557 5789 919 5850 Theoderico
966 5787 1210 5847 vetustis
1254 5787 1598 5847 auctoribus
1628 5787 1906 5862 tradenti-

2009 4803 2300 4861 comitum
2326 4803 2581 4861 factione
2609 4800 2910 4857 suffectus.
2933 4800 3223 4853 Joannem
3254 4793 3415 4849 hunc
3439 4791 3667 4849 Platina

2009 4910 2110 4949 xx1
2135 4893 2428 4962 nominat,
2458 4892 2604 4964 quia
2632 4889 2694 4945 in
2724 4902 3046 4944 numerum
3075 4881 3428 4957 pontificum
3453 4896 3666 4955 perpe-

2009 4999 2142 5040 ram
2167 4981 2343 5037 refert
2369 4983 2662 5036 Joannem
2703 4975 2989 5033 feminam
3016 4971 3378 5038 fabulosam,
3411 4974 3468 5025 et
3494 4972 3668 5026 Joan-

2010 5087 2150 5128 nem
2173 5073 2332 5127 XVIII
2352 5067 2454 5142 qui
2485 5071 2689 5124 sedem
2720 5063 3090 5140 pontiﬁciam
3120 5059 3434 5133 usurpavit
3462 5060 3670 5115 contra

2011 5160 2360 5230 Gregorium
2413 5158 2690 5232 quintum
2742 5155 3075 5225 legitimum
3117 5147 3484 5227 pontiﬁcem.
3537 5148 3667 5220 Ipse

2011 5254 2213 5306 tamen
2244 5248 2306 5304 in
2334 5245 2766 5322 diplomatibus
2797 5243 2940 5314 suis,
2973 5258 3234 5317 quorum
3271 5239 3448 5296 hodie
3479 5236 3668 5294 multa

2013 5336 2398 5410 exemplaria,
2430 5339 2682 5403 exstant,
2715 5351 2775 5390 se
2805 5333 2908 5391 x1x
2943 5331 3230 5406 appellat.

2085 5426 2388 5483 Heinricus
2422 5425 2592 5498 imp.,
2621 5424 2854 5490 morbo,
2888 5438 3010 5497 quo
3057 5420 3443 5483 decubuerat,
3472 5417 3670 5487 ingra-

2010 5520 2304 5583 vescente,
2362 5515 2653 5590 quoniam
2699 5514 2853 5570 ﬁlios
2913 5528 3035 5569 non
3068 5510 3352 5575 habebat,
3404 5506 3668 5565 Chunra-

2014 5609 2162 5666 dum
2191 5605 2536 5663 Franconia
2569 5605 2784 5661 ducem
2836 5603 2948 5660 sibi
2992 5615 3404 5659 successorem
3453 5597 3668 5667 eligere

2013 5695 2316 5755 consuluit
2340 5715 2352 5765 ;
2388 5695 2847 5767 Chunigundem
2874 5709 3124 5750 uxorem
3150 5689 3443 5760 virginem
3468 5687 3667 5745 decla-

2015 5788 2186 5858 ravit,
2211 5787 2378 5860 virgo
2408 5787 2538 5861 ipse
2576 5785 2915 5857 defunctus,
2945 5781 3211 5842 maxima
3238 5781 3367 5854 ejus
3395 5775 3668 5854 puritatis
