3984 6180
355 243 526 303 ills.

1707 243 2002 302 JOANNIS
2047 241 2157 301 XIX
2193 242 2412 301 ΡΑΡΑΞ.

3645 240 3821 299 1118·

354 369 519 445 apud
542 368 817 428 homines
843 365 1125 440 opinione
1150 366 1372 440 relicta,
1394 370 1455 426 iu
1482 368 1623 426 Idus
1651 368 1838 427 Julias
1867 368 2012 426 anni
2046 374 2097 429 A
2125 384 2325 441 genua
2371 368 2688 444 procidens
2728 367 2969 426 veniam
3009 366 3217 425 Christi
3262 365 3450 439 gratia
3488 366 3775 441 petebat;

360 460 494 517 1024
523 457 831 531 expiravit,
876 456 1048 529 cujus
1080 458 1377 516 memoria
1417 458 1569 516 inter
1610 458 1820 517 beatos
1854 474 2017 515 reco-

353 548 490 605 litur
516 546 705 621 pridie
738 545 877 603 Idus
901 545 1057 605 Julii.

427 635 782 693 Chunradus
824 640 869 692 ll
913 636 1240 711 imperator
1269 640 1472 695 Romae
1502 637 1563 694 in
1591 637 1839 695 basilica
1867 637 2017 694 Vati-

354 740 527 791 cana,
559 723 657 781 die
684 724 947 795 Paschaa,
976 742 1055 781 vn
1096 725 1227 781 Kal.
1261 725 1496 800 Aprilis,
1530 742 1568 783 a
1593 728 1823 783 Joanne
1854 725 2013 783 deci-

354 830 455 871 mo
484 829 648 870 nono
676 830 862 888 papa,
895 819 1217 873 coronatus
1247 819 1355 885 est,
1384 831 1546 872 anno
1584 815 1739 888 1027,
1772 815 1878 890 qui
1900 818 2014 872 Ro-

353 919 572 964 manos
598 903 777 960 minis
812 904 1012 960 terruit
1039 907 1334 961 Joannem
1363 904 1710 978 pontiﬁcem
1738 905 2018 965 infestan-

354 998 464 1065 tes,
496 993 740 1050 exitium
769 1010 1015 1067 quoque
1043 994 1481 1066 interminatus,
1513 993 1632 1050 nisi
1672 1011 1709 1051 a
1737 995 2016 1053 vexando

356 1082 638 1158 pontiﬁce
666 1084 1059 1158 quiescerent.

428 1171 675 1230 Basilius
733 1172 939 1244 junior
984 1176 1292 1244 Augustus
1345 1173 1502 1230 circa
1563 1173 1693 1231 Kal.
1749 1173 2017 1232 Octobris

364 1265 638 1320 mortuus
670 1267 759 1319 est
788 1263 1324 1336 Constantinopoli.

430 1356 756 1427 Imperator
787 1353 1211 1410 Constantinus
1256 1357 1295 1410 X
1326 1358 1474 1425 Aug.
1509 1353 1672 1411 solus
1700 1353 2021 1428 imperavit

360 1458 552 1501 annos
576 1460 639 1514 11,
667 1459 858 1499 mens.
891 1461 970 1499 x1.

430 1538 602 1589 Anno
636 1537 771 1588 1028
804 1533 948 1590 Vido
978 1533 1274 1603 Aretinus,
1306 1533 1397 1590 vir
1440 1533 1583 1590 artis
1614 1534 1859 1591 musicas
1892 1551 2021 1592 eru-

360 1622 708 1692 ditissimus,
750 1641 971 1680 novam
1021 1640 1239 1680 vocum
1288 1624 1720 1681 tlectendorum
1764 1624 2023 1699 discipli-

2122 458 2227 533 qui
2269 475 2410 516 eum
2456 459 2711 516 illaesum
2749 458 2912 516 abire
2958 457 3330 532 permittens,
3360 458 3569 514 statim
3595 456 3781 531 proxi-

2123 567 2295 607 mum
2342 550 2634 625 templum
2678 550 2986 623 ingressus
3024 554 3132 616 est,
3175 547 3541 607 Cruciﬁxum
3600 548 3779 605 conti-

2122 656 2247 697 nuo
2294 641 2467 713 cujus
2508 640 2900 698 simulacrum
2942 639 3177 707 orabat,
3216 638 3431 696 referre
3484 637 3543 694 ei
3598 639 3780 712 capite

2123 728 2407 789 inclinato
2436 730 2515 787 ob
2546 732 2675 803 ejus
2728 730 2867 787 facti
2917 729 3161 801 gratias,
3191 733 3257 785 ut
3298 726 3427 802 ipse
3473 731 3538 785 et
3575 742 3779 785 omnes

2124 819 2230 893 qui
2259 820 2509 878 aderant
2553 820 2711 878 clare
2748 835 3131 893 conspexere.
3175 821 3304 885 Ouo
3332 817 3621 892 prodigio
3650 822 3781 874 atto-

2123 908 2306 977 nitus,
2338 909 2551 967 relictis
2591 909 2895 978 omnibus,
2927 907 3324 965 monasticam
3348 906 3540 963 vitam
3597 905 3775 977 elegit,

2125 1002 2182 1055 et
2208 998 2271 1055 in
2301 1000 2435 1056 loco
2465 999 2571 1074 qui
2586 998 3089 1057 Vallis-Umbrosa
3103 997 3339 1066 dicitur,
3355 997 3536 1068 juxta
3557 997 3780 1069 Appen-

2125 1088 2338 1147 ninum
2368 1089 2644 1158 secessit;
2694 1088 2959 1162 inibique
3009 1087 3386 1161 disciplinam
3424 1084 3567 1142 sub.
3603 1087 3660 1143 S.
3692 1086 3779 1141 Be-

2126 1178 2363 1236 nedicto
2408 1179 2680 1250 regulam
2734 1176 2959 1235 amictu
3004 1176 3220 1233 coloris
3264 1176 3469 1233 Veneti
3518 1174 3774 1231 instituit.

2129 1270 2323 1335 Quam
2347 1267 2681 1325 Alexander
2704 1269 2750 1324 II
2776 1272 2834 1324 et
2861 1266 3179 1338 Gregorius
3201 1267 3298 1322 VII
3327 1264 3773 1322 conﬁrmarunt.

2130 1357 2284 1417 Obiit
2321 1373 2483 1415 anno
2520 1357 2755 1414 Domini
2811 1357 2964 1425 1074,
2996 1357 3059 1412 in
3089 1354 3363 1412 coenobio
3411 1354 3772 1421 Possiniano,

2126 1466 2184 1505 1v
2210 1448 2348 1505 Idus
2389 1447 2543 1518 Julii,
2594 1445 2901 1504 miraculis
2950 1445 3168 1514 clarus,
3218 1444 3445 1502 ibidem
3498 1443 3771 1517 sepultus.

2131 1543 2319 1606 Quem
2345 1555 2485 1594 cum
2510 1538 2661 1594 inter
2677 1541 2915 1594 sanctos
2939 1553 2975 1593 a
3001 1536 3281 1607 Gregorio
3312 1534 3577 1609 septimo
3602 1533 3772 1590 decla-

2128 1633 2325 1685 ratum
2352 1643 2492 1684 vera
2519 1627 2683 1683 fama
2727 1626 2958 1693 referat,
2990 1624 3334 1683 leestinus
3366 1628 3437 1680 111
3478 1624 3642 1679 idem
3671 1639 3773 1678 cer-

359 1729 524 1781 nam,
558 1730 694 1788 quae
746 1714 807 1769 in
854 1714 1015 1771 hunc
1060 1731 1250 1787 usque
1300 1714 1461 1770 diem
1509 1714 1881 1783 observatur,
1913 1730 2020 1788 per
2057 1734 2099 1787 Β
2132 1720 2225 1771 tus
2264 1715 2638 1788 approbavit.
2669 1715 2852 1787 Cujus
2894 1731 3268 1771 successores
3309 1713 3419 1769 viri
3452 1712 3663 1784 optimi
3689 1715 3771 1768 Pa-

360 1803 583 1860 litteras
615 1803 1004 1877 syllabasque
1038 1804 1279 1861 flexuris
1327 1804 1651 1876 digitorum
1692 1804 1859 1860 laevae
1897 1822 2024 1861 ma-

362 1893 927 1965 nusadjungendas
958 1894 1216 1950 edidisse
1272 1894 1474 1962 fertur,
1508 1893 1745 1967 aliaque
1783 1910 2026 1968 compo-

365 1983 480 2039 suit
508 1999 711 2056 opera,
744 1999 1005 2055 quorum
1038 1984 1390 2039 Trithemius
1423 1982 1715 2039 meminit.

436 2076 648 2146 Imper.
677 2072 1097 2129 Constantinus
1136 2075 1174 2128 X
1211 2076 1360 2143 Aug.
1395 2072 1541 2129 obiit
1585 2073 1739 2129 circa
1773 2072 2020 2129 Kalend.

365 2154 750 2234 Septembris,
779 2178 939 2218 anno
976 2167 1129 2219 1029.

436 2255 587 2324 Imp.
616 2251 927 2307 Romanus
982 2252 1050 2307 IV
1081 2254 1348 2325 Argyrus
1398 2256 1548 2322 Aug.
1582 2251 1896 2325 imperavit
1924 2268 2029 2308 an-

365 2358 477 2398 nos
504 2345 567 2409 V,
610 2357 850 2397 menses
878 2358 955 2396 Vl.

442 2430 563 2487 Sub
605 2433 831 2487 Joanne
884 2430 1120 2487 decimo
1171 2447 1356 2502 nono,
1390 2446 1552 2487 anno
1598 2430 1833 2488 Domini
1868 2437 2025 2498 1030,

369 2519 756 2590 congregatio
813 2521 981 2577 tertia
1036 2520 1235 2578 Sancti
1287 2521 1607 2589 Benedicti,
1646 2537 1780 2594 quae
1821 2520 2027 2577 Vallis-

371 2608 678 2666 Umbrosae
708 2609 942 2682 dicitur,
975 2610 1270 2680 originem
1298 2610 1528 2667 habuit.
1564 2613 1645 2667 Eo
1677 2611 1836 2667 enim
1867 2626 2027 2668 anno

369 2698 566 2777 prima
615 2698 889 2770 ejusdem
938 2700 1181 2757 comitia
1231 2700 1548 2769 habentur,
1579 2700 1801 2772 quibus
1841 2700 2030 2774 ipsius

371 2792 580 2845 auctor
627 2792 685 2844 et
730 2787 1013 2844 fundator
1058 2790 1120 2843 B.
1153 2789 1455 2844 Johannes
1500 2788 1874 2857 Gualbertus,
1908 2788 2032 2845 Flo-

368 2877 657 2947 rentinns,
680 2876 772 2933 vir
802 2876 1240 2948 sanctissimus,
1263 2877 1455 2934 abbas
1477 2877 1768 2947 generalis
1798 2882 2031 2934 creatus

372 2969 482 3022 est.
520 2968 572 3019 ls
603 2963 802 3020 adhuc
827 2964 1067 3036 juvenis
1113 2981 1251 3020 cum
1281 2965 1609 3022 fraternam
1638 2965 1865 3022 caedem
1904 2981 2032 3022 ma-

2132 1808 2248 1861 tres
2300 1805 2633 1861 institutum
2684 1818 3062 1877 promovere,
3102 1808 3159 1859 et
3214 1805 3328 1859 hoc
3375 1818 3453 1858 cx
3498 1801 3770 1858 chronicis

2134 1893 2415 1951 Bernardi
2446 1894 2747 1962 monachi,
2781 1898 2838 1950 et
2865 1896 2920 1950 S.
2956 1893 3237 1949 Antonini
3269 1892 3544 1949 traditur.

2203 1988 2374 2041 Anno
2411 1989 2537 2041 1031
2575 1986 2636 2041 in
2682 1985 3012 2058 Campania
3050 1986 3113 2040 B.
3152 1983 3520 2051 Dominicus,
3552 1980 3767 2037 mirabi—

2133 2074 2279 2131 lium
2309 2078 2577 2147 patrator
2602 2092 2876 2149 operum,
2900 2073 3348 2145 multorumque
3367 2071 3653 2128 fundator
3675 2087 3765 2126 eir-

2132 2165 2454 2221 nobiorum
2492 2165 2658 2237 apud
2703 2166 2912 2221 Soram
2936 2164 3066 2236 jam
3115 2163 3298 2219 ferme
3327 2160 3763 2231 octuagenarius

2135 2255 2299 2325 obiit,
2331 2259 2510 2329 atque
2552 2255 2613 2310 in
2645 2254 3008 2312 monasterio
3035 2253 3200 2326 quod
3233 2257 3443 2325 postea
3475 2250 3555 2307 ab
3583 2267 3649 2308 eo
3673 2266 3761 2306 no-

2134 2360 2275 2402 men
2304 2344 2532 2418 accepit
2581 2344 2851 2418 sepultus
2880 2349 2989 2400 est.
3026 2344 3195 2399 Hunc
3226 2341 3560 2398 Loricatum
3593 2343 3761 2396 Petrus

2137 2432 2411 2490 Damiani
2456 2438 2650 2500 vocat,
2678 2432 2846 2507 quod
2897 2431 2977 2489 ad
3022 2430 3461 2488 macerandum
3503 2426 3759 2485 interioris

2137 2523 2391 2580 amictus
2422 2523 2737 2597 asperitate
2765 2537 3011 2579 carnem
3049 2520 3234 2576 lorica
3264 2523 3545 2577 uteretur.

2211 2611 2471 2668 Concilia
2507 2610 2616 2667 tria
2660 2609 2775 2665 sub
2805 2610 2934 2681 ejus
2963 2607 3316 2682 pontiﬁcatu
3344 2606 3572 2675 habita,
3599 2602 3760 2661 Gerbi-

2139 2717 2334 2769 cense,
2367 2705 2424 2758 et
2470 2699 3058 2767 Franckot‘ordiense,
3107 2713 3268 2754 anno
3312 2699 3468 2763 1024,
3500 2700 3555 2752 et
3592 2693 3759 2750 Aubu-

2138 2789 2333 2846 riense
2362 2804 2523 2845 anno
2558 2793 2713 2845 1030.

2207 2882 2466 2938 Joannes
2496 2882 2718 2948 autem,
2745 2877 2917 2949 cujus
2944 2876 3068 2935 vita
3096 2874 3343 2932 miriﬁce
3366 2873 3652 2942 laudatus,
3671 2886 3754 2928 an-

2139 2981 2220 3023 no
2250 2965 2631 3038 pontiﬁcatus
2685 2965 2777 3020 sui
2815 2981 2938 3037 vui,
2971 2980 3176 3019 mense
3216 2980 3297 3033 ix,
3331 2962 3426 3019 die
3453 2979 3510 3032 x,
3540 2959 3753 3017 moritur

374 3070 494 3126 gna
523 3058 894 3110 armatorum
924 3070 1112 3111 manu
1132 3054 1339 3112 ulcisci
1366 3059 1734 3130 procuraret,
1759 3071 1905 3112 casu
1928 3056 2033 3112 ho-
2070 3096 2111 3151 Ο
2139 3073 2194 3111 v1
2223 3055 2360 3112 lctus
2382 3055 2752 3123 Novembris,
2802 3070 2963 3111 anno
2987 3058 3142 3121 1032,
3194 3053 3461 3126 sepultus
3502 3051 3750 3151 adnS.‘Peo

374 3148 524 3201 stem
555 3143 799 3201 obvium
829 3143 890 3200 in
911 3144 1137 3218 oppido
1164 3144 1410 3202 Miniatis
1439 3145 1792 3213 liabuit.Qui
1813 3149 2031 3202 terrore
2074 3138 2110 3151 υ
2142 3151 2320 3202 trum.
2360 3144 2603 3202 Vacavit
2650 3144 2821 3201 sedes
2869 3143 2996 3199 dies
3036 3143 3212 3200 duos.
3245 3145 3524 3198 Auctores
3564 3138 3748 3195 Glaber

374 3233 740 3307 perterritus,
768 3233 923 3290 illico
952 3234 1165 3291 Joanni
1196 3234 1449 3309 supplex
1485 3234 1700 3305 factus,
1732 3235 1811 3293 ad
1838 3235 2029 3309 ipsius

2141 3234 2511 3308 Rodulphus,
2531 3238 2586 3291 et
2604 3237 2717 3290 Leo
2734 3233 3098 3291 Marsicanus
3123 3231 3182 3288 in
3203 3231 3449 3288 Historia
3461 3226 3741 3289 Casinensi.

3426 3358 3717 3376 ιβ’-³..

3334 3365 3353 3378 ’λ
3356 3364 3421 3379 ..ἴ

1548 3497 1911 3569 ΝΟΤΙΤΙΑ
1972 3498 2614 3570 DIPLOMATICA.

1248 3647 1454 3714 (lure,
1487 3646 1743 3716 Hegesia
1764 3646 2120 3715 pontiﬁcum
2144 3647 2569 3714 Romanorum,
2603 3663 2741 3719 pag.
2775 3647 2923 3718 357.)

478 3848 725 3907 Joannis
741 3852 863 3934 }1X
891 3849 1072 3934 bullas
1104 3853 1247 3934 sunt
1275 3848 1646 3934 scripttaper
1667 3867 1943 3934 manum,

590 3944 618 3970 ‹‹
661 3943 689 3972 ι(
729 3923 926 3996 Sergii
945 3923 1174 3996 notarii
1203 3922 1611 3993 regionarii’et
1641 3923 1952 3979 scriniarii
1978 3924 2140 3980 $.11.
2174 3925 2244 3980 E.
2279 3926 2355 3994 (1,
2392 3929 2474 3995 10,
2511 3926 2597 3996 18)

1584 4016 1611 4043 ((

591 4015 619 4043 ‹‹
664 4017 691 4043 ‹(
731 3995 858 4077 1309
863 3994 976 4077 erit;

590 4086 619 4113 (‹
662 4086 690 4115 ‹‹
734 4065 925 4136 GeOrg
931 4065 975 4121 ii
1155 4087 1182 4113 ‹‹
1584 4087 1612 4115 (‹
2009 4088 2036 4117 ‹‹

2441 4019 2468 4045 ‹‹
2512 3999 2584 4068 (2)

2436 4089 2464 4116 ‹‹
2506 4069 2582 4138 (4,
2616 4073 2667 4134 5,
2696 4073 2749 4137 9,
2788 4071 2874 4138 19)

590 4154 621 4189 ‹
663 4157 692 4185 ‹‹
731 4131 991 4211 Joannis
1013 4138 1346 4194 cardinalis
1375 4141 1431 4193 et
1469 4136 1827 4195 cancellarii
1855 4138 1980 4195 vice
2005 4138 2178 4195 Petri
2204 4138 2446 4196 diaconi
2470 4131 2593 4211 (7‘);
2643 4131 2717 4194 cf.
2736 4131 2978 4195 bullam
3011 4136 3175 4211 apud
3209 4134 3435 4208 Ughelli
3479 4131 3591 4190 Ital.
3615 4132 3746 4185 Sacr.

839 4209 903 4274 V,
931 4208 1094 4280 1110.
1128 4211 1286 4264 Dataa
1316 4223 1376 4280 p.
1411 4223 1493 4265 m.

597 4298 625 4325 «
668 4299 695 4325 «ι
738 4278 1048 4352 Benedicti
1073 4278 1422 4352 Parmensis
1453 4281 1716 4351 episcopi
1742 4284 1799 4336 et
1830 4281 2210 4338 bibliotheca:
2224 4282 2272 4337 ii
2296 4282 2359 4338 S.
2392 4286 2582 4352 apost.
2611 4281 2777 4338 Sedis
2806 4280 2885 4352 (8)

592 4369 620 4397 ‹‹
664 4370 692 4396 ‹‹
733 4349 1048 4425 Benedicti
1074 4351 1423 4425 Parmensis
1452 4343 1730 4424 episcopi,
1755 4353 1878 4410 vice
1904 4353 2241 4425 Peregrini,
2272 4343 2639 4418 Coloniensis
2664 4343 3120 4424 archiepiscopi,
3150 4347 3586 4408 bibiiothecarii
3600 4346 3652 4402 S.
3672 4343 3756 4399 Se-

846 4420 936 4476 dis
950 4426 1157 4503 .apost.
1190 4421 1269 4503 (4)

593 4512 623 4539 ‹‹
666 4512 693 4539 ‹‹
736 4491 986 4568 {Iasonis
1011 4491 1274 4568 episcopi
1296 4493 1359 4549 S.
1397 4494 1725 4568 Tiburtina:
1752 4495 2117 4568 Ecclesiaeiei
2148 4495 2588 4553 bibliothecarii
2614 4496 2674 4552 S.
2708 4502 2898 4565 apost.
2923 4495 3067 4568 Sed.
3096 4494 3172 4568 (4,
3200 4499 3253 4565 5,
3285 4494 3341 4567 7)

593 4584 621 4612 ‹‹
665 4580 695 4616 ‹
733 4563 906 4620 Petri
932 4564 1195 4635 episcopi
1218 4565 1608 4623 Praenestinae
1637 4567 1913 4625 Ecclesiae
1942 4573 1997 4625 et
2028 4567 2468 4625 bibliothecarii
2493 4570 2551 4625 ις.
2585 4563 2775 4638 aposi.
2812 4567 2949 4626 Sed.
2982 4567 3059 4640 (6)

390 4687 763 4695 w

392 4716 635 4723 ——.—_——_.

646 4717 1008 4724 Μ

1200 4719 1573 4726 θ-η--ῄ

1590 4719 1905 4727 W

1315 4792 1979 4933 JOANNIS
2056 4836 2350 4933 XIX
2411 4838 2868 4934 PAPZE

1068 5009 1810 5135 EPISTOLfE
1923 5015 2106 5135 ET
2224 5016 3075 5139 DIPLOMATA

2002 5222 2300 5233 ...ν-...-

1188 5291 1208 5344 1

383 5370 635 5430 Joannis
666 5373 815 5431 XIX
847 5389 1028 5447 papae
1048 5332 1438 5451 privilegium
1464 5396 1575 5452 pro
1618 5382 1865 5441 ecclesia
1894 5382 2041 5441 Por-

1116 5472 1324 5527 mensi.

1013 5560 1207 5624 (Anno
1237 5562 1420 5636 1025.)

643 5644 868 5733 [MARlNl
893 5646 1114 5716 Papiri
1136 5648 1572 5721 diplomatichi,
1604 5657 1642 5721 1,
1676 5654 1788 5733 70.]

458 5732 701 5787 Joxsses
731 5732 1072 5808 episcopus,
1100 5751 1309 5794 servus
1335 5754 1646 5799 servorum
1676 5732 1797 5813 Dei,
1822 5741 2043 5803 charis-

2077 5309 2118 5363 ι)
2148 5293 2301 5350 simo
2332 5293 2393 5350 in
2438 5296 2689 5352 Domino
2717 5298 2853 5352 Jesu
2898 5292 3125 5351 Christo
3158 5290 3279 5348 filio
3311 5294 3629 5353 Besemcro,
3656 5297 3765 5341 sau-

2148 5387 2255 5441 ctaa
2299 5384 2634 5441 Portuensis
2687 5382 2958 5441 Ecclesia:
3002 5381 3287 5455 episcopo
3333 5373 3766 5436 successoribus

2147 5489 2265 5547 que
2295 5473 2417 5530 suis
2444 5473 2505 5530 in
2535 5477 2912 5547 perpetuum.

2222 5563 2518 5630 Quoniam
2546 5577 2783 5637 semper
2812 5565 2954 5618 sunt
2976 5559 3363 5618 concedenda
3382 5573 3518 5631 quae
3548 5551 3767 5637 rationa-

2149 5653 2343 5716 biliter
2382 5670 2421 5710 a
2447 5636 2725 5710 ﬁdelibus
2772 5653 2927 5709 ﬁunt
2962 5649 3284 5725 postulata,
3314 5653 3547 5722 oportet
3582 5657 3683 5700 nos
3716 5636 3767 5692 in

2154 5743 2553 5805 concedendis
2563 5742 2886 5821 privilegiis
2909 5746 3180 5803 nostram
3198 5735 3661 5801 benevolentiam
3676 5728 3769 5786 lar-
