3984 6180
149 245 293 306 1117

1395 254 1753 316 EPISTOLE
1790 254 1877 313 ΕΤ
1912 254 2336 316 DIPLOMATA.

3434 268 3590 327 “£8

142 370 259 461 giri
290 374 349 429 et
365 371 862 434 muniﬁcentiam.
897 378 964 434 Et
986 376 1128 451 quia
1180 394 1217 437 a
1267 379 1649 454 perfectionis
1690 378 1814 437 cul-
1849 382 1897 439 Α
1928 378 2077 444 lum.
2135 384 2313 456 atque
2371 387 2698 443 cannetum
2745 384 2821 444 de
2871 383 3005 460 ipsa
3055 386 3309 461 civitate,
3369 372 3589 450 scilicet

146 460 336 532 mine,
367 462 761 520 saecularibus
789 466 1099 539 praepediti
1121 469 1395 539 negotiis,
1426 469 1602 527 valde
1628 469 1816 525 dista-

145 566 309 623 mus,
337 566 409 607 ex
442 567 514 608 eo
544 568 656 609 nos
684 554 1074 627 potissimum
1117 557 1197 614 ab
1252 559 1647 633 omnipotenti
1696 563 1816 616 Deo

147 640 391 697 veniam
420 643 750 715 promereri
780 648 837 701 et
858 646 1115 716 gratiam
1146 648 1398 723 adipisci
1426 648 1814 753 conﬁdim‘is,

152 728 198 753 -:
234 731 597 753 _--L:L_-J:_:_
655 748 901 753 ..Α-.-ηᾼη
990 741 1001 753 ι
1171 738 1225 753 ,οι
1413 744 1424 753 .

151 728 203 786 si
233 731 599 788 rectitudinis
654 748 937 792 normam
989 738 1324 796 tenentibus
1372 744 1430 797 et
1469 728 1819 812 evangelica

150 824 604 881 conversatione
658 825 1023 899 pollentibus
1080 828 1446 888 defensionis
1498 835 1557 888 et
1607 836 1815 889 nostro

146 912 486 971 munimine
513 914 936 986 subrogamus.
968 919 1154 988 Unde,
1178 920 1323 994 quia
1350 924 1455 979 tua
1511 920 1748 979 dilectio
1777 939 1815 980 a

147 1005 357 1059 nostra
413 1003 774 1063 sublimitate
841 1007 1146 1065 humiliter
1201 1010 1461 1083 expetiit,
1511 1014 1811 1085 quatenus

149 1091 619 1151 concederemus
650 1099 709 1153 et
733 1096 1232 1156 conﬁrmaremus
1262 1099 1433 1157 vobis
1480 1101 1815 1175 vestrisque

150 1182 600 1244 successoribus
632 1184 692 1241 in
721 1191 1083 1261 perpetuum
1135 1188 1553 1263 episcopatum
1605 1207 1817 1264 supra-

152 1268 377 1328 dictum
407 1288 547 1328 cum
573 1275 943 1347 pertinentiis
989 1276 1113 1333 suis
1145 1296 1159 1345 ;
1219 1278 1486 1335 inclinati
1530 1280 1813 1354 precibus

151 1359 379 1429 vestris,
411 1377 519 1434 per
542 1363 723 1435 hujus
748 1366 1032 1438 praecepti
1069 1365 1283 1423 seriem
1340 1368 1727 1426 concedimus
1756 1374 1813 1427 et

154 1448 581 1507 conﬁrmamus
631 1453 805 1509 vobis
857 1455 1191 1529 vestrisque
1245 1457 1692 1514 successoribus
1748 1457 1809 1515 in

147 1544 506 1610 perpetuum
534 1541 890 1614 prmdictum
946 1543 1342 1617 episcopium,
1406 1546 1628 1604 scilicet
1676 1550 1810 1604 Por-

145 1627 378 1683 tuensis
406 1630 701 1701 Ecclesiae,
726 1632 892 1705 quod
933 1633 1196 1706 positum
1246 1651 1377 1691 esse
1405 1635 1639 1693 videtur
1668 1637 1808 1694 foris

1926 470 2358 529 monasterium
2389 475 2445 531 8.
2472 474 2771 548 (Agunlii)
2793 476 3036 549 Agnetis
3069 494 3207 535 cum
3260 479 3490 538 salariis
3529 484 3587 539 et

1922 557 2112 615 vineis
2137 575 2269 633 quae
2292 561 2375 633 (in
2409 567 2581 633 terra,
2616 565 2678 622 in
2702 566 2867 638 Cere)
2898 565 3053 624 infra
3084 584 3149 623 se
3169 568 3393 626 habere
3422 570 3586 627 vide-

1922 650 2037 704 tur.
2097 649 2281 707 Porro
2335 655 2391 707 et
2446 653 2703 711 fundum
2755 654 2817 711 in
2877 654 3179 727 integrum
3224 657 3328 731 qui
3411 674 3587 715 voca-

1922 740 2018 793 tur
2073 738 2313 810 Palmis,
2356 757 2492 799 sum
2537 744 2710 813 casis,
2757 744 2966 814 vineis,
3027 745 3197 803 terris
3244 748 3583 821 etpascuis,

1920 826 2343 897 extendentem
2371 845 2434 886 se
2470 847 2661 905 usque
2690 832 2770 889 ad
2818 836 3083 891 Furnum
3109 835 3450 909 antiquum,
3478 836 3585 911 qui

1921 914 2177 986 estjuris
2209 917 2535 990 supradicti
2560 920 2883 995 episcopii;
2915 928 2973 979 et
3018 922 3080 979 in
3133 924 3348 981 eodem
3391 924 3583 982 fundo

1919 1010 2385 1062 monumentum
2412 1007 2749 1081 antiquum,
2777 1027 2905 1067 esse
2926 1010 3179 1083 videtur,
3196 1014 3460 1087 positum
3488 1014 3584 1073 via

1918 1093 2224 1150 Portuensi
2253 1094 2490 1152 milliari
2546 1096 2625 1153 ab
2655 1098 2803 1154 urbe
2828 1102 3016 1156 Roma
3044 1100 3180 1173 plus
3232 1102 3329 1159 vel
3380 1102 3581 1161 minus

1918 1181 2174 1240 decimo.
2203 1186 2471 1258 Itemque
2520 1185 2783 1243 insulam
2814 1188 3109 1245 minorem
3138 1190 3201 1246 in
3255 1192 3576 1263 integrum,

1918 1288 2058 1328 cum
2078 1272 2269 1330 vineis
2300 1279 2359 1332 et
2384 1274 2558 1344 casis,
2593 1293 2701 1333 seu
2725 1278 2913 1346 terris,
2945 1294 3085 1334 cum
3115 1279 3247 1336 loco
3264 1282 3369 1354 qui
3396 1296 3580 1338 voca-

1915 1365 2013 1418 tur
2042 1362 2305 1436 Scarajo,
2352 1363 2460 1438 qui
2514 1364 2658 1422 olim
2710 1366 2819 1424 fuit
2853 1370 3062 1440 portus
3089 1369 3346 1440 Trajani,
3377 1369 3574 1425 cohae-

1914 1456 2081 1509 rente
2101 1453 2297 1511 eidem
2328 1453 2519 1511 fundo
2544 1456 2820 1525 Baccani,
2868 1460 2926 1513 et
2976 1473 3116 1514 cum
3174 1458 3456 1515 omnibus
3504 1458 3584 1515 ad

1916 1558 2057 1598 eum
2085 1543 2521 1615 pertinentibus
2555 1563 2568 1614 ;
2602 1545 2945 1620 pariterque
2974 1551 3033 1603 et
3068 1548 3327 1605 fundum
3372 1547 3436 1605 in
3488 1546 3582 1604 in-

1916 1638 2150 1704 tegrum
2183 1634 2288 1707 qui
2315 1638 2566 1692 vocatur
2601 1636 2968 1705 Judreorum,
2997 1642 3054 1693 et
3074 1638 3332 1694 fundum
3357 1637 3464 1713 qui
3484 1654 3587 1695 vo-

143 1716 501 1787 prtedictam
529 1719 831 1778 civitatem
860 1725 1271 1793 Portuensem,
1317 1724 1413 1781 cui
1441 1725 1805 1782 vocabulum
1845 1740 1886 1795 Β
1917 1729 2087 1780 catur
2117 1723 2380 1780 Gualdus
2404 1725 2677 1797 (Galdus)
2732 1743 2871 1782 cum
2900 1727 3185 1785 omnibus
3214 1744 3424 1787 eorum
3452 1744 3583 1802 per-

144 1808 241 1860 est
268 1807 459 1863 sancti
489 1809 768 1883 Hypoliti,
799 1828 938 1868 cum
968 1812 1158 1869 vineis
1186 1818 1244 1871 et
1300 1814 1487 1871 hortis
1515 1816 1621 1888 qui
1670 1821 1809 1872 sunt

141 1890 209 1948 iu
242 1893 490 1952 circuitu
513 1898 783 1969 ejusdem
812 1900 1097 1964 ecclesias.
1125 1903 1346 1975 pariter
1365 1907 1420 1959 et
1463 1904 1806 1960 clausuram

145 1982 483 2045 (clusuram
514 1988 587 2045 de
614 1990 787 2046 vinea
819 1991 982 2062 una),
1013 1996 1069 2048 et
1094 1990 1331 2048 vineam
1358 2009 1543 2049 unam
1572 1994 1634 2049 in
1656 1994 1804 2050 inte-

146 2088 348 2144 grum,
381 2075 550 2133 sitam
581 2077 643 2133 in
672 2079 943 2149 Cardeto,
1005 2083 1061 2136 et
1106 2080 1168 2136 in
1232 2081 1455 2138 l‘imilia
1496 2082 1805 2140 clausuras

138 2161 304 2221 duas
337 2182 474 2223 cum
500 2168 707 2236 vineis,
741 2174 797 2226 et
821 2170 987 2226 terris
1015 2170 1172 2228 infra
1200 2189 1281 2229 se.

217 2254 431 2311 Omnia
451 2255 579 2313 haec
608 2258 802 2330 posita
830 2259 892 2315 in
921 2259 1121 2317 insula
1151 2262 1402 2333 majore,
1458 2262 1582 2320 imo
1610 2268 1668 2321 et
1714 2282 1805 2321 ec-

131 2338 389 2398 clesiam
436 2345 491 2400 S.
536 2345 725 2402 Marite
777 2351 1194 2421 (parvamque)
1242 2351 1583 2424 pariterque
1622 2353 1804 2409 eccle-

131 2429 299 2486 siam
331 2433 386 2490 S.
424 2435 719 2492 Laurentii
749 2454 889 2493 cum
932 2439 1259 2513 episcopio,
1326 2445 1383 2496 et
1424 2458 1564 2497 cum
1621 2441 1801 2509 cellis,

128 2524 194 2575 et
228 2519 416 2578 hortis
441 2528 620 2597 atque
639 2526 843 2591 vineis,
870 2527 1186 2585 clausuras
1225 2529 1533 2603 quinque;
1572 2529 1634 2586 in
1684 2547 1807 2589 una

126 2607 390 2680 quidem
421 2616 508 2668 est
533 2612 786 2670 ecclesia
817 2617 873 2672 S.
905 2615 1070 2683 Petri,
1130 2621 1187 2672 et
1236 2618 1291 2674 S.
1353 2618 1603 2690 Georgii,
1657 2624 1713 2676 et
1743 2622 1799 2677 S.

127 2696 469 2769 Theodori;
497 2701 559 2758 in
587 2703 705 2760 alia
734 2720 877 2760 vero
902 2709 990 2761 est
1036 2705 1286 2762 ecclesia
1318 2707 1373 2764 S.
1408 2708 1513 2763 Viti
1567 2708 1739 2766 sicuti
1765 2726 1802 2766 a

126 2804 336 2854 muro,
371 2796 490 2848 eta
536 2792 805 2864 (ﬂumine
848 2794 1144 2866 Tiberino)
1194 2798 1383 2864 ﬂuvio
1444 2798 1686 2867 Tiberis,
1720 2803 1802 2855 at-

125 2894 259 2951 que
283 2878 571 2938 limitibus
601 2882 1027 2953 circumdatur,
1060 2885 1227 2941 tertia
1258 2902 1439 2959 super
1461 2887 1657 2960 ripam
1686 2889 1799 2944 ﬂu-

128 2967 341 3038 minis,
392 2976 610 3045 quarta
662 2974 835 3046 juxta
884 2977 939 3032 S.
991 2976 1392 3044 Laurentium,
1444 2983 1501 3035 et
1524 2995 1713 3053 usque
1738 2980 1800 3036 in

126 3058 436 3130 praedium
463 3062 808 3133 Trajanum.
842 3067 1083 3121 Necnon
1108 3064 1452 3124 clausuram
1498 3068 1572 3124 de
1622 3069 1800 3127 vinea
1837 3098 1878 3154 ε

126 3147 200 3203 in
223 3147 356 3205 loco
376 3151 480 3223 qui
509 3157 761 3209 vocatur
790 3154 1052 3225 Scarajo,
1084 3159 1141 3211 et
1167 3154 1346 3212 aliam
1397 3157 1618 3230 petiam
1662 3176 1798 3233 quae

126 3237 475 3310 appellatur
499 3240 770 3312 Clusura,
801 3247 859 3298 et
885 3242 1075 3300 vineae
1099 3244 1326 3317 petiam
1362 3262 1546 3304 unam
1574 3247 1636 3304 in
1661 3251 1800 3305 Tur-

126 3342 199 3382 re
233 3329 529 3387 Cucuzuta
557 3330 928 3404 (Carmina),
961 3338 1019 3390 et
1039 3333 1220 3390 aliam
1264 3334 1325 3390 in
1382 3339 1640 3394 Monton.
1696 3341 1799 3394 Ve-

124 3433 274 3473 rum
305 3418 482 3476 etiam
508 3425 565 3477 et
590 3421 851 3480 fumium
882 3440 1073 3480 unum
1102 3423 1165 3480 in
1193 3424 1495 3497 integrum
1524 3428 1630 3500 qui
1657 3428 1800 3485 dici-

125 3509 233 3561 tur
262 3509 483 3566 Bacatu
510 3512 772 3583 (Bacani)
805 3528 945 3568 cum
975 3513 1308 3587 appendice
1330 3530 1461 3585 sua,
1512 3532 1649 3589 quae
1693 3534 1796 3574 vo-

125 3599 306 3652 catur
336 3599 627 3672 Scriptula
686 3601 1048 3674 (Criptulz‘s),
1087 3603 1151 3659 in
1178 3620 1303 3676 qua
1334 3609 1472 3662 sunt
1521 3606 1793 3664 cisternae

127 3687 399 3760 antiqua:
428 3690 637 3762 positae
661 3692 834 3763 juxta
864 3693 1143 3750 eamdem
1190 3694 1486 3752 civitatem
1516 3698 1793 3754 Portuen-

127 3790 287 3843 sem,
320 3776 490 3833 sicuti
518 3779 725 3853 incipit
748 3797 784 3837 a
811 3782 1007 3855 primo
1042 3782 1221 3840 latere
1279 3784 1357 3840 al)
1412 3785 1626 3843 arbore
1653 3804 1790 3861 qum

124 3865 350 3923 dicitur
374 3869 1108 3944 Tramarice(Tumarice),
1151 3872 1425 3944 dirigitur
1469 3875 1531 3931 in
1575 3876 1791 3933 Colun-

122 3955 309 4025 nella,
332 3974 467 4031 qua:
487 3958 551 4016 in
578 3976 796 4034 campo
827 3966 982 4018 stare
1006 3961 1242 4018 videtur
1270 3962 1548 4021 milliario
1579 3981 1792 4021 secun-

123 4044 212 4101 do
231 4045 489 4104 distante
510 4048 590 4104 ab
615 4049 829 4107 eadem
861 4050 1115 4118 civitate,
1148 4054 1203 4107 et
1250 4050 1465 4107 deinde
1508 4058 1791 4127 pergente

123 4136 294 4190 recto
320 4133 527 4191 itinere
554 4151 662 4209 per
680 4136 1054 4199 Salatariam,
1087 4142 1145 4194 et
1173 4154 1366 4212 usque
1396 4139 1476 4195 ad
1505 4140 1791 4211 attegiam

122 4221 536 4298 piscatoriam,
568 4230 626 4283 et
645 4242 719 4283 ex
747 4225 887 4283 inde
907 4230 1209 4284 remeante
1231 4227 1312 4284 ad
1336 4244 1505 4286 mare
1526 4245 1633 4303 per
1651 4233 1792 4287 Buc-

123 4312 353 4386 cinam,
407 4318 465 4371 et
519 4314 925 4374 circumeunte
980 4316 1144 4374 littus
1194 4318 1381 4374 maris
1453 4335 1647 4393 usque
1711 4321 1791 4377 ad

125 4402 412 4460 Sanctam
456 4405 823 4480 Nympham,
880 4410 939 4463 et
994 4422 1191 4481 usque
1217 4405 1297 4464 ad
1356 4408 1574 4465 Focem
1599 4409 1787 4467 Micci-

121 4505 295 4559 nam,
323 4508 464 4550 cum
488 4493 635 4552 locis
657 4494 763 4570 qui
792 4495 1073 4554 dicuntur
1096 4498 1352 4554 Juncera
1381 4497 1673 4571 (Jonceta)
1696 4516 1790 4555 us-

118 4596 246 4655 que
272 4582 350 4639 ad
375 4582 703 4653 balnearia,
734 4589 791 4643 et
815 4602 1007 4659 usque
1036 4586 1115 4643 ad
1158 4585 1363 4643 locum
1420 4586 1525 4660 qui
1584 4592 1789 4645 Portus

118 4671 364 4743 Trajani
392 4678 664 4745 vocatur,
698 4679 755 4732 et
783 4692 977 4750 usque
1006 4677 1085 4733 ad
1131 4676 1426 4750 palatium
1480 4678 1586 4749 qui
1615 4694 1789 4736 voca-

119 4765 223 4817 tur
248 4763 549 4835 l’rogesta,
580 4769 638 4822 et
664 4782 857 4839 usque
871 4766 951 4823 ad
973 4766 1270 4824 civitatem
1295 4768 1786 4841 ipsamvetustis—

120 4849 345 4907 simam
371 4869 509 4909 cum
539 4854 679 4911 lacu
707 4856 961 4928 Trajani.
1023 4860 1138 4914 Nec
1186 4873 1310 4914 non
1365 4863 1422 4914 et
1473 4858 1786 4915 castellum

118 4939 291 4997 aliud
321 4941 523 4998 minus
554 4942 616 4999 in
644 4944 947 5017 integrum
995 4963 1135 5002 cum
1188 4947 1471 5004 omnibus
1512 4947 1591 5003 ad
1640 4947 1786 5003 illud

116 5030 555 5104 pertinentibus
591 5052 603 5102 ;
636 5038 693 5091 et
724 5034 781 5091 in
810 5035 1044 5092 civitate
1067 5036 1555 5094 Constantiniana
1580 5038 1787 5095 omnia

115 5135 257 5193 quae
287 5120 514 5177 ibidem
543 5122 897 5197 praedictum
926 5123 1301 5198 episcopium
1324 5125 1545 5183 habere
1574 5127 1785 5199 digno-

118 5208 325 5275 scitur,
348 5226 472 5268 una
502 5228 641 5270 cum
688 5213 949 5271 Ecclesia
996 5213 1315 5271 beatorum
1373 5216 1784 5288 apostolorum

115 5298 271 5355 Petri
302 5303 359 5356 et
386 5301 551 5358 Pauli
579 5302 902 5370 destructa,
935 5320 1077 5360 cum
1107 5303 1351 5379 cryptis,
1394 5304 1499 5360 ubi
1548 5305 1784 5362 anima-

116 5386 199 5444 lia
225 5388 418 5461 ipsius
446 5390 710 5448 ecclesiae
742 5408 987 5449 manere
1008 5392 1306 5465 videntur,
1341 5392 1573 5465 (deinde
1602 5399 1654 5449 et
1680 5409 1781 5451 va-

116 5478 209 5533 dit
241 5478 338 5549 ad)
370 5480 828 5538 extendentibus
876 5498 938 5538 se
968 5498 1164 5556 usque
1223 5484 1278 5539 8.
1338 5481 1600 5547 Mariam,
1645 5498 1780 5555 quae

114 5567 364 5640 ponitur
382 5569 444 5627 in
468 5586 612 5628 arcu
633 5588 774 5629 cum
807 5573 1043 5645 (crypta
1072 5578 1127 5630 et
1151 5573 1347 5644 domo)
1403 5571 1677 5640 cisterna,
1727 5575 1785 5629 et

117 5670 315 5729 usque
343 5658 423 5715 ad
446 5659 700 5717 domum
730 5676 866 5735 quae
895 5665 1145 5719 vocatur
1209 5660 1495 5720 Balneum
1519 5659 1778 5730 Veneris,

118 5749 180 5803 et
209 5762 405 5825 usque
434 5749 514 5809 ad
542 5749 705 5810 viam
759 5750 1065 5827 publicam
1111 5751 1268 5810 intra
1317 5750 1520 5827 ipsum
1575 5748 1780 5809 castel-

1916 1811 2239 1868 tinentibus
2263 1812 2529 1884 positum
2555 1813 2730 1884 juxta
2760 1814 3112 1888 praedictam
3143 1815 3443 1874 civitatem
3467 1834 3578 1875 an-

1916 1900 2166 1974 tiquam,
2200 1900 2377 1957 etiam
2405 1904 2463 1957 et
2488 1899 2656 1957 ﬁlum
2684 1901 2887 1958 salinae
2917 1902 2979 1958 in
3018 1904 3343 1975 integrum,
3375 1905 3575 1962 .situm

1914 1989 1974 2045 in
2006 2005 2083 2044 vu
2107 1988 2229 2045 ﬁla.
2260 1989 2403 2045 item
2433 1994 2489 2046 et
2514 1989 2572 2045 in
2621 1991 2876 2047 Baccani
2904 1994 2962 2047 et
2988 1991 3051 2048 in
3101 1992 3397 2050 Generula
3444 1993 3579 2065 (Ge-

1911 2077 2164 2150 nestula)
2193 2076 2295 2133 ﬁla
2320 2094 2562 2147 novem,
2594 2080 2797 2137 omnia
2823 2079 2927 2137 ﬁla
2968 2079 3299 2139 salinarum
3326 2098 3463 2155 quae
3495 2081 3575 2140 ad

1911 2172 2175 2223 vestrum
2208 2166 2582 2239 episcopium
2611 2168 2904 2240 pertinere
2934 2173 3302 2238 noscuntur;
3360 2186 3468 2226 seu
3508 2174 3567 2227 et

1911 2255 2171 2313 fundum
2198 2256 2258 2312 in
2285 2256 2605 2329 integrum,
2628 2257 2733 2330 qui
2762 2262 3012 2314 vocatur
3050 2258 3314 2314 Gualdus
3371 2259 3575 2329 Major,

1913 2362 2054 2402 cum
2111 2345 2361 2402 ecclesia
2416 2348 2472 2402 S.
2532 2350 2741 2402 Aureae
2826 2350 2883 2401 et
2957 2350 3353 2402 monumento
3436 2362 3569 2416 suo,

1912 2441 1970 2491 et
2028 2441 2183 2491 terra
2236 2434 2641 2491 sementaritia
2684 2451 2822 2509 quae
2878 2434 3216 2520 appellatur
3295 2433 3571 2504 Planura,

1910 2526 1973 2582 in
1998 2541 2122 2599 qua
2146 2524 2416 2580 cisternae
2444 2523 2724 2580 videntur
2766 2540 2895 2580 esse
2951 2526 3362 2593 (constitutum
3410 2527 3571 2583 inter

1907 2619 2132 2685 ﬂumen
2160 2614 2407 2680 Tiberis)
2427 2612 2693 2689 positum
2721 2612 2878 2671 infra
2905 2612 3177 2681 ﬂuvium,
3210 2617 3268 2670 et
3309 2612 3568 2672 formam

1911 2721 2047 2779 quae
2076 2707 2327 2760 vocatur
2349 2702 2606 2759 Arcioni.
2634 2705 2750 2758 Nec
2778 2717 2902 2759 non
2931 2706 2988 2759 et
3016 2702 3447 2762 conﬁrmamus
3472 2720 3575 2760 vo-

1908 2792 2003 2851 bis
2037 2798 2267 2850 curtem
2287 2793 2349 2849 in
2380 2793 2701 2865 integrum,
2758 2808 2896 2865 quae
2944 2791 3160 2849 dicitur
3212 2791 3466 2862 Galeria,
3514 2794 3577 2850 in

1908 2899 2033 2957 qua
2062 2888 2151 2940 est
2176 2883 2424 2940 ecclesia
2457 2884 2512 2940 S.
2546 2882 2739 2940 Marias
2789 2899 2928 2939 cum
2985 2881 3299 2939 caminatis
3347 2899 3456 2940 seu
3484 2899 3576 2940 or-

1910 2973 2144 3030 ticliniis
2174 2972 2500 3045 (tricliniis),
2535 2975 2717 3044 atque
2741 2969 2990 3027 diversis
3022 2970 3336 3040 cubiculis,
3364 2976 3422 3029 et
3449 2988 3575 3029 om-

1909 3063 2088 3119 nibus
2117 3062 2244 3118 suis
2275 3060 2542 3117 aediticiis
2571 3076 2706 3133 quae
2726 3060 2882 3117 infra
2912 3077 2974 3119 sc
3003 3064 3061 3117 et
3086 3060 3244 3118 circa
3268 3077 3329 3118 se
3346 3061 3570 3120 habere

1908 3151 2297 3222 dignoscitur,
2335 3166 2473 3206 cum
2499 3148 2783 3206 omnibus
2810 3149 3054 3219 ﬁnibus,
3082 3150 3370 3218 terminis,
3418 3150 3573 3207 limi-

1907 3241 2187 3315 tibusque
2217 3240 2359 3307 suis,
2394 3238 2561 3296 terris
2588 3238 2913 3309 casalibus,
2961 3237 3146 3308 silvis,
3202 3244 3382 3311 atque
3430 3255 3575 3313 pan-

1907 3331 2108 3388 tacicis
2139 3328 2464 3403 (Pantonis)
2495 3344 2636 3384 cum
2661 3332 2863 3401 ponte,
2896 3332 2953 3382 et
2973 3326 3176 3401 ipsum
3232 3327 3430 3383 rivum
3470 3329 3575 3402 qui

1905 3425 2155 3478 vocatur
2184 3418 2437 3485 Galeria,
2468 3434 2665 3490 usque
2697 3417 2774 3473 ad
2807 3416 3055 3483 ﬂumen,
3088 3432 3211 3473 una
3241 3433 3380 3473 cum
3411 3433 3573 3474 cam-

1903 3512 2016 3585 pis,
2045 3509 2251 3586 pratis,
2280 3506 2544 3582 pascuis,
2578 3506 2818 3575 salictis,
2881 3505 3198 3562 arboribus
3255 3505 3570 3564 fructiferis

1903 3608 1960 3658 et
1982 3600 2361 3658 infructiferis
2391 3598 2611 3655 diversi
2636 3597 2891 3670 generis,
2922 3597 3142 3671 puteis,
3175 3597 3460 3667 fontibus,
3488 3597 3566 3654 ri-

1901 3693 2008 3761 vis,
2049 3692 2224 3766 aquis
2252 3688 2624 3765 perennibus
2652 3705 2792 3744 cum
2820 3687 2967 3745 locis
2997 3688 3077 3745 ad
3130 3687 3441 3762 aquimola
3481 3688 3568 3746 fa-

1902 3782 2137 3852 cienda,
2164 3781 2256 3837 vel
2285 3796 2425 3837 cum
2452 3778 2738 3836 omnibus
2781 3777 2862 3834 ad
2910 3777 3259 3851 praedictam
3312 3783 3562 3849 curtem,

1899 3888 2033 3945 quae
2061 3873 2310 3926 vocatur
2339 3866 2587 3934 Galeria,
2615 3865 3068 3938 pertinentibus.
3099 3865 3407 3937 Simulque
3437 3881 3572 3937 pra-

1903 3959 2119 4018 tumin
2148 3959 2450 4028 integrum
2494 3955 2720 4012 cultum
2752 3958 2810 4009 et
2862 3952 3212 4021 assolatum,
3271 3952 3451 4008 situm
3506 3953 3568 4009 in

1900 4064 2120 4121 campo
2148 4046 2254 4120 qui
2274 4048 2521 4101 vocatur
2551 4041 2751 4109 Merul,
2807 4045 2863 4096 et
2916 4039 3083 4097 vadit
3139 4056 3248 4113 per
3300 4044 3570 4097 montem

1899 4154 2083 4213 quem
2113 4136 2257 4195 olim
2285 4131 2537 4190 detinuit
2556 4133 2816 4186 Joannes
2844 4128 2920 4185 de
2975 4127 3235 4199 Miccina,
3262 4132 3321 4185 et
3372 4129 3560 4186 haere-

1899 4230 2006 4286 des
2039 4222 2350 4300 (quodam)
2376 4220 2657 4296 Stephani
2680 4218 3241 4287 Numemculatoris,
3270 4223 3327 4276 et
3352 4219 3568 4277 exinde

1900 4316 2138 4374 ducitur
2158 4313 2337 4384 (ultra
2363 4311 2550 4382 viam)
2579 4325 2689 4384 per
2717 4308 2914 4366 casale
2958 4324 3140 4383 quem
3211 4308 3356 4366 olim
3412 4309 3567 4367 deti-

1898 4407 2030 4466 nuit
2054 4409 2314 4463 Joannes
2338 4402 2413 4459 de
2444 4400 2668 4473 Sergio,
2696 4404 2753 4455 et
2782 4398 2993 4456 transit
3020 4397 3166 4473 (per)
3197 4399 3377 4457 aliam
3404 4401 3566 4457 viam

1901 4497 2256 4561 Carrariam,
2288 4499 2346 4553 et
2369 4492 2533 4551 venit
2559 4492 2623 4549 in
2649 4491 2845 4549 casale
2875 4507 3060 4565 quem
3092 4491 3360 4548 detinent
3382 4493 3569 4547 haere-

1898 4586 2005 4648 des
2034 4583 2484 4653 Transtiberini,
2517 4580 2668 4638 sicut
2688 4597 2796 4655 per
2820 4580 3031 4637 aﬁines
3056 4594 3428 4636 marmoreos
3458 4578 3563 4634 de-

1902 4680 2220 4750 signatur;
2265 4679 2323 4731 et
2376 4671 2594 4730 exinde
2650 4669 2817 4727 vadit
2864 4669 2926 4725 in
2969 4667 3169 4724 casale
3221 4665 3572 4722 monasterii

1899 4771 2244 4825 sanctorum
2275 4766 2507 4822 Cosmae
2539 4766 2595 4817 et
2623 4756 2918 4827 Damiani,
2949 4760 3007 4811 et
3034 4753 3229 4828 pergit
3274 4770 3384 4827 per
3437 4753 3558 4810 fos-

1898 4862 2095 4915 satum
2117 4854 2459 4926 antiquum,
2476 4847 2644 4923 quod
2658 4845 2828 4903 verni
2852 4849 3119 4916 tempore
3134 4842 3298 4899 ducit
3338 4858 3565 4916 aquam

1896 4943 1957 4999 in
1984 4943 2181 4999 rivum
2204 4938 2467 5004 Galeriae,
2500 4938 2581 5007 (et
2606 4934 2800 5008 pergit
2834 4948 2943 5006 per
2961 4930 3229 4987 medium
3260 4930 3452 4986 rivum
3478 4931 3555 4987 de

1897 5032 2127 5090 Galeria
2149 5032 2363 5102 usque)
2395 5028 2745 5100 pergentem
2772 5022 2851 5078 ad
2900 5019 3128 5078 molam
3157 5019 3232 5076 de
3265 5019 3443 5088 Silva,
3500 5025 3559 5077 et

1894 5122 2298 5180 revolventem
2332 5113 2607 5187 (revolvit
2637 5112 2722 5184 se)
2743 5126 2851 5185 per
2872 5108 3039 5166 viam
3087 5108 3415 5165 carrariam
3461 5125 3557 5165 us-

1894 5228 2011 5287 que
2038 5210 2117 5267 ad
2145 5207 2365 5264 vallem
2394 5203 2660 5260 mediam
2690 5201 2766 5259 de
2794 5202 3000 5257 monte
3025 5199 3132 5272 qui
3168 5202 3421 5255 vocatur
3450 5202 3556 5255 Zu-

1892 5301 2021 5366 nul,
2048 5304 2105 5357 et
2126 5299 2473 5371 pergentem
2505 5292 2736 5366 (pergit)
2768 5305 2963 5363 usque
2990 5288 3070 5346 ad
3118 5288 3423 5357 Staftilem,
3456 5288 3561 5363 qui

1894 5395 2009 5449 stat
2034 5390 2097 5446 in
2124 5384 2466 5452 Lintiscino,
2498 5387 2556 5439 et
2586 5396 2780 5454 usque
2810 5379 2873 5436 in
2900 5382 3083 5451 caput
3103 5377 3178 5433 de
3206 5376 3356 5433 valle
3381 5376 3557 5444 (valle

1895 5479 2098 5541 Stabla
2127 5482 2185 5535 et
2212 5492 2319 5551 per
2342 5474 2639 5532 fossatum
2669 5470 2861 5545 ipsius
2891 5468 3062 5525 vallis
3095 5467 3289 5542 pergit
3335 5484 3372 5524 a
3393 5468 3546 5540 pede

1889 5570 2132 5627 ﬁlorum
2159 5565 2513 5630 salinarum)
2541 5559 3001 5617 concludentem
3048 5562 3241 5614 totum
3268 5572 3556 5630 campum

1891 5675 2087 5734 usque
2116 5657 2178 5714 in
2207 5654 2485 5730 pedicam
2527 5668 2663 5725 quae
2719 5642 2970 5707 vocatur
3019 5646 3240 5721 (Ticoli)
3289 5646 3454 5717 Ticli,
3488 5652 3559 5734 et

1887 5732 2186 5825 piscinam
2233 5742 2574 5805 Galiardam
2617 5737 3080 5799 concludentem
3138 5735 3335 5810 ipsam
3390 5732 3555 5809 pedi-
