3996 6168
448 244 586 305 1119

1806 237 2104 304 JOANNIS
2140 238 2251 299 XIX
2287 238 2503 298 ΡΑΡᾸΞ.

3718 320 3729 328 ⁹
3775 242 3887 299 tuo

446 384 602 437 eam,
634 367 738 426 ubi
767 371 908 426 sunt
956 368 1060 428 ﬁla
1086 386 1204 427 xxx
1235 373 1581 445 pergentem
1616 369 1788 443 juxta
1828 368 1932 426 ﬁla
1959 383 2095 442 qua:
2124 366 2173 421 Α
2209 364 2606 423 casteldiones
2636 364 2710 423 de
2743 370 2862 424 tota
2888 365 3199 424 Portuensi
3215 364 3486 433 civitate,
3510 363 3646 421 sive
3678 363 3759 419 de
3776 379 3894 438 por-

446 459 584 515 sunt
605 456 946 516 monasterii
979 450 1073 533 (de
1112 452 1379 533 Mirandi)
1405 452 1465 517 di
1492 452 1754 517 Miranda
1790 472 1981 532 usque
2035 452 2097 513 in

442 547 729 623 Stagnum
761 546 969 620 Majus,
1000 552 1057 605 et
1079 548 1329 622 (tertiam
1346 554 1577 623 partem
1602 544 1867 623 praedicti
1895 545 2098 618 Stagni

441 622 687 708 Majoris
721 638 779 692 et
829 650 939 715 per
991 636 1186 710 ripam
1240 622 1451 710 ipsius)
1494 622 1615 711 per,
1641 636 1837 710 ripam
1894 635 2098 707 Stagni

441 717 633 797 iisque
690 722 753 781 in
797 722 1335 797 Bordunaria‘m,ct
1386 739 1421 781 a
1463 725 1633 799 (pede
1689 720 2095 796 antiquorum)

441 814 596 890 pede
624 813 864 872 ﬁlorum
894 832 1086 890 usque
1116 815 1177 871 in
1225 815 1496 889 Baccani,
1528 820 1585 871 et
1613 830 1809 888 usque
1838 814 1899 870 in
1942 818 2098 870 terra

441 905 517 961 de
537 905 803 979 praedicti
832 906 1138 981 episcopii,
1198 910 1255 962 et
1307 921 1499 980 usque
1536 905 1598 961 in
1657 905 1915 961 formam
1958 919 2094 977 quae

440 1000 689 1054 vocatur
718 997 978 1066 Arcion.,
1007 1002 1063 1054 et
1091 1013 1197 1071 per
1247 997 1443 1072 ipsam
1494 996 1753 1054 formam
1792 1011 1983 1070 usque
2032 993 2095 1051 in

440 1085 638 1144 rivum
667 1087 771 1162 qui
798 1092 1047 1146 vocatur
1074 1088 1324 1156 Galeria,
1359 1090 1416 1144 et
1440 1087 1595 1145 ultra
1647 1085 1938 1144 Galeriam
1991 1100 2097 1160 per

441 1177 701 1234 formam
729 1194 921 1251 usque
948 1178 1011 1235 in
1040 1178 1397 1252 praedictum
1424 1178 1691 1253 primum
1729 1176 1974 1235 afﬁnem
2019 1176 2095 1232 de

440 1269 613 1323 Prata
643 1267 865 1325 Caraci.

514 1357 669 1414 Infra
696 1358 808 1415 hos
842 1374 982 1416 vero
1006 1358 1155 1415 ﬁnes
1176 1358 1311 1415 loca
1340 1362 1398 1416 et
1424 1357 1724 1416 vocabula
1781 1360 1923 1414 sunt
1965 1356 2095 1414 haec

440 1447 755 1520 sequentes
788 1464 802 1505 :
837 1442 1149 1518 Caesarius,
1182 1440 1426 1517 Palmis,
1471 1443 1859 1519 Sorbilianus,
1886 1446 2097 1503 Panta»

436 1551 588 1593 num
614 1537 835 1611 majus,
860 1538 1035 1596 Clusa
1058 1542 1251 1595 vetere
1274 1539 1466 1610 (vetus
1511 1537 1677 1595 curia
1731 1537 1805 1594 de
1865 1534 2095 1593 Galeria

436 1624 771 1683 Panianum
803 1622 1044 1699 majus),
1092 1626 1361 1684 Meodian
1414 1627 1773 1699 (Rugnosum
1803 1626 1974 1683 Mons
2022 1622 2096 1682 de

2208 450 2284 511 tis
2316 453 2412 510 vel
2441 453 2515 512 de
2544 454 2823 523 navibus,
2849 473 2956 514 nec
2984 473 3110 514 non
3164 456 3243 513 de
3299 459 3435 513 tota
3497 453 3898 513 Burdunaria.

2205 544 2304 601 vel
2335 544 2631 621 quidquid
2661 550 2827 603 extra
2850 547 2941 603 vel
2971 545 3129 603 infra
3161 543 3533 619 ubicunque
3562 544 3691 601 illis
3738 542 3896 618 perti-

2205 628 2385 704 nuit;
2429 635 2653 708 dejam
2707 632 2865 694 dicto
2921 636 3257 694 ministerio
3316 636 3512 693 vobis
3566 635 3899 707 vestrisque

2209 726 2661 797 successoribus
2743 727 3044 801 perpetuis
3114 726 3511 801 temporibus
3582 724 3899 781 tribuimus

2210 813 2693 888 (possessionem)
2722 814 3175 889 possidendam,
3199 816 3285 872 ita
3301 821 3373 871 ut
3392 813 3899 890 qualemcunque

2204 902 2517 960 hominem
2546 903 2773 960 ibidem
2802 905 3157 961 constituere
3188 903 3517 961 volueritis
3559 901 3899 959 castaldum

2207 998 2313 1051 aut
2358 994 2782 1066 madatarium,
2830 999 3040 1051 vestrm
3107 994 3390 1068 potestati
3467 993 3809 1059 consistat,
3856 1004 3901 1047 ei

2206 1083 2505 1158 quidquid
2533 1100 2606 1140 ex
2634 1084 2767 1158 ipso
2795 1084 3122 1141 ministerio
3152 1084 3518 1158 acquisierit
3549 1083 3659 1140 vel
3692 1083 3897 1140 habere

2206 1173 2442 1248 poterit,
2474 1173 2647 1230 vobis
2675 1174 3004 1249 vestrisque
3034 1174 3515 1231 successoribus
3574 1173 3893 1237 deferatur,

2207 1261 2503 1335 quidquid
2535 1263 2709 1320 vobis
2742 1263 3028 1336 placuerit
3068 1262 3286 1319 exinde
3338 1262 3650 1329 faciendi,
3713 1266 3893 1329 tamen

2209 1352 2259 1408 si
2284 1357 2491 1409 nostro
2521 1353 2742 1422 comiti,
2773 1353 2866 1409 vel
2890 1357 3235 1410 nostrorum
3266 1353 3763 1410 successoribus
3791 1351 3894 1427 pla.

2209 1441 2397 1499 cuerit
2425 1440 2501 1499 de
2527 1442 2648 1514 illo,
2676 1444 2839 1517 quod
2865 1444 2944 1500 ad
2974 1446 3248 1499 nostrum
3273 1442 3601 1518 palatium
3633 1443 3892 1516 pertinet,

2206 1530 2555 1591 ﬁdelitatem
2575 1531 2875 1609 juret.lpsi
2898 1548 3164 1606 namque
3195 1533 3607 1607 comites,qui
3637 1550 3753 1607 per
3770 1539 3893 1589 tem-

2206 1637 2359 1695 pora
2388 1622 2627 1696 (ipsam)
2656 1623 2879 1680 ibidem
2922 1622 3143 1679 fuerint
3172 1624 3233 1694 (a
3260 1623 3451 1680 nobis
3486 1623 3588 1679 vel
3625 1639 3665 1679 a
3694 1623 3891 1679 nostris

440 1710 791 1786 Canaparia
821 1717 978 1774 celsa
1007 1709 1343 1789 Longerz'e),
1375 1716 1716 1787 Ruginosus
1746 1731 1923 1772 mons
1949 1717 2095 1773 Caus
2129 1730 2170 1786 Β
2208 1712 2674 1782 successoribus)
2709 1710 2873 1770 nullo
2897 1712 3082 1771 modo
3142 1713 3331 1772 alium
3389 1712 3762 1771 castaldum
3806 1716 3892 1768 aut

436 1804 746 1878 heparius,
808 1802 996 1874 Celza,
1045 1807 1238 1863 Limes
1296 1803 1493 1878 major
1558 1807 1776 1880 (major
1840 1814 2093 1880 campus

435 1894 793 1967 publicum),
861 1895 1230 1967 Stagnellum
1283 1895 1696 1964 maledictum,
1756 1895 1949 1964 Ticeli,
2010 1896 2094 1952 Pi-

438 1982 606 2040 scina
674 1983 975 2053 Galiarda,
1055 1985 1433 2054 Olibastrum,
1491 1984 1861 2057 Stagnellum
1927 2001 2093 2059 pere-

437 2072 678 2144 grinum
708 2090 848 2130 cum
877 2075 1161 2132 omnibus
1187 2092 1397 2132 eorum
1417 2075 1803 2150 pertinentiis.
1828 2079 1942 2132 Nec
1970 2091 2094 2132 non

436 2166 494 2220 et
540 2162 972 2221 conﬁrmamus
1017 2164 1190 2222 vobis
1247 2165 1578 2239 vestrisque
1619 2165 2090 2223 successoribus.

435 2252 860 2327 Perpetualiter
891 2258 1152 2330 quatuor
1180 2254 1243 2312 in
1268 2255 1566 2327 integrum
1596 2255 1955 2331 principales
1986 2272 2095 2313 un-

434 2341 568 2413 tias,
598 2344 765 2417 quod
794 2348 886 2401 est
909 2344 1078 2403 tertia
1103 2361 1244 2421 pars
1290 2345 1364 2403 de
1414 2350 1537 2404 toto
1593 2350 1808 2417 stagno
1864 2347 2094 2420 majore

435 2433 763 2492 Portuensi.
808 2438 1074 2509 Itemque
1128 2436 1517 2494 concedimus
1563 2440 1622 2494 et
1660 2436 2094 2495 conﬁrmamus

436 2521 609 2581 vobis
663 2523 997 2599 vestrisque
1044 2525 1494 2584 successoribus
1563 2533 1786 2584 turrem
1834 2526 1896 2584 in
1945 2527 2094 2585 inte-

436 2628 611 2684 grum
635 2630 771 2689 quas
798 2618 1051 2672 vocatur
1101 2615 1178 2673 de
1234 2616 1406 2688 Albo,
1461 2631 1601 2672 cum
1656 2617 1831 2688 casis,
1881 2616 2092 2688 vineis,

433 2701 642 2771 hortis,
667 2702 855 2772 terris,
885 2704 1135 2778 campis,
1162 2705 1371 2778 pratis,
1424 2704 1686 2778 pascuis,
1732 2705 1917 2775 silvis,
1948 2721 2097 2781 pan-

434 2791 591 2849 tanis
620 2796 677 2849 et
702 2793 863 2864 rivis,
887 2794 1059 2851 cultis
1089 2798 1146 2851 et
1169 2794 1428 2861 incultis,
1454 2795 1662 2852 vacuis
1704 2799 1761 2853 et
1789 2794 2003 2870 plenis,
2038 2799 2096 2853 et

435 2898 575 2939 cum
604 2878 889 2941 omnibus
917 2884 997 2940 ad
1025 2884 1376 2958 praedictam
1405 2886 1654 2956 (turrem
1683 2890 1740 2943 et
1795 2885 2093 2943 Gualdum

436 2972 751 3044 Longeria)
794 2976 1018 3030 turrem
1047 2972 1399 3043 generaliter
1427 2978 1485 3032 et
1508 2973 1571 3030 in
1595 2974 1895 3048 integrum
1920 2976 2095 3049 perti-

437 3058 743 3148 nentibus,
766 3060 940 3119 sicuti
963 3059 1174 3119 amnes
1201 3062 1332 3135 ejus
1355 3062 1693 3135 designant,
1726 3081 1763 3122 a
1792 3064 1988 3138 primo
2013 3065 2094 3123 la—
2123 3091 2163 3148 ο

434 3152 555 3206 tere
583 3147 747 3206 rivus
776 3149 881 3223 qui
908 3154 1160 3208 vocatur
1185 3150 1435 3223 Galeria,
1466 3156 1524 3210 et
1547 3168 1584 3209 a
1613 3151 1881 3210 secundo
1909 3152 2092 3211 latere

430 3236 654 3298 ﬂuvius
703 3239 810 3316 qui
838 3245 1087 3298 vocatur
1115 3241 1357 3310 Tiberis,
1381 3246 1439 3299 et
1462 3257 1501 3300 a
1527 3243 1697 3301 tertio
1728 3243 1910 3302 latere
1965 3243 2093 3301 Pul-

430 3328 724 3402 verinula,
755 3333 813 3388 et
839 3347 876 3389 a
918 3336 1134 3405 quarto
1177 3332 1359 3389 latere
1405 3331 1603 3389 forma
1657 3350 1796 3408 quis
1846 3339 2094 3392 vocatur

429 3419 691 3480 Arction.
725 3419 1124 3478 Concedimus
1155 3420 1335 3478 etiam
1379 3421 1529 3495 ipsis
1580 3422 1931 3481 hominibus
1986 3424 2094 3499 qui

430 3524 542 3583 pro
573 3514 841 3582 tempore
861 3508 1186 3566 habitaturi
1211 3514 1351 3566 sunt
1378 3510 1440 3567 in
1464 3511 1752 3584 praedicta
1782 3515 1979 3577 Turre,
2008 3514 2094 3571 ita

430 3602 498 3656 ut
524 3596 748 3655 nullius
776 3598 1078 3671 potestati,
1100 3597 1324 3654 nullius
1347 3599 1560 3658 ditioni
1579 3600 1698 3658 sint
1715 3602 1957 3670 subditi,
1989 3606 2095 3660 aut

432 3686 612 3743 alicui
663 3685 896 3744 homini
945 3676 1223 3755 serviant,
1278 3692 1382 3747 aut
1424 3688 1660 3746 hostem
1713 3689 1935 3747 faciant
1976 3692 2094 3750 nisi

429 3775 739 3853 episcopo,
768 3777 873 3851 qui
896 3777 1029 3850 jam
1058 3776 1120 3834 in
1153 3776 1314 3836 dicto
1371 3778 1682 3853 episcopio
1732 3779 1924 3838 fuerit.
1978 3785 2094 3840 Nec

429 3884 553 3927 non
592 3873 650 3926 et
674 3867 1109 3927 conﬁrmamus
1150 3868 1324 3927 vobis
1352 3869 1689 3945 vestrisque
1742 3873 2093 3931 successori-

426 3958 546 4019 bus
572 3958 634 4017 in
654 3964 1021 4043 perpetuum
1049 3975 1261 4017 omnes
1289 3975 1384 4017 res
1408 3964 1468 4017 et
1513 3960 1847 4031 facultates,
1903 3963 2094 4020 mobi-

425 4049 514 4107 les
541 4053 598 4107 et
623 4048 966 4109 immobiles
993 4048 1070 4107 de
1092 4048 1209 4107 illis
1239 4049 1595 4108 hominibus
1616 4052 1723 4128 qui
1753 4052 1879 4110 sine
1907 4052 2093 4111 haere-

428 4139 504 4197 de
534 4143 592 4195 et
613 4139 871 4196 intestati
902 4155 973 4197 ac
1004 4139 1202 4197 subito
1231 4142 1634 4216 praeoccupati
1652 4142 1879 4215 judicio
1912 4143 2091 4215 (iudi-

430 4228 521 4286 cia
549 4228 680 4301 Dei)
707 4228 928 4286 mortui
955 4228 1198 4300 fuerint,
1227 4234 1285 4287 et
1312 4229 1562 4288 minime
1582 4247 1692 4306 per
1720 4248 1782 4289 se
1811 4231 2090 4289 ordinare

429 4334 504 4376 ex
540 4333 751 4375 eorum
776 4316 1157 4375 facultatibus
1180 4323 1438 4393 possunt
1464 4320 1527 4377 in
1553 4320 1677 4378 lota
1703 4324 2089 4379 Portuensem

435 4409 757 4479 civitatem,
788 4424 894 4465 seu
912 4408 975 4465 in
1004 4409 1265 4481 (regione
1324 4412 1770 4484 Transtiberim)
1830 4412 2091 4469 Transti-
2125 4454 2167 4484 η

425 4498 640 4569 berim,
679 4497 777 4555 vel
803 4497 866 4555 in
891 4497 1090 4556 insula
1116 4499 1413 4570 Lieaonia,
1442 4500 1564 4557 sive
1594 4500 1942 4575 ubicunque
1962 4519 2092 4559 ves.

425 4588 498 4648 tri
527 4586 815 4663 episcopii
840 4587 980 4660 jura
1030 4604 1160 4645 esse
1215 4588 1513 4645 videntur.
1565 4589 1766 4663 Ipsam
1811 4595 2089 4649 sanctam

423 4669 681 4737 matrem
712 4677 1037 4734 Ecclesiam
1067 4678 1459 4734 Portuensem
1508 4679 1931 4736 constituimus
1979 4685 2092 4749 (at-

424 4767 579 4841 que),
610 4766 813 4842 itaque
841 4765 1276 4823 conﬁrmamus
1306 4766 1633 4838 (haeredem
1661 4767 1744 4825 ita
1772 4772 1840 4825 ut
1862 4768 2090 4842 episco-

424 4872 544 4931 pus
570 4856 680 4930 qui
697 4871 806 4931 per
830 4856 1031 4930 ipsam
1059 4855 1122 4912 in
1166 4855 1319 4928 jam)
1376 4855 1601 4914 habere
1655 4857 2086 4929 haereditatem,

424 4946 532 5021 qui
554 4962 665 5021 per
691 4950 969 5020 tempora
995 4945 1058 5002 in
1082 4946 1213 5018 jam
1258 4944 1417 5003 dicto
1473 4946 1780 5021 episcopio
1832 4948 2092 5006 ordinati

425 5035 665 5107 fuerint,
694 5034 1007 5109 quomodo
1037 5035 1123 5092 eis
1151 5034 1442 5110 placuerit
1469 5036 1791 5094 ordinandi
1810 5040 1868 5093 et
1894 5037 2093 5113 dispo-

424 5124 610 5185 nendi
662 5124 886 5183 habeat
935 5124 1238 5185 licentiam
1290 5130 1357 5184 ut
1410 5141 1535 5183 non
1582 5126 1644 5183 in
1673 5131 1964 5185 aeternum
1993 5144 2093 5202 pe-

426 5218 620 5282 reunt,
672 5214 780 5271 sed
827 5214 891 5273 in
928 5220 1229 5288 quantum
1280 5216 1541 5290 poterint
1594 5232 1805 5273 eorum
1856 5232 2093 5291 semper

426 5303 801 5362 orationibus
838 5304 1431 5379 (opportunitatibus)
1460 5305 1840 5377 adjuventur.

496 5394 747 5470 Insuper
802 5395 1191 5453 concedimus
1235 5394 1427 5468 vobis,
1483 5395 1817 5469 vestrisque
1857 5412 2090 5452 succes-

427 5482 663 5540 soribus
686 5484 747 5542 in
778 5488 1138 5558 perpetuum
1166 5501 1241 5542 ex
1264 5485 1397 5557 jure
1444 5485 1597 5542 sacri
1651 5485 1840 5542 nostri
1888 5484 2093 5559 palatii

425 5572 844 5633 Lateranensis
870 5575 1037 5648 quod
1064 5575 1142 5633 ad
1168 5574 1489 5649 publicum
1534 5580 1812 5633 nostrum
1841 5575 2093 5649 pertinet

421 5659 616 5719 totum
645 5661 1122 5737 (Castaldanum)
1157 5665 1623 5723 Castaldaticum
1677 5665 1741 5722 in
1791 5665 2091 5736 integrum

406 5747 838 5821 Portuensem,
870 5753 963 5814 vel
985 5752 1286 5833 quidquid
1327 5770 1520 5833 usque
1563 5755 1857 5815 hactenus
1904 5754 2091 5813 nostri

2207 1803 2657 1860 mandatarium
2707 1804 2969 1861 audeant
3008 1805 3295 1862 ordinare
3342 1804 3449 1861 vel
3510 1804 3889 1860 constituere.

2204 1898 2423 1967 praeter
2443 1891 2574 1950 illos
2603 1905 2760 1969 ques
2785 1908 2893 1951 vos
2923 1895 3018 1951 vel
3048 1895 3231 1952 vestri
3285 1911 3706 1951 successores
3754 1893 3887 1950 ordi~

2204 1983 2361 2039 natis
2390 1984 2483 2040 vel
2512 1984 2866 2041 constitutis.
2893 1983 3065 2051 Quod
3094 1985 3146 2041 si
3178 1985 3458 2052 fecerint,
3504 1984 3617 2041 vel
3677 1983 3755 2040 de
3777 1984 3887 2055 jam

2205 2072 2364 2131 dicto
2390 2073 2775 2132 castaldatico
2804 2074 3030 2149 aliquid
3060 2075 3355 2132 violenter
3380 2073 3787 2140 abstulerint,
3812 2072 3887 2129 vel

2205 2180 2341 2238 quae
2365 2181 2401 2221 a
2425 2164 2599 2221 nobis
2625 2163 2798 2220 vobis
2816 2164 3151 2239 vestrisque
3175 2164 3660 2221 successoribus
3691 2163 3883 2220 tradita

2207 2260 2347 2312 sunt
2374 2254 2649 2327 frangere
2681 2260 2783 2312 aut
2821 2255 3115 2313 contraire
3176 2255 3508 2326 voluerint,
3562 2256 3884 2329 unusquis-

2206 2361 2325 2418 que
2357 2363 2418 2402 xv
2441 2345 2544 2403 lib.
2577 2345 2706 2403 auri
2732 2346 3063 2420 persolvat;
3095 2346 3499 2403 medietatem
3528 2362 3689 2403 vero
3750 2348 3883 2421 epis-

2208 2437 2468 2511 copatui,
2491 2439 2549 2494 et
2574 2436 2956 2494 medietatem
2986 2437 3049 2494 in
3073 2441 3281 2494 nostro
3312 2436 3591 2512 palatio,
3650 2442 3711 2494 et
3739 2437 3881 2512 quod

2207 2526 2287 2583 ab
2316 2526 2401 2583 eis
2430 2527 2493 2584 in
2527 2528 2918 2594 (castaldatu)
2948 2531 3223 2584 nostrum
3271 2527 3765 2595 castaldionem,
3810 2527 3883 2582 vel

2205 2615 2267 2673 in
2310 2616 2747 2689 (mandatariis)
2802 2612 3249 2674 mandatarium
3304 2616 3686 2674 ordinatum
3733 2616 3883 2673 fuerit

2207 2710 2551 2764 evacuetur.
2586 2707 2642 2765 Si
2669 2721 2809 2763 vero
2839 2711 3166 2764 contumax
3192 2706 3519 2778 exstiterit,
3571 2723 3771 2782 usque
3815 2705 3881 2761 ad

2204 2811 2415 2853 veram
2446 2796 2753 2869 (vestram)
2783 2795 3251 2854 satisfactionem
3309 2796 3878 2854 excommunicatus

2206 2885 2437 2943 existat.

2278 2979 2545 3051 Itemque
2576 2975 2967 3033 concedimus
2998 2979 3054 3032 et
3080 2974 3504 3032 confimamus
3532 2976 3718 3033 vobis
3770 2992 3879 3031 ves-

2205 3065 2430 3140 trisque
2471 3066 2924 3123 successoribus
2973 3067 3036 3122 in
3091 3070 3471 3139 perpetuum
3526 3066 3613 3123 de
3669 3066 3877 3123 civitate.

2204 3158 2525 3213 Portuense
2557 3155 2710 3213 duos
2732 3155 3059 3230 piscatores
3084 3159 3141 3211 et
3169 3155 3329 3211 duos
3362 3156 3661 3225 curiales,
3684 3155 3874 3230 quales

2201 3262 2311 3302 vos
2334 3245 2430 3303 vel
2456 3245 2629 3302 vestri
2651 3261 3030 3302 successores
3049 3244 3265 3315 eligere
3293 3245 3624 3303 volueritis
3648 3246 3724 3302 de
3745 3245 3873 3319 ipsis

2203 3334 2554 3392 hominibus
2583 3334 2688 3409 qui
2717 3334 2943 3391 ibidem
2969 3334 3207 3402 fuerint,
3241 3338 3351 3390 aut
3378 3334 3649 3392 inveniri
3675 3340 3872 3410 potue-

2202 3424 2341 3481 rint.
2372 3426 2589 3481 Vestraa
2618 3424 2821 3497 itaque
2845 3420 3208 3494 religiositati
3234 3423 3371 3480 haec
3405 3425 3621 3482 omnia
3653 3425 3711 3480 in
3736 3440 3870 3496 per-

2202 3518 2455 3590 petuum
2481 3513 2868 3570 concedimus
2898 3517 2954 3569 et
2983 3512 3457 3570 conﬁrmamus.
3491 3518 3619 3570 item
3663 3513 3858 3567 statui-

2203 3621 2341 3661 mus
2368 3603 2537 3678 quod
2564 3603 2676 3677 ipsi
2710 3602 2833 3659 duo
2853 3601 2988 3677 (ipsi
3010 3618 3278 3677 namque
3303 3603 3441 3660 duo
3473 3604 3779 3678 piscatores
3803 3603 3858 3658 et

2205 3695 2329 3752 duo
2353 3692 2632 3761 curiales)
2665 3692 2910 3750 ulterius
2943 3691 3173 3750 nullam
3198 3692 3587 3751 dotationem
3624 3700 3724 3748 aut
3758 3708 3865 3750 ser-

2206 3783 2415 3841 vitium
2438 3782 2679 3849 faciant,
2713 3797 2823 3838 nec
2855 3782 2934 3838 ad
2960 3780 3253 3856 placitum
3301 3782 3748 3854 distringautur
3798 3781 3864 3837 ab

2204 3872 2430 3946 aliquo,
2461 3873 2566 3946 qui
2594 3887 2705 3945 pro
2732 3877 3001 3946 tempore
3030 3870 3092 3927 in
3118 3871 3253 3945 ipsa
3294 3871 3537 3929 civitate
3572 3869 3869 3928 Portuensi

2202 3962 2582 4019 dominatum
2614 3961 2885 4028 tenuerit,
2920 3960 3025 4017 sed
3066 3966 3185 4017 tuae
3217 3964 3596 4036 tuorumque
3648 3977 3870 4017 succes-

2203 4068 2409 4109 sorum
2440 4050 2573 4108 illos
2596 4049 3002 4107 submittimus
3030 4050 3336 4123 potestati.
3372 4055 3521 4107 Item
3557 4051 3872 4108 conﬁrma-

2200 4157 2338 4197 mus
2368 4139 2538 4197 vobis
2568 4138 2900 4213 vestrisque
2948 4138 3400 4195 suecessoribus
3458 4139 3664 4196 casale
3694 4156 3871 4196 unum

2198 4228 2261 4286 in
2292 4230 2613 4300 integrum,
2646 4228 2811 4302 quod
2859 4231 3107 4285 vocatur
3158 4228 3551 4285 Genisianum
3606 4230 3695 4299 (in
3750 4229 3872 4286 loco

2199 4319 2304 4395 qui
2329 4318 2581 4376 Maliana
2600 4317 2835 4390 dicitur)
2857 4322 2913 4375 et
2941 4317 3174 4375 Malian.
3197 4318 3350 4373 Cum
3398 4319 3607 4375 insula
3631 4319 3870 4375 modica

2200 4409 2355 4466 ultra
2383 4410 2580 4466 rivum
2599 4408 2660 4463 in
2682 4407 2813 4481 ipso
2838 4408 2971 4464 loco
3030 4407 3320 4480 positum,
3381 4425 3524 4465 cum
3579 4409 3869 4466 omnibus

2201 4499 2313 4556 sibi
2341 4497 2794 4573 pertinentibus,
2828 4497 3091 4571 positum
3118 4496 3220 4553 via
3250 4498 3568 4554 Portuensi
3602 4498 3690 4571 (in
3727 4515 3871 4573 pree-

2199 4589 2359 4646 dicto
2390 4589 2524 4646 loco
2546 4588 2651 4662 qui
2677 4591 2926 4644 vocatur
2945 4586 3241 4659 Malliana)
3253 4587 3430 4659 juxta
3448 4588 3697 4655 Malian,
3726 4590 3871 4660 juris

2198 4677 2544 4736 monasterii
2574 4678 2626 4734 S.
2652 4675 2974 4733 Pancracii.
3006 4675 3194 4731 Etiam
3215 4680 3273 4732 et
3301 4677 3756 4733 conﬁrmamus
3780 4694 3873 4733 vo‘

2197 4768 2291 4825 bis
2316 4768 2645 4841 vestrisque
2675 4765 3129 4822 successoribus
3185 4765 3246 4821 in
3280 4771 3651 4840 perpetuum
3684 4774 3869 4824 totam

2198 4856 2462 4914 insulam
2491 4872 2626 4930 quae
2648 4859 2894 4911 vocatur
2926 4853 3222 4924 Licaonia,
3251 4854 3314 4910 in
3343 4871 3469 4928 qua
3493 4862 3588 4912 est
3616 4856 3865 4913 ecclesia

2199 4947 2362 5004 Beati
2382 4946 2628 5004 Joannis
2657 4944 2930 5018 Baptista:
2966 4945 3123 5016 (cum
3146 4947 3306 5001 turre
3333 4950 3391 5000 et
3419 4946 3697 5003 oratorio
3723 4947 3863 5003 infra

2200 5036 2480 5095 eamdem
2506 5040 2733 5092 curtem
2775 5040 2940 5102 eum)
2990 5034 3241 5091 ecclesia
3299 5035 3499 5092 Sancti
3570 5035 3862 5093 Adelberti

2201 5144 2341 5185 cum
2398 5126 2551 5183 casis
2606 5130 2663 5181 et
2704 5124 2976 5181 oratoriis
3031 5123 3187 5181 infra
3249 5125 3535 5182 eamdem
3614 5131 3858 5187 curtem.

2201 5233 2341 5275 eum
2395 5215 2583 5272 hortis
2637 5218 2695 5270 et
2747 5213 3069 5287 aquimolis
3115 5213 3492 5287 pertinentiis
3531 5215 3664 5271 suis
3724 5214 3861 5272 infra

2200 5309 2359 5364 hanc
2387 5305 2601 5363 urbem
2629 5308 2883 5361 Romam
2910 5304 3083 5360 sitam
3116 5304 3285 5359 sicuti
3314 5304 3375 5374 (a
3399 5303 3699 5361 l’lantone
3724 5320 3860 5380 pon-

2202 5398 2274 5454 tis
2327 5396 2664 5453 extenditur
2714 5396 2931 5466 usque)
2989 5392 3328 5451 extenditur
3385 5393 3466 5449 ab
3523 5411 3651 5452 uno
3680 5395 3860 5468 capite

2200 5502 2393 5560 usque
2429 5486 2491 5541 in
2524 5484 2685 5541 aliud
2717 5488 2899 5557 caput
2942 5484 3133 5558 ipsius
3196 5482 3438 5548 insula),
3492 5483 3603 5539 ubi
3644 5483 3861 5541 ﬂumen

2201 5575 2504 5633 dividitur.
2540 5577 2608 5631 Et
2640 5576 2721 5631 sic
2749 5573 2994 5631 inferius
3026 5588 3215 5646 usque
3246 5572 3323 5629 ad
3356 5573 3694 5630 terminum
3746 5590 3856 5629 ves-

2202 5665 2273 5722 tri
2295 5665 2580 5739 episcopii
2612 5668 2671 5721 et
2699 5663 2813 5721 sub
2839 5663 3154 5738 praelibato
3183 5666 3367 5735 ponte
3396 5663 3477 5719 ad
3510 5662 3860 5737 trigintape‘

2201 5755 2309 5813 des
2334 5754 2579 5813 inferius
2602 5768 2712 5835 per
2736 5769 2959 5833 aquam
2988 5756 3043 5813 et
3101 5752 3347 5811 siccum.
3385 5752 3704 5829 Simulque
3735 5768 3863 5810 con-
