3998 6176
119 267 248 347 lt2l

1356 262 1714 323 EPISTOLE
1753 261 1838 319 ET
1877 264 2291 326 DIPLOMATA.

3400 274 3536 332 H22

114 390 384 448 cedimus
414 395 471 448 et
493 391 922 449 conﬁrmamus
969 391 1136 448 vobis
1188 395 1426 448 Manum
1451 392 1506 447 S.
1555 387 1768 458 Mariae,
1808 390 1856 448 Δ
1885 396 2158 461 possunt,
2181 392 2414 467 absque
2433 392 2548 450 illis
2569 409 2722 467 quas
2739 393 2868 466 jam
2898 393 3160 452 diximus
3184 396 3538 454 Transtiberi

115 480 433 554 Sanctique
461 481 740 554 Baptistae
786 483 1048 550 Joannis,
1109 499 1248 538 cum
1278 483 1451 538 horto
1507 479 1770 545 vineato,

115 571 287 627 sicuti
316 571 376 626 in
429 571 689 628 cartulas
745 573 1150 645 acquisitionis
1204 572 1298 628 vel
1339 570 1667 628 offertionis
1713 568 1773 623 in

117 662 306 716 Leone
356 659 468 732 piie
501 661 804 717 memoriae
853 662 1202 736 presbytero
1252 660 1540 718 fascicula
1586 658 1776 716 conti-

116 751 242 805 neri
272 750 523 821 videtur,
555 750 773 808 scilicet
802 752 1109 820 domibus,
1147 752 1408 809 tricliniis
1453 755 1508 807 et
1537 748 1775 823 parieti-

116 839 230 911 nis,
259 855 382 895 una
412 857 550 896 cum
575 845 746 913 porta
773 847 830 897 et
858 846 1040 914 puteo
1085 859 1259 914 aquae
1284 841 1454 907 vivae,
1501 855 1606 895 seu
1634 842 1776 894 atte-

115 928 246 998 giis,
276 944 386 986 nec
411 946 530 986 non
558 936 613 986 et
636 928 821 986 hortis
853 948 990 987 cum
1021 932 1308 988 universis
1331 928 1646 987 arboribus
1671 943 1776 1000 po-

116 1034 354 1074 marum
384 1024 562 1091 atque
583 1020 878 1076 olivarum
908 1021 1102 1094 posita
1125 1024 1325 1077 Romae
1371 1019 1615 1090 regione
1646 1032 1776 1088 sep-

120 1107 282 1175 tima,
309 1108 369 1164 in
401 1107 534 1164 loco
573 1109 679 1181 qui
729 1115 976 1167 vocatur
1024 1111 1216 1166 Proba
1256 1111 1428 1181 juxta
1480 1110 1777 1163 monaste-

116 1196 270 1253 rium
320 1196 375 1253 S.
406 1199 654 1268 Agatlue
713 1216 893 1272 super
951 1200 1199 1268 Sobora,
1248 1198 1458 1255 afﬁnes
1507 1212 1648 1253 vero
1697 1194 1776 1252 ab

117 1290 368 1358 utroque
397 1285 578 1343 latere
604 1288 714 1344 vite
746 1287 1024 1361 publicae.

191 1378 468 1433 Praeterea
498 1376 930 1434 conﬁrmamus
955 1379 1124 1435 vobis
1151 1377 1445 1450 vetrisque
1478 1390 1777 1432 successo-

118 1464 279 1521 ribus
310 1465 370 1521 in
418 1466 633 1523 eadem
662 1467 912 1524 ecclesia
939 1468 1132 1534 horta,
1175 1467 1450 1540 caeparia,
1484 1483 1589 1522 seu
1617 1465 1776 1521 olea-

114 1554 222 1626 ria,
251 1571 371 1611 una
398 1572 537 1612 cum
568 1562 722 1613 terra
755 1557 1119 1614 seminaritia
1140 1557 1243 1630 qui
1265 1559 1505 1630 ponitur
1525 1557 1583 1611 in
1607 1570 1776 1610 mon-

115 1647 169 1702 te
206 1643 442 1716 Albino,
475 1650 532 1702 et
571 1646 750 1703 aliam
785 1651 1002 1704 terram
1035 1647 1499 1704 sementaritiam
1539 1646 1600 1702 in
1630 1646 1775 1700 inte-

1890 479 2031 537 sitis.

1961 573 2183 626 lnterea
2213 571 2544 630 sancientes
2564 573 2874 646 jubemus,
2903 574 3075 632 sicuti
3095 592 3132 632 a
3157 576 3374 633 nostris
3395 591 3542 649 prae-

1885 659 2302 717 decessoribus
2345 663 2589 734 jussum
2615 670 2719 733 est,
2774 670 2840 721 ut
2879 665 2941 722 in
2992 667 3240 722 ﬂumine
3265 671 3408 735 toto,
3439 666 3543 739 qui

1880 748 2054 819 juxta
2092 750 2305 807 urbem
2350 755 2734 811 Portuensem
2764 755 3042 824 decurrit,
3097 755 3299 812 nullus
3325 756 3547 812 audeat

1885 838 2234 895 molendina
2258 845 2360 897 aut
2379 847 2646 914 pontem,
2671 851 2884 917 praeter
2906 845 3245 916 jussionem
3267 851 3432 901 tuam
3449 845 3545 901 vel

1887 944 2310 986 successorum
2341 935 2586 988 tuorum
2617 934 3058 1006 episcoporum,
3085 936 3256 1006 juxta
3280 933 3542 1007 priscam

1885 1018 2406 1090 consuetudinem,
2451 1036 2699 1093 quoquo
2730 1023 2912 1078 modo
2947 1023 3298 1079 constituere
3348 1033 3542 1094 (cons-

1885 1108 2120 1178 truere),
2153 1112 2210 1164 et
2241 1125 2381 1165 cum
2410 1109 2563 1166 vela
2591 1111 2786 1181 vobis,
2812 1111 2906 1167 vel
2929 1111 3006 1167 ab
3046 1111 3176 1167 aliis
3204 1111 3427 1184 quibus
3453 1117 3540 1167 ta-

1883 1214 2024 1254 men
2052 1215 2161 1255 vos
2191 1198 2539 1257 faciendum
2586 1200 2962 1273 injunxeritis
2993 1202 3378 1258 constitutum
3405 1206 3545 1269 (res.

1885 1288 2166 1358 titutum),
2199 1293 2302 1346 aut
2344 1289 2570 1346 factum
2629 1290 2818 1358 fuerit,
2875 1290 3011 1363 ipsa
3057 1290 3403 1346 molendina
3452 1289 3548 1345 vel

1882 1393 2038 1450 pons
2087 1384 2285 1436 vestro
2337 1380 2672 1453 (pontoneis
2703 1381 2764 1436 in
2793 1383 3008 1453 vestro)
3040 1381 3282 1437 arbitrio
3311 1381 3547 1453 dispen-

1886 1472 2223 1525 sentur.Per
2251 1476 2499 1542 pontem
2514 1486 2658 1527 vero
2678 1471 2931 1527 civitatis
2949 1471 3137 1543 ipsius
3166 1469 3260 1541 (de
3284 1475 3548 1544 pontone

1882 1573 2025 1613 vero
2055 1573 2162 1630 per
2216 1565 2465 1631 pontem
2493 1559 2745 1615 civitatis
2794 1558 3009 1632 ipsius)
3063 1560 3113 1615 si
3159 1559 3350 1616 factus
3377 1558 3551 1615 fuerit

1883 1663 2025 1703 cum
2053 1648 2326 1721 plaustro
2355 1653 2575 1707 onusto
2619 1649 2760 1705 vino
2790 1649 2886 1705 vel
2913 1649 3073 1706 victu
3099 1666 3278 1706 nemo
3330 1648 3551 1706 audeat

110 1747 289 1802 grum
321 1751 460 1790 cum
489 1736 817 1809 parietinis,
839 1741 897 1793 et
920 1737 1205 1793 omnibus
1235 1738 1358 1792 suis
1383 1736 1774 1809 pertinentiis,
1810 1747 1854 1801 Β
1883 1752 1993 1792 nec
2022 1737 2161 1794 hinc
2211 1737 2371 1808 illuc,
2403 1754 2514 1795 nec
2558 1737 2698 1795 inde
2728 1739 2846 1794 huc
2876 1738 3115 1811 penitus
3155 1744 3545 1795 transmeare.

108 1823 375 1894 positam
400 1824 541 1880 foris
571 1831 809 1898 portam
831 1826 1122 1884 Salariam
1145 1827 1222 1883 ad
1252 1826 1473 1883 clivum
1496 1843 1775 1883 cucume-

107 1912 214 1966 ris.
249 1913 379 1968 Pari
406 1914 589 1970 modo
629 1917 1016 1972 concedimus
1056 1922 1112 1973 et
1140 1917 1572 1973 contirmamus
1601 1917 1775 1972 vobis

107 2002 445 2075 vestrisque
476 2006 923 2061 successoribus
950 2006 1010 2062 in
1032 2011 1386 2079 perpetuum
1412 2023 1656 2062 omnem
1681 2022 1774 2061 or-

110 2087 486 2147 dinationem
507 2093 930 2165 episcopalem,
956 2098 1076 2150 tam
1105 2095 1180 2148 de
1201 2095 1562 2166 presbyteris
1584 2110 1773 2168 quam

105 2176 472 2235 diaconibus
502 2181 596 2237 vel
624 2182 980 2238 diaconissis
1007 2200 1111 2239 seu
1157 2184 1652 2253 subdiaconibus,
1677 2201 1772 2241 ec-

105 2266 327 2336 clesiis,
355 2269 449 2325 vel
475 2270 761 2327 altaribus
785 2288 921 2345 qua:
953 2272 1014 2328 in
1045 2277 1165 2329 tota
1184 2275 1540 2331 Transtiberi
1573 2291 1776 2332 neces-

106 2357 270 2413 saria
291 2358 465 2415 fuerit
494 2360 860 2434 faciendum,
882 2363 997 2418 nisi
1017 2362 1164 2418 forte
1187 2364 1506 2420 cardinalis
1530 2365 1778 2436 presby-

107 2452 220 2515 ter,
253 2447 344 2503 vel
372 2448 692 2505 cardinalis
740 2450 1051 2521 diaconus,
1100 2453 1194 2509 vel
1227 2453 1654 2521 subdiaconus,
1686 2456 1779 2510 vel

103 2537 386 2610 acolytus
418 2539 572 2596 sacri
609 2540 817 2612 palatii
855 2543 1268 2598 Lateranensis
1306 2542 1596 2600 efﬁciatur
1637 2546 1780 2617 (alia

100 2642 254 2682 vero
283 2627 453 2684 vobis
481 2630 838 2703 vestrisque)
865 2631 973 2688 sed
1003 2633 1207 2689 omnia
1255 2633 1358 2688 tibi
1389 2634 1622 2706 tuisque
1653 2652 1782 2692 suc-

103 2719 476 2786 cessoribus,
509 2721 604 2776 vel
635 2721 931 2796 episcopis
961 2724 1064 2796 qui
1097 2740 1132 2778 a
1177 2723 1347 2779 vobis
1396 2723 1620 2781 invitati
1649 2725 1778 2782 fue-

101 2807 234 2865 rint
262 2809 601 2880 ordinandi,
633 2811 1047 2879 benedicendi,
1077 2814 1543 2871 consecrandive
1566 2832 1778 2872 conce-

103 2898 320 2953 dimus
360 2903 742 2972 potestatem,
789 2906 846 2958 et
893 2918 967 2959 ne
1013 2903 1300 2976 parochia
1330 2910 1523 2961 vestra
1575 2905 1780 2978 aliquo

105 2988 480 3059 pervadatur
503 2991 811 3064 episeopo,
843 2991 994 3048 ﬁnes
1037 2994 1167 3064 ejus
1201 3009 1306 3065 per
1334 2994 1449 3049 hoc
1504 3001 1779 3051 nostrum

1886 1829 2102 1882 lterum
2124 1827 2307 1898 (item)
2333 1827 2970 1898 sancientesjubemus
2997 1832 3062 1883 ut
3083 1826 3284 1883 nullus
3300 1826 3546 1900 presb...

1883 1915 1976 1971 vel
2005 1916 2323 1986 cujuslibet
2377 1916 2604 1973 ordinis
2653 1916 2936 1972 clericum
2966 1915 3182 1989 aliquis
3212 1917 3433 1973 audeat
3472 1917 3550 1972 de

1884 2010 2005 2062 toto
2031 2005 2280 2078 przefato
2307 2006 2659 2079 episcopatu
2687 2007 2764 2062 ad
2791 2006 3078 2080 placitum
3117 2006 3545 2077 constringere,

1883 2100 1987 2151 aut
2016 2095 2095 2151 ad
2125 2099 2570 2152 contentionem
2604 2096 2936 2152 finiendam
2966 2095 3352 2168 (faciendam)
3383 2112 3548 2152 com—

1883 2184 2122 2258 pellere,
2179 2190 2283 2242 aut
2331 2185 2580 2258 aliquod
2625 2186 2931 2242 servitium
2982 2185 3060 2241 ab
3090 2185 3173 2242 eis
3227 2185 3549 2257 requirere,

1885 2281 2100 2344 praeter
2127 2275 2444 2349 episcopos
2493 2279 2864 2342 Portuenses,
2922 2275 2984 2330 in
3038 2276 3211 2346 cujus
3263 2274 3554 2347 parochia

1888 2368 2044 2419 sunt.
2078 2364 2428 2437 Quicunque
2483 2380 2627 2420 vero
2655 2367 3059 2438 przesumptor
3105 2365 3229 2418 sive
3259 2363 3402 2431 dux,
3431 2363 3554 2418 sive

1889 2469 2113 2521 comes,
2135 2453 2232 2510 vel
2259 2456 2619 2522 viceeomes,
2657 2458 2762 2509 aut
2781 2453 3202 2520 cubicularius,
3233 2453 3326 2509 vel
3356 2468 3392 2509 a
3421 2468 3557 2508 nos-

1889 2547 1980 2598 tra
2009 2542 2343 2616 apostolica
2374 2542 2514 2598 sede
2563 2542 2806 2610 missus,
2861 2547 2966 2598 aut
2994 2543 3432 2615 qualiscunque
3462 2542 3552 2597 ine

1890 2632 2226 2688 terveniens
2252 2636 2538 2704 potestas,
2558 2648 2694 2704 quae
2718 2631 2794 2687 de
2824 2632 2956 2704 ipsa
2987 2631 3220 2687 civitate
3245 2631 3558 2687 Portuensi

1891 2720 2271 2778 dominatum
2303 2721 2622 2788 tenuerint,
2661 2720 2736 2776 de
2765 2733 3132 2794 quocunque
3162 2720 3375 2777 fuerint
3403 2719 3558 2775 ordi-

1891 2826 1988 2880 ne,
2021 2809 2307 2884 przedicta
2338 2810 2542 2866 omnia
2571 2810 2907 2867 immobilia
2934 2809 3087 2880 loca,
3115 2814 3219 2866 aut
3243 2809 3559 2882 praenomi-

1890 2905 2104 2956 natum
2133 2899 2579 2968 castoldatium,
2610 2900 2708 2956 vel
2735 2901 2890 2956 duos
2933 2901 3278 2973 piscatores,
3318 2905 3376 2956 et
3403 2899 3558 2956 duos

1893 2990 2165 3056 curiales,
2193 2991 2285 3046 vel
2317 3006 2528 3046 omnes
2555 2990 2870 3063 praedictos
2892 2990 3136 3046 clericos
3161 3007 3197 3046 a
3220 2991 3355 3062 jure
3380 2996 3437 3046 et
3456 3006 3560 3064 po-

105 3078 517 3149 apostolicum
544 3081 920 3153 privilegium
942 3083 1236 3154 intimare,
1256 3089 1490 3158 tuzeque
1517 3084 1780 3141 ecclesiae
1823 3106 1863 3161 ρ
1894 3085 2099 3136 testate
2142 3084 2321 3152 atque
2367 3079 2591 3136 ditionc
2631 3079 2863 3152 praefati
2892 3080 3179 3153 episcopii
3207 3082 3439 3137 auferre
3467 3080 3560 3136 vel

106 3170 273 3223 conti
285 3185 479 3225 rmare
511 3186 794 3227 curamus
813 3172 1127 3246 incipiente
1152 3174 1366 3246 (igitur)
1393 3191 1638 3248 quoque
1667 3175 1784 3247 pri-

107 3275 226 3314 mo
260 3262 512 3316 termino
572 3277 609 3318 a
664 3261 850 3319 fracto
903 3269 1107 3335 ponte,
1160 3264 1264 3320 ubi
1293 3265 1458 3320 unda
1499 3265 1785 3321 dividitur

110 3349 444 3413 (Antonina
472 3348 707 3422 dicitur,
735 3351 902 3408 unda
927 3352 1180 3424 dicitur),
1214 3369 1321 3425 per
1347 3370 1591 3410 murum
1620 3354 1783 3410 vide-

107 3439 256 3494 licet
284 3440 733 3496 Transtiberinze
761 3441 926 3498 urbis
955 3458 1062 3515 per
1103 3444 1512 3516 Septinianam
1543 3448 1781 3517 portam

109 3533 168 3585 et
201 3544 313 3602 per
338 3534 578 3602 portam
606 3531 662 3587 S.
695 3532 1005 3597 Pancratii,
1033 3549 1140 3606 per
1171 3533 1394 3590 silicem
1424 3549 1566 3590 vero
1592 3535 1784 3607 ipsius

109 3623 309 3693 portae
329 3635 521 3692 usque
537 3621 618 3678 ad
637 3627 884 3695 pontem
911 3638 1342 3695 marmoreum,
1364 3623 1468 3696 qui
1489 3628 1577 3680 est
1602 3640 1784 3697 super

111 3717 431 3778 Arronem,
463 3715 521 3767 et
548 3711 802 3770 ducente
843 3729 951 3787 per
981 3714 1179 3787 ipsam
1223 3714 1446 3770 silicem
1477 3731 1672 3788 usque
1703 3716 1784 3772 ad

113 3799 478 3869 Paritorum,
522 3801 782 3875 indeque
810 3803 1149 3859 revolvente
1178 3819 1286 3875 per
1315 3803 1567 3876 paludes
1594 3821 1786 3878 usque

114 3891 178 3946 in
215 3906 403 3958 mare,
437 3890 693 3964 indeque
717 3891 981 3949 veniente
1003 3908 1110 3966 per
1137 3909 1303 3949 mare
1334 3909 1524 3966 usque
1555 3894 1631 3950 ad
1663 3894 1786 3950 duo

115 3980 402 4037 milliaria
426 3981 582 4038 ultra
615 3985 851 4053 Farum,
879 3987 936 4039 et
965 3999 1160 4055 usque
1190 3983 1250 4038 in
1289 3983 1525 4055 (focem)
1562 3984 1788 4040 fontem

116 4071 424 4143 majorem
451 4090 464 4140 ;
496 4071 755 4146 indeque
792 4077 1096 4129 remeante
1126 4089 1233 4145 per
1259 4073 1531 4129 medium
1559 4074 1788 4129 ﬂumen

118 4161 328 4232 majus
353 4161 514 4218 venit
541 4177 734 4234 usque
765 4161 842 4218 ad
871 4162 1153 4229 (Romam
1184 4162 1247 4217 in
1274 4161 1498 4230 medio)
1529 4164 1789 4218 Ramum

121 4249 298 4306 fracti
324 4251 547 4323 pontis,
586 4251 691 4324 qui
717 4255 806 4307 est
834 4251 1006 4323 juxta
1033 4253 1474 4319 Marmoratam,
1528 4250 1789 4324 indeque

119 4340 203 4395 ad
235 4340 508 4396 medium
540 4345 789 4414 pontem
821 4342 876 4397 S.
906 4339 1119 4408 Marize,
1148 4345 1204 4396 et
1231 4340 1308 4396 ad
1338 4340 1606 4397 medium
1636 4356 1790 4414 pon-

122 4435 271 4497 tem,
305 4429 409 4486 ubi
437 4431 624 4486 Judzei
648 4430 921 4488 habitare
945 4430 1222 4486 videntur
1247 4430 1582 4503 (solebant),
1615 4435 1672 4487 et
1698 4447 1790 4487 re-
1829 4463 1874 4519 Β

121 4519 215 4576 dit
244 4535 354 4592 per
392 4519 661 4576 medium
690 4525 938 4594 pontem
977 4521 1330 4593 praedictum
1385 4520 1661 4588 fractum,
1689 4521 1794 4577 ubi

116 4610 259 4680 jam
291 4610 540 4680 (undam
562 4611 950 4683 Antoninam)
973 4611 1048 4666 de
1073 4609 1240 4666 unda
1269 4610 1552 4680 diximus,
1576 4610 1680 4683 qui
1703 4614 1796 4667 est

119 4700 366 4772 primus
395 4699 591 4755 atlinis
622 4700 851 4773 absque
881 4699 1338 4756 Transtiberinis
1369 4699 1674 4756 catholicis
1703 4717 1796 4756 ec-

123 4788 330 4844 clesiis
363 4790 418 4845 S.
452 4790 643 4845 Mariae
673 4789 942 4845 videlicet
965 4790 1026 4844 in
1052 4788 1431 4857 Transtiberi,
1464 4790 1520 4846 S.
1547 4789 1800 4862 Chryso-

125 4879 302 4949 goni,
331 4884 387 4935 et
414 4885 634 4936 sanctae
659 4879 925 4948 Czeciliae,
955 4878 1048 4935 vel
1078 4880 1441 4936 monasterio
1471 4879 1525 4934 S.
1551 4882 1803 4936 Pancra-

125 4971 230 5042 cii,
265 4975 324 5026 et
371 4976 716 5026 sanctorum
767 4973 994 5028 Cosmze
1053 4975 1109 5026 et
1162 4971 1454 5033 Damiani,
1508 4975 1709 5026 tamen
1739 4970 1801 5025 in

124 5059 439 5134 praedictis
467 5061 729 5117 ecclesiis
759 5065 816 5117 et
846 5060 1223 5116 monasteriis
1251 5060 1548 5133 quidquid
1575 5060 1801 5116 ibidem

127 5152 216 5208 ab
249 5151 546 5222 episcopis
574 5167 815 5207 necesse
846 5150 1018 5206 fuerit
1078 5148 1335 5204 faciendi
1383 5149 1804 5206 Portuensibus

127 5242 461 5316 episcopis,
493 5242 585 5298 vel
614 5241 692 5298 ab
735 5241 878 5314 ipsis
908 5239 1168 5296 invitatis
1195 5239 1510 5294 tribuimus
1540 5245 1801 5312 potesta«

127 5338 286 5387 tem.
340 5332 603 5405 itemque
631 5331 1020 5388 concedimus
1051 5334 1105 5385 et
1129 5328 1559 5384 confirmamus
1589 5329 1649 5383 in
1673 5330 1804 5400 jam

128 5422 304 5477 dicto
335 5423 636 5494 episc0pio
663 5422 901 5496 plebem
929 5425 984 5476 S.
1017 5419 1230 5485 Mariae,
1259 5424 1314 5474 et
1344 5420 1401 5473 S.
1447 5417 1804 5490 Apollinaris

128 5512 202 5566 in
251 5509 413 5566 mola
438 5517 634 5585 rupta,
685 5517 738 5568 et
767 5510 1006 5584 plebem
1036 5510 1091 5566 S.
1125 5507 1408 5581 Stephani
1441 5506 1716 5572 in.Pauzi,
1751 5511 1809 5561 et

129 5599 387 5673 plebem
420 5604 474 5659 S.
532 5603 722 5658 Mariae
754 5601 814 5656 in
859 5599 1209 5673 Apruniana
1241 5596 1665 5668 (Aproniam),
1712 5594 1808 5650 vel

130 5705 362 5746 omnes
392 5689 671 5747 ecclesias
699 5689 944 5760 exiguas
965 5687 1058 5744 vel
1083 5702 1338 5758 magnas
1368 5684 1686 5758 cujuslibet
1702 5698 1808 5739 no-

131 5777 353 5851 minis,
404 5796 542 5856 quae
569 5778 724 5839 infra
762 5778 890 5855 jam
915 5777 1106 5837 dictos
1135 5775 1346 5843 afﬁnes
1393 5779 1532 5835 sunt
1557 5773 1650 5836 vel
1677 5788 1807 5832 esse

1894 3170 2164 3227 minuere
2188 3169 2460 3236 voluerit,
2491 3169 2588 3224 vel
2637 3169 2988 3242 parochiam
3017 3169 3339 3239 infringere
3370 3174 3559 3225 tenta-

1893 3261 2062 3331 verit,
2094 3264 2198 3318 aut
2243 3259 2522 3316 homines
2555 3259 2615 3314 in
2672 3258 2958 3331 praedicta
3009 3264 3168 3315 turre
3197 3258 3558 3326 habitantes,

1894 3353 1990 3409 vel
2019 3351 2367 3424 ubicunque
2412 3349 2748 3423 proprietas
2778 3348 2961 3420 hujus
3003 3349 3288 3423 episcopii
3317 3349 3565 3405 mentio-

1897 3445 2039 3498 nata
2084 3441 2279 3511 fuerit,
2339 3439 2418 3496 ad
2463 3438 2778 3512 publicum
2821 3439 3126 3495 servitium
3173 3438 3563 3506 revocaverit,

1898 3531 2048 3587 sciat
2072 3546 2135 3586 se
2163 3528 2640 3602 compositurum
2672 3529 2956 3602 episcopo
2987 3529 3119 3602 ipso
3170 3530 3298 3602 (sic)
3328 3527 3433 3602 qui
3459 3543 3567 3602 per

1898 3627 2173 3694 tempora
2200 3619 2376 3675 fuerit
2419 3619 2548 3674 auri
2578 3618 2884 3691 purissimi
2932 3618 3064 3675 libr.
3096 3635 3178 3675 xx
3233 3623 3291 3676 et
3319 3619 3567 3691 insuper

1899 3709 2269 3767 anathemati
2297 3708 2627 3780 subjaceat.

1973 3803 2305 3857 Statuentes
2331 3799 2556 3871 quippe
2583 3799 2914 3871 apostolica
2935 3814 3193 3854 censura
3220 3799 3567 3855 auctoritate

1898 3889 2063 3946 beati
2092 3887 2241 3944 Petri
2270 3887 2683 3959 apostolorum
2713 3887 2998 3958 principis
3029 3886 3146 3941 sub
3193 3886 3381 3941 divini
3404 3885 3567 3956 judi-

1906 3979 1979 4034 cii
2023 3977 2442 4046 obtestatione,
2474 3980 2531 4030 et
2582 3973 2985 4030 anathematis
3030 3972 3567 4045 interdictionibus,

1907 4074 1974 4124 ut
2007 4066 2210 4123 nullus
2239 4080 2514 4136 unquam
2565 4067 2909 4119 nostrorum
2954 4078 3374 4120 successorum
3416 4079 3571 4137 pon-

1906 4157 2157 4225 tificum,
2186 4152 2280 4210 vel
2308 4151 2425 4210 alia
2453 4151 2737 4225 quaelibet
2763 4167 2989 4222 magna
3031 4168 3341 4226 parvaque
3370 4169 3573 4226 perso-

1908 4262 1989 4303 na
2012 4262 2083 4302 ea
2110 4259 2247 4318 quae
2276 4259 2313 4300 a
2355 4242 2531 4299 nobis
2562 4241 2640 4298 ad
2683 4241 2928 4298 laudem
2957 4241 3057 4298 Dei
3093 4259 3203 4316 pro
3253 4243 3572 4302 stabilitate

1906 4337 2000 4394 vel
2043 4338 2368 4406 augmento
2396 4333 2665 4408 praedicti
2709 4333 2996 4407 episcopii
3025 4338 3244 4393 statuta
3291 4341 3449 4406 sunt,
3478 4351 3572 4394 re-

1904 4425 2154 4498 fragari,
2199 4429 2304 4480 aut
2344 4424 2405 4480 in
2453 4438 2764 4496 quoquam
2811 4425 3169 4495 transgredi,
3199 4430 3304 4482 aut
3345 4425 3574 4499 aliquid

1909 4516 2125 4574 exinde
2154 4515 2424 4571 minuere
2449 4513 2688 4581 audeat,
2713 4514 2818 4570 sed
2849 4514 2999 4570 sicut
3030 4515 3308 4588 superius
3338 4532 3375 4571 a
3397 4515 3574 4571 nobis

1913 4611 2201 4665 statutum
2220 4604 2314 4660 vel
2335 4619 2697 4661 concessum
2721 4608 2830 4672 est,
2855 4603 2936 4660 ita
2956 4603 3322 4676 perennibus
3353 4619 3421 4660 ac
3445 4619 3576 4677 per-

1912 4697 2107 4770 petuis
2139 4694 2510 4768 temporibus
2541 4694 2667 4750 sine
2705 4692 2908 4765 aliqua
2936 4691 3307 4748 minuatione
3336 4693 3576 4765 permit-

1911 4790 1998 4842 tat
2023 4784 2316 4841 ﬁnetenus
2354 4797 2724 4857 permanere.
2753 4780 2810 4836 Si
2838 4779 2973 4852 quis
3012 4783 3235 4850 autem,
3258 4777 3424 4851 quod
3449 4793 3575 4834 non

1911 4881 2214 4949 optamus,
2247 4873 2560 4929 temerario
2591 4887 2744 4927 ausu
2769 4875 2975 4926 contra
3005 4869 3119 4925 hoc
3148 4873 3424 4924 nostrum
3454 4868 3576 4941 pri-

1913 4965 2199 5036 vilegium
2218 4961 2440 5030 venire,
2455 4965 2558 5016 aut
2577 4960 2637 5015 in
2662 4974 2975 5032 quoquam
2999 4958 3082 5013 ire
3103 4958 3573 5031 praesumpserit,

1915 5061 1974 5112 et
1999 5056 2149 5110 sicut
2176 5051 2450 5125 superius
2485 5067 2520 5106 a
2549 5049 2724 5105 nobis
2755 5052 3043 5104 statutum
3087 5053 3193 5118 est,
3224 5047 3305 5103 ita
3331 5047 3579 5104 ﬁrmiter

1915 5159 2271 5218 permanere
2321 5156 2444 5196 non
2516 5138 2827 5207 dimiserit,
2875 5142 2932 5194 et
2973 5137 3033 5192 in
3099 5136 3382 5194 omnibus
3452 5153 3579 5194 non

1915 5231 2343 5302 observaverit,
2376 5231 2525 5286 sciat
2572 5245 2655 5295 se,
2687 5228 2803 5284 nisi
2850 5227 3182 5302 resipuerit,
3232 5229 3579 5286 auctoritate

1921 5324 2020 5381 Dei
2051 5321 2494 5392 omnipotentis,
2523 5323 2580 5375 et
2600 5318 2761 5374 beati
2788 5317 2937 5374 Petri
2966 5317 3377 5391 apostolorum
3414 5319 3579 5392 prin-

1919 5412 2088 5486 cipis,
2121 5416 2299 5482 atque
2330 5414 2556 5477 nostra,
2585 5408 2688 5481 qui
2727 5407 2856 5478 ejus
2903 5407 3212 5477 fungimur
3253 5407 3582 5466 vicariatio-

1918 5519 2016 5567 ne,
2067 5499 2464 5557 anathematis
2515 5497 2753 5554 vinculo
2821 5513 2948 5554 esse
3010 5497 3388 5569 innodatum,
3439 5503 3496 5555 et
3543 5515 3582 5556 a

1918 5608 2106 5663 regno
2164 5591 2264 5647 Dei
2321 5589 2604 5661 alienum,
2661 5593 2839 5662 atque
2898 5605 3036 5646 cum
3092 5589 3246 5645 Juda
3300 5589 3581 5648 traditore

1920 5681 2156 5739 Domini
2210 5680 2396 5737 nostri
2450 5682 2586 5735 Jesu
2643 5678 2874 5748 Christi,
2907 5683 2964 5736 et
3013 5678 3298 5735 omnibus
3339 5679 3581 5754 pompis

1919 5773 2050 5846 ejus
2097 5770 2346 5833 omnino
2388 5769 2667 5831 incendio
2708 5769 3242 5834 concremandum.
3295 5769 3407 5842 Qui
3436 5784 3581 5834 vero
