3996 6168
614 224 757 283 H23

2012 205 2303 269 JOANNIS
2323 204 2433 267 XIX
2455 203 2660 269 PAP/E

610 349 712 423 pio
740 344 956 404 intuitu
980 344 1182 399 custos
1209 343 1267 398 et
1292 340 1639 398 observator
1666 339 1849 412 hujus
1872 335 2060 394 nostri
2091 350 2273 423 apos-
2305 334 2357 389 Α
2393 334 2728 393 humilitate
2755 339 2933 410 atque
2960 336 3314 407 reverentia,
3346 338 3500 412 quia
3530 338 3648 395 tale
3684 338 3707 396 i

611 421 769 493 tolici
792 430 1083 508 privilegii
1106 430 1169 486 in
1196 430 1479 487 omnibus
1510 428 1813 496 exstiterit,
1842 421 2279 483 benedictionis

609 522 887 594 gratiam,
918 519 1225 592 vitamque
1254 523 1543 576 asternam
1574 534 1611 574 a
1635 517 1798 589 justo
1842 513 2048 571 Judice
2077 510 2279 568 Domi-

608 624 689 667 no
732 613 852 667 Deo
881 614 1108 679 nostro,
1136 613 1193 665 et
1220 607 1298 665 ab
1328 607 1611 665 omnibus
1654 604 1875 664 sanctis
1915 603 2046 675 ejus
2076 615 2283 657 conse-

607 701 714 774 qui
742 704 1044 757 mereatur
1071 698 1132 754 in
1165 697 1385 755 saecula
1412 696 1790 754 saaculorum.
1824 700 2034 751 Amen.

681 791 978 864 Scriptum
1030 804 1139 862 per
1184 803 1438 844 manum
1485 786 1670 856 Sergii
1718 788 1940 843 sanctae
1993 786 2279 838 Romanae

607 878 881 937 Ecclesiae
914 877 1228 948 scriniarii,
1256 893 1463 934 mense
1493 876 1663 947 Maio,
1695 872 2022 931 indictione
2052 887 2167 927 vm.

1414 967 1483 1024 ΙΙ.
1776 1012 1779 1017 .

605 1061 869 1116 Joannes
924 1059 1073 1119 XIX
1124 1057 1402 1114 Bisantio
1462 1055 1911 1125 archiepiscopo
1976 1049 2279 1107 Canusino

680 1148 759 1219 [ἰ.
792 1164 843 1205 e.
878 1147 1183 1217 Barensi]
1225 1146 1484 1217 pallium
1533 1145 1801 1202 concedit
1838 1145 2107 1214 juraque
2150 1139 2280 1208 ejus

684 1237 1022 1305 conﬁrmat.

1230 1328 1426 1391 (Anno
1461 1324 1639 1395 £025.)

919 1415 1207 1486 [UGHELLI,
1240 1415 1428 1471 Italia
1454 1428 1633 1470 sacra
1670 1415 1784 1480 νη,
1817 1412 1965 1483 601.]

675 1507 920 1561 ,ΙοΑΝΝεε
964 1504 1306 1581 episcopus,
1339 1519 1551 1559 servus
1598 1517 1911 1558 servorum
1957 1499 2078 1568 Dei,
2109 1515 2278 1555 reve-

605 1593 965 1650 rendissimo
986 1592 1271 1653 confratri
1292 1607 1362 1649 ac
1389 1596 1594 1649 nostro
1622 1590 1915 1665 spirituali
1940 1588 2063 1646 tilio
2088 1592 2282 1645 BISAN-

2389 425 2709 496 pastoralis
2740 426 3005 484 ofﬁcium
3048 427 3331 501 arripere,
3361 427 3414 483 si
3461 426 3593 483 sine
3624 427 3710 485 int

2387 512 2576 571 lantia
2630 516 3072 591 perpendatur,
3127 516 3265 590 plus
3314 521 3412 575 est
3465 516 3670 573 oneris

2387 605 2592 674 noris;
2638 606 2861 680 quippe
2919 623 3059 663 cum
3112 607 3360 680 propria
3406 600 3539 662 non
3579 604 3715 662 suﬁi

2387 694 2503 751 nisi
2531 700 2589 752 et
2641 696 2955 754 salubriter
3006 697 3253 769 gesserit
3300 697 3604 753 alienum.
3660 695 3718 753 Hi

2385 785 2536 841 viter
2560 785 2900 859 prtelibatis,
2927 802 3091 843 nunc
3119 786 3382 859 benigne
3414 792 3477 843 et
3508 786 3570 842 in
3604 786 3722 843 Chr.

2387 874 2635 947 tissime,
2689 880 2814 932 esto
2863 875 3061 932 forma
3112 876 3279 932 omni
3335 875 3640 944 bonitate,
3695 890 3724 932 ε

2387 965 2617 1021 cunctis
2661 965 3000 1022 videntibus
3049 981 3154 1022 seu
3201 966 3625 1031 audientibus,
3657 965 3727 1029 im

2385 1070 2525 1111 rum
2563 1054 2814 1124 vestigia
2861 1055 2923 1110 in
2968 1054 3157 1125 terris,
3203 1061 3269 1111 ut
3311 1071 3538 1111 eorum
3588 1068 3730 1111 cons

2385 1143 2665 1199 mereatis
2695 1143 2758 1198 in
2797 1143 2982 1199 caelis.
3018 1145 3208 1209 Quem
3259 1160 3407 1199 vero
3457 1156 3732 1216 supersel

2387 1232 2899 1306 chiepiscopatum
2922 1234 3292 1290 Canusinum
3315 1249 3465 1289 cum
3486 1232 3736 1293 omnibu

2385 1321 2666 1392 tinentiis,
2717 1327 2775 1378 et
2818 1321 3133 1396 episcopos
3194 1322 3366 1395 ipsos
3414 1337 3528 1395 per
3578 1336 3738 1379 manu

2386 1412 2798 1479 consecrandi,
2853 1417 3036 1485 atque
3092 1428 3210 1467 usu
3262 1411 3434 1485 pallii
3496 1426 3608 1485 per
3655 1426 3740 1467 aut

2386 1501 2781 1575 apostolicam
2797 1501 3001 1558 utendi
3019 1518 3056 1557 a
3067 1502 3351 1575 praesenti
3371 1505 3593 1558 octava
3604 1500 3744 1558 indic

2385 1592 2566 1647 nibus
2591 1592 2805 1649 diebus
2848 1592 2981 1647 vita:
3012 1597 3128 1648 tute
3172 1590 3600 1658 concedimus,
3634 1596 3746 1664 atqu

605 1700 718 1754 no,
750 1688 972 1739 sanctae
1004 1684 1317 1740 Canusinae
1352 1681 1623 1738 Ecclesiae
1656 1696 1692 1736 a
1716 1679 1896 1737 nobis
1928 1682 2279 1736 consecrato
2308 1695 2349 1750 Β
2385 1698 2628 1739 mamus
2682 1680 3009 1739 tenendum
3065 1685 3245 1755 atque
3297 1680 3749 1753 dominantium;

609 1772 1066 1849 archiepiscopo
1095 1770 1380 1826 omnibus
1408 1770 1624 1826 diebus
1647 1768 1783 1825 vitae
1818 1773 1955 1825 tuae.

678 1860 965 1917 Convenit
1014 1859 1344 1932 apostolico
1393 1858 1794 1914 moderamini
1843 1857 1947 1931 pia
1993 1856 2279 1927 religione

606 1948 969 2022 pollentibus
1020 1947 1317 2005 benevola
1351 1946 1775 2020 compassione
1804 1962 2170 2015 succurrere,
2223 1950 2281 2002 et

606 2032 983 2111 posCentium
1023 2037 1239 2094 animis
1284 2036 1466 2093 alacri
1496 2036 1814 2093 devotione
1855 2036 2161 2109 impertire
2190 2051 2282 2092 as-

608 2141 877 2182 sensum.
910 2130 993 2182 Ex
1017 2126 1131 2182 hoc
1163 2126 1325 2183 enim
1350 2125 1500 2182 lucri
1529 2125 1913 2199 potissimum
1945 2125 2213 2198 primum
2243 2141 2282 2182 a

608 2214 924 2272 Conditore
956 2215 1231 2271 omnium
1266 2218 1381 2271 Deo
1410 2215 1472 2270 in
1498 2214 1708 2270 sideris
1741 2214 1983 2270 arcibus
2007 2213 2279 2287 praescri-

605 2305 768 2362 bitur
795 2305 1218 2373 remuneratio,
1251 2305 1499 2378 quando
1538 2305 1781 2376 egregia
1811 2320 1881 2361 ac
1910 2303 2280 2361 venerabilia

607 2393 744 2450 loca
766 2394 845 2450 ad
865 2393 1174 2451 meliorem
1195 2393 1415 2450 fuerint
1436 2393 1563 2450 sine
1581 2394 1768 2451 dubio
1790 2398 2011 2450 statum
2031 2393 2176 2466 perd
2186 2409 2281 2449 uc-

605 2487 686 2539 ta.
702 2484 903 2553 Igitur,
926 2483 1073 2556 quia
1091 2482 1406 2556 postulasti
1427 2499 1463 2539 a
1488 2482 1664 2538 nobis
1688 2489 1990 2556 quatenus
2011 2482 2091 2538 ob
2112 2488 2277 2538 tuam

605 2572 1022 2641 reverentiam,
1050 2578 1231 2644 atque
1253 2571 1579 2628 amabilem
1599 2571 2049 2641 fraternitatem,
2069 2586 2280 2627 conce-

605 2661 888 2719 deremus
914 2668 971 2718 et
994 2663 1492 2718 contirmaremus
1520 2660 1750 2717 cunctis
1771 2660 1986 2717 diebus
2007 2661 2141 2716 vitae
2164 2665 2278 2716 tua:

605 2750 924 2826 praefatum
956 2750 1540 2822 archiepiscopatum
1569 2754 1794 2806 sanctae
1830 2750 2147 2807 Canusina:
2180 2752 2279 2807 Ec-

607 2839 797 2895 clesiae
822 2856 960 2895 cum
976 2838 1261 2895 omnibus
1275 2837 1387 2893 sibi
1403 2838 1499 2909 adj
1508 2838 1754 2895 acentiis
1770 2838 1864 2894 vel
1884 2838 2275 2912 pertinentiis,

604 2927 878 2984 videlicet
927 2927 1249 2984 duodecim
1312 2926 1695 3000 episcopatus
1755 2927 2273 3000 quemadmodum

606 3015 830 3073 abolita
843 3021 1134 3090 tempora,
1149 3015 1600 3072 scilicetnostris
1615 3016 2097 3073 antecessoribus
2109 3032 2277 3073 sanc-
2306 3055 2345 3110 Ο

605 3110 676 3163 tae
696 3106 1023 3174 memoriae,
1047 3107 1438 3163 decreverant
1458 3111 1522 3162 ut
1538 3106 2024 3180 archiepiscopus
2044 3106 2274 3163 duode-

605 3196 722 3254 cim
749 3196 863 3253 sub
908 3212 973 3253 se
1004 3197 1310 3253 ordinaret
1338 3194 1675 3271 episcopos.
1719 3195 1881 3253 Unde
1919 3211 2082 3253 nunc
2117 3196 2275 3267 juste

603 3286 981 3361 precantium
1027 3286 1182 3343 votis
1225 3286 1500 3342 favemus
1544 3290 1611 3342 ut
1652 3290 1709 3343 et
1750 3285 1918 3342 vobis
1956 3286 2276 3357 prmnomi-

602 3380 747 3431 nato
773 3373 1032 3432 Bisantio
1062 3374 1344 3445 Angelico
1375 3374 1828 3448 archiepiscopo
1853 3389 2275 3431 consecrarem

602 3464 665 3520 in
707 3464 968 3537 praefata;
1014 3463 1279 3521 ecclesiae
1329 3469 1551 3519 sanctae
1595 3464 1911 3520 Canusinae
1957 3479 2099 3519 cum
2142 3462 2276 3519 uni-

600 3552 791 3609 versis
838 3552 1200 3621 civitatibus,
1232 3556 1290 3608 et
1338 3552 1616 3622 castellis,
1647 3553 1763 3609 hoc
1812 3552 2033 3609 scilicet
2080 3555 2276 3610 Canu-

605 3639 770 3707 sinae,
814 3640 964 3707 Bari,
1014 3639 1324 3707 Medunco,
1380 3638 1728 3706 Juvenacio,
1770 3638 2037 3705 Melticta,
2082 3640 2272 3709 Rubo,

604 3726 826 3799 Trane,
853 3726 1413 3800 Canni,Minerbino,
1429 3731 1776 3801 Aquatecta,
1792 3730 1983 3785 Monte
2002 3728 2273 3799 Melioris,

601 3816 1059 3885 Labellotatum,
1084 3817 1384 3887 Cisternte,
1418 3816 1676 3886 Bitalbee,
1700 3815 1880 3889 Salpi,
1905 3820 2271 3888 Cupersano,

598 3906 911 3965 Puliniano
955 3905 1134 3963 simul
1175 3911 1233 3963 et
1275 3908 1506 3978 Catera,
1554 3910 1613 3962 et
1655 3905 1913 3977 aliarum
1964 3906 2274 3962 civitatum

600 4001 782 4071 atque
813 4001 1152 4054 castrorum
1182 3996 1296 4053 sibi
1325 3995 1755 4069 adjacentium,
1785 3995 1880 4052 vel
1921 3994 2100 4066 longe
2125 3994 2274 4052 late-

599 4101 719 4158 que
745 4085 827 4142 ibi
855 4084 1086 4158 pOSittB,
1119 4084 1311 4143 donec
1342 4085 1665 4159 impleatur
1692 4084 2090 4142 duodecimus
2121 4085 2275 4157 epis-

600 4187 809 4245 coPus.
840 4176 1045 4246 Itaque
1092 4175 1526 4230 conﬁrmamus
1578 4173 1753 4231 vobis
1792 4189 2005 4229 omnes
2051 4172 2274 4229 fundos

599 4266 659 4319 et
685 4261 916 4319 casales
945 4278 1067 4319 una
1092 4279 1232 4319 cum
1262 4262 1417 4319 casis
1442 4268 1500 4320 et
1525 4263 1736 4332 vineis,
1770 4279 1977 4319 servos
2006 4266 2063 4319 et
2092 4261 2273 4320 ancil-

597 4351 710 4422 las,
743 4366 867 4408 una
897 4367 1037 4407 cum
1059 4352 1275 4409 massis
1306 4356 1364 4409 et
1387 4352 1749 4409 massariciis
1770 4358 1951 4426 atque
1979 4352 2272 4409 molendi-

598 4440 716 4512 nis,
743 4439 941 4497 littora
967 4456 1106 4498 cum
1137 4444 1337 4515 portu,
1376 4441 1685 4498 montibus
1711 4446 1769 4498 et
1789 4440 2060 4513 collibus,
2090 4446 2271 4516 atque

599 4530 866 4606 planitiis
893 4533 950 4587 et
989 4531 1196 4604 pratis,
1239 4530 1538 4605 simulque
1577 4531 1880 4606 plebibus,
1931 4533 2052 4589 sive
2089 4531 2273 4590 eccle-

598 4620 701 4677 siis
727 4636 867 4676 cum
892 4619 1177 4676 omnibus
1208 4619 1410 4690 titulis,
1443 4619 1568 4676 sive
1600 4620 1845 4694 capellis
1875 4621 2019 4677 suis.
2056 4624 2272 4677 Verum

597 4708 779 4767 etiam
834 4709 1205 4767 monasteria
1256 4709 1522 4767 virorum
1570 4725 1676 4766 seu
1732 4709 2092 4783 puellarum,
2145 4714 2272 4766 tam

596 4802 800 4857 Graeca
819 4814 1009 4873 quam
1028 4800 1256 4869 Latina,
1278 4816 1419 4857 cum
1439 4799 1734 4856 universis
1754 4798 2068 4856 ordinibus
2092 4799 2273 4858 eccle«

597 4889 874 4958 siasticis,
919 4888 1212 4961 diaconis,
1261 4889 1671 4959 subdiaconis,
1715 4889 2060 4961 lectoribus,
2105 4905 2274 4963 pres_

594 4977 841 5051 byteris,
875 4981 933 5033 et
978 4978 1204 5045 omnia,
1237 4982 1295 5035 et
1340 4977 1620 5034 universa
1664 4977 1914 5051 praedia,
1944 4983 2003 5035 et
2036 4994 2274 5052 posses-

595 5068 816 5135 siones,
848 5066 1095 5137 cultum,
1127 5067 1224 5125 vel
1250 5067 1565 5138 incultum,
1598 5072 1777 5140 atque
1803 5083 1943 5125 cum
1984 5068 2272 5125 omnibus

593 5173 733 5232 quae
763 5156 881 5213 dici
927 5161 985 5213 et
1027 5156 1333 5214 nominari
1379 5172 1522 5215 rura
1570 5156 1765 5214 solent
1812 5157 2185 5230 generaliter,
2216 5166 2275 5216 et

592 5248 826 5321 integro
875 5247 1332 5322 pertinentibus,
1364 5246 1700 5305 constitutis
1730 5263 1768 5304 a
1811 5248 2065 5306 termino
2111 5253 2273 5323 Apu-

590 5333 708 5391 liae.
756 5334 1049 5392 Praeterea
1098 5335 1487 5393 concedimus
1535 5352 1677 5393 cum
1728 5336 2081 5394 auctoritate
2123 5337 2269 5394 bea-

593 5427 794 5481 torum
825 5424 1238 5499 apostolorum
1267 5424 1557 5500 principis
1586 5424 1737 5484 Petri
1764 5429 1823 5482 et
1849 5425 2035 5499 Pauli,
2067 5430 2126 5484 et
2154 5442 2271 5483 cae-

594 5514 733 5570 teris
762 5513 967 5587 simul,
998 5513 1104 5588 qui
1134 5528 1346 5571 eorum
1377 5514 1688 5586 fungimur
1714 5515 2096 5584 vicariatum,
2123 5531 2271 5588 quo.-

594 5604 770 5659 tenus
823 5604 1127 5661 licentiam
1169 5603 1400 5661 habeas
1441 5604 1673 5662 cunctis
1709 5604 1924 5662 diebus
1970 5604 2105 5661 vitae
2146 5608 2263 5661 tum

592 5692 758 5752 utere
787 5692 1063 5769 pallium,
1094 5696 1151 5753 et
1180 5691 1496 5773 episcopos
1524 5709 1876 5757 consecrare
1915 5710 2057 5755 cum
2096 5693 2268 5761 omni

2387 1789 2528 1829 cum
2560 1771 2659 1829 Dei
2687 1772 2895 1828 timore
2915 1771 3250 1841 regendum
3282 1775 3342 1826 et
3366 1758 3752 1845 gubernandi

2386 1860 2587 1917 nullus
2643 1860 2938 1934 patritius,
2997 1875 3103 1915 seu
3161 1865 3524 1932 catapanus,
3581 1850 3753 1921 excuti

2386 1951 2824 2026 qualiscunque
2854 1950 3102 2006 honoris
3132 1965 3239 2005 seu
3268 1948 3583 2019 dignitatis
3610 1940 3757 2029 impei

2386 2042 2564 2098 adeat
2592 2040 2685 2097 vel
2712 2045 3041 2114 praesumat
3068 2039 3433 2111 dijudicare,
3467 2037 3562 2094 vel
3589 2036 3758 2094 malest

2384 2131 2715 2205 inquietare
2758 2130 2833 2186 de
2863 2129 2984 2185 ulla
3022 2145 3109 2195 re,
3139 2128 3328 2185 etiam
3380 2127 3583 2184 nullus
3624 2125 3761 2182 cleris

2383 2220 2601 2295 iusque
2653 2218 2860 2285 laicus,
2910 2217 3007 2273 vel
3055 2217 3347 2291 quaelibet
3402 2232 3653 2291 persona
3694 2210 3762 2285 hui

2386 2310 2609 2367 audeat
2637 2308 2730 2365 vel
2778 2312 3109 2382 praesumat
3154 2307 3387 2363 ibidem
3436 2307 3633 2380 aliqua
3672 2302 3767 2360 moi

2385 2399 2689 2456 contraria
2758 2399 2972 2455 facere.
3037 2399 3376 2455 Statuentes
3427 2396 3642 2470 quippe
3705 2406 3768 2466 apt

2387 2505 2666 2560 censura,
2718 2488 2834 2545 sub
2877 2488 3065 2545 divini
3110 2487 3325 2559 judicii
3364 2488 3770 2543 obtestationee

2386 2579 2667 2635 thematis
2694 2577 3239 2643 interdictionibus,
3272 2582 3339 2633 ut
3381 2575 3578 2632 nullus
3607 2585 3775 2646 unquu

2386 2674 2618 2726 trorum
2696 2684 3117 2725 successorum
3190 2667 3570 2741 pontiﬁcum,
3628 2666 3774 2720 sive!

2385 2758 2482 2815 vel
2530 2760 2984 2832 imperatorum,
3019 2763 3122 2813 aut
3163 2757 3492 2830 cujuslibet
3530 2765 3782 2825 magna}

2385 2864 2505 2921 que
2535 2847 2839 2921 potestatis
2870 2847 3093 2902 audeat
3136 2846 3515 2917 interdicere,
3545 2844 3629 2903 vel
3663 2839 3782 2899 confn

2384 2938 2500 2994 hoc
2538 2936 2706 3010 quod
2746 2952 2782 2993 a
2810 2936 2989 2993 nobis
3037 2936 3430 2993 constitutum
3463 2941 3516 2993 et
3551 2934 3781 2992 ordith

2385 3028 2440 3083 Si
2472 3027 2608 3100 quis
2639 3031 2862 3096 autem,
2882 3026 3047 3099 quod
3070 3042 3196 3082 non
3220 3027 3537 3094 credimus,
3555 3018 3783 3081 temerario

2384 3124 2595 3174 contra
2640 3117 2754 3173 hoc
2796 3122 3073 3173 nostrum
3119 3117 3594 3183 instrumentum,
3631 3105 3786 3185 apostol

2383 3206 2761 3282 privilegium
2791 3205 3090 3272 exstiterit,
3120 3206 3275 3263 sciat
3303 3222 3385 3271 se,
3415 3205 3524 3262 nisi
3549 3196 3787 3274 resipueril,

2384 3298 2615 3354 toritate
2660 3296 2755 3353 Dei
2782 3295 3236 3369 omnipotentis,
3264 3301 3321 3352 et
3366 3295 3517 3351 Beati
3555 3289 3680 3349 Petri
3710 3300 3790 3357 apOi

2382 3404 2519 3443 rum
2546 3385 2851 3461 principis,
2881 3390 2938 3441 et
2967 3385 3213 3450 caeteris,
3235 3382 3615 3442 anathematis
3634 3372 3790 3435 vinculo

2384 3477 2744 3534 innodatum
2792 3481 2850 3531 et
2895 3490 2931 3531 a
2971 3490 3160 3545 regno
3219 3475 3321 3532 Dei
3366 3474 3627 3539 alienum,
3653 3471 3774 3537 atque

2382 3569 2407 3622 .l
2417 3565 2538 3622 uda
2559 3564 2842 3622 traditore
2873 3562 3109 3620 Domini
3133 3564 3324 3620 nostri
3351 3566 3482 3620 Jesu
3510 3556 3701 3623 Christi,
3719 3556 3790 3607 eto

2382 3655 2500 3711 bus
2523 3654 2724 3729 impiis
2755 3654 2953 3710 socius
2986 3653 3062 3709 sit
3088 3653 3148 3709 in
3173 3653 3491 3711 infernum.
3515 3648 3611 3715 Qui
3635 3657 3740 3701 vero
3758 3653 3790 3710 pl

2383 3745 2536 3801 tuitu
2561 3748 2760 3800 custos
2790 3747 2848 3800 et
2886 3742 3243 3799 observator.
3278 3742 3455 3813 hujus
3494 3734 3656 3796 nostri
3691 3738 3789 3823 apati

2383 3832 2677 3907 privilegii
2722 3831 3021 3899 exstiterit,
3054 3830 3480 3893 benedictionis
3519 3823 3789 3897 gratiam,“

2382 3939 2502 3997 que
2552 3928 2835 3979 aeternam
2883 3938 2920 3979 a
2966 3921 3221 3978 Domino
3273 3919 3561 3995 percipere
3603 3908 3789 3970 mercatu

2384 4012 2608 4070 saecula
2636 4011 3016 4069 saeculorum.
3043 4015 3255 4069 Amen.
3741 4084 3749 4092 θ

2457 4102 2754 4177 Scriptum
2784 4118 2893 4175 per
2924 4117 3148 4158 manus
3196 4099 3417 4172 Rogerii
3456 4092 3641 4154 notarii
3662 4094 3790 4155 ηειοε

2383 4198 2563 4269 atque
2617 4193 2905 4251 scriniarii
2953 4198 3179 4251 sanctae
3210 4196 3480 4250 Romanae
3524 4180 3789 4243 Ecclesia!!!

2380 4284 2557 4341 Junio
2588 4284 2791 4341 indict.
2822 4287 3054 4341 octava.
3088 4283 3306 4341 Valete.

3168 4375 3255 4430 ΙΙΙ.

2382 4466 2574 4522 Bulla
2611 4465 2864 4521 Joannis
2905 4463 3052 4520 XIX
3069 4477 3246 4534 papa
3292 4461 3388 4534 ad,
3412 4468 3589 4534 omnes
3624 4454 3790 4517 νερεδιε

2788 4551 2983 4606 copas,
3010 4531 3207 4603 duces,
3240 4532 3483 4596 comites,
3512 4531 3606 4582 etc.

2881 4624 3075 4696 (Circa
3105 4638 3329 4681 annum
3357 4616 3523 4687 £025.)

2384 4716 2714 4789 [Mémoires
2753 4722 2810 4773 et
2837 4687 3195 4773 Documents
3225 4710 3554 4780 historiques
3587 4700 3647 4793 de
3737 4687 3789 4743 5‘

2631 4809 2778 4862 tom.
2808 4808 2898 4873 lll,
2926 4819 2987 4876 p.
3019 4807 3144 4861 429.
3178 4805 3473 4860 Lausanne
3506 4792 3633 4882 t83§.
3655 4785 3789 4882 β’]ᾉέ

2450 4897 2694 4951 JOANNES
2710 4873 3052 4967 episcopus,
3073 4907 3277 4948 servus
3294 4895 3572 4944 servorum
3584 4873 3790 4967 Dei-Olli”

2379 4983 2643 5055 regibus,
2681 4962 3001 5055 episcopis,
3036 4980 3309 5045 ducibus,
3338 4962 3790 5055 comitibus}ij

2379 5046 2561 5131 nibus
2590 5046 3049 5147 prin-cipibus,in
3065 5084 3319 5145 quorum
3344 5058 3598 5137 potestate
3618 5046 3790 5147 llo???"

2380 5136 2728 5221 coenobium
2768 5136 3002 5220 videtur
3042 5136 3259 5218 habere
3303 5154 3514 5224 aliquas
3551 5136 3772 5237 ecclesias:

2379 5210 2616 5327 aliquas
2627 5210 2847 5323 terras,
2877 5251 3130 5309 salutem
3160 5265 3196 5306 a
3223 5250 3335 5303 Deo
3357 5210 3412 5298 et
3426 5210 3790 5310 apostolicam“

2378 5341 2727 5399 dictionem.
3660 5350 3669 5359 '
3730 5390 3738 5398 .

2448 5431 2663 5486 Precor
2673 5445 2919 5487 omnem
2930 5429 2992 5486 in
3004 5439 3314 5487 commune
3327 5421 3551 5477 vestram
3562 5386 3789 5487 iratam“;l

2376 5483 2586 5591 ιιι-ῥίς
2600 5483 3183 5576 semesae—si
3209 5515 3502 5591 ηοςιποιιυρ
3526 5483 3790 5591 am

2383 5567 2443 5574 --
2471 5567 2567 5591 ι.--
2602 5567 2703 5575 ---
2734 5567 2787 5575 --
2818 5567 3007 5576 -----
3033 5567 3055 5572 -
3083 5567 3183 5575 -ν-
3209 5567 3272 5571 -κ
3415 5567 3435 5578 ι
3494 5587 3503 5598 ,
3620 5577 3628 5587 .

2376 5611 2537 5665 ctum
2553 5607 2935 5664 Romanense
2946 5603 3352 5695 ccenobium,el
3363 5602 3537 5704 0113.013
3545 5567 3790 5704 :1

2376 5660 2634 5760 tiu—etne
2646 5660 3499 5773 (:iciprote'g'erestudeatisptin
3514 5660 3724 5730 omnibus
