3998 6176
1407 109 1771 169 EPISTOLZE
1805 110 1891 166 ET
1925 112 2353 171 DIPLOMATA.

3458 127 3598 179 H26

332 240 401 294 et
428 235 782 297 defendatis.
814 233 872 290 Si
896 247 1040 290 vero
1072 233 1288 306 aliquis
1331 232 1396 288 in
1422 231 1631 288 vestris
1670 233 1835 303 pote-
1865 233 1914 285 A
1943 234 2149 308 scopio
2178 251 2250 293 ea
2276 251 2414 310 qua:
2445 250 2483 292 a
2506 233 3048 308 prmdecessoribus
3072 243 3290 299 nostris
3309 242 3605 317 pontiﬁci-

21 324 426 411 ;nﬁammmbus
458 326 563 380 aut
591 322 761 380 terris
791 320 1107 411 exstiterit,
1127 320 1233 392 qui
1278 335 1465 411 supra
1505 318 1667 411 dicto
1703 318 1835 411 loco

117 378 463 485 :qﬁﬁierris
492 412 571 470 ad
600 429 741 469 eum
773 409 1209 485 pertinentibus
1258 408 1525 482 aliquam
1556 407 1839 480 injuriam

22 472 183 605 ξῖξξϊξξ
203 481 645 605 ῖῖῗωοΙθειὶἂω
687 501 905 557 inferre
957 498 1289 570 tentaverit,
1317 514 1465 569 rogo
1491 514 1593 555 ves

28 572 496 701 ggﬁj‘nﬁfimune
541 591 973 648 fraternitatem
1014 595 1080 647 ut
1127 588 1473 663 supradicto
1510 588 1646 645 loco
1671 586 1842 658 justi-

264 675 301 701 Ῡῖ
388 688 401 701 ι
438 686 657 701 ί--Αι--ςη
697 681 983 701 εμπ-μω-
1039 680 1227 701 ιιΑημ,
1286 678 1566 701 ,ι,ηι,,,ε-
1619 676 1672 701 σε
1704 692 1842 701 "MM

183 658 249 753 Em
264 664 315 743 ἦ
348 688 407 740 et
437 686 667 739 rectum
690 681 991 753 judicium
1036 658 1232 737 facere
1282 678 1589 736 studeatis.
1619 676 1677 733 Si
1704 692 1846 732 vero

27 719 93 753 σρὶι
128 728 176 753 .l:

28 730 42 753 α
169 731 176 739 ·
296 727 315 761 j-
349 727 407 740 νο
438 727 667 739 "Iv-“u-
690 727 991 753 J““‘“"""'”
1036 727 1231 737 ’νυ-νου
1282 727 1589 736 ν-ν-ν-ν--ο--

28 727 641 890 lempserint
660 776 715 827 et
734 772 794 826 in
833 786 946 826 sua
979 770 1207 826 malitia
1238 784 1599 842 perseverari

278 854 303 890 Ι.
355 863 535 890 ..Διηὴι
567 877 628 890 ..Α
679 877 707 890 η
761 860 935 890 ηλικςι,
984 859 1306 890 ηπηηιηιέησι
1361 856 1599 890 anAn-mli

23 856 325 972 [ξιῖῗυξοέὶΐὴ
355 863 539 920 sciant
567 877 629 918 se
676 877 713 917 a
761 860 937 917 nobis
982 859 1312 933 apostolica
1359 856 1707 917 auctoritate
1747 871 1846 911 ex-

263 948 723 972 d“’“”*‘3**—-“-
775 954 945 972 -1--—-
992 948 1440 972 μ--ι-,ιε,,,,,ιΑ“
1497 963 1606 972 *ΑΛ
1638 961 1757 972 1⁸⁸..
1793 948 1846 972 Λι

50 929 726 1059 ἒξῶἶξὲξίέυωυηὶρθηᾱοε
771 954 950 1023 atque
991 948 1464 1015 maledicendos,
1497 963 1607 1003 nec
1637 961 1764 1001 non
1790 948 1847 1001 et

251 1034 301 1059 nr
363 1041 491 1059 .7.,7
854 1040 1071 1059 “"th
1162 1038 1445 1059 ΗΑΛ-ᾉᾷβρ
1486 1042 1536 1059 Α
1570 1036 1841 1059 λΔΔΣΔιΑΑΔ

50 1014 556 1147 ἓῖαέξξξδθεωὶηἱὺιιε
585 1046 807 1098 sanctae
853 1040 1126 1097 Ecclesiae
1156 1038 1449 1096 arcendos
1480 1042 1538 1093 et
1567 1036 1845 1092 societate

220 1121 346 1147 πιλο
523 1132 537 1147 ι
599 1131 759 1147 ν
1046 1145 1093 1147 AA
1154 1128 1401 1147 AAn-‘h
1474 1132 1686 1147 ΔΑΗ-ω
1739 1128 1813 1147 n-

122 1111 257 1162 eomm
278 1129 459 1188 “nium
489 1131 953 1188 christianorum
1005 1128 1438 1201 segregandos,
1466 1132 1523 1183 et
1552 1142 1693 1182 cum
1737 1128 1847 1182 Da-

27 1194 182 1294 [Lvm
211 1210 297 1270 sui?
310 1227 369 1279 et
399 1221 642 1289 Abiron,
668 1237 824 1294 quos
849 1219 1019 1276 vivos
1046 1223 1204 1275 terra
1231 1217 1560 1287 deglutivit,
1592 1215 1653 1272 in
1672 1215 1847 1272 infer-

35 1286 106 1382 lim
121 1294 214 1340 cum
227 1302 749 1382 0‘m'iemergendos,
768 1309 883 1366 nisi
903 1309 1019 1366 cito
1049 1308 1127 1364 ad
1153 1306 1638 1365 emendationem
1662 1321 1844 1361 vene-

37 1378 252 1472 ΨδθῗηΡθτ
279 1398 302 1436 η
327 1404 384 1460 8.
409 1378 559 1458 Petri
590 1378 844 1457 Romani
863 1398 1231 1467 monasterii,
1255 1397 1467 1470 suique
1496 1411 1844 1453 excommu-

30 1471 45 1510 1
84 1460 214 1564 pallii,
233 1483 359 1549 Parii
391 1495 571 1564 atqw
602 1488 1083 1546 anathematizati
1129 1460 1399 1559 exparte
1429 1487 1484 1540 8.
1519 1483 1666 1540 Petri
1696 1498 1844 1555 apo-

1944 320 2080 390 bus,
2113 325 2191 381 ob
2239 323 2737 384 restaurationem
2765 328 2823 381 et
2849 324 3281 385 restitutionem
3310 334 3459 392 sacri
3486 334 3602 394 loci

1950 409 2157 483 ipsius,
2189 419 2246 472 et
2271 415 2605 473 remedium
2632 412 2976 472 animarum
3003 430 3252 471 suarum
3280 422 3338 473 et
3358 437 3600 481 suorum

1952 515 2387 575 successorum,
2407 506 2470 562 in
2495 505 2815 579 prmfatum
2845 519 3025 561 usum
3050 503 3134 560 tui
3162 502 3445 577 episcopii
3464 526 3606 566 con-

1952 597 2260 648 cesserunt
2310 600 2486 668 atque
2543 595 3074 662 conﬁrmaverunt,
3107 609 3240 665 nos,
3276 592 3454 650 simili
3498 597 3611 652 cle-

1953 678 2177 735 mentia
2206 684 2558 753 praemoniti,
2582 690 2639 741 et
2658 683 2919 741 inclinati
2941 683 3225 758 precibus
3249 683 3478 752 vestris,
3507 699 3615 756 per

1953 767 2138 839 hujus
2184 771 2370 826 nostri
2399 772 2709 845 apostolici
2760 772 3052 846 privilegii
3080 775 3295 833 seriem
3333 772 3612 833 concedi-

1954 874 2091 914 mus
2121 862 2178 915 et
2206 859 2635 917 conﬁrmamus
2674 861 2796 931 tibi,
2829 865 3172 937 supradicto
3219 865 3342 923 ﬁlio
3393 864 3612 923 dilecto

1953 950 2121 1004 Petro
2163 948 2468 1022 episcopo,
2508 950 2923 1023 supradictum
2969 970 3149 1011 suum
3196 957 3612 1031 episcopatum

1954 1037 2016 1093 in
2062 1037 2359 1109 integrum
2391 1055 2531 1095 cum
2578 1039 2746 1096 omni
2773 1039 3107 1112 integritate
3145 1061 3273 1113 sua,
3305 1063 3445 1104 cum
3475 1046 3608 1104 uni-

1953 1128 2139 1184 versis
2186 1128 2488 1201 plebibus,
2542 1128 2741 1198 titulis,
2792 1129 3040 1198 clericis,
3071 1133 3337 1205 capellis,
3370 1137 3606 1205 massis,

1955 1217 2241 1289 curtibus,
2275 1218 2475 1275 fundis
2523 1222 2582 1275 et
2617 1218 2940 1286 casalibus,
2969 1219 3145 1288 villis,
3178 1222 3389 1292 vineis,
3420 1224 3608 1294 terris,

1953 1308 2049 1365 vel
2078 1308 2285 1366 omnia
2326 1325 2464 1382 quae
2514 1309 2629 1366 sub
2651 1310 2786 1381 jure
2815 1314 2873 1366 et
2894 1309 3164 1366 dominio
3193 1311 3465 1382 ejusdem
3495 1313 3615 1385 epi-

1954 1402 2238 1471 scopatus
2287 1397 2564 1470 adjacere
2591 1398 2687 1454 vel
2722 1397 3019 1472 pertinere
3065 1398 3519 1471 dignoscuntur,
3552 1400 3616 1455 in

1951 1488 2163 1562 primis
2196 1487 2469 1544 videlicet
2495 1504 2769 1545 massum
2797 1488 2860 1545 in
2900 1488 3220 1560 integrum,
3252 1504 3389 1562 quae
3416 1488 3619 1563 appel-

33 1553 337 1652 δθηίίίῗέίλτεεὶν
391 1553 497 1652 qui
537 1582 894 1652 potestatem
945 1594 981 1634 ε.
1037 1553 1291 1639 Domitio
1346 1572 1576 1646 accepit
1619 1553 1844 1643 liga—mli
1876 1590 1917 1644 Β
1952 1553 2110 1633 latur
2153 1579 2441 1647 Caesarea,
2487 1593 2627 1634 eum
2683 1577 2886 1634 fundis
2940 1581 2997 1634 et
3025 1553 3295 1636 'colonis-
3321 1553 3475 1650 suis;
3498 1553 3621 1651 pqui

29 1645 364 1748 '900‘9dieeae
397 1645 689 1734 solvendi,
710 1667 816 1740 qui
841 1671 1028 1723 terras
1057 1663 1329 1737 ejusdem
1362 1665 1417 1721 S.
1446 1645 1601 1718 Petri
1630 1660 1846 1732 injuste

29 1744 64 1788 'e
102 1735 387 1813 dominam
415 1762 472 1814 et
500 1735 1049 1813 nolunt-reddere:
1090 1735 1265 1811 etilli
1305 1752 1573 1808 similiter
1612 1766 1849 1806 excom-

29 1842 64 1882 Π
88 1834 130 1884 et
146 1831 495 1916 ἕυδθῢιῐιὶοειιὶ,
518 1846 624 1920 qui
649 1862 754 1903 eas
777 1846 971 1903 celant
990 1850 1047 1902 et
1073 1844 1285 1901 nolunt
1308 1842 1572 1899 indicare
1600 1840 1692 1896 vel
1718 1856 1846 1896 ma-

34 1924 236 1992 “aramus.
254 1937 467 1991 f‘estare
496 1934 786 1991 ministris
812 1936 909 1991 SS.
936 1932 1104 2001 Petri,
1123 1938 1307 1989 terras
1327 1929 1618 2002 ejusdem.
1644 1932 1849 1984 Erunt-

34 2011 307 2083 λάίὲηἱεδεὲβ
337 2023 540 2080 miseri
576 2023 638 2079 in
676 2022 907 2079 inferno
936 2019 1208 2078 damnati
1240 2035 1381 2076 cum
1403 2018 1577 2085 Iuda,
1610 2016 1713 2090 qui
1740 2019 1849 2073 Do-

39 2104 422 2172 licareﬁeiinum
464 2116 738 2168 nostrum
784 2110 986 2183 impiis
1033 2109 1252 2165 JUdt‘BiS
1304 2107 1563 2177 tradidit,
1607 2111 1665 2163 et
1706 2122 1846 2162 cum

38 2210 113 2251 am
147 2197 386 2268 nulls-ato,
410 2186 512 2272 qui
534 2200 735 2273 ipsum
763 2198 1085 2254 Dominum
1110 2197 1286 2269 jussit
1314 2194 1601 2266 cruciﬁgi,
1627 2199 1682 2251 et
1706 2212 1846 2251 cum

37 2286 119 2343 ibet
154 2289 434 2361 pessrode,
464 2289 571 2362 qui
600 2306 662 2345 se
687 2289 887 2363 ipsum
917 2287 1225 2353 interfecit,
1255 2303 1395 2343 cum
1424 2285 1517 2342 his
1549 2290 1687 2340 sunt
1716 2301 1846 2341 om-

40 2379 141 2434 dem
170 2380 285 2451 alges
341 2380 426 2436 illi
473 2380 751 2436 homines
788 2379 1081 2450 damnati,
1113 2378 1214 2451 qui
1244 2382 1430 2433 terras
1474 2379 1530 2433 S.
1565 2375 1711 2432 Petri
1744 2379 1850 2431 Ro-

34 2478 128 2528 ntes
158 2471 354 2545 ςπᾷᾶΠὶ
382 2469 729 2526 monasterii
776 2467 994 2540 injuste
1037 2471 1239 2524 tenent
1269 2466 1361 2521 vel
1389 2465 1621 2532 celant;
1656 2464 1852 2520 tradat

33 2565 86 2621 cii
112 2564 280 2620 oblmis
344 2558 635 2616 Dominus
682 2561 1025 2614 corruentes
1085 2561 1219 2611 ante
1274 2555 1476 2611 hostes
1536 2570 1700 2622 suos,
1745 2569 1854 2626 per

42 2663 88 2714 ut
115 2655 380 2712 animum
408 2648 570 2706 viam
600 2647 985 2720 egrediantur
1012 2650 1220 2702 contra
1267 2661 1370 2700 eos
1397 2648 1451 2699 et
1489 2658 1596 2716 per
1624 2648 1853 2716 septem

25 2740 429 2812 mliﬁcnstgiant
455 2740 533 2795 ab
564 2738 648 2795 eis
701 2742 758 2793 et
796 2737 1222 2811 dispergantur
1264 2750 1372 2807 per
1417 2733 1623 2789 omnia
1668 2748 1855 2804 regna

28 2843 160 2901 "sum
176 2847 387 2898 gerrae,
420 2829 613 2902 sitque
639 2826 899 2884 cadaver
942 2842 1151 2882 eorum
1177 2826 1239 2880 in
1268 2840 1469 2881 escam
1498 2823 1725 2879 cunctis
1754 2839 1854 2879 vo-

1955 1666 2236 1722 dicuntur
2303 1666 2583 1736 Ferculte,
2640 1666 2993 1736 Tondiliani,
3066 1666 3415 1724 Martiniani.
3474 1670 3620 1723 Item

1956 1755 2254 1812 coloniam
2297 1755 2372 1811 de
2404 1755 2630 1824 Salaro,
2659 1760 2715 1812 et
2742 1755 2817 1812 de
2845 1756 3082 1814 Cortina
3111 1761 3169 1813 et
3196 1756 3273 1813 de
3301 1754 3574 1813 Gradulsi
3601 1773 3614 1823 ;

1955 1846 2254 1903 coloniam
2283 1846 2358 1902 de
2382 1845 2563 1914 Valle,
2595 1850 2651 1902 et
2694 1847 2769 1903 de
2802 1848 3071 1904 Fontana
3098 1852 3156 1904 et
3183 1846 3260 1903 de
3290 1850 3527 1914 Sancto,
3561 1850 3620 1902 et

1956 1936 2256 1993 coloniam
2308 1936 2383 1992 de
2436 1935 2733 1993 Coriliano
2786 1942 2844 1994 et
2902 1937 2977 1993 de
3034 1940 3259 2005 Lauro,
3318 1937 3617 2010 simulque

1956 2025 2257 2082 coloniam
2306 2025 2382 2082 de
2436 2028 2589 2083 Casa
2633 2030 2818 2094 Nova,
2848 2026 3084 2084 colonia
3130 2027 3205 2084 de
3248 2026 3510 2084 Tribuno
3563 2030 3621 2083 et

1956 2116 2031 2171 de
2082 2118 2422 2188 Masopane,
2454 2120 2512 2171 et
2551 2115 2852 2173 coloniam
2899 2117 2975 2173 de
3023 2119 3316 2173 Castanea
3359 2131 3516 2189 cupa
3563 2120 3622 2172 et

1956 2204 2030 2259 de
2085 2204 2358 2271 Cobellis,
2403 2204 2704 2261 coloniam
2760 2204 2835 2260 de
2890 2205 3166 2272 Caesario,
3215 2206 3342 2260 sive
3397 2203 3620 2276 quibus

1958 2293 2088 2350 aliis
2134 2293 2447 2350 vocabulis
2494 2300 2944 2367 nuncupantur,
2986 2311 3125 2350 cum
3168 2292 3451 2350 omnibus
3497 2292 3622 2347 suis

1958 2383 2168 2450 vineis,
2202 2383 2503 2440 casalibus
2560 2388 2617 2440 et
2671 2384 3081 2458 appendiciis;
3141 2388 3199 2439 et
3243 2399 3383 2439 cum
3430 2382 3623 2438 omni-

1959 2471 2075 2526 bus
2123 2470 2346 2527 ﬁnibus
2393 2476 2451 2527 et
2498 2472 2784 2539 terminis,
2816 2471 3128 2541 limitibus,
3160 2470 3379 2527 scilicet
3425 2470 3617 2542 terris,

1961 2559 2213 2632 campis,
2240 2558 2452 2632 pratis,
2482 2558 2744 2632 pascuis,
2787 2558 2968 2631 silvis,
3018 2559 3260 2630 salictis,
3306 2557 3623 2615 arboribus

1962 2648 2287 2723 pomiferis,
2338 2647 2650 2704 fructiferis
2694 2653 2754 2705 et
2800 2647 3204 2715 infructiferis,
3253 2646 3474 2703 diversi
3521 2662 3622 2717 ge-

1962 2738 2141 2806 neris,
2196 2737 2412 2812 puteis,
2460 2736 2744 2803 fontibus,
2792 2737 2954 2810 rivis,
3009 2737 3183 2811 aquis
3230 2734 3621 2809 perennibus,

1966 2827 2249 2894 aediﬁciis,
2282 2826 2611 2901 parietinis,
2643 2826 2950 2896 arenariis,
2992 2826 3312 2898 adjunctis,
3340 2825 3623 2897 adjacen-

23 2918 456 2999 tdjcemuilibus
486 2917 619 2975 caeli
648 2916 924 2973 etbestiis
953 2919 1141 2982 terrae,
1167 2918 1225 2970 et
1246 2930 1368 2970 non
1400 2913 1475 2968 sit
1497 2912 1596 2985 qui
1629 2911 1851 2982 abigat.
1883 2944 1926 2999 ο
1966 2916 2246 2989 libusque
2304 2915 2448 2984 suis,
2501 2920 2560 2972 et
2608 2915 2921 2973 ecclesiam
2977 2914 3035 2971 S.
3084 2915 3300 2972 Andra:
3344 2913 3622 2988 apostoli,

23 3037 117 3087 mm,
136 3009 488 3081 ggercutiat
515 3024 618 3065 eos
655 3006 943 3063 Dominus
975 3006 1259 3074 amentia,
1289 3008 1346 3060 et
1375 3003 1634 3069 caecitate
1662 3017 1733 3059 ac
1764 3001 1856 3058 fu-

23 3114 331 3180 edimmgore
358 3099 611 3166 mentis;
658 3100 715 3153 et
754 3095 1003 3169 palpent
1046 3094 1108 3150 in
1136 3092 1403 3160 meridie,
1431 3090 1581 3148 sicut
1609 3091 1858 3164 palpare

22 3187 352 3273 ιωθηιωίιοιθι
379 3203 573 3244 caecus
602 3187 663 3243 in
694 3184 972 3255 tenebris,
1004 3187 1065 3273 et
1086 3199 1208 3239 non
1247 3181 1509 3273 dirigant
1535 3181 1599 3237 vi

95 3301 154 3361 m5,-
165 3277 484 3353 amnique
513 3281 782 3350 tempore
807 3272 1177 3332 calumniam
1200 3272 1552 3365 sustineant,
1577 3275 1634 3326 et
1662 3269 1861 3344 oppri-

164 3372 444 3443 mantur
462 3365 744 3423 violentia
770 3380 881 3456 nec
906 3363 1172 3456 habeant
1189 3362 1294 3436 qui
1321 3360 1530 3456 liberet
1549 3377 1685 3456 eos;
1718 3376 1862 3456 uxo-

23 3448 291 3551 ξιῶὧεδωε
320 3457 621 3531 accipiant
661 3460 719 3512 et
765 3454 918 3511 alius
947 3452 1207 3509 dormiat
1236 3468 1375 3508 cum
1404 3450 1489 3507 eis
1518 3448 1858 3506 videntibus

50 3538 333 3641 ὦςῦωίε.
367 3551 589 3641 Domos
618 3544 913 3641 aediﬁcent
940 3548 1144 3641 etnon
1172 3541 1444 3641 habitent
1467 3540 1529 3597 in
1558 3540 1662 3641 eis.
1682 3538 1861 3641 lPlan-

34 3630 321 3735 λ”θξιςῇειθιιῑ
352 3638 557 3735 vineas
582 3640 638 3735 et
667 3651 790 3692 non
809 3633 1188 3735 vindemient
1215 3634 1433 3735 easLEt
1461 3630 1700 3687 veniant
1728 3645 1858 3685 om-

27 3721 167 3828 ίεί
185 3747 305 3790 nes
332 3726 781 3828 maledictiones
805 3725 931 3828 istae
946 3722 1249 3828 'et‘mu‘ltae
1279 3721 1410 3820 aliae
1440 3735 1861 3828 super‘omnes

34 3808 480 3907 [ixgghomines
509 3815 614 3890 qui
641 3820 828 3872 terras
855 3816 912 3872 S.
946 3812 1095 3907 Petri
1126 3810 1381 3907 Romani
1410 3808 1754 3907 monasterii
1779 3808 1864 3864 in-

180 3910 355 3983 iuste
386 3876 606 3973 tenent,
632 3903 729 3960 vel
752 3902 859 3977 qui
886 3917 988 3959 eas
1012 3899 1224 3969 celant,
1256 3898 1372 3955 nisi
1405 3897 1520 3954 cito
1549 3896 1629 3955 ad
1658 3911 1862 3954 emen-

180 3966 513 4057 dationem
536 3993 778 4053 venerit.

28 4051 159 4115 ειρέπ-
188 4051 512 4057 *πνέω
553 4051 594 4053 π
990 4082 1076 4138 ιν,

21 4230 39 4251 ,ε
64 4224 143 4251 ,Μ
182 4178 469 4237 Joannes
490 4175 632 4232 XIX
648 4171 929 4229 Ecclesiae
946 4170 1129 4227 Silva
1150 4166 1441 4224 Candida?
1449 4165 1864 4237 possessiones,

21 4224 359 4336 “0::ku
388 4224 401 4233 τ
474 4269 708 4336 petente
945 4224 1235 4330 episcopo,
1263 4224 1599 4324 conﬁrinat.

21 4338 72 4383 οε
96 4314 145 4368 εδ
736 4314 758 4319 -
794 4314 1025 4423 1an0
1059 4314 1241 4415 mea}

564 4444 850 4515 [UGHELLI,
880 4440 1066 4496 Italia
1098 4437 1313 4506 Sacra,
1347 4439 1387 4492 I.
1421 4436 1509 4506 93]

126 4596 141 4611 _
266 4539 523 4593 Jomuss
553 4530 891 4604 episcopus,
924 4542 1132 4583 servus
1162 4540 1474 4581 servorum
1504 4522 1622 4595 Dei,
1653 4521 1867 4578 dilecto

25 4603 111 4688 ἐἴθ
126 4603 141 4611 ’
195 4623 332 4683 tilio
360 4625 564 4687 Pereo,
591 4603 829 4675 Domini
859 4614 1071 4688 gratia,
1101 4613 1385 4687 episcopo
1431 4610 1602 4669 Silvas
1653 4609 1867 4668 Candi-

25 4692 45 4727 ις
70 4682 115 4721 iii:
202 4682 205 4683 '
539 4682 558 4719 .'
862 4682 890 4688 '
996 4704 1005 4714 .
1134 4682 1157 4687 ·
1304 4682 1325 4685 “
1466 4700 1476 4710 .
1508 4700 1518 4710 .
1645 4698 1656 4709 .
1814 4697 1825 4707 .

34 4716 54 4783 ζ
197 4716 301 4774 dae
336 4708 625 4776 Ecclesxse,
656 4711 713 4763 et
739 4720 846 4779 per
875 4709 929 4761 te
958 4703 1154 4760 eidem
1194 4699 1523 4758 venerabili
1564 4714 1868 4773 episcopio

30 4792 85 4889 ζα
101 4842 121 4889 ἑ
198 4797 784 4869 Successoribusque
811 4793 927 4851 tuis
956 4791 1256 4867 episcopis
1286 4791 1351 4847 in
1380 4792 1759 4864 perpetuum.

36 4866 129 4959 vix.
282 4889 570 4951 Convenit
621 4866 949 4959 apostolico
1000 4880 1400 4940 moderamini
1446 4880 1549 4954 pia
1586 4878 1869 4949 religione

54 4936 129 4999 iis“

88 4970 125 5077 ἒ
201 4976 577 5059 pollentibus
623 4972 917 5033 benevola
958 4970 1378 5044 compassione
1416 4985 1782 5039 succurrere,
1815 4972 1873 5025 et

36 5046 127 5155 ff:
202 5046 591 5149 poscentium
612 5064 829 5123 animis
844 5061 1028 5121 alacri
1042 5061 1356 5117 devotione
1371 5060 1657 5135 impertiri
1672 5074 1874 5117 assen-

203 5124 368 5219 sum.
389 5164 468 5218 Ex
489 5163 604 5218 hoc
625 5155 787 5212 enim
806 5151 954 5210 lucri
970 5148 1359 5225 potissimum
1372 5149 1690 5222 praemium
1705 5148 1872 5223 apud

221 5251 251 5256 μ
779 5242 790 5253 .
934 5242 1002 5256 η,
1151 5235 1624 5256 μημηκψη
1684 5252 1833 5256 _-___

40 5216 125 5275 δν
207 5249 596 5307 Conditorem
616 5242 904 5307 ,omnium
932 5242 1122 5296 Deum
1150 5235 1648 5311 promerebimus,
1675 5252 1870 5309 quan-

207 5337 293 5396 do
321 5330 848 5421 venerabma‘loca
875 5310 1218 5403 opportuna
1254 5324 1530 5382 ordinata
1558 5325 1637 5381 ad
1664 5324 1871 5381 melio-

655 5390 944 5491 n‘e‘dubio
960 5390 1181 5475 statum
1201 5414 1508 5491 perducta.
1533 5413 1715 5485 Igitur
1728 5413 1874 5487 quia

61 5568 115 5621 ﬁ!
208 5516 449 5576 dilectio
468 5523 583 5577 tum
603 5502 911 5583 minionis
928 5506 1252 5585 postulavit
1264 5508 1562 5580 quatenus
1582 5502 1873 5621 cqnlcede-

480 5613 491 5621 ι
643 5608 673 5621 ι-
820 5614 1021 5621 ﬂ..-“
1043 5596 1145 5621 ιεῑιε
1168 5599 1389 5621 ...-....-
1410 5608 1624 5621 ..ηηη
1676 5591 1690 5621 ς
1720 5592 1734 5621 ε
1753 5591 1845 5621 ηε

58 5591 113 5705 ff
207 5623 416 5679 remus
441 5613 497 5670 et
521 5608 1024 5789 conﬁrmaqu
1043 5596 1149 5657 tibi
1168 5599 1391 5673 tuoque
1410 5591 1738 5653 venerabili
1752 5591 1876 5670 epi-

74 5760 99 5779 ,ν

38 5786 75 5803 ba

958 5796 987 5845 \\

1965 3005 2122 3062 infra
2149 3005 2346 3077 ipsam
2375 3020 2643 3061 massam
2671 3004 3049 3076 aediﬁcatam,
3077 3021 3201 3062 una
3229 3020 3369 3061 cum
3396 3003 3625 3061 colonis

1967 3099 2148 3167 atque
2191 3094 2565 3161 massaritiis,
2598 3093 2921 3151 tributariis
2951 3099 3007 3151 et
3037 3093 3471 3166 angarialibus,
3500 3108 3629 3149 ma-

1968 3184 2147 3240 sculis
2177 3189 2235 3241 et
2260 3184 2518 3254 feminis,
2545 3182 2680 3240 ﬁliis
2707 3189 2764 3240 et
2790 3183 3030 3240 ﬁliabus
3056 3200 3126 3239 ac
3155 3183 3478 3256 nepotibus
3518 3180 3628 3237 ibi-

1967 3275 2108 3332 dem
2138 3274 2538 3332 residentibus
2569 3278 2673 3331 aut
2713 3273 2928 3330 exinde
2956 3272 3467 3348 provenientibus,
3498 3270 3628 3328 ubi-

1968 3381 2206 3439 cunque
2258 3364 2482 3421 inventi
2537 3363 2773 3431 fuerint,
2820 3368 2877 3420 et
2924 3378 3065 3420 cum
3117 3363 3283 3419 omni
3335 3376 3523 3418 censu
3572 3364 3631 3416 et

1968 3454 2314 3512 dationibus
2369 3459 2548 3527 atque
2602 3453 3033 3524 functionibus,
3077 3468 3190 3509 nec
3243 3468 3368 3508 non
3425 3454 3632 3507 etan-

1969 3544 2150 3615 gariis
2176 3542 2612 3617 pertinentibus
2652 3542 2859 3615 positis
2900 3543 2961 3600 in
2992 3541 3282 3599 territorio
3314 3539 3627 3614 Nepesino,

1969 3632 2313 3690 milliarium
2344 3632 2424 3689 ab
2455 3632 2601 3689 urbe
2632 3636 2833 3689 Romae
2888 3632 3118 3704 viginti,
3149 3648 3223 3689 ex
3250 3646 3501 3705 corpore
3527 3645 3633 3704 pa-

1970 3722 2230 3779 trimonii
2254 3722 2520 3779 Thusciae
2538 3722 2689 3794 juris
2718 3724 2774 3778 8.
2798 3727 3019 3779 nostrae
3046 3722 3337 3778 Romanae
3362 3720 3484 3792 (cui
3511 3722 3632 3776 Deo

1974 3815 2217 3867 auctore
2241 3809 2659 3882 praesidemus)
2690 3809 2983 3876 Ecclesiae,
3010 3814 3069 3864 et
3115 3808 3266 3863 inter
3292 3806 3529 3876 aﬁines,
3554 3805 3633 3861 ab

1971 3915 2095 3956 uno
2140 3898 2344 3967 latere,
2373 3902 2530 3954 terra
2558 3896 2906 3954 monasterii
2932 3898 2988 3953 S.
3021 3894 3306 3967 Stephani
3333 3893 3569 3951 Minoris
3597 3907 3636 3948 a

1971 3989 2027 4044 S.
2056 3991 2243 4055 Petro,
2276 3990 2353 4054 et,
2378 3985 2647 4042 secundo
2673 3984 2877 4054 latere,
2899 3982 3049 4039 silva
3077 3986 3136 4038 et
3158 3986 3315 4038 terra
3338 3996 3474 4054 quae
3497 3983 3638 4037 sunt

1972 4077 2047 4134 de
2086 4077 2318 4132 Joanne
2373 4072 2790 4145 grammatico,
2822 4076 2880 4129 et
2925 4088 2963 4128 a
3016 4070 3186 4127 tertio
3241 4069 3443 4141 latere,
3498 4085 3636 4144 pas-

1977 4164 2171 4223 toritia
2199 4162 2444 4232 Donica,
2475 4166 2534 4220 et
2562 4177 2600 4219 a
2627 4164 2843 4235 quarto
2891 4160 3094 4229 latere,
3126 4175 3336 4217 massa
3362 4157 3637 4217 Claudia-

1976 4271 2077 4312 na.
2124 4254 2389 4325 Itemque
2440 4249 2827 4308 concedimus
2874 4254 2933 4307 et
2979 4249 3414 4308 conﬁrmamus
3464 4248 3637 4306 vobis

1978 4344 2235 4402 fundum
2275 4342 2337 4399 in
2379 4341 2699 4413 integrum,
2727 4340 2834 4415 qui
2874 4345 3123 4398 vocatur
3170 4343 3390 4409 Buxus,
3422 4340 3485 4397 in
3512 4355 3636 4412 quo

1976 4433 2226 4492 basilica
2270 4434 2368 4490 SS.
2416 4430 2641 4488 Ruﬁna),
2685 4434 2743 4488 et
2795 4432 3083 4489 Secundae
3129 4434 3469 4488 constructa
3505 4442 3639 4483 esse

1979 4522 2233 4586 videtur,
2283 4525 2341 4579 et
2390 4519 2650 4578 fundum
2718 4519 2782 4577 in
2860 4520 3183 4592 integrum,
3236 4518 3342 4591 qui
3388 4519 3640 4571 vocatur

1978 4616 2317 4681 Artronum,
2346 4614 2404 4668 et
2431 4614 2700 4668 montem
2748 4608 3015 4678 Jordani,
3056 4624 3195 4664 eum
3239 4604 3415 4674 casis,
3445 4601 3637 4659 vineis

1978 4706 2035 4758 et
2089 4700 2281 4769 terris,
2329 4699 2513 4771 silvis,
2568 4698 2796 4756 cultum
2850 4701 2907 4753 et
2962 4694 3276 4762 incultum,
3320 4707 3445 4748 una
3498 4706 3641 4747 cum

1980 4790 2161 4846 servis
2212 4794 2270 4847 et
2309 4788 2561 4857 ancillis,
2613 4790 2793 4859 atque
2824 4784 3051 4842 colonis
3103 4783 3329 4839 ibidem
3380 4779 3639 4836 residen-

1981 4879 2137 4935 tibus
2192 4878 2500 4950 utriusque
2554 4891 2734 4931 sexus
2789 4878 2848 4931 et
2899 4872 3106 4941 artatis,
3164 4870 3259 4926 vel
3324 4886 3464 4926 cum
3516 4884 3643 4924 om-

1978 4968 2173 5041 nibus,
2205 4982 2415 5023 eorum
2458 4962 2913 5036 pertinentibus,
2946 4961 3082 5028 situ,
3130 4958 3422 5016 territorio
3472 4956 3640 5014 Silvae

1982 5053 2285 5125 Candidas,
2316 5055 2375 5108 et
2400 5050 2553 5106 inter
2579 5049 2812 5119 afﬁnes,
2844 5064 2882 5105 a
2908 5047 3104 5121 primo
3128 5044 3331 5115 latere,
3359 5048 3512 5101 terra
3540 5059 3641 5099 su-

1979 5142 2252 5216 pradicta
2302 5142 2358 5197 S.
2388 5137 2697 5212 episcopii,
2728 5154 2766 5193 a
2790 5135 3057 5193 secundo
3092 5134 3296 5204 latere,
3325 5133 3506 5203 rivus,
3533 5130 3642 5206 qui

1980 5234 2234 5288 vocatur
2262 5228 2511 5299 Galeria,
2544 5243 2581 5285 a
2630 5226 2798 5284 tertio
2835 5225 3040 5293 latere,
3071 5223 3309 5295 Bibaro,
3340 5239 3379 5280 a
3422 5225 3639 5296 quarto

1979 5322 2183 5394 latere,
2213 5317 2486 5393 Criptulae
2511 5336 2525 5387 ;
2557 5333 2668 5374 nec
2688 5331 2812 5374 non
2837 5315 3095 5372 fundum
3115 5314 3180 5371 in
3198 5314 3517 5386 integrum,
3535 5312 3642 5385 qui

1981 5410 2198 5469 dicitur
2226 5411 2389 5467 Mons
2420 5409 2673 5475 Aureus,
2701 5422 2840 5463 cum
2869 5404 3152 5462 omnibus
3182 5403 3306 5460 suis
3336 5401 3637 5477 pertinen-

1982 5500 2096 5569 tiis,
2124 5498 2203 5556 ab
2232 5513 2355 5555 uno
2398 5496 2581 5555 latere
2623 5511 2800 5553 mons
2829 5494 2934 5570 qui
2973 5496 3225 5552 vocatur
3249 5491 3570 5561 Jordanus,
3602 5506 3641 5549 a

1983 5562 2252 5677 secundo
2300 5587 2505 5663 latere,
2547 5562 2872 5663 Criptulae:
2902 5600 2941 5648 a
2990 5584 3159 5646 tertio
3206 5581 3391 5645 latere
3438 5580 3638 5663 casale
