3998 6176
437 151 571 209 ηπ
1778 129 2065 189 JOANNIS
2099 127 2227 186 XIX
2263 129 2460 186 PAPIE
2485 172 2498 186 .
3727 133 3819 196 {tl

433 275 601 349 quod
640 274 889 330 vocatur
935 265 1208 334 Palmira,
1252 278 1288 320 a
1326 261 1542 349 quarto
1593 257 1794 324 latere,
1837 256 2084 328 fundus,
2117 257 2164 311 Α
2198 255 2323 311 sive
2355 255 2540 312 alium
2569 257 2944 330 aquimolum
2988 259 3050 315 in
3080 256 3211 332 ipso
3240 258 3370 316 rivo
3393 276 3541 317 cum
3581 263 3822 321 omnibus

434 336 539 438 qui
563 363 774 420 dicitur
803 362 1032 422 Lauret,
1064 360 1121 412 et
1148 371 1184 411 a
1211 352 1422 427 quinto
1451 336 1653 419 la'tere,
1688 353 1841 405 terra
1869 353 2087 438 etjmo-
2198 344 2312 401 sibi
2340 346 2788 438 pertinentibus,
2816 347 2967 420 juris
3017 349 3206 421 ipsnus
3247 348 3560 423 episcopii.
3600 356 3823 427 Itemque

432 436 758 511 nasterium
790 453 844 508 8.
879 446 1124 514 Martini,
1157 460 1263 500 seu
1300 441 1558 499 fundum
1609 439 1713 512 qui
1755 436 2089 510 appellatur
2197 436 2583 493 concedimus
2614 443 2670 494 et
2701 439 3135 495 confirmamus
3182 438 3352 495 vobis
3395 457 3619 496 omnes
3658 443 3829 514 plebes

434 546 595 599 Mons
621 537 889 595 Grundul
919 553 1059 593 cum
1104 531 1389 591 omnibus
1437 530 1516 587 ad
1560 545 1699 585 eum
1750 523 2090 600 pertinenti-
2197 532 2254 584 et
2301 527 2598 599 ecclesias,
2627 530 3066 603 parochiasque
3118 546 3259 586 cum
3313 531 3608 587 omnibus
3654 549 3832 591 eorum

431 631 546 686 bus
572 648 585 697 ;
617 628 770 685 inter
798 627 1027 691 attines,
1063 633 1140 680 ab
1171 638 1292 679 uno
1338 622 1538 687 latere,
1571 616 1795 674 fundus
1824 613 2086 687 Aquilin,
2197 616 2629 690 pertinentibus
2649 617 2739 674 vel
2757 618 3129 690 adjacentiis,
3162 619 3383 676 scilicet
3401 620 3652 694 plebem
3676 625 3726 678 8.
3749 627 3835 679 Ma-

433 718 764 777 asecundo
788 717 992 788 latere,
1015 714 1239 770 fundus
1267 710 1526 780 Palmi,a
1547 703 1940 771 tertiolatere,
1961 703 2093 759 fun-
2196 707 2296 763 riae
2350 707 2410 763 in
2465 708 2622 765 Silva
2672 709 2940 766 Candida
2993 726 3133 766 cum
3187 709 3368 766 titulis
3416 710 3570 773 suis,
3631 711 3832 769 titulum

431 809 549 865 dus
579 807 786 866 Montis
815 806 1014 875 Aurei,
1045 809 1102 860 et
1143 820 1180 860 a
1218 806 1433 876 quarto
1485 799 1686 865 latere,
1719 795 1942 852 fundus
1967 792 2090 848 Cri-
2202 798 2298 854 SS.
2327 799 2572 854 Joannis
2603 804 2659 854 et
2687 799 2848 855 Pauli
2879 799 2939 854 iu
2968 800 3195 871 Lutino,
3225 805 3283 856 et
3311 800 3555 856 titulum
3588 803 3644 858 8.
3675 809 3833 872 Ange-

432 899 634 973 ptulaa,
661 904 720 954 et
747 895 1056 955 Bibariolm
1087 899 1266 967 atque
1297 890 1554 948 fundum
1592 887 1696 962 qui
1727 885 1944 943 dicitur
1972 882 2092 973 Dri-
2197 886 2236 942 li
2263 888 2322 943 in
2352 891 2620 956 Musano,
2655 889 2972 946 titulum-S.
3009 892 3221 946 Donati
3249 891 3310 946 in
3341 891 3654 961 Majorata,
3684 898 3830 966 atque

433 971 532 1062 po,
563 1004 701 1044 cum
732 985 1016 1043 omnibus
1043 984 1116 1041 ad
1151 999 1291 1040 eum
1315 978 1769 1055 pertinentibus,
1797 976 1948 1032 inter
1967 971 2092 1029 afﬁ-
2196 976 2435 1050 plebem
2469 980 2524 1036 8.
2559 979 2817 1049 Gregorii
2866 978 2926 1034 in
2970 979 3102 1052 ipso
3156 979 3310 1047 loco,
3343 979 3588 1036 titulum
3621 983 3674 1038 S.
3705 987 3828 1039 Ana-

433 1094 564 1145 nes,
597 1078 675 1136 ab
706 1093 826 1133 uno
867 1076 1067 1142 latere,
1100 1073 1264 1130 bona
1295 1069 1638 1128 monasterii
1667 1070 1722 1123 S.
1756 1065 2002 1135 Martini,
2036 1070 2093 1122 et
2199 1067 2362 1124 stasii
2403 1067 2462 1123 in
2492 1071 2738 1125 Musano
2769 1073 2825 1124 et
2851 1068 3090 1141 plebem
3123 1069 3419 1140 S.7Angeli
3467 1069 3533 1126 in
3565 1072 3827 1128 Ruscindo

434 1180 470 1220 ει
497 1163 762 1219 secundo
777 1162 979 1227 latere.
997 1160 1220 1219 fundus
1239 1157 1344 1231 qni
1366 1161 1612 1213 Vocatur
1629 1151 1828 1210 11150Ῑᾶ
1851 1153 2087 1218 Sancta,
2199 1174 2337 1214 cum
2364 1158 2532 1214 terris
2559 1159 2701 1225 suis,
2729 1158 3028 1232 simulque
3053 1159 3293 1233 plebem
3319 1162 3375 1215 S.
3398 1161 3647 1217 Joannis
3668 1163 3723 1218 in
3742 1178 3825 1218 no-

434 1257 490 1309 et
517 1270 554 1309 a
585 1252 751 1309 tertio
779 1251 980 1319 latere,
1014 1249 1194 1306 curtis
1236 1249 1291 1305 S.
1326 1246 1494 1313 Petri,
1527 1250 1585 1301 et
1612 1243 1838 1300 fundus
1880 1241 2088 1299 Montis
2197 1263 2277 1304 no
2307 1265 2446 1304 cum
2477 1249 2643 1305 terris
2672 1253 2728 1306 et
2758 1249 2938 1306 titulis
2965 1250 3108 1321 suis,
3142 1249 3375 1306 titulum
3411 1252 3470 1307 s,
3507 1252 3755 1308 Mal-uani
3778 1254 3823 1308 in

435 1342 740 1410 Grunduli,
758 1347 814 1398 et
830 1358 866 1398 a
886 1345 1101 1414 quarto
1125 1339 1326 1405 latere,
1344 1336 1540 1394 insula
1556 1335 1630 1391 de
1651 1339 1814 1391 curte
1838 1335 1892 1390 S.
1920 1331 2091 1390 Petri.
2198 1338 2329 1411 ipso
2352 1339 2546 1409 burgo
2573 1356 2711 1396 cum
2741 1341 2906 1396 terris
2927 1341 3069 1407 suis,
3099 1340 3334 1398 titulum
3360 1343 3420 1398 s,
3453 1341 3694 1398 Andreae
3713 1361 3821 1399 cum

503 1435 719 1490 Verum
767 1431 943 1490 etiam
993 1431 1218 1488 fundus
1263 1429 1368 1502 qui
1409 1431 1658 1484 vocatur
1689 1423 2004 1497 Criptulus,
2037 1425 2095 1478 et
2199 1428 2378 1484 titulis
2425 1429 2567 1500 suis,
2600 1445 2710 1486 nec
2745 1446 2868 1486 non
2919 1430 3155 1486 titulum
3203 1431 3257 1486 S.
3291 1431 3492 1487 Maria:
3531 1448 3664 1488 cum
3690 1432 3821 1488 terris

431 1524 670 1593 Palmis,
702 1541 840 1581 cum
871 1523 1154 1580 omnibus
1183 1538 1393 1579 eorum
1439 1517 1825 1594 pertinentiis,
1860 1515 1937 1571 ab
1969 1528 2091 1569 uno
2203 1518 2349 1585 suis,
2376 1519 2610 1575 titulum
2635 1519 2690 1575 S.
2712 1519 2956 1588 Nicolai,
2985 1521 3091 1592 qui
3120 1525 3209 1576 est
3230 1520 3290 1576 iu
3313 1520 3576 1577 castello
3592 1521 3660 1578 de
3685 1538 3820 1578 mon-

428 1613 632 1684 latere,
689 1614 914 1670 fundus
962 1613 1300 1678 Fulisanus,
1361 1615 1416 1667 et
1467 1627 1504 1667 a
1565 1607 1830 1664 secundo
1886 1604 2088 1674 latere,
2119 1628 2160 1682 Β
2202 1613 2256 1664 te
2288 1609 2515 1681 Depini,
2549 1609 2783 1666 titulum
2835 1613 2890 1667 S.
2924 1609 3116 1666 Mariae
3160 1610 3263 1683 qui
3302 1611 3644 1685 appellatur
3670 1612 3821 1667 lnsiri-

431 1704 657 1761 fundus
710 1707 940 1772 Lauret,
974 1708 1035 1760 et
1063 1720 1099 1759 a
1129 1703 1298 1759 tertio
1328 1701 1532 1767 latere,
1559 1703 1715 1755 terra
1757 1697 1812 1753 S.
1842 1692 2088 1753 Martini.
2201 1715 2332 1768 gus,
2357 1716 2494 1756 cum
2527 1700 2693 1756 terris
2723 1699 2866 1770 suis,
2899 1699 3136 1756 titulum
3170 1703 3225 1757 s,
3262 1700 3565 1758 pana-atii
3593 1717 3713 1758 cum
3741 1707 3820 1758 ter.

432 1799 490 1851 et
518 1811 555 1850 a
583 1798 801 1866 quarto
825 1793 1028 1860 latere,
1057 1791 1280 1848 fundus
1313 1789 1570 1856 Seriani;
1600 1788 1661 1842 in
1691 1786 1834 1850 imo,
1864 1782 2091 1840 fundus
2198 1788 2278 1844 ris
2331 1793 2387 1844 et
2436 1788 2614 1845 titulis
2645 1789 2791 1859 suis,
2826 1791 2881 1846 s,
2928 1789 3118 1845 Maria;
3161 1788 3222 1844 in
3268 1790 3478 1846 Insula
3525 1807 3655 1846 cum
3690 1791 3815 1846 terris

433 1882 639 1940 lsidori
710 1900 851 1939 cum
917 1881 1203 1937 omnibus
1282 1876 1720 1952 pertinentibus
1797 1874 1919 1930 suis
1943 1916 1956 1942 ,
2013 1871 2090 1928 ab
2201 1878 2342 1945 suis,
2369 1878 2610 1951 plebem
2637 1881 2692 1936 8.
2723 1879 2916 1936 Mariae
2944 1879 3124 1935 Lutiae
3162 1895 3301 1936 cum
3332 1880 3508 1936 terris
3535 1881 3666 1950 suis,
3692 1880 3815 1936 insu-

432 1987 556 2027 uno
613 1970 814 2042 latere,
867 1975 1022 2027 terra
1085 1967 1430 2025 monasterii
1493 1968 1549 2023 S.
1602 1963 1850 2030 Martini,
1912 1981 1948 2020 a
2005 1978 2092 2017 se-
2198 1966 2322 2023 lam
2377 1971 2431 2025 S.
2476 1968 2720 2024 Joannis
2761 1985 2899 2024 cum
2931 1968 3098 2024 titulo
3148 1972 3205 2025 et
3255 1973 3416 2026 terra
3469 1987 3597 2037 sua,
3627 1968 3812 2025 titulum

432 2059 632 2116 cundo
705 2059 886 2116 latere
964 2057 1372 2128 (Iastaguetol,
1435 2060 1493 2112 et
1561 2072 1597 2112 a
1653 2053 1823 2111 tertio
1886 2053 2088 2120 latere,
2199 2059 2253 2112 S.
2288 2058 2548 2128 Gregorii
2575 2059 2635 2114 iu
2665 2059 2798 2131 ipso
2827 2057 2999 2126 loco;
3035 2058 3300 2115 similiter
3339 2058 3586 2132 plebem
3613 2061 3661 2116 S.
3686 2057 3809 2114 Pauli

432 2147 636 2204 Insula
685 2150 919 2220 Sancta,
964 2148 1223 2220 denique
1268 2151 1325 2203 et
1369 2145 1570 2218 ipsum
1612 2143 1869 2199 fundum
1922 2142 2092 2198 Insu-
2198 2147 2258 2203 in
2313 2147 2620 2212 Formello,
2677 2165 2817 2205 cum
2870 2149 3062 2219 terris,
3123 2147 3330 2216 vineis,
3391 2149 3603 2220 hortis,
3649 2154 3696 2204 et
3736 2147 3809 2203 oli-

431 2239 554 2295 lam
616 2243 917 2309 Sanctam,
948 2254 1088 2294 cum
1131 2237 1414 2293 omnibus
1470 2234 1548 2292 ad
1599 2250 1740 2290 eum
1790 2233 2092 2306 pertinen-
2196 2238 2342 2294 vetis
2394 2242 2574 2312 atque
2632 2237 2813 2294 titulis
2871 2239 3015 2306 suis,
3063 2238 3298 2296 titulum
3353 2241 3415 2296 S.
3471 2237 3723 2312 Sylvestri
3762 2238 3804 2292 in

431 2329 615 2400 tibus,
647 2329 726 2386 ab
756 2345 880 2386 uno
909 2327 1111 2396 latere,
1141 2327 1336 2384 casale
1365 2325 1534 2400 quod
1553 2329 1804 2381 vocatur
1833 2324 2038 2391 Bruce,
2057 2338 2094 2378 a
2198 2327 2482 2384 columna
2507 2344 2642 2384 cum
2676 2328 2844 2384 terris
2875 2332 2930 2384 et
2966 2328 3156 2384 vineis
3213 2328 3361 2398 suis,
3395 2328 3624 2385 titulum
3654 2331 3700 2384 S.
3724 2333 3805 2384 An-

434 2420 700 2476 secundo
724 2419 906 2476 latere
933 2417 1213 2485 Donicus,
1246 2423 1303 2474 et
1322 2434 1358 2473 a
1383 2415 1553 2473 tertio
1582 2415 1761 2472 latere
1789 2417 2090 2481 Musanus,
2199 2417 2312 2488 geli
2342 2418 2404 2473 in
2434 2418 2710 2475 Mubiano
2757 2435 2896 2474 cum
2944 2418 3113 2475 terris
3147 2422 3203 2475 et
3228 2418 3421 2474 hortis
3454 2418 3592 2488 suis,
3621 2417 3800 2474 titulum

433 2513 492 2564 et
523 2513 802 2582 aquarto
854 2507 1035 2563 latere
1082 2507 1334 2563 Sanctus
1386 2504 1732 2562 Laurentius
1761 2503 1836 2558 de
1884 2500 2088 2568 Panti;
2200 2509 2254 2565 s,
2311 2508 2536 2564 Martini
2593 2525 2732 2564 cum
2779 2508 2948 2565 terris
3015 2507 3160 2579 suis,
3217 2507 3461 2564 titulum
3514 2511 3569 2566 s,
3623 2507 3796 2564 δωρεῇ

431 2597 564 2670 pari
593 2596 778 2654 modo
808 2596 1065 2652 fundum
1089 2594 1351 2652 S.Basilii
1375 2610 1514 2651 cum
1539 2593 1822 2650 omnibus
1852 2591 1931 2648 ad
1951 2606 2092 2646 eum
2196 2597 2257 2653 in
2291 2597 2584 2653 Dalmatia
2627 2613 2765 2653 cum
2799 2597 2964 2654 terris
3015 2597 3161 2666 suis,
3195 2596 3438 2653 titulum
3480 2599 3531 2654 S.
3563 2595 3797 2653 Laurentii

432 2685 888 2761 pertinentibus,
937 2686 1016 2742 ab
1083 2701 1206 2741 uno
1264 2684 1467 2753 latere,
1529 2682 1725 2740 casale
1793 2684 1848 2739 S.
1919 2679 2088 2749 Petri,
2201 2686 2488 2742 Formello
2521 2703 2660 2742 cum
2688 2686 2856 2742 terris
2887 2692 2943 2743 et
2967 2686 3152 2742 hortis
3175 2686 3578 2756 suis,titulum
3605 2688 3798 2741 S.Joan-

433 2776 539 2849 qui
581 2776 916 2849 appellatur
945 2773 1127 2842 Pauli,
1161 2791 1196 2830 a
1227 2773 1490 2830 secundo
1529 2773 1730 2839 latere,
1755 2769 1928 2826 vallis
1952 2785 2089 2842 quae
2198 2777 2291 2832 nis
2316 2777 2376 2832 in
2405 2777 2537 2850 ipso
2557 2777 2690 2832 loco
2718 2793 2856 2832 cum
2878 2781 3033 2833 terra
3059 2793 3188 2843 sua,
3210 2775 3450 2832 titulum
3478 2779 3528 2833 8.
3549 2775 3677 2832 Petri
3696 2789 3795 2829 cum

431 2869 679 2920 vocatur
725 2864 1136 2929 Intensonosa,
1168 2865 1224 2918 et
1275 2877 1312 2917 a
1340 2861 1509 2917 tertio
1549 2860 1750 2926 latere,
1785 2858 2010 2914 Barbar

2212 2873 2354 2922 terra
2395 2883 2526 2934 sua,
2559 2866 2792 2922 titulum
2845 2868 2900 2923 8.
2947 2866 3156 2936 Angeli
3195 2866 3256 2921 in
3312 2868 3574 2934 Laureto,
3614 2863 3791 2920 titulum

433 2966 472 3054 ἐι
508 2956 724 3054 quarto
762 2950 965 3050 latere,
998 2949 1430 3054 monasterium
1477 2952 1531 3006 S.
1552 2947 1870 3050 Stephani.
1911 2949 2091 3054 ‘P‘OPI‘O
2119 3000 2160 3054 Ο
2203 2958 2257 3013 8.
2291 2955 2580 3016 Valentini
2606 2955 2667 3010 in
2715 2955 3034 3029 Criplullo;
3069 2956 3210 3012 item
3239 2955 3480 3029 plebem
3518 2958 3568 3012 S.
3598 2950 3792 3012 Cornelii

430 3040 691 3098 fundum
727 3039 960 3108 Panori,
993 3057 1132 3096 cum
1160 3039 1445 3096 omnibus
1475 3039 1596 3096 suis
1634 3036 2090 3112 pertinentibus,
2121 3036 2160 3054 ν
2198 3045 2260 3101 in
2292 3045 2624 3118 Cmprario,

431 3131 512 3190 ab
560 3147 683 3188 uno
735 3131 940 3201 latere,
983 3130 1208 3187 fundus
1265 3130 1673 3204 Aprunianus,
1730 3145 1767 3185 a
1820 3127 2088 3184 secundo
2271 3138 2337 3191 Et
2365 3152 2472 3206 per
2504 3135 2684 3206 hujus
2714 3135 3286 3208 privilegiinostriet
3305 3136 3517 3195 decreti
3535 3133 3788 3210 paginam,

429 3221 612 3280 latere
671 3221 826 3280 Silva
879 3221 1168 3286 Candida,
1225 3225 1281 3278 et
1331 3237 1368 3277 a
1420 3221 1588 3277 tertio
1643 3220 1846 3286 latere,
1898 3221 2090 3276 Musa-
2197 3225 2258 3282 id
2288 3231 2645 3299 perpetuum
2675 3226 3107 3283 confirmamus
3131 3229 3184 3284 S,
3212 3228 3486 3300 pradicto
3505 3231 3671 3282 vestro
3689 3224 3785 3296 epi-

430 3312 646 3381 nellus,
676 3317 732 3369 et
760 3328 797 3368 a
823 3315 1040 3385 quarto
1067 3310 1249 3368 latere
1278 3309 1573 3379 Camiliar,
1606 3314 1664 3367 et
1702 3326 1738 3366 a
1767 3308 1976 3382 quinto
2000 3306 2087 3363 la-
2197 3311 2372 3384 copio
2406 3311 2575 3368 Silva
2607 3311 2908 3379 Candidae,
2941 3329 3081 3368 cum
3113 3313 3304 3380 terris,
3337 3313 3530 3380 vineis,
3557 3317 3604 3367 et
3637 3308 3784 3364 olive-

430 3408 553 3460 tere
582 3404 759 3461 turris
788 3403 1128 3472 Aureliana,
1154 3407 1211 3457 ct
1237 3401 1382 3457 silex
1409 3403 1464 3459 S.
1497 3399 1800 3474 Stephani,
1829 3414 1968 3455 cum
1999 3414 2092 3453 sa-
2196 3402 2269 3459 tis
2313 3407 2370 3458 et
2417 3401 2597 3458 titulis
2641 3401 2788 3470 suis,
2823 3402 3058 3459 titulum
3092 3405 3147 3461 S.
3180 3403 3460 3460 Pancratii
3495 3417 3612 3458 cum
3642 3397 3777 3454 terris

429 3493 662 3562 linaria,
713 3497 891 3564 atque
945 3490 1202 3546 fundum
1262 3491 1513 3560 Laureti,
1568 3489 1648 3545 ab
1703 3504 1825 3544 uno
1881 3487 2084 3557 latere,
2196 3493 2339 3560 suis,
2373 3492 2607 3549 titulum
2641 3494 2696 3549 S.
2731 3488 2924 3550 Mariae
2954 3511 3093 3550 cum
3125 3496 3294 3550 terris
3321 3499 3372 3551 et
3403 3498 3550 3565 prato
3571 3502 3681 3546 suo,
3712 3485 3771 3540 ti-

431 3583 588 3635 terra
635 3580 690 3635 8.
723 3578 898 3644 Petri,
931 3593 967 3633 a
999 3577 1265 3632 secundo
1312 3577 1514 3645 latere,
1545 3581 1701 3632 terra
1751 3576 1805 3631 S.
1838 3573 2087 3645 Martini,
2195 3583 2387 3639 mlum
2417 3585 2471 3639 s,
2504 3581 2793 3638 Valentini
2823 3600 2963 3639 cum
2996 3584 3164 3640 terris
3211 3589 3262 3642 et
3283 3583 3468 3640 oliveto
3494 3593 3586 3633 suo
3610 3579 3757 3646 atque

431 3685 470 3724 a
525 3667 696 3724 tertio
744 3666 948 3737 latere,
1002 3681 1179 3722 mons
1227 3665 1483 3734 lliodori,
1535 3682 1571 3721 a
1620 3669 1835 3737 quarto
1883 3663 2084 3732 latere,
2195 3676 2387 3744 prato,
2421 3670 2655 3727 titulum
2705 3674 2762 3729 S.
2792 3673 3005 3730 Donati
3035 3690 3175 3730 cum
3223 3673 3378 3730 terris
3423 3669 3545 3737 suis,
3569 3663 3764 3722 titulum

430 3757 656 3814 fundus
686 3756 866 3830 Oripi,
898 3771 1005 3812 seu
1056 3755 1251 3812 casale
1293 3755 1459 3829 quod
1505 3759 1776 3827 vocatur,
1815 3753 2000 3825 Pauli,
2033 3757 2090 3810 et
2197 3763 2252 3818 s.
2282 3760 2470 3818 Mariae
2499 3777 2637 3817 cum
2668 3761 2838 3817 terris
2869 3762 3012 3830 suis,
3049 3763 3285 3820 titulum
3312 3763 3366 3818 s.
3391 3754 3641 3818 Laurentii
3662 3768 3776 3809 cum

430 3847 687 3905 fundum
719 3846 1032 3904 Serianum
1059 3863 1198 3903 cum
1227 3845 1510 3903 omnibus
1553 3861 1763 3901 eorum
1787 3843 2086 3918 pertinen-
2195 3849 2364 3905 terris
2395 3849 2538 3917 suis,
2572 3849 2804 3905 titulum
2839 3852 2893 3907 S.
2924 3852 3222 3908 Anastasii
3253 3853 3314 3908 in
3347 3845 3646 3913 Caunetalo,
3669 3857 3781 3898 cum

428 3938 545 4012 tiis,
575 3938 654 3994 ab
696 3953 819 3994 uno
849 3937 1050 4008 latere,
1080 3942 1234 3994 terra
1273 3939 1328 3995 S.
1362 3936 1608 4004 Martini,
1642 3951 1678 3992 a
1709 3935 1978 3992 secundo
2004 3934 2088 3991 la-
2193 3940 2362 3996 terris
2405 3944 2461 3995 et
2503 3939 2692 3995 vineis
2749 3941 2894 4008 suis,
2951 3940 3187 3997 titulum
3243 3944 3301 3998 8.
3354 3941 3458 3997 Viti
3495 3952 3612 3995 cum
3653 3929 3786 3990 terris

426 4034 572 4103 tere,
602 4029 761 4087 Silva
791 4029 1080 4100 Candida,
1113 4044 1149 4085 a
1177 4027 1346 4085 tertio
1389 4026 1570 4084 latere
1617 4025 1817 4082 Insula
1850 4029 2086 4094 Sancta,
2195 4030 2338 4101 suis,
2370 4029 2611 4104 plebem
2645 4033 2699 4088 S.
2734 4031 2899 4087 Pauli
2929 4048 3070 4088 cum
3097 4033 3290 4103 terris,
3321 4031 3504 4088 vineis
3530 4033 3577 4085 et
3598 4023 3785 4098 juribus

428 4125 488 4177 et
537 4136 574 4176 a
625 4123 839 4192 quarto
876 4119 1057 4176 latere
1104 4119 1254 4176 silva
1299 4120 1354 4176 S.
1387 4117 1558 4190 Petri,
1589 4133 1700 4173 nec
1737 4133 1862 4173 non
1892 4116 2086 4173 casale
2195 4120 2337 4189 suis,
2395 4119 2633 4176 titulum
2671 4121 2727 4176 S.
2759 4121 3055 4194 Sylvestri,
3085 4127 3144 4179 et
3187 4125 3243 4180 S.
3285 4121 3494 4192 Angeli
3539 4132 3658 4175 cum
3700 4117 3788 4168 ter-

429 4210 598 4283 quod
638 4209 850 4266 dicitur
889 4210 1337 4280 Castagnolum,
1371 4209 1448 4266 ab
1491 4226 1614 4266 uno
1662 4209 1842 4266 latere
1895 4207 2088 4266 sancti
2194 4211 2274 4268 ris
2323 4215 2381 4267 et
2437 4210 2646 4281 vineis,
2677 4215 2735 4267 et
2785 4211 3010 4268 olivetis
3056 4217 3114 4270 rt
3157 4213 3401 4285 juribus
3449 4211 3579 4279 suis,
3607 4203 3793 4263 titulum

430 4302 691 4372 quatuor
734 4301 984 4370 Fratres,
1017 4315 1055 4355 a
1101 4300 1367 4356 secundo
1415 4299 1640 4355 fundus
1689 4299 2014 4369 Orbanula,
2050 4315 2088 4355 a
2117 4365 2152 4373 _
2200 4305 2255 4360 S.
2311 4300 2502 4358 Mariae
2552 4317 2690 4357 cum
2747 4301 2914 4357 terris
2972 4307 3029 4357 et
3075 4303 3284 4373 vineis,
3329 4302 3558 4359 titulum
3597 4300 3645 4354 S.
3675 4291 3796 4352 Chri-

428 4387 599 4445 tertio
627 4390 1174 4461 Mussan,aquarto
1203 4388 1558 4458 Massanell.,
1582 4393 1760 4462 atque
1783 4388 1930 4444 silva
1949 4403 2086 4461 quae
2115 4365 2158 4418 θ
2198 4391 2402 4448 stianze
2453 4407 2592 4446 cum
2645 4390 2839 4460 terris,
2873 4390 3062 4446 vineis
3110 4396 3166 4448 et
3222 4391 3385 4448 silvis
3434 4391 3567 4459 suis,
3609 4384 3796 4442 titulum

425 4483 673 4536 vocatur
715 4477 925 4548 Magia,
957 4495 1096 4535 cum
1143 4479 1426 4536 omnibus
1473 4479 1906 4553 pertinentibus
1941 4479 2084 4548 suis,
2199 4483 2253 4539 S.
2288 4481 2538 4552 Georgii,
2573 4479 2810 4537 titulum
2857 4483 2911 4538 S.
2943 4481 3170 4538 Martini
3211 4497 3351 4538 cum
3392 4481 3554 4538 terris
3581 4472 3796 4533 etviueis

427 4570 509 4627 ab
539 4586 662 4628 uno
707 4569 890 4627 latere
936 4569 1102 4626 rivus
1134 4569 1209 4626 de
1241 4569 1491 4642 Galesia,
1519 4570 1854 4651 alsecundo
1883 4569 2086 4642 latere,
2197 4570 2340 4637 suis,
2374 4569 2609 4626 titulum
2645 4572 2700 4627 S.
2735 4569 2971 4627 Casiani
3002 4587 3141 4626 cum
3173 4571 3340 4627 terris
3367 4576 3428 4628 et
3455 4568 3645 4633 vineis,
3672 4569 3718 4620 et
3741 4561 3800 4616 fa-

426 4659 1311 4733 monasteriumVeneris,quod
1331 4660 1840 4733 vocaturHuppla
1862 4659 2090 4716 Ancilla
2194 4661 2352 4716 milis
2408 4659 2617 4727 tribus,
2648 4659 2888 4716 titulum
2944 4662 2998 4717 S.
3032 4660 3352 4730 Anastasii,
3403 4676 3539 4717 cum
3584 4653 3729 4712 terris
3761 4653 3798 4706 et

427 4753 550 4807 Dei.
585 4753 803 4809 Omnes
832 4767 974 4808 vero
1004 4750 1134 4806 illos
1165 4749 1480 4821 fundor,et
1502 4749 1868 4806 casaliacum
1895 4749 2086 4818 terris,
2194 4750 2402 4819 vineis,
2436 4749 2674 4806 titulum
2722 4751 2777 4807 S.
2809 4750 3046 4806 Justinae
3090 4767 3229 4807 cum
3267 4751 3440 4807 terris
3473 4755 3526 4806 et
3550 4745 3732 4803 vineis.
3755 4747 3797 4798 ti-

428 4842 683 4914 campis,
735 4841 942 4915 pratis,
984 4841 1244 4915 pascuis,
1292 4840 1474 4910 silvis,
1507 4839 1678 4896 cultis
1727 4845 1783 4896 et
1824 4839 2083 4909 incultis,
2194 4839 2386 4896 tulum
2441 4842 2496 4896 8.
2532 4838 2742 4909 Angeli
2791 4852 2929 4896 cum
2975 4841 3142 4895 terris
3189 4839 3330 4907 suis,
3365 4839 3597 4897 titulum
3627 4838 3797 4892 S.t;re-

425 4932 635 5005 positis
691 4931 755 4988 in
812 4931 1099 4989 territorio
1152 4931 1321 4989 Silvae
1390 4930 1692 5001 Candidas,
1743 4929 2086 4986 milliarium
2194 4929 2342 5002 gorii
2373 4946 2513 4986 cum
2561 4930 2728 4986 terris
2767 4929 2895 4986 suis
2943 4930 3255 4999 etviueis;
3303 4931 3568 4986 similiter
3613 4924 3797 4999 plebem

428 5021 510 5077 ab
573 5021 719 5078 urbe
806 5025 1008 5078 Romae
1097 5020 1233 5095 plus
1314 5021 1516 5076 minus
1581 5019 1922 5077 duodecim.
1979 5023 2086 5076 Ve-
2197 5023 2251 5077 S.
2282 5020 2529 5077 Marcelli
2555 5020 2616 5076 in
2644 5022 2866 5086 Quarto
2911 5021 3147 5076 decimo
3200 5037 3340 5077 cum
3371 5020 3540 5078 terris
3565 5021 3617 5077 et
3637 5013 3796 5074 vineis.

425 5128 564 5170 rum
590 5111 769 5169 etiam
799 5111 1173 5185 aquimolum
1204 5110 1528 5167 molentem
1576 5110 1636 5166 in
1684 5110 1981 5181 integrum
2024 5109 2086 5166 in
2195 5115 2251 5166 et
2275 5110 2491 5167 oliveto
2522 5111 2750 5182 majore
2780 5115 2958 5184 atque
3002 5111 3183 5168 titulis
3217 5111 3358 5180 suis,
3394 5110 3624 5170 titulum
3653 5111 3699 5167 S.
3723 5107 3798 5161 lla-

424 5203 561 5260 vico
589 5202 693 5275 qui
721 5206 970 5258 vocatur
999 5201 1247 5272 Galeria,
1277 5217 1414 5258 cum
1455 5201 1737 5258 omnibus
1769 5201 1880 5257 sibi
1912 5199 2087 5274 perti-
2194 5201 2294 5257 riae
2347 5201 2407 5257 in
2473 5201 2764 5258 Scrofano
2816 5218 2955 5257 cum
3012 5202 3183 5257 terris
3243 5207 3300 5259 et
3351 5201 3563 5274 vineis,
3619 5195 3796 5256 titulum

426 5293 731 5367 nantibus,
755 5298 811 5350 et
837 5298 991 5350 terra
1013 5292 1370 5364 Similitaria,
1393 5309 1526 5366 quae
1553 5297 1796 5349 vocatur
1826 5294 2083 5360 Pastina,
2197 5293 2252 5348 S.
2288 5291 2569 5365 Stephani
2598 5291 2659 5347 in
2689 5294 2925 5361 Matera,
2957 5290 3191 5348 titulum
3219 5293 3275 5347 S.
3305 5291 3500 5367 Mariae
3530 5296 3586 5352 in
3614 5293 3798 5348 Matera.

427 5385 608 5455 longe
638 5363 720 5441 ab
746 5399 870 5439 uno
911 5383 1111 5451 latere,
1145 5363 1722 5452 Gualdus_Donicus,
1754 5398 1790 5439 a
1820 5381 2085 5438 secundo
2195 5363 2431 5438 titulum
2483 5382 2536 5437 S.
2588 5381 2762 5438 Blasii
2814 5381 2876 5437 in
2930 5381 3234 5448 Scrofano,
3290 5363 3529 5444 titul/um
3587 5385 3638 5439 S.
3675 5379 3799 5433 Joan-

429 5480 584 5533 terra
634 5477 688 5533 S.
722 5474 866 5531 Petri
899 5489 1035 5546 quae
1085 5473 1421 5547 appellatur
1464 5489 1715 5547 campus
1753 5475 2083 5544 Massanus,
2193 5471 2286 5527 nis
2335 5470 2398 5527 in
2445 5473 2576 5544 ipso
2610 5470 2916 5540 Scrofano,
2947 5476 3006 5528 et
3038 5471 3092 5527 8.
3130 5469 3404 5544 Eugeniae
3435 5490 3573 5532 cum
3604 5465 3743 5527 terris
3765 5461 3800 5512 ει

430 5579 468 5623 a
496 5566 664 5624 tertio
694 5566 896 5636 latere,
919 5579 1096 5621 mons
1124 5565 1392 5633 Ationus,
1422 5580 1458 5620 a
1484 5569 1720 5638 quarto,
1744 5579 1922 5620 mons
1940 5566 2087 5619 Pau-
2193 5562 2406 5635 vineis,
2437 5559 2732 5634 simulque
2762 5561 3003 5636 plebem
3027 5563 3082 5619 S.
3111 5560 3312 5620 Mai-ite]
3330 5567 3387 5623 in
3420 5558 3684 5623 Molmula
3702 5561 3800 5638 cutn

427 5656 611 5720 nimis
637 5635 990 5718 constitutus
1013 5655 1187 5732 juxta
1227 5635 1643 5732 supradictum
1687 5653 2084 5732 episcopium,
2196 5653 2362 5712 terris
2392 5656 2448 5714 et
2477 5651 2666 5712 vineis
2687 5655 2744 5713 et
2765 5635 2940 5722 titulo
2965 5667 3097 5724 suo,
3129 5657 3182 5710 et
3213 5655 3275 5718 ξ...
3305 5654 3515 5730 Angeli
3535 5635 3799 5712 οωωιοπὶε
