3998 6176
253 126 394 185 “29

1496 126 1845 187 EPISTOL'E
1883 127 1970 184 ET
2008 128 2429 191 ΒιΡιοΜΑΤΑ.

3540 159 3679 216 H30

257 256 316 309 et
341 248 553 311 vineis.
583 248 1024 310 Conﬁrmamus
1053 253 1234 309 etiam
1258 252 1432 310 vobis
1461 254 1682 312 casalia
1705 259 1766 311 et
1817 269 1911 310 co-
1938 253 1991 308 A
2026 255 2235 314 Gloria
2263 259 2326 315 in
2355 264 2605 322 excelsis
2634 267 2756 325 Deo
2782 268 3095 343 diceretur,
3144 279 3201 333 et
3254 277 3317 334 in
3346 280 3679 342 Parasceve

254 342 473 412 lonias,
499 346 677 414 atque
699 343 1010 399 castellum
1038 343 1099 397 in
1114 342 1437 414 integrum.
1458 346 1564 418 qui
1579 344 1915 419 appellatur

255 431 653 500 Dalmachia;
688 432 925 500 Balneo,
985 431 1209 503 Stabla,
1253 435 1687 501 Massaviliana,
1746 431 1839 490 vel
1866 433 1914 489 si

225 550 228 553 η
253 519 360 593 qui
383 519 515 576 aliis
543 521 855 577 vocabulis
881 525 1285 594 nuncupatur,
1319 538 1440 579 una
1469 539 1607 579 cum
1648 522 1911 590 familiis,

254 609 543 666 masculis
573 614 631 665 et
662 610 915 678 feminis,
941 626 1046 667 seu
1076 611 1305 668 colonis
1329 628 1438 686 per
1486 613 1726 683 singula
1781 613 1914 669 loca

257 698 713 772 pertinentibus,
748 716 887 756 cum
925 700 1099 769 casis,
1130 701 1319 758 vineis
1353 720 1366 771 ;
1425 703 1614 773 terris,
1641 702 1803 759 silvis
1860 707 1917 758 et

259 788 466 861 pratis,
497 788 669 862 aquis
718 790 1105 863 perennibus,
1155 790 1251 847 vel
1302 808 1441 848 cum
1497 792 1782 848 omnibus
1836 793 1915 850 ad

260 878 604 951 supradicta
654 879 894 952 casalia,
948 884 1005 936 et
1047 880 1313 937 colonias
1370 886 1555 955 atque
1605 883 1915 940 castellum

255 967 711 1041 pertinentibus,
740 970 1014 1047 positum.
1041 970 1103 1026 in
1133 971 1424 1027 territorio
1450 973 1743 1045 Nepesino
1784 974 1917 1030 mil-

255 1056 496 1113 liarium
551 1058 630 1114 ab
669 1058 817 1114 urbe
867 1059 1060 1116 Roma
1106 1059 1243 1134 plus
1268 1061 1468 1117 minus
1490 1061 1730 1132 viginti;
1766 1063 1916 1120 inter

256 1145 574 1203 attines-ab
595 1162 718 1203 uno
741 1147 923 1205 latere
953 1148 1072 1217 via,
1103 1150 1208 1222 qui
1238 1154 1330 1205 est
1356 1149 1509 1206 inter
1537 1150 1814 1208 militiam
1840 1153 1915 1209 de

255 1239 417 1292 turre
471 1236 546 1292 de
596 1237 952 1310 Crapacorio
1005 1242 1063 1294 et
1114 1242 1332 1295 terram
1378 1240 1453 1296 de
1509 1241 1814 1297 Pastoritia
1857 1243 1911 1297 S.

257 1325 425 1396 Petri,
459 1325 536 1381 ab
567 1325 685 1383 alio
708 1326 893 1382 latere
928 1332 1078 1383 terra
1108 1327 1182 1384 de
1214 1334 1415 1385 monte
1448 1329 1680 1397 Arsitio,
1709 1335 1767 1386 et
1816 1334 1916 1387 Fo-

259 1410 502 1486 eapran,
533 1414 638 1488 qui
664 1420 910 1473 vocatur
941 1415 1287 1483 Columella,
1335 1423 1389 1474 et
1424 1423 1576 1474 terra
1629 1418 1703 1474 (1e
1755 1423 1915 1476 turre

256 1502 331 1560 de
361 1504 740 1578 Crapacorio,
772 1522 907 1578 quas
937 1506 1276 1579 appellatur
1304 1510 1538 1575 Matera,
1558 1512 1617 1564 et
1640 1525 1675 1565 a
1699 1514 1915 1582 quarto

2019 362 2143 402 non
2169 353 2293 407 tam
2321 361 2663 414 reverenter
2692 359 2777 415 uti
2798 359 3053 419 decebat
3079 364 3345 424 oﬂicium
3371 369 3455 427 ibi
3473 371 3677 432 ﬁebat.

2023 437 2471 515 Condoluimus,
2500 451 2557 503 et
2577 447 2894 507 meliorare
2921 452 3036 510 hoc
3056 455 3362 529 cupientes
3416 477 3524 534 per
3567 480 3678 523 vos

2021 532 2371 604 vestrosque
2408 551 2809 612 successores,
2843 543 3163 600 statuimus
3185 550 3251 602 ut
3280 532 3445 607 omni
3476 568 3680 612 annua

2023 615 2119 707 die
2144 619 2450 681 Dominica
2474 627 2815 686 Palmarum
2847 647 2988 688 cum
3014 637 3402 707 processione
3449 642 3527 698 ab
3584 659 3679 701 ec-

2024 704 2206 763 clesia
2236 709 2291 765 S.
2324 714 2514 771 Mariae
2544 716 2604 772 in
2632 719 2798 775 Turri
2841 704 3086 794 exeatis,
3141 730 3198 781 et
3246 728 3551 788 venientes
3604 735 3685 792 ad

2023 811 2320 868 magnum
2349 801 2532 860 altare
2560 809 2616 863 8.
2648 810 2797 865 Petri
2826 810 3078 870 missam
3113 814 3441 877 celebretis.
3476 821 3685 880 Simili-

2024 886 2128 952 ter,
2160 890 2219 942 et
2239 890 2411 946 omni
2431 907 2591 950 anno
2616 896 2677 951 in
2718 898 2813 955 dic
2852 904 3047 959 Coenus
3102 907 3338 964 Domini
3390 925 3500 967 vos
3555 930 3685 970 ves-

2022 977 2265 1047 trosque
2295 994 2671 1040 successores
2711 988 2964 1047 missam
3022 1010 3204 1068 super
3252 997 3467 1057 eodem
3495 1002 3683 1062 altare

2026 1064 2081 1168 8.
2114 1067 2265 1168 Petri
2293 1068 2616 1140 celebrare,
2653 1076 2859 1135 Gloria
2893 1082 2959 1136 in
2990 1064 3235 1142 excelsis
3287 1089 3408 1146 Deo
3461 1092 3681 1168 dicere,

2115 1155 2378 1256 chrisma
2402 1161 2716 1256 conﬁcere,
2750 1171 2808 1222 et
2835 1171 3003 1240 quod
3032 1173 3111 1227 ad
3139 1176 3496 1252 episcopum
3546 1154 3682 1256 per:

2022 1242 2187 1311 tinet,
2209 1260 2387 1316 agere
2416 1249 2722 1321 volumus,
2747 1258 2803 1310 et
2830 1258 2997 1313 omni
3022 1242 3195 1317 anno
3231 1265 3306 1320 de
3351 1242 3684 1332 Parasceve

2026 1348 2210 1407 supra
2236 1336 2440 1410 ipsum
2468 1341 2657 1399 altare
2686 1345 2888 1416 majus
2920 1349 2976 1405 S.
3022 1352 3171 1407 Petri
3200 1356 3391 1412 totum
3420 1359 3687 1422 officium

2023 1432 2380 1496 reverenter,
2413 1434 2480 1485 ut
2517 1431 2688 1489 decet
2740 1450 2849 1490 vos
2905 1441 3260 1514 vestrosque
3314 1461 3689 1510 successores

2024 1512 2219 1604 iacere
2246 1516 2551 1588 volumus,
2581 1520 2644 1576 in
2673 1520 2896 1595 quibus
2938 1526 3129 1584 tribus
3160 1512 3408 1604 —missis,
3470 1538 3692 1599 scilicet

255 1592 437 1650 latere
467 1599 623 1651 terra
673 1596 730 1652 S.
760 1595 1078 1661 Laurentii,
1097 1612 1234 1669 quae
1265 1596 1601 1670 appellatur
1632 1598 1911 1667 Salieara,
1945 1614 1986 1669 Β
2024 1600 2087 1657 in
2116 1602 2305 1660 missa
2334 1592 2713 1681 Palmarum,
2728 1626 2835 1668 seu
2859 1612 2921 1668 in
2952 1615 3137 1673 missa
3179 1622 3373 1679 Cinna:
3395 1592 3407 1604 1

257 1687 312 1738 et
339 1683 503 1739 rivus
532 1684 636 1757 qui
662 1685 853 1756 pergit
880 1700 987 1758 per
1013 1688 1331 1742 Cussetum
1362 1692 1419 1743 et
1444 1687 1692 1745 Malean.
1749 1689 1915 1745 ltem-

257 1788 376 1845 que
403 1773 811 1842 concedimus,
855 1778 912 1830 et
940 1775 1369 1832 conﬁrmamus
1416 1777 1589 1833 vobis
1622 1779 1680 1834 in
1708 1794 1916 1852 perpe-

259 1867 432 1918 tuum
461 1863 774 1920 ecclesiam
802 1865 899 1921 SS.
930 1865 1155 1921 Ruﬁnte
1177 1870 1234 1921 et
1259 1867 1564 1934 Secundae,
1599 1868 1774 1924 sitam
1804 1870 1916 1924 Ro-

258 1968 375 2007 mae
398 1952 572 2024 juxta
615 1953 906 2025 palatium
960 1959 1253 2022 nostrum,
1305 1972 1443 2011 cum
1498 1954 1780 2013 omnibus
1835 1958 1915 2014 ad

259 2056 397 2097 eam
426 2042 875 2114 pertinentibus.
912 2042 1099 2097 Etiam
1151 2043 1537 2100 concedimus
1594 2049 1653 2101 et
1700 2046 1914 2103 conﬁr-

256 2146 498 2186 mamus
525 2131 696 2187 vobis
726 2131 787 2187 in
816 2136 1172 2204 perpetuum
1220 2132 1531 2190 ecclesiam
1580 2137 1635 2190 S.
1698 2136 1909 2205 Mariis,

254 2234 393 2274 cum
419 2220 703 2275 omnibus
728 2220 850 2275 suis
889 2220 1320 2292 pertinentibus
1348 2223 1503 2280 infra
1528 2225 1684 2281 hanc
1715 2226 1915 2283 civita-

250 2312 369 2363 tem
402 2310 757 2380 Romanam,
788 2325 912 2365 non
941 2309 1118 2382 longe
1150 2326 1186 2368 a
1207 2318 1410 2369 monte
1450 2315 1554 2387 qui
1607 2318 1913 2387 Augustus

249 2398 485 2454 dicitur.
521 2399 741 2456 Pariter
769 2401 1159 2458 concedimus
1187 2407 1245 2459 et
1274 2404 1711 2461 conﬁrmamus
1739 2405 1913 2462 vobis

248 2489 582 2562 vestrisque
611 2491 1060 2548 successoribus
1101 2492 1165 2548 in
1216 2498 1597 2566 perpetuum,
1648 2495 1821 2551 sicuti
1878 2513 1915 2553 a

249 2583 586 2635 memorato
618 2580 999 2637 sanctissimo
1027 2596 1210 2654 papa,
1241 2583 1364 2638 sive
1418 2600 1454 2639 a
1483 2585 1656 2641 certis
1686 2586 1912 2658 praede.

249 2667 590 2724 cessoribus
615 2668 837 2725 nostris
865 2669 1250 2742 pontiﬁcibus
1289 2687 1578 2728 concessa
1608 2676 1665 2729 et
1692 2673 1911 2730 conﬁr-

248 2761 413 2813 mata
469 2757 729 2827 fuerunt,
778 2757 1071 2825 videlicet,
1126 2760 1491 2817 monasteria
1530 2762 1798 2836 quinque
1851 2766 1905 2821 S.

252 2845 534 2919 Stephani
564 2846 818 2917 Majoris,
852 2851 909 2903 et
936 2847 1192 2913 Minoris,
1224 2851 1700 2924 Sanctorumque
1728 2856 1908 2909 Joan-

2025 1696 2082 1748 et
2104 1692 2387 1791 iri-officio
2417 1699 2763 1768 Parasceve,
2791 1702 3093 1776 quidquid
3116 1710 3248 1765 auri
3283 1712 3379 1768 vel
3434 1692 3686 1791 argenti,

2024 1781 2210 1854 pallii,
2244 1800 2349 1840 seu
2380 1801 2551 1855 certe,
2578 1789 2672 1845 vel
2694 1786 2949 1849 aliarum
2975 1809 3177 1855 rerum
3209 1816 3395 1874 supra
3419 1781 3549 1875 jam
3569 1781 3693 1864 dic:-

2025 1875 2085 1927 to
2112 1888 2283 1929 sacro
2305 1874 2476 1932 altari
2509 1879 2564 1933 S.
2596 1879 2764 1947 Petri,
2826 1881 2949 1939 sive
2985 1884 3049 1940 in
3101 1874 3475 1950 confessione
3527 1897 3690 1969 posi-

2024 1965 2175 2053 tum,
2207 1967 2311 2019 aut
2329 1964 2624 2035 jactatum
2654 1968 2829 2026 fuerit
2878 1973 2975 2028 vel
3029 1975 3198 2032 vobis
3251 1964 3551 2053 oblatum,
3605 1988 3685 2044 ab

2021 2049 2174 2147 hora
2202 2067 2326 2147 qua
2350 2052 2484 2127 ipsa
2511 2054 2718 2127 missa,
2745 2062 2803 2114 et
2820 2059 3086 2120 ofﬁcium
3113 2064 3397 2127 inchoata
3444 2049 3682 2147 fuerint,

2023 2144 2080 2196 et
2104 2140 2338 2213 expleta
2368 2159 2475 2217 per
2501 2150 2740 2203 nostros
2771 2151 3050 2208 custodes
3068 2153 3131 2209 in
3152 2162 3436 2229 vestram,
3463 2140 3688 2223 vestro;

2022 2245 2280 2303 rumque
2306 2248 2725 2291 successorum
2755 2236 3044 2311 similiter,
3074 2250 3305 2303 remota
3330 2252 3497 2307 omni
3547 2271 3686 2314 con-

2022 2318 2394 2412 tradictione,
2425 2321 2703 2412 deveniat
2727 2330 3104 2399 potestatem,
3136 2331 3198 2388 in
3244 2335 3468 2406 quibus
3511 2340 3685 2412 quin.

2021 2422 2141 2479 que
2169 2407 2383 2465 diebus
2410 2411 2459 2465 si
2488 2412 2660 2468 vobis
2698 2416 3032 2490 vestrisque
3063 2424 3512 2482 successoribus
3529 2407 3684 2487 utile

2020 2496 2223 2553 visum
2248 2497 2425 2555 fuerit
2448 2500 2711 2574 aliquem
2737 2503 3134 2563 diaconorum
3173 2516 3518 2574 nostrorum
3576 2520 3684 2576 mi-

2021 2585 2274 2643 nistrare
2299 2587 2379 2644 ob
2408 2588 2702 2647 honorem
2731 2593 2787 2649 S.
2818 2592 2973 2650 Petri
3001 2602 3266 2656 vestram
3285 2608 3681 2667 reverentiam

2020 2674 2302 2732 volumus
2327 2681 2528 2750 petere
2553 2697 2566 2748 ;
2593 2684 2949 2752 potestatem
2979 2690 3180 2744 autem
3207 2690 3479 2761 ejusdem
3502 2692 3685 2754 ecclec

2020 2764 2120 2819 sia:
2149 2766 2204 2822 S.
2241 2765 2394 2822 Petri
2418 2771 2476 2823 et
2505 2769 2985 2841 supradictorum
3016 2790 3261 2834 suorum
3284 2787 3681 2844 monasterio-

2016 2870 2175 2924 rum,
2208 2858 2265 2911 et
2292 2860 2507 2913 cuncta
2535 2858 2936 2918 ecclesiastica
2959 2863 3191 2935 judicia
3216 2866 3508 2943 ipsorum,
3571 2893 3677 2936 seu

244 2935 340 2991 nis
369 2941 427 2992 et
453 2935 637 3005 Pauli,
667 2940 726 2993 et
754 2939 812 2993 Β.
847 2937 1095 3007 Martini,
1124 2943 1303 3012 atque
1324 2940 1569 3009 Theclaa,
1627 2944 1907 3001 eonstitu-
1946 2970 1986 3027 ρ
2015 2943 2195 3000 totius
2225 2945 2476 3003 civitatis
2505 2949 2777 3006 Leoninaa
2810 2952 2979 3009 vobis
3006 2935 3335 3033 vestrisciue
3366 2935 3677 3037 successo-

245 3029 307 3081 ta
329 3026 502 3096 juxto
522 3040 811 3096 magnam
837 3026 1148 3083 ecclesiam
1176 3031 1231 3086 8.
1260 3030 1428 3097 Petri,
1463 3046 1601 3087 cum
1623 3033 1907 3091 omnibus

246 3130 455 3171 eorum
488 3115 880 3189 pertinentiis,
912 3132 1245 3191 omnesque
1266 3120 1749 3178 consecrationes
1768 3139 1905 3196 quae

242 3205 470 3262 ibidem
501 3210 657 3276 sunt,
690 3205 883 3262 autin
911 3206 1196 3279 praedicta
1225 3207 1387 3264 alma
1418 3208 1669 3267 ecclesia
1711 3214 1766 3269 8.
1801 3215 1904 3269 Pe-

246 3294 339 3362 tri,
369 3299 474 3352 aut
496 3293 558 3350 in
583 3294 808 3351 caeteris
833 3295 1119 3365 ecclesiis,
1151 3312 1288 3369 qum
1316 3302 1455 3353 sunt
1478 3300 1809 3356 constituta:
1843 3301 1904 3358 in

245 3389 367 3442 tota
388 3383 620 3440 civitate
643 3384 922 3452 Leonina,
950 3388 1007 3441 et
1037 3385 1088 3440 si
1114 3386 1522 3443 necessarium
1574 3388 1748 3445 fuerit
1802 3406 1903 3447 eas

243 3489 617 3545 consecrare,
648 3473 850 3530 nullus
874 3473 1026 3530 alius
1055 3474 1380 3550 episcopus
1404 3475 1482 3534 ad
1507 3477 1622 3534 tale
1643 3478 1905 3536 ministe—

240 3563 420 3635 rium,
449 3563 544 3620 vel
572 3564 1085 3621 consecrationem
1110 3566 1392 3623 accedere
1414 3573 1757 3640 praesumat,
1784 3570 1901 3626 nisi

240 3670 352 3711 vos
375 3654 674 3727 vestrique
705 3670 1080 3711 successores
1110 3655 1375 3728 episcopi
1406 3657 1462 3713 8.
1498 3657 1669 3714 Silvm
1698 3659 1900 3716 candi-

240 3744 334 3801 dae
360 3742 624 3800 ecclesiae
655 3743 715 3800 in
738 3748 1116 3817 perpetuum.

314 3832 712 3891 Concedimus
742 3838 944 3889 autem
973 3837 1031 3889 et
1058 3832 1491 3891 conﬁrmamus
1535 3835 1709 3892 vobis
1763 3854 1899 3893 ves-

242 3924 465 3988 trisque
493 3923 939 3980 successoribus
963 3922 1023 3978 in
1048 3927 1411 3997 perpetuum
1448 3925 1502 3981 S.
1536 3924 1699 3981 diem
1752 3927 1898 3984 Sab-

239 4013 367 4071 bati
395 4013 476 4070 ad
526 4012 811 4086 baptismi
855 4017 1302 4069 sacramentum
1362 4012 1811 4083 celebrandum,
1842 4020 1900 4073 et

241 4107 434 4160 totum
485 4102 751 4160 ofﬁcium
801 4102 1167 4173 faciendum,
1214 4103 1276 4159 in
1330 4103 1580 4161 ecclesia
1633 4106 1696 4160 Β.
1750 4107 1899 4162 Petri

241 4193 520 4267 apostoli,
542 4198 598 4252 et
626 4208 809 4266 supra
838 4208 1130 4263 magnum
1156 4192 1358 4260 altare,
1390 4194 1450 4249 in
1472 4210 1594 4267 quo
1617 4199 1738 4251 toto
1758 4211 1892 4252 ven.

240 4284 432 4356 altari,
465 4301 573 4343 seu
598 4284 658 4340 in
689 4283 1082 4353 confessione,
1114 4282 1412 4357 q'iidquid
1457 4284 1607 4352 auri,
1661 4285 1758 4341 vel
1807 4302 1898 4342 ar-
1928 4326 1974 4381 Β

181 4411 197 4432 1
239 4374 419 4445 genti,
452 4374 636 4447 pallii,
667 4373 763 4430 vel
791 4390 961 4438 cerae,
995 4373 1118 4429 sive
1177 4372 1434 4430 aliarum
1487 4391 1689 4432 rerum
1738 4376 1899 4449 posi-

240 4469 387 4534 tum,
418 4463 512 4519 vel
532 4463 822 4531 oblatum,
853 4463 949 4519 vel
986 4464 1280 4535 jactatum
1330 4462 1523 4535 fuerit,
1577 4465 1669 4520 vel
1722 4464 1897 4522 vobis

237 4552 528 4618 oblatum,
554 4552 633 4608 ab
658 4554 808 4609 hora
834 4551 1107 4609 videlicet
1126 4552 1243 4608 diei
1275 4552 1463 4619 tertia,
1499 4569 1619 4625 qua
1664 4553 1896 4624 ingredi

240 4642 552 4699 ecclesiam
583 4641 662 4698 ad
682 4641 1090 4698 ordinandum
1112 4646 1169 4698 et
1188 4642 1603 4716 peragendum
1622 4641 1895 4699 divinum

238 4730 504 4789 ofﬁcium
533 4747 643 4788 vos
673 4731 976 4797 volumus,
1004 4735 1060 4787 et
1108 4747 1427 4804 usquequo
1483 4730 1782 4804 expletam
1835 4734 1891 4790 S.

240 4821 561 4878 Dominica;
580 4820 699 4877 dici
716 4821 962 4877 missam
989 4821 1320 4878 habueritis
1340 4837 1448 4895 per
1471 4825 1705 4878 vestros
1728 4837 1896 4879 cura—

236 4916 395 4968 tores
424 4912 487 4967 in
514 4915 776 4968 vestram
806 4914 1265 4984 vestrorumque
1315 4927 1753 4980 successorum,
1805 4928 1895 4969 re-

235 5005 403 5059 mota
440 5002 605 5059 omni
636 4999 1125 5069 contradictione,
1184 5000 1461 5058 deveniat
1513 5002 1888 5075 potestatem.

236 5094 306 5150 Et
354 5091 500 5165 quia
552 5107 748 5165 usque
805 5089 886 5147 ad
939 5082 1215 5146 nostrum
1241 5093 1483 5163 tempus
1540 5091 1603 5147 in
1642 5091 1894 5163 praefata

235 5181 483 5239 ecclesia
554 5183 609 5239 S.
663 5180 835 5251 Petri,
894 5196 929 5236 a
981 5194 1105 5253 qua
1152 5195 1305 5252 pene
1361 5196 1571 5235 omnes
1629 5180 1891 5238 ecclesiae

234 5272 573 5330 doctrinam
626 5275 1005 5344 acceperunt,
1062 5270 1213 5325 sicut
1260 5284 1295 5325 a
1350 5269 1637 5340 magistra
1683 5277 1739 5328 et
1776 5275 1891 5328 Do-

233 5363 421 5432 mina,
478 5363 607 5420 dies
654 5361 963 5419 Dominica
1015 5359 1377 5431 Palmarum,
1429 5364 1486 5415 et
1528 5360 1655 5415 dies
1700 5364 1892 5418 Coenze

235 5451 475 5508 Domini
513 5456 568 5507 et
617 5452 939 5507 Parasceve
993 5453 1119 5504 tam
1164 5448 1554 5503 irreverenter
1609 5448 1892 5506 coleban-

235 5545 352 5609 tur,
399 5546 464 5598 ut
516 5556 627 5597 nec
679 5538 983 5613 processio
1030 5555 1167 5594 cum
1220 5536 1436 5612 palmis
1488 5536 1549 5591 in
1607 5537 1738 5610 ipsa
1796 5539 1891 5596 die

232 5629 547 5689 Dominica
566 5629 651 5687 ibi
679 5630 864 5699 ﬁeret,
919 5643 1114 5703 neque
1166 5626 1229 5686 in
1271 5625 1367 5684 die
1420 5641 1607 5685 recente
1658 5627 1892 5688 Domini

558 5721 802 5779 Ρηκοι..
838 5719 1026 5778 CXLI.

2013 3034 2180 3090 ribus
2208 3036 2597 3094 concedimus
2623 3044 2681 3095 et
2699 3041 3152 3117 conﬁrmamus,
3174 3034 3471 3127 similique
3490 3058 3676 3117 modo

2016 3122 2096 3180 ad
2151 3123 2570 3195 inungendum
2619 3133 2676 3184 et
2721 3134 3200 3192 consecrandum
3249 3122 3674 3214 imperatorem

2011 3212 2279 3286 primum
2307 3218 2573 3271 vestram
2598 3220 2656 3272 et
2697 3222 3034 3277 vestrorum
3091 3212 3507 3289 successorum
3558 3238 3678 3308 epi-

2014 3317 2338 3376 scoporum
2367 3303 2793 3362 fraternitatem
2846 3323 3274 3384 eonvocamus,
3331 3322 3396 3375 ut
3448 3303 3672 3394 quibus

2010 3392 2277 3462 regimen
2305 3393 2482 3450 totius
2511 3394 2784 3451 Ecclesiae
2817 3398 2874 3454 8.
2905 3399 3056 3456 Petri
3083 3405 3142 3458 et
3177 3403 3425 3464 civitatis
3468 3392 3673 3470 Leoni-

2009 3498 2104 3538 naa
2127 3482 2522 3539 commissum
2547 3488 2635 3541 est
2664 3485 2742 3542 ab
2764 3486 2859 3543 his
2884 3488 3150 3561 primum
3174 3492 3249 3550 sit
3261 3493 3665 3561 benedictum.

2008 3575 2123 3629 Nec
2152 3588 2278 3630 non
2305 3578 2522 3630 cuncta
2552 3589 2727 3633 sacra
2754 3576 2971 3652 ofﬁcia,
3014 3596 3121 3638 seu
3171 3587 3491 3661 mysteria,
3531 3608 3668 3666 quae

2007 3677 2119 3719 nos
2147 3667 2205 3718 et
2232 3678 2609 3720 successores
2634 3666 2821 3722 nostri
2857 3666 3051 3726 facere
3081 3670 3395 3743 debemus,
3427 3678 3477 3736 si
3499 3683 3669 3754 aegri-

2009 3751 2234 3819 tudine,
2264 3751 2361 3808 vel
2389 3752 2591 3827 aliqua
2620 3771 2765 3812 cura
2789 3755 3060 3830 impediti
3084 3759 3280 3820 facere
3300 3781 3423 3823 non
3448 3751 3669 3842 possu-

2007 3855 2167 3905 mus,
2194 3841 2399 3896 tamin
2425 3843 2771 3913 supradicta
2790 3845 3045 3902 ecclesia
3068 3850 3123 3904 8.
3154 3852 3321 3919 Petri,
3346 3859 3404 3909 et
3424 3873 3670 3918 monas-

2008 3927 2169 3984 teriis
2195 3928 2323 3983 suis
2354 3945 2541 4001 quam
2568 3946 2678 4003 per
2729 3936 2919 3988 totam
2967 3934 3267 3994 civitatem
3320 3944 3664 4016 Leoninam,

2005 4034 2114 4091 per
2163 4033 2276 4073 vos
2315 4020 2667 4091 vestrosque
2722 4036 3101 4079 successores
3151 4025 3280 4082 ﬁeri
3337 4033 3669 4102 apostolica

2007 4105 2354 4162 auctoritate
2375 4103 2774 4163 decernimus.

2079 4193 2597 4252 Consecrationem
2645 4212 2789 4253 vero
2844 4197 3123 4259 altarium
3174 4204 3436 4265 ecclesiae
3463 4212 3519 4268 S.
3565 4215 3668 4271 Pe-

2005 4284 2077 4341 tri
2134 4288 2193 4343 et
2233 4282 2489 4341 aliorum
2538 4287 3058 4360 monasteriorum,
3105 4308 3216 4352 nec
3284 4313 3409 4356 non
3455 4317 3666 4360 conse-

2006 4373 2333 4431 crationem
2416 4374 2823 4449 ecclesiarum,
2882 4378 3180 4455 altarium,
3259 4390 3663 4461 sacerdotum,

2004 4462 2421 4533 diaconorum,
2480 4480 2586 4521 seu
2637 4466 3105 4530 diaconistarum
3181 4476 3359 4532 totius
3415 4479 3666 4536 civitatis

2005 4552 2279 4610 Leoninaa
2335 4554 2528 4624 vobis,
2559 4546 2899 4632 vestrisque.
2943 4565 3389 4621 successoribus
3440 4566 3503 4623 in
3538 4583 3668 4640 per-

2002 4646 2273 4716 petuum,
2332 4642 2484 4701 sicut
2537 4645 2918 4718 praelibatum
3000 4655 3107 4722 est,
3157 4653 3550 4711 concedimus
3608 4662 3665 4715 et

2003 4732 2455 4791 conﬁrmamus.
2515 4736 2822 4809 Superque
2861 4737 3042 4794 etiam
3100 4738 3367 4799 ecclesiae
3426 4744 3521 4801 SS.
3556 4748 3667 4804 Ru-

2001 4822 2140 4879 ﬁnte
2191 4826 2247 4879 et
2305 4824 2615 4891 Secundae,
2688 4825 2784 4882 cui
2841 4829 2961 4883 Deo
3017 4832 3259 4885 auctore
3306 4832 3665 4910 praesidetis,

2003 4912 2177 4969 vobis
2248 4912 2576 4986 vestrisque
2647 4916 3097 4973 successoribus
3164 4918 3227 4975 in
3303 4927 3665 4995 perpetuum

2002 4999 2389 5057 concedimus
2435 5005 2493 5056 et
2543 5002 2977 5060 conﬁrmamus
3032 5005 3213 5064 etiam
3243 5007 3558 5069 ecclesiam
3600 5016 3662 5072 S.

2000 5088 2303 5146 Adalberti
2332 5093 2390 5145 et
2452 5088 2680 5146 Paulini
2726 5107 2867 5148 cum
2919 5092 3169 5151 ecclesia
3223 5098 3280 5154 S.
3341 5101 3661 5171 Benedicti,

2002 5182 2059 5234 et
2081 5178 2249 5233 omni
2278 5194 2390 5234 sua
2416 5178 2749 5248 integritate
2778 5188 2836 5238 et
2860 5184 3248 5258 pertinentiis,
3281 5192 3339 5244 et
3386 5188 3539 5247 sicut
3586 5193 3666 5250 ad

2000 5284 2221 5324 manus
2248 5273 2479 5325 vestras
2506 5268 2686 5326 hodie
2717 5272 2926 5329 tenetis
2944 5274 3143 5348 posita
3169 5276 3323 5334 infra
3350 5279 3533 5339 .haric
3589 5284 3669 5340 ci-

1998 5358 2251 5415 vitatem
2274 5359 2614 5416 Romanam
2638 5360 2698 5417 in
2728 5361 2925 5420 insula
2954 5367 3277 5438 Lycaonia,
3310 5374 3377 5426 ut
3395 5372 3469 5427 sit
3488 5373 3662 5430 vobis

1997 5446 2328 5521 vestrisque
2355 5450 2803 5508 successoribus
2822 5468 2961 5510 cum
2989 5454 3292 5513 volueritis
3322 5461 3661 5535 episcopale

2001 5536 2391 5607 domicilium,
2421 5544 2477 5596 et
2504 5555 2839 5611 congruum
2865 5547 3313 5620 receptaculum
3372 5558 3662 5625 opportu-

2002 5634 2273 5705 numque
2329 5624 2762 5707 habitaculum,
2820 5635 3342 5710 quemadmodum
3379 5624 3662 5707 interesse

3180 5728 3319 5793 ‘36
