3996 6168
456 129 587 186 1131

452 251 689 309 videtur
708 252 1094 307 Portuensem
1135 245 1470 315 ecclesiam,
1530 246 1588 304 8.
1637 247 1930 302 Joannem
1960 244 2110 300 inter

451 340 607 398 duos
635 342 868 413 pontes,
895 335 1281 410 presbyteros
1311 350 1455 390 vero
1485 338 1542 390 et
1572 333 1838 402 clericos,
1868 332 1973 406 qui
1997 349 2108 406 pro

451 434 719 503 tempore
749 428 809 483 in
839 425 1055 482 eadem
1093 424 1345 482 ecclesia
1381 427 1436 480 S.
1473 423 1798 492 Adalberti,
1857 422 2106 491 Paulini,

449 525 508 577 et
533 517 830 574 Benedicti
860 516 1099 586 fuerint,
1126 516 1208 572 ita
1253 515 1556 586 subjectos
1584 514 1752 572 vobis
1793 529 1923 570 esse
1946 512 2108 568 volu-

446 625 583 666 mus
605 611 670 664 ut
693 606 968 680 proprios
997 605 1154 662 ﬁlios
1183 604 1446 661 ecclesiae
1477 608 1702 672 vestrae,
1733 608 1789 659 et
1832 603 1910 659 ab
1942 601 2107 658 omni

441 699 575 769 jure
604 696 736 753 illos
761 696 1194 763 subtrahimus,
1223 699 1340 751 tuae
1369 694 1712 768 paternitati
1742 697 1944 750 tamen
1999 708 2103 748 eos

443 786 902 856 committentes,
951 789 1016 841 ut
1070 783 1453 840 solummodo
1500 787 1766 840 vestrum
1809 782 2105 854 judicium

442 878 805 949 exspectent,
832 877 1030 930 vestro
1059 872 1328 929 dominio
1343 871 1729 941 famulentur,
1760 875 1818 928 et
1841 887 1948 944 per
1972 887 2103 939 om:

440 965 544 1022 nia
568 963 779 1021 vestris
805 962 1200 1020 rationalibus
1226 960 1644 1018 obsecundent
1665 959 1988 1029 mandatis,
2015 965 2098 1026 ut,

441 1054 753 1129 quomodo
784 1053 956 1110 vobis
1001 1053 1216 1126 placet,
1263 1068 1365 1108 eos
1415 1051 1714 1119 ordinare,
1766 1050 2101 1108 secundum

442 1146 629 1211 decet,
657 1159 882 1214 regere,
910 1142 1233 1199 informare
1263 1145 1321 1197 et
1345 1140 1668 1197 emendare
1698 1144 1903 1198 nostra
1928 1156 2100 1214 apos-

439 1235 617 1292 tolica
647 1233 995 1290 auctoritate
1027 1231 1088 1287 in
1138 1235 1497 1304 perpetuum
1549 1230 1742 1298 liceat,
1800 1229 2098 1304 praedictis

436 1340 576 1380 vero
600 1322 885 1380 omnibus
906 1321 1070 1389 locis,
1097 1326 1154 1377 et
1169 1321 1408 1378 familiis
1427 1337 1567 1378 cum
1584 1321 1865 1378 omnibus
1887 1336 2097 1376 eorum

435 1411 890 1488 pertinentibus,
924 1411 1077 1466 sicut
1105 1411 1379 1484 superius
1406 1410 1593 1467 missa
1646 1415 1803 1478 sunt,
1860 1427 1897 1466 a
1947 1425 2096 1482 prae-

435 1500 832 1560 sentideeima
859 1500 1204 1570 indictione,
1238 1499 1363 1570 tibi,
1388 1500 1624 1572 tuisque
1647 1499 2094 1556 successoribus

432 1593 496 1649 in
529 1593 744 1648 eodem
769 1589 1092 1646 venerabili
1121 1589 1426 1662 episcopio
1465 1589 1524 1645 in
1580 1593 1938 1662 perpetuum
1991 1587 2096 1642 do-

431 1697 673 1748 namus,
719 1679 1030 1749 largimur,
1095 1677 1487 1734 concedimus
1537 1682 1594 1733 et
1635 1677 2092 1745 conﬁrmamus,

428 1776 610 1844 atque
642 1768 979 1825 stabilimus
1002 1767 1342 1840 perenniter
1367 1766 1426 1821 in
1457 1782 1636 1822 usum
1685 1770 1742 1821 et
1782 1765 2093 1821 utilitatem

425 1860 621 1933 ipsius
647 1857 1006 1915 venerabilis
1026 1856 1332 1929 episcopii,
1348 1860 1404 1912 et
1430 1855 1850 1929 episcoporum
1865 1855 1969 1928 qui
1988 1871 2094 1928 per

427 1954 703 2021 tempora
753 1948 1048 2002 tenuerint
1101 1946 1298 2017 ipsam
1341 1945 1675 2001 ecclesiam.
1756 1946 2089 2001 Statuentes

427 2038 653 2111 quippe
683 2034 1013 2108 apostolica
1042 2049 1318 2104 censura,
1352 2034 1466 2091 sub
1488 2034 1674 2090 divini
1725 2033 1935 2105 judicii
1989 2034 2092 2089 ob-

426 2127 737 2183 testatione
763 2123 1243 2180 etanathematis
1284 2123 1618 2194 interdicto,
1661 2128 1726 2179 ut
1775 2122 1921 2179 nulli
1973 2140 2086 2179 un-

425 2231 613 2290 quam
643 2219 986 2272 nostrorum
1018 2229 1438 2270 successorum
1460 2213 1834 2286 pontificum,
1867 2211 1962 2269 vel
1983 2213 2087 2284 qui

422 2305 698 2379 publicas
727 2302 912 2359 functi
934 2302 1150 2358 fuerint
1175 2303 1460 2370 actiones,
1496 2301 1591 2358 vel
1634 2301 1750 2358 alia
1807 2301 2085 2374 quaelibet

423 2410 672 2465 magna,
701 2408 1011 2466 parvaque
1037 2408 1298 2466 persona
1343 2391 1564 2449 audeat
1615 2390 1708 2447 vel
1756 2395 2085 2464 praesumat

422 2481 652 2556 aliquid
682 2482 758 2538 de
779 2482 1062 2538 omnibus
1089 2498 1222 2554 quae
1252 2497 1436 2554 supra
1457 2480 1854 2547 continentur,
1875 2484 2083 2537 contra

419 2573 535 2630 hoc
584 2577 858 2629 nostrum
905 2571 1247 2645 pontiﬁcale
1293 2569 1668 2643 privilegium
1715 2585 1913 2640 agere.
1990 2569 2083 2626 vel

422 2663 682 2720 alienare
703 2668 806 2720 aut
826 2662 1079 2733 auferre,
1101 2661 1320 2718 scilicet
1339 2660 1539 2734 potius
1564 2660 1739 2716 ﬁrma
1761 2664 1939 2731 atque
1965 2663 2080 2713 sta-

417 2753 562 2810 bilia
590 2753 892 2826 perpetuis
920 2751 1315 2825 temporibus,
1345 2749 1514 2806 sicuti
1545 2766 1582 2805 a
1629 2749 1805 2805 nobis
1858 2751 2080 2804 statuta

419 2848 477 2900 et
505 2843 862 2899 conﬁrmata
891 2846 1051 2910 sunt,
1097 2840 1476 2897 decernimus
1524 2839 1957 2914 permanentia.
2021 2838 2078 2894 Si

417 2933 554 3006 quis
585 2937 810 2999 autem,
837 2931 1003 3005 quod
1028 2947 1152 2987 non
1203 2935 1504 3004 optamus,
1557 2928 1872 2986 temerario
1924 2944 2078 2984 ausu

419 3025 626 3077 contra
655 3020 770 3076 hoc
821 3024 1100 3076 nostrum
1151 3018 1549 3092 apostolicum
1588 3017 1966 3091 privilegium
2013 3016 2074 3071 in

416 3125 730 3183 quoquam
789 3114 1194 3179 transgressor
1249 3124 1382 3164 esse
1457 3107 1912 3181 praesumpserit
1983 3105 2076 3162 vel

414 3199 687 3270 frangere
717 3215 901 3257 ausus
925 3197 1121 3265 fuerit,
1155 3201 1212 3254 et
1240 3198 1300 3254 in
1333 3197 1617 3254 omnibus
1665 3196 1956 3253 obediens
2018 3201 2076 3252 et

413 3287 759 3346 observator
787 3303 919 3344 esse
962 3286 1238 3355 noluerit,
1275 3287 1424 3343 sciat
1463 3303 1524 3343 se
1577 3286 1927 3342 auctoritate
1972 3284 2073 3340 Dei

411 3377 838 3452 omnipotentis
867 3381 924 3434 et
952 3376 1183 3433 domini
1203 3376 1392 3433 nostri
1415 3375 1825 3450 apostolorum
1851 3374 2070 3448 princi-

409 3469 505 3542 pis
536 3468 704 3534 Petri,
732 3467 926 3538 cujus,
957 3465 1092 3522 licet
1141 3464 1440 3529 immeriti,
1475 3465 1576 3520 Dei
1607 3469 1810 3522 tamen
1864 3464 2072 3533 digna-

412 3558 568 3614 tione
595 3557 856 3627 gerimus
884 3555 1068 3624 vices,
1101 3555 1501 3612 anathematis
1525 3555 1763 3611 vinculo
1819 3554 2070 3611 innoda-

409 3649 559 3714 tum,
588 3651 711 3703 eta
753 3661 938 3716 regno
991 3644 1094 3700 Dei
1146 3643 1433 3712 alienum,
1493 3649 1672 3717 atque
1721 3661 1860 3700 eum
1916 3645 2070 3701 Juda

406 3735 690 3792 traditore
714 3733 947 3791 Domini
988 3732 1176 3790 nostri
1230 3735 1368 3789 Jesu
1425 3731 1635 3790 Christi
1682 3736 1740 3789 et
1783 3733 2067 3790 omnibus

405 3824 605 3898 impiis
634 3824 830 3881 socius
854 3823 926 3880 sit
948 3822 1011 3879 in
1033 3821 1286 3878 inferno.
1319 3821 1431 3888 Qui
1487 3837 1626 3878 vero
1682 3839 1793 3896 pro
1849 3822 2067 3880 intuitu

405 3918 606 3972 custos
633 3917 690 3971 et
714 3913 1066 3970 observator
1092 3911 1275 3982 hujus
1305 3910 1491 3967 nostri
1522 3910 1834 3984 apostolici
1886 3911 2065 3986 privi-

402 4003 540 4075 legii
566 4002 866 4069 exstiterit,
886 4001 1111 4059 meritis
1133 4005 1312 4074 atque
1335 4000 1614 4074 precibus
1670 4003 1728 4058 B.
1753 4001 1901 4058 Petri
1923 4018 2064 4074 apo-

403 4094 694 4150 stolorum
723 4091 1028 4166 principis,
1058 4096 1114 4147 et
1169 4092 1264 4148 SS.
1319 4097 1660 4164 martyrum
1716 4090 1948 4147 Ruﬁna:
2006 4097 2063 4148 et

402 4183 690 4240 Secundae
716 4184 778 4238 in
799 4183 1069 4239 aathereis
1099 4182 1338 4239 arcibus
1374 4182 1644 4255 praemia,
1704 4188 1761 4238 et
1809 4182 2058 4240 benedi-

401 4271 612 4328 ctionis
671 4271 926 4342 gratiam
979 4275 1159 4345 atque
1246 4271 1738 4340 misericordiam,
1807 4288 1842 4328 a
1893 4273 2055 4345 justo

394 4361 598 4433 jndiee
641 4361 896 4418 Domino
947 4362 1066 4416 Deo
1121 4364 1346 4429 nostro,
1393 4361 1579 4418 vitam
1611 4365 1897 4418 aeternam
1927 4378 2056 4436 per-

398 4451 594 4525 cipere
622 4455 678 4508 et
701 4449 965 4508 invenire
991 4453 1290 4508 mereatur
1317 4451 1378 4506 in
1424 4450 1643 4508 saecula
1672 4451 2052 4508 saeculorum.

396 4546 606 4599 Am'en.

466 4631 764 4706 Scriptum
793 4646 902 4704 per
921 4645 1175 4688 manum
1203 4631 1432 4701 Georgii
1463 4631 1680 4688 notarii
1733 4631 2054 4703 regionarii

394 4724 574 4794 atque
600 4719 905 4794 scriptoris
935 4721 990 4775 S.
1019 4723 1084 4776 Β.
1119 4719 1390 4775 Ecclesiae
1435 4720 1496 4774 in
1553 4735 1759 4781 mense
1814 4723 2053 4778 Decem-

390 4809 537 4882 bris,
569 4813 626 4866 et
654 4808 976 4866 indictione
1008 4823 1191 4880 supra
1217 4808 1438 4880 scripta
1466 4824 1523 4864 x.

463 4897 802 4956 Thebaldus
827 4895 970 4953 Bell.
1002 4899 1151 4962 tren,
1187 4895 1460 4952 Ecclesiae
1491 4895 1832 4970 episcopus.

461 4987 839 5045 Theobaldus
866 4985 1188 5060 episcopus
1210 4990 1430 5042 sancta:
1488 4985 1704 5044 Alban.
1753 4987 2044 5046 Ecclesiae.

460 5077 806 5136 Dominicus
840 5079 897 5134 8.
930 5074 1206 5133 Lavican.
1233 5075 1383 5132 Eccl.
1414 5075 1592 5149 episc.

457 5169 664 5224 Petrus
688 5169 964 5224 Prmnest.
1000 5166 1150 5222 Eccl.
1185 5167 1364 5240 episc.

458 5259 664 5314 Petrus
695 5257 882 5330 episc.
919 5257 974 5313 S.
1005 5255 1258 5313 Ostiens.
1291 5255 1582 5313 Ecclesiae.

459 5349 798 5421 Stephanus
825 5345 1139 5419 presbyter
1159 5345 1310 5402 tituli
1341 5349 1562 5404 sanctae
1593 5344 1859 5402 Caeciliae.

457 5436 805 5493 Benedictus
837 5434 1314 5494 archidiaconus.

456 5528 583 5597 Ugo
609 5526 920 5584 diaconus.

454 5617 660 5678 Petrus
691 5615 852 5679 card.
881 5614 966 5679 tit.
1006 5615 1062 5674 S.
1095 5613 1356 5677 Damasi.

1817 117 2106 176 JOANNIS
2142 104 2250 175 XIX
2288 119 2506 176 PAPE.

2095 4319 2138 4372 D

3693 141 3786 196 H3!

2152 246 2200 300 Α
2299 245 2668 302 Crescentius
2691 246 3004 306 diaconus.

2295 336 2558 392 Joannes
2598 336 3024 396 subdiaconus.

2292 425 2552 481 Joannes
2577 425 2742 484 card.
2777 428 2860 484 tit.
2888 431 2943 485 S.
2976 429 3167 486 Marci.

2289 516 2552 571 Joannes
2582 518 2816 574 Domini
2841 519 3029 589 gratia
3058 519 3374 578 diaconus.

2287 603 2554 660 Joannes
2581 605 2990 663 subdiaconus
3019 607 3092 664 de
3122 608 3280 666 Mira.

2284 695 2548 751 Joannes
2574 695 2888 769 presbyter
2917 697 2998 754 tit.
3152 698 3380 756 Callixti
3425 702 3480 757 in
3529 704 3790 763 Tradstibe-

2213 799 2348 839 rim.

2285 873 2660 930 Crescentius
2684 874 2993 932 diaconus.

2280 961 2636 1036 Rodulphus
2665 964 2949 1036 indignus
2979 967 3310 1040 presbyter,
3333 973 3388 1026 et
3417 969 3592 1028 abbas
3616 989 3676 1030 ex
3697 992 3788 1032 mo-

2209 1052 2492 1123 nasterio,
2524 1055 2579 1111 S.
2613 1055 2928 1126 Laurentii,
2960 1057 3062 1130 qui
3082 1059 3326 1130 ponitur
3353 1060 3412 1116 in
3443 1061 3708 1121 Clausura.

2277 1143 2540 1198 Joannes
2565 1142 2877 1216 presbyter
2905 1145 3067 1203 card.
3098 1146 3181 1202 tit.
3219 1149 3276 1204 S.
3322 1148 3624 1222 Grisogoni.

2280 1230 2512 1287 Franco
2544 1231 2856 1303 diaconus,

2279 1321 2616 1393 Raynerius
2645 1321 2958 1380 diaconus.

2280 1411 2498 1466 Datum
2528 1428 2625 1466 xvn
2656 1411 2790 1468 Kal.
2824 1413 3108 1482 Januarii,
3138 1430 3246 1488 per
3291 1433 3500 1473 manus
3553 1419 3783 1475 Benedicti

2206 1497 2855 1572 episeopiPortuensis.
2889 1507 2946 1558 et
2993 1503 3122 1560 vice
3173 1506 3463 1577 Peregrini
3521 1508 3781 1574 Coloniens,

2139 1606 2180 1660 Β
2206 1586 2645 1660 archiepiscopi
2663 1589 3095 1649 bibliothecarii
3109 1593 3504 1667 S.apostolie¢e
3516 1597 3782 1666 sedis,anno

2203 1675 2587 1748 pontiﬁcatus
2599 1678 2828 1734 domini
2840 1681 3023 1736 nostri
3037 1683 3286 1738 Joannis
3302 1684 3514 1740 summi
3535 1685 3779 1758 pontiﬁcis,

2205 1769 2262 1821 et
2282 1766 2635 1822 universalis
2667 1770 2775 1824 XlX
2800 1785 2970 1842 papae
2989 1770 3049 1826 in
3065 1773 3468 1830 sacratissima
3503 1775 3624 1831 sede
3643 1779 3689 1831 Β.
3714 1779 3779 1831 Pe

2203 1854 2276 1912 tri
2298 1855 2574 1928 apostoli,
2607 1857 2771 1914 tertio
2798 1875 3006 1916 mense
3038 1861 3343 1929 Decemb.,
3361 1863 3648 1920 indictione
3668 1882 3712 1921 ι.

2275 1946 2658 2002 Deeernimus
2687 1965 2829 2020 ergo
2858 1955 2923 2005 ut
2943 1951 3088 2006 nulli
3120 1953 3369 2009 omnino
3420 1955 3692 2011 hominum
3735 1955 3775 2009 li-

2200 2039 2331 2091 ceat
2357 2052 2431 2108 pr
2444 2036 2710 2094 Pdictam
2741 2038 3062 2096 Eeclesiam
3085 2047 3310 2099 temere
3337 2043 3667 2116 perturbare,
3705 2050 3774 2098 aut

2199 2125 2329 2196 ejus
2394 2127 2806 2198 possessiones
2855 2130 3109 2198 auferre,
3159 2132 3257 2188 vel
3308 2133 3525 2190 ablatas
3567 2134 3770 2194 retinere.

2195 2214 2491 2282 minuere,
2519 2215 2613 2271 vel
2641 2217 2874 2288 injustis
2894 2220 3314 2278 vexationibus
3334 2222 3581 2294 fatigare,
3609 2222 3769 2278 scilicet

2195 2299 2402 2354 omnia
2435 2299 2667 2371 integra
2698 2311 3128 2360 conserventur
3181 2323 3390 2362 eorum
3436 2325 3536 2381 pro
3576 2323 3769 2380 quorum

2193 2387 2385 2456 guber
2409 2389 2629 2446 latione
2652 2407 2720 2446 ae
2750 2393 3182 2450 sustentatione
3213 2411 3492 2452 concessa
3519 2401 3650 2456 sunt,
3695 2394 3769 2448 usi-

2188 2475 2310 2533 bus
2337 2479 2705 2536 omnimodis
2730 2482 3063 2554 profutura,
3094 2484 3265 2541 salva
3295 2486 3447 2542 sedis
3500 2484 3766 2560 apostolica

2190 2569 2559 2626 auctoritate.
2597 2571 2654 2627 Si
2679 2587 2813 2644 quae
2842 2572 3023 2644 igitur
3046 2574 3107 2630 in
3136 2575 3402 2632 futurum
3431 2576 3763 2637 ecclesiastica,

2189 2658 2514 2727 scecularis,
2555 2659 2651 2716 vel
2680 2660 2794 2717 alia
2825 2679 3105 2734 persona,
3139 2665 3301 2722 hanc
3331 2670 3534 2722 nostra:
3558 2663 3764 2720 constitu-

2188 2747 2365 2802 tionis
2394 2749 2707 2821 paginam,
2741 2751 2933 2807 sciens
2965 2759 3178 2810 contra
3209 2771 3342 2811 eam
3380 2761 3575 2811 temere
3619 2753 3760 2808 venire

2187 2837 2515 2910 tentaverit,
2551 2840 2814 2896 secundo
2841 2841 3083 2898 tertiove
3133 2846 3508 2914 commonita,
3556 2843 3646 2899 nisi
3677 2855 3762 2897 rea-

2116 2960 2156 3014 C
2187 2930 2316 2982 tum
2348 2945 2527 2984 suum
2558 2945 2826 3001 congrua
2856 2932 3264 2990 satisfactione
3305 2935 3607 3000 correxerit,
3649 2936 3759 3004 pote-

2184 3016 2350 3073 statis
2379 3017 2746 3093 honorisque
2778 3021 2868 3076 sui
2899 3027 3099 3079 careat
3119 3023 3426 3096 dignitate,
3453 3037 3686 3096 reamque
3716 3033 3755 3073 se

2183 3105 2390 3163 divino
2415 3107 2618 3179 judice
2649 3110 2892 3166 existere
2923 3111 2998 3167 de
3029 3119 3375 3187 perpetrata
3402 3113 3658 3187 iniquitate
3685 3125 3752 3164 co-

2184 3202 2458 3264 gnoscat,
2486 3202 2542 3253 et
2572 3214 2609 3254 a
2666 3200 3068 3257 sacratissimo
3129 3220 3382 3278 corpore
3431 3221 3494 3260 ac
3539 3199 3750 3270 sanguine

2183 3286 2284 3342 Dei
2313 3291 2371 3342 et
2400 3289 2635 3356 Domini
2663 3289 3074 3364 Redemptoris
3095 3295 3289 3350 nostri
3309 3298 3442 3351 Jesu
3465 3292 3634 3349 Christi
3657 3288 3749 3343 alie-

2179 3390 2261 3430 na
2289 3375 2414 3447 ﬁat,
2446 3381 2626 3450 atque
2652 3378 2713 3433 in
2735 3384 3001 3436 extremo
3027 3383 3308 3440 examine
3340 3383 3571 3440 districte
3610 3377 3743 3447 subje-

2178 3469 2310 3521 eeat
2341 3465 2569 3522 ultioni.
2603 3469 2838 3524 Cunctis
2869 3473 3071 3526 autem
3131 3473 3330 3529 eidem
3374 3473 3496 3529 loco
3543 3485 3621 3525 sua
3643 3468 3734 3536 jura

2178 3555 2577 3626 servantibus,
2629 3557 2864 3630 sitjpax
2919 3559 3154 3616 Domini
3212 3563 3401 3618 nostri
3441 3565 3556 3618 Jesu
3576 3553 3722 3615 Christi.

2175 3649 2495 3715 quatenus,
2529 3645 2697 3701 ethie
2727 3648 2986 3705 fructum
3013 3649 3194 3708 bona;
3212 3652 3459 3709 actionis
3483 3645 3720 3725 percipiant.

2173 3737 2230 3788 et
2259 3733 2425 3808 apud
2456 3733 2789 3792 districtum
2816 3737 3087 3796 Judiecm
3119 3742 3375 3814 praemia
3401 3748 3596 3798 aeterna
3624 3730 3729 3808 pacis

2174 3821 2504 3880 inveniant.
2539 3827 2750 3882 Amen.

2961 3918 3044 3973 γ.

2167 4037 2443 4117 Joannes
2470 4040 2626 4117 _X[X
2643 4042 2703 4096 in
2726 4043 2978 4117 concilio
2999 4045 3274 4116 Petrum,
3294 4049 3590 4117 episcopum
3609 4039 3733 4095 Silva

2243 4111 2562 4191 candidae,
2581 4119 2826 4191 accepta
2853 4115 3060 4191 qirga,
3079 4117 3156 4172 de
3186 4111 3615 4174 miiziersaterra
3652 4125 3734 4163 om.

2239 4185 2405 4237 nium
2439 4185 2822 4239 ecclesiarum
2851 4185 3114 4244 Galerio?
3137 4192 3393 4246 mvestit.

2802 4274 2997 4343 (Anno
3030 4278 3211 4350 1026.)

2596 4362 2881 4432 [ῐζωιιῐιυ²
2917 4364 3084 4433 ibid.,
3116 4381 3258 4437 pag.
3290 4368 3398 4438 98.]

2237 4447 2300 4503 In
2326 4449 2570 4506 nomine
2603 4455 2820 4506 sanetae
2851 4456 2909 4508 et
2936 4453 3266 4513 individua;
3293 4453 3571 4520 Trinitatis,
3599 4445 3731 4507 Patris

2163 4541 2220 4593 et
2245 4537 2392 4604 Filii,
2416 4543 2473 4594 et
2523 4539 2768 4612 Spiritus
2802 4541 3012 4598 sancti.
3039 4548 3252 4604 Amen.

2234 4629 2354 4698 Ego
2399 4631 2640 4684 Jouxns
2697 4629 2900 4686 divina
2920 4633 3296 4704 providentia
3345 4637 3444 4691 XIX
3494 4644 3625 4706 papa
3656 4627 3733 4681 ΒΟ*

2161 4732 2401 4786 manus,
2454 4718 2646 4773 sciens
2704 4735 2854 4791 pene
2927 4727 3144 4779 cuncta
3200 4722 3474 4780 oblivioni
3531 4715 3634 4774 dari
3672 4709 3730 4766 ob

2159 4806 2410 4864 nimiam
2464 4807 2840 4878 fragilitatem
2888 4811 3247 4886 humanam,
3309 4830 3435 4886 qua:
3483 4809 3548 4866 ad
3591 4807 3728 4861 bono

2156 4912 2284 4952 rem
2337 4901 2394 4952 et
2439 4897 2748 4954 utilitatem
2809 4900 2902 4957 SS.
2963 4900 3194 4959 Ruﬁnte
3243 4908 3300 4960 et
3342 4898 3592 4960 Secundae
3614 4905 3727 4948 mar-

2156 4990 2355 5058 tyrum
2413 4987 2783 5059 temporibus
2840 4993 3004 5060 gesta
3056 4997 3213 5060 sunt,
3292 4989 3479 5047 litteris
3522 4980 3723 5060 panden-

2154 5075 2235 5132 da
2313 5076 2761 5148 mandavimus,
2812 5083 2876 5134 ut
2939 5081 3162 5152 posteri
3211 5080 3560 5138 devotionem
3621 5080 3724 5137 erga

2151 5171 2357 5224 nostra
2410 5165 2545 5224 loca
2596 5174 2984 5241 cognoscant,
3034 5175 3092 5227 et
3134 5171 3179 5227 si
3208 5171 3311 5245 qui
3375 5165 3591 5225 rebelles
3636 5157 3722 5245 fue-

2151 5255 2287 5328 rint,
2342 5255 2769 5314 contabescant
2820 5262 2877 5314 et
2914 5242 3288 5316 erubescant.
3349 5256 3598 5314 Defuncto
3641 5242 3721 5314 ἱεί·

2157 5349 2247 5401 tur
2297 5346 2578 5416 Gregorio
2627 5346 2908 5420 episcopo
2967 5349 3430 5422 supradictarum
3456 5343 3717 5410 martjrum

2149 5433 2378 5490 Ruﬁnse
2459 5440 2516 5493 ct
2587 5435 2874 5493 Secundae
2908 5479 2922 5505 ,
2999 5439 3231 5494 Petrum
3314 5426 3716 5492 consecravimus

2147 5524 2522 5598 episcopum,
2598 5530 2734 5598 post
2804 5526 2975 5597 cujus
3043 5525 3539 5590 consecrationem,
3603 5525 3716 5570 non-

2146 5613 2295 5674 dum
2375 5615 2686 5676 transactis
2767 5614 2956 5677 tribus
3030 5617 3198 5707 annis
3274 5607 3569 5696 presbyteri
3648 5601 3703 5660 5.
