3996 6168
330 112 466 170 1133

1591 107 1836 166 EPISTO
1845 107 1948 164 LE
1986 107 2071 164 ET
2099 103 2519 166 DIPLOMATA.

3653 125 3791 181 1134

324 236 547 296 Nicolai
577 235 651 292 de
683 235 919 293 Galeria
947 240 1262 310 cceperunt
1290 251 1497 306 gerere
1527 234 1818 291 eumdem
1849 231 2001 305 epis-
2037 235 2084 289 Α
2114 253 2142 282 α
2172 225 2440 301 Domine,
2473 234 2728 294 nullum.
2764 261 2792 289 ››
2814 243 2976 297 Tunc
3001 256 3115 298 nos
3146 243 3678 317 interrogavimus,
3708 264 3798 304 re-

323 343 550 401 copum
579 325 654 381 de
681 325 1048 398 presbyteris
1082 328 1138 382 S.
1171 326 1448 392 Andreae,
1497 324 1835 397 presbyteri
1863 339 2005 379 vero

325 420 379 475 S.
415 416 668 473 Andreae
690 420 1057 485 rogaverunt
1086 415 1445 489 episcopum
1479 419 1545 470 ut
1572 414 1713 470 illuc
1773 416 1900 482 iret,
1952 418 2008 471 et

322 507 384 564 in
415 505 708 580 praedicta
745 504 998 561 ecclesia
1024 506 1080 562 S.
1113 505 1368 561 Andrete
1396 504 1609 560 altaria
1659 505 2002 561 aedificaret.

325 596 559 664 Quibus
609 595 932 668 episcopus
975 596 1288 668 respondit
1332 610 1460 650 non
1499 594 1720 651 debere
1749 596 1832 652 ibi
1863 596 2008 652 alta-

325 687 414 743 ria
447 699 820 750 consecrare,
852 685 996 756 quia
1035 685 1110 740 de
1139 685 1272 756 ipsa
1303 683 1559 739 ecclesia
1584 683 1851 755 litigatur
1880 701 2010 759 pre-

326 777 533 848 sbyter
559 777 615 831 S.
641 774 888 841 Nicolai,
915 775 1082 847 prius
1111 775 1290 844 igitur
1306 773 1555 830 veniant
1583 779 1852 849 utraeque
1877 793 2010 851 par-

326 872 414 924 tes
444 871 583 922 ante
609 881 742 935 nos,
777 871 832 921 et
876 865 1112 937 legibus
1141 864 1406 931 finiatur,
1461 869 1516 919 et
1549 869 1688 920 tunc
1735 867 1784 922 si
1833 883 2012 923 cano-

331 952 460 1013 nice
485 960 719 1029 potero,
745 955 820 1012 ad
848 955 1150 1011 servitium
1178 957 1233 1012 8.
1269 953 1544 1009 Ecclesiae
1572 953 1922 1013 faciendum
1947 956 2013 1011 li-

331 1046 540 1102 benter
579 1045 702 1100 ibo.
738 1044 836 1099 His
866 1043 1084 1100 auditis
1109 1043 1331 1099 reversi
1383 1047 1544 1109 sunt,
1597 1049 1654 1098 et
1703 1046 2011 1119 archipre-

333 1136 574 1208 sbytero
609 1140 668 1192 et
716 1135 940 1191 creteris
985 1133 1350 1208 presbyteris
1407 1133 1856 1206 nuntiaverunt,
1907 1137 2013 1210 qui

329 1225 549 1282 iterum
576 1228 758 1297 atque
784 1223 998 1280 iterum
1019 1223 1305 1279 canonice
1329 1221 1544 1287 vocati,
1567 1223 1818 1280 tandem
1840 1231 2011 1282 utrae-

326 1330 448 1388 que
479 1319 682 1387 partes
710 1317 1001 1369 venerunt
1030 1318 1166 1369 ante
1215 1328 1396 1368 suum
1430 1311 1816 1385 episcopum,
1867 1332 2016 1388 quo-

329 1421 470 1460 rum
500 1421 754 1460 causam
794 1403 1000 1460 volens
1042 1402 1393 1476 praelibatus
1427 1404 1630 1457 Petrus
1681 1404 2013 1477 episcopus

327 1493 413 1550 ita
443 1493 618 1548 finire
650 1499 715 1549 ut
757 1509 1072 1566 nunquam
1097 1491 1288 1561 magis
1315 1492 1385 1546 lis
1404 1491 1541 1547 inde
1571 1492 1854 1564 oriretur,
1878 1499 2016 1550 ante

328 1589 606 1640 nostram
637 1583 1021 1655 praesentiam
1053 1582 1182 1638 illos
1229 1581 1538 1650 conduxit,
1589 1598 1706 1637 nos
1738 1599 1880 1639 vero
1927 1600 2016 1639 re-

330 1673 599 1729 sidentes
627 1673 688 1728 in
720 1672 964 1729 ecclesia
995 1674 1049 1726 S.
1095 1671 1397 1744 Sylvestri,
1424 1688 1560 1744 quae
1596 1677 1688 1727 est
1733 1672 1888 1728 infra
1917 1689 2022 1746 pa-

329 1763 548 1820 latium
578 1765 996 1828 Lateranense,
1031 1777 1151 1817 una
1181 1778 1321 1817 cum
1363 1761 1715 1817 'l‘heobaldo
1767 1763 2020 1819 Belliter-

330 1870 534 1919 nens.,
604 1856 776 1908 Petro
832 1852 1210 1921 Pl‘iPneSlan,
1283 1852 1599 1908 Benedicto
1674 1852 2012 1921 Portuensi,

333 1943 688 2001 Theobaldo
744 1941 1085 2011 Albanensi,
1146 1945 1315 1998 Petro
1365 1942 1644 2011 Ostiensi,
1706 1942 2018 1999 Dominico

335 2033 620 2090 Lavican.
646 2032 962 2088 Benedicto
984 2031 1430 2100 archidiacono,
1451 2032 1814 2099 Crescentio,
1838 2038 2018 2105 atque

337 2123 664 2195 Raynerio,
724 2121 1003 2189 Gregorio
1057 2121 1434 2186 diaconibus,
1494 2125 1663 2177 Petro
1731 2122 1894 2177 card.
1960 2125 2015 2180 S.

337 2211 608 2279 Damasi,
643 2213 946 2265 Francone
973 2209 1133 2264 card.
1172 2213 1228 2266 S.
1257 2209 1420 2278 Sixti,
1451 2209 1728 2264 Tuidisco
1761 2210 1922 2266 card.
1960 2213 2015 2268 S.

337 2299 618 2369 Marcelli,
661 2298 911 2371 aliisque
959 2298 1424 2372 quamplurimis
1481 2297 1916 2368 sacerdotibus,
1964 2305 2020 2356 et

341 2390 574 2446 clericis
626 2387 1002 2444 adstantibus
1049 2393 1251 2444 autem
1295 2387 1608 2444 Benedicto
1657 2387 2017 2459 Primicerio,

341 2486 401 2537 et
435 2479 556 2535 alio
587 2478 905 2535 Benedicto
933 2478 1367 2541 Secundicerio,
1403 2480 1741 2534 Crescentio
1772 2494 2019 2534 nomen-

343 2571 593 2639 clatore,
641 2571 813 2624 Petro
851 2568 1044 2640 primo
1086 2567 1419 2627 defensore.
1476 2570 1779 2642 Stephano
1828 2571 2019 2625 Proto-

345 2661 684 2728 scriniario,
739 2662 965 2714 Joanne
1019 2658 1325 2714 Deubaldo
1381 2660 1587 2715 Dativo
1631 2659 1853 2728 judice,
1913 2677 2016 2715 seu

344 2750 529 2805 fratre
584 2753 792 2804 nostro
865 2747 1115 2802 Domino
1172 2747 1442 2804 Alberico
1514 2748 1728 2802 comite
1792 2747 2015 2818 palatii,

345 2843 407 2894 et
471 2841 703 2893 Joanne
764 2838 952 2891 Tocco
1015 2836 1229 2891 comite
1289 2836 1561 2904 Galerize,
1640 2836 1828 2890 dictos
1892 2853 2022 2908 pre-

347 2929 630 3002 sbyteros
683 2931 1071 2998 utrarumque
1133 2926 1520 2982 ecclesiarum
1584 2926 1821 2982 introire
1880 2928 2017 2982 feci-

345 3035 490 3074 mus
526 3032 666 3072 cum
699 3016 909 3088 paucis
937 3015 1099 3071 laicis
1129 3016 1450 3082 Galeranis,
1482 3015 1751 3071 videlicet
1793 3019 2018 3073 Joanne

347 3107 476 3164 ﬁlio
529 3105 852 3178 Rodulphi,
909 3104 1126 3171 Baldo;
1187 3110 1326 3161 tunc
1380 3105 1700 3179 episcopus
1770 3106 2015 3162 veniens

349 3197 436 3255 ad
488 3196 674 3270 pedes
731 3199 966 3250 nostros
997 3194 1174 3267 capit
1225 3211 1522 3268 exponere
1581 3195 1908 3267 quomodo,
1963 3202 2020 3252 et

349 3285 632 3360 qualiter,
664 3289 720 3340 et
750 3299 871 3356 qua
900 3299 1009 3355 pro
1040 3299 1222 3339 causa
1251 3289 1523 3340 vocasset
1567 3300 1689 3355 eos,
1737 3289 1793 3340 et
1835 3285 2017 3357 empi-

350 3393 495 3432 mus
523 3390 777 3431 causam
825 3389 1108 3446 quaerere,
1154 3389 1285 3445 quae
1334 3373 1464 3430 illos
1507 3373 1808 3438 movebat,
1863 3380 2019 3431 tran-

350 3462 544 3537 quilla
573 3467 774 3518 mente
803 3461 1078 3517 dirimere
1104 3465 1160 3516 et
1191 3466 1458 3516 tractare.
1509 3463 1651 3527 Quae
1697 3479 1834 3517 cum
1885 3479 2020 3534 pro-

351 3553 656 3620 telaretur,
738 3555 804 3608 ut
855 3566 1010 3619 reor,
1069 3551 1446 3623 suggestione
1503 3551 1749 3625 Spiritus
1807 3553 2016 3622 sancti,

351 3645 520 3700 venit
548 3641 695 3698 mihi
724 3641 785 3697 in
817 3646 1078 3697 mentem
1108 3640 1274 3713 quod
1302 3641 1559 3697 multum
1610 3641 1757 3697 lucri
1786 3642 2017 3715 episco-

352 3751 472 3807 pus
502 3733 557 3787 S.
588 3732 814 3788 Rufinee
841 3730 1090 3787 haberet
1112 3730 1188 3787 de
1215 3735 1297 3786 tot
1341 3730 1751 3787 sacerdotibus
1803 3738 1858 3788 et
1895 3739 2018 3788 tam

354 3838 586 3892 magno
609 3820 836 3895 populo
877 3820 1186 3888 Galerano,
1237 3821 1351 3877 hoc
1399 3821 1667 3891 cogitans
1718 3821 1869 3878 infra
1921 3839 2018 3878 me

354 3913 584 3985 ipsum,
617 3916 672 3968 et
713 3910 924 3966 volens
957 3909 1268 3965 addiscere
1311 3911 1704 3982 quantitatem
1751 3909 2018 3966 redditus

355 4002 656 4075 praedictae
705 4000 970 4069 Galerize,
1021 3999 1212 4054 taliter
1239 3999 1590 4071 episcopum
1637 3999 2013 4067 interrogavi.

355 4089 546 4144 Credo
593 4088 839 4160 quidem
892 4086 1148 4142 multum
1200 4086 1466 4142 redditus
1520 4087 1740 4143 habere
1788 4087 2017 4160 episco-

354 4195 506 4252 pum
541 4180 594 4234 S.
625 4177 846 4233 Ruﬁnae
874 4177 948 4232 de
982 4181 1064 4232 tot
1096 4175 1525 4242 sacerdotibus,
1573 4181 1630 4231 et
1660 4181 1780 4232 tam
1813 4177 2017 4250 amplo

2117 320 2375 378 sidentes
2406 323 2745 398 episcopos,
2779 330 3145 406 sacerdotes,
3180 333 3495 408 diaconos,
3535 335 3798 407 judices,

2117 409 2258 482 quid
2301 409 2548 468 deberet
2576 413 2650 470 de
2683 415 2797 472 hoc
2825 417 2972 485 ﬁeri,
3001 423 3057 475 et
3086 421 3441 492 przelibatus
3471 423 3801 498 episcopus

2118 498 2451 571 procedens
2491 502 2569 557 ad
2614 505 2800 576 pedes
2854 512 3114 577 nostros,
3171 511 3310 567 talia
3360 511 3592 584 coepit:
3645 517 3814 574 «Do-

2118 590 2299 655 mine,
2329 589 2377 644 si
2407 591 2583 647 vestri
2613 595 2803 663 gratia
2843 601 2949 664 est,
2983 598 3061 653 ad
3111 616 3254 656 eam
3292 617 3554 658 causam
3600 605 3816 684 redite,

2119 695 2230 752 pro
2255 695 2379 752 qua
2407 681 2525 736 huc
2551 683 2855 753 venimus,
2905 685 3082 743 istam
3134 696 3494 762 opportuno
3546 681 3826 774 tempore

2119 773 2440 826 reservate.
2479 793 2506 820 »
2533 774 2695 830 Tunc
2723 792 2835 831 nos
2866 779 3157 834 commoti
3190 785 3247 835 et
3275 781 3475 838 valde
3512 781 3649 847 irati
3685 773 3834 857 con-

2121 860 2214 912 tra
2243 871 2404 926 eum,
2437 860 2589 965 quia.
2627 863 2873 965 nolebat
2922 883 3034 923 nos
3064 883 3420 965 proponere
3485 882 3665 950 quod
3710 888 3839 965 ipse

2121 962 2388 1055 quaerere
2417 947 2679 1008 debebat
2722 953 2985 1010 diximus
3022 973 3035 1010 :
3084 976 3114 1010 ‹
3141 957 3345 1027 Miror,
3383 947 3562 1028 cum
3594 975 3672 1034 sis
3701 947 3842 1055 p‘m;

2123 1034 2276 1090 dens
2305 1052 2375 1092 ac
2412 1043 2646 1109 potens,
2675 1059 2864 1114 quare
2896 1044 3213 1102 ecclesiam
3246 1052 3431 1104 tuam
3469 1071 3604 1119 non
3645 1034 3842 1128 salii-le-

2123 1141 2254 1194 vas,
2289 1126 2394 1182 sed
2423 1130 2616 1200 magis
2649 1133 2986 1205 opprimis‘?
3030 1151 3219 1207 quare
3264 1153 3398 1193 non
3460 1146 3665 1210 dixisti
3716 1126 3832 1214 1]οό

2125 1230 2234 1288 per
2260 1219 2344 1272 tot
2371 1216 2518 1314 dies,
2552 1225 2608 1314 et
2635 1237 2822 1314 quare
2861 1223 3026 1280 illam
3059 1228 3603 1308 consuetudinem,
3635 1260 3824 1314 quam

2126 1321 2341 1395 omnes
2371 1308 2640 1366 Ecclesiae
2680 1311 2924 1380 habent,
2956 1329 3080 1369 non
3111 1315 3300 1386 exigis
3329 1317 3414 1373 ab
3441 1322 3595 1395 ipsis
3619 1308 3817 1385 {Mihi

2128 1393 2283 1450 adeo
2337 1412 2459 1453 non
2501 1398 2898 1472 imputabitur
2939 1403 3104 1475 quod
3143 1403 3205 1460 in
3251 1422 3322 1462 ea
3369 1393 3758 1472 est‘Ecclesia
3792 1435 3806 1472 :

2128 1500 2243 1553 ego
2273 1500 2408 1542 eam
2447 1487 2618 1543 vobis
2649 1490 2808 1557 dedi,
2841 1491 2887 1546 si
2938 1496 3000 1547 tu
3033 1509 3154 1549 non
3185 1494 3274 1550 vis
3318 1499 3556 1556 tertiam
3601 1503 3678 1557 ab
3721 1505 3806 1558 eis

2056 1587 2099 1639 Β
2130 1575 2388 1646 exigere,
2417 1592 2528 1647 ego
2559 1578 2725 1635 illam
2774 1580 3034 1650 exigam,
3076 1588 3140 1639 ut
3189 1584 3448 1644 Ecclesia
3493 1589 3595 1645 tibi
3639 1607 3803 1647 com-

2128 1664 2318 1720 missa
2360 1682 2496 1722 meo
2545 1672 2600 1723 et
2640 1673 2742 1724 tuo
2782 1673 3051 1742 tempore
3103 1687 3225 1728 non
3278 1673 3602 1734 decrescat.
3637 1702 3664 1728 ››
3699 1680 3802 1735 His

2127 1753 2329 1810 verbis
2356 1758 2556 1812 Petrus
2586 1757 2906 1830 episcopus
2929 1767 3236 1834 correptus
3262 1766 3608 1838 respondit:
3642 1791 3669 1818 ‹‹
3693 1772 3803 1824 Do-

2129 1845 2314 1914 mine,
2349 1846 2494 1918 quid
2527 1862 2634 1901 vos
2665 1853 2721 1902 et
2746 1853 3022 1904 sanctum
3054 1851 3169 1907 hoc
3199 1853 3518 1910 concilium
3545 1856 3798 1926 judicat,

2126 1935 2391 2007 recipere
2421 1940 2668 2008 paratus
2699 1936 2832 1992 sim.
2877 1961 2904 1987 »
2937 1941 3096 1996 Tunc
3128 1940 3206 1997 ab
3237 1943 3404 1998 omni
3433 1945 3683 2001 concilio
3701 1946 3803 2000 de-

2127 2024 2366 2081 finitum
2399 2031 2456 2082 et
2495 2025 2835 2097 judicatum
2885 2033 2969 2084 est
3014 2033 3119 2100 ut,‘
3150 2032 3378 2088 cunctis
3431 2035 3800 2107 postpositis,

2129 2115 2298 2186 prius
2323 2117 2577 2172 ecclesia
2615 2118 2669 2172 S.
2704 2117 2954 2188 Rutinze,
2989 2125 3043 2176 et
3072 2122 3392 2194 episcopus
3423 2141 3569 2180 suus
3613 2125 3804 2181 hono-

2128 2210 2312 2273 retur,
2343 2211 2399 2262 et
2444 2223 2549 2278 per
2579 2223 2675 2262 me
2701 2207 2775 2262 de
2823 2210 2993 2264 tertia
3038 2217 3268 2266 cunctae
3295 2213 3536 2268 Galeria:
3566 2215 3801 2286 cpisco—

2129 2309 2246 2365 pus
2293 2295 2676 2365 ministretur,
2737 2296 3135 2354 refutantibus
3182 2317 3252 2356 ea
3305 2301 3692 2374 presbyteris.
3743 2307 3802 2358 et

2128 2383 2276 2439 dare
2303 2384 2594 2454 integram
2629 2386 3111 2456 promittentibus
3143 2389 3272 2448 sibi.
3301 2390 3544 2463 suisque
3569 2407 3801 2446 succes-

2131 2474 2370 2528 soribus
2400 2475 2458 2528 in
2510 2483 2885 2546 perpetuum.
2935 2484 2990 2532 et
3030 2479 3112 2533 sic
3143 2479 3216 2534 ad
3266 2479 3608 2536 inclinatam
3659 2497 3799 2535 cau-

2131 2581 2262 2618 sam
2298 2564 2715 2636 presbyterum
2750 2566 2960 2636 redire,
2989 2570 3148 2639 quod
3178 2577 3232 2624 et
3262 2571 3484 2624 factum
3517 2577 3622 2625 est.
3651 2573 3798 2624 Nam

2129 2661 2378 2725 accepta
2409 2669 2519 2724 ego
2549 2653 2729 2725 virga,
2759 2656 3028 2711 investivi
3069 2658 3422 2730 episcopum
3461 2662 3713 2723 Petrum,
3744 2661 3802 2711 et

2129 2759 2238 2816 per
2269 2762 2330 2799 se
2371 2760 2630 2817 suosque
2661 2762 3039 2802 successores
3062 2748 3135 2802 de
3184 2749 3460 2803 universa
3481 2747 3647 2802 tertia
3673 2763 3800 2802 om-

2129 2833 2297 2887 nium
2313 2833 2696 2888 ecclesiarum
2716 2835 2977 2899 Galeriie,
3001 2843 3357 2908 assuetaque
3379 2835 3642 2900 datione,
3664 2851 3802 2891 eon-

2059 2943 2100 2998 ρ
2133 2922 2526 2977 sentientibus
2556 2925 2919 2996 presbyteris
2954 2925 3259 2998 utriusque
3294 2926 3589 2996 Ecclesiae,
3626 2934 3683 2982 et
3708 2942 3799 2981 re-

2129 3011 2482 3082 futantibus,
2517 3018 2696 3085 atque
2726 3014 2869 3069 dare
2897 3031 3031 3069 eam
3064 3014 3578 3087 promittentibus,
3611 3032 3680 3073 ac
3711 3016 3801 3072 di-

2129 3101 2401 3155 centibus
2423 3101 2588 3173 quod
2611 3119 2671 3156 se
2694 3103 2858 3157 illam
2882 3105 3046 3175 prius
3069 3109 3284 3176 sponte
3301 3103 3536 3161 darent.
3563 3111 3803 3163 lterum-

2124 3204 2243 3261 que
2268 3189 2605 3260 judicatum
2635 3197 2722 3245 est
2753 3196 2816 3246 ut
2845 3194 2958 3247 sub
2984 3191 3400 3248 interdictione
3443 3197 3798 3254 anathema-

2129 3277 2201 3332 tis
2219 3279 2330 3334 hoc
2354 3284 2694 3350 poneretur,
2728 3285 2785 3336 et
2814 3282 3292 3353 confirmaretur,
3333 3288 3391 3339 et
3434 3284 3657 3342 factum
3690 3294 3794 3356 est,

2127 3383 2272 3423 nam
2304 3373 2507 3424 nostra
2531 3369 2824 3440 jussione,
2859 3376 2914 3427 et
2940 3371 3218 3428 omnium
3249 3373 3675 3446 praedictorum
3707 3394 3798 3434 sa-

2129 3457 2460 3524 cerdotum,
2486 3457 2931 3532 episcoporum,
2956 3461 3355 3519 diaconorum
3379 3473 3622 3540 accepta
3645 3467 3798 3524 stola

2129 3547 2482 3603 Benedictus
2513 3550 2851 3605 Portuensis
2877 3551 3199 3624 episcopus
3227 3553 3406 3610 dixit:
3437 3558 3796 3614 Auctoritate

2127 3636 2339 3697 Patris.
2364 3637 2583 3704 Filii,et
2613 3639 2862 3710 Spiritus
2894 3641 3104 3712 sancti,
3139 3648 3195 3699 et
3221 3646 3568 3703 auctoritate
3600 3650 3657 3703 Β.
3692 3650 3794 3703 Pe-

2127 3724 2199 3779 tri
2230 3725 2504 3796 apostoli,
2539 3731 2594 3781 et
2626 3728 2689 3782 D.
2723 3731 2789 3783 N.
2817 3729 3069 3784 Joannis
3098 3747 3273 3804 papae
3305 3733 3419 3790 hoc
3452 3737 3507 3792 S.
3542 3735 3793 3792 concilio

2126 3813 2522 3884 praesidentis,
2562 3818 2618 3868 et
2647 3816 2997 3872 auctoritate
3022 3818 3205 3887 hujus
3239 3822 3293 3876 S.
3329 3823 3563 3877 concilii
3607 3824 3792 3879 male-

2127 3900 2404 3970 dicimus,
2437 3906 2494 3956 et
2541 3903 3163 3976 cxcommunicamus,
3208 3912 3266 3962 et
3311 3915 3602 3981 perpetuo
3650 3927 3792 3967 ana-

2127 3989 2403 4046 thematis
2436 3989 2676 4045 vinculo
2705 3991 3070 4062 obligamus,
3124 3995 3471 4070 quicunque
3521 4001 3793 4055 sacerdo-

2130 4083 2278 4149 tum,
2313 4079 2434 4134 sive
2465 4078 2840 4149 cleriocrum,
2860 4080 2978 4136 sive
3007 4081 3794 4160 laicorum,seuqualiscun-

2128 4182 2245 4239 que
2266 4183 2524 4240 persona
2549 4168 2892 4225 mortalium
2913 4171 3145 4227 tertiam
3171 4173 3591 4234 universarum
3613 4178 3793 4234 eccle-

355 4265 586 4340 populo
616 4265 924 4322 Galerano.
958 4265 1285 4337 Episcopus
1320 4264 1629 4336 respondit
1661 4283 1672 4319 :
1731 4267 1777 4318 Α
1827 4282 2018 4321 sacer—
2058 4300 2098 4353 Β
2131 4255 2358 4353 siarum
2389 4257 2626 4335 Galeriee
2657 4261 2822 4314 Petro
2852 4259 3160 4332 episcopo,
3205 4263 3450 4353 suisque
3490 4283 3793 4323 successo-

356 4356 600 4413 dotibus
633 4357 688 4412 8.
724 4355 945 4412 Nicolai
974 4371 1073 4410 x1v
1105 4353 1328 4410 solidos
1352 4370 1460 4426 per
1479 4369 1728 4422 annum,
1753 4359 1808 4411 et
1829 4371 1864 4412 a
1887 4371 2017 4428 pre-

358 4445 614 4518 sbyteris
642 4448 696 4502 S.
731 4444 948 4500 Andra:
987 4461 1101 4499 xxx
1136 4443 1416 4499 denarios
1449 4445 1834 4516 consequitur
1863 4447 2019 4518 epis-

358 4551 571 4609 copus,
602 4534 747 4590 nihil
778 4533 1056 4607 amplius.
1091 4532 1261 4598 Quod
1287 4549 1398 4588 nos
1420 4533 1728 4589 audientes
1759 4536 2021 4594 maxima

357 4624 593 4683 tristitia
613 4624 809 4680 affecti
832 4639 1063 4690 sumus,
1079 4627 1134 4678 et
1149 4622 1548 4694 relinquentes
1561 4639 1812 4680 causam
1833 4641 2020 4698 quam

358 4713 790 4780 tractabamus,
825 4728 1037 4768 omnes
1069 4727 1191 4766 uno
1223 4711 1450 4784 spiritu,
1483 4727 1606 4767 una
1649 4718 1868 4782 mente,
1919 4731 2020 4770 co-

359 4808 536 4875 gente
580 4806 745 4858 tanta
787 4801 1111 4872 impietate,
1163 4800 1240 4856 ad
1282 4801 1396 4856 hoc
1442 4801 1822 4858 tractandum
1876 4819 2018 4859 con-

358 4890 518 4948 versi
566 4906 800 4946 sumus.
847 4891 1007 4944 Tunc
1041 4888 1624 4961 archipresbyterum
1668 4891 2020 4948 vocavimus

362 4997 412 5036 s.
441 4978 663 5036 Nicolai
692 4993 832 5034 cum
872 4976 1016 5046 suis,
1047 4981 1104 5031 et
1128 4976 1445 5047 syndicum
1492 4979 1546 5034 S.
1583 4977 1834 5034 Andreae
1879 4996 2019 5036 cum

361 5068 506 5136 suis,
534 5067 677 5140 quia
703 5065 1179 5139 archipresbyter
1235 5064 1452 5121 absens
1500 5071 1626 5122 erat
1663 5066 2020 5124 infirmitatis

361 5173 568 5224 causa,
615 5173 728 5212 nos
761 5155 951 5212 taliter
993 5153 1254 5224 aggressi
1308 5169 1516 5209 sumus
1549 5173 1560 5209 :
1592 5174 1622 5207 α
1647 5156 1825 5212 Dicite
1847 5157 2020 5213 nobis

361 5263 551 5322 quare
588 5251 713 5303 tam
744 5261 961 5319 parum
991 5243 1275 5316 episcopo
1313 5243 1577 5313 redditis,
1613 5249 1668 5300 et
1696 5263 1881 5318 quare
1931 5247 2022 5302 vel

363 5336 596 5395 tertiam
607 5351 732 5391 non
743 5333 1005 5400 redditis,
1021 5331 1152 5398 sibi,
1168 5331 1318 5386 sicut
1341 5335 1398 5385 et
1421 5331 1685 5388 alialoca
1707 5333 1970 5392 faciunt?
1990 5358 2018 5384 »

364 5427 477 5494 Qui
501 5425 939 5500 responderunt
967 5441 978 5479 :
1021 5445 1048 5472 ‹‹
1083 5421 1460 5479 Consuetudo
1490 5425 1693 5476 nostra
1736 5422 1862 5480 fuit.
1896 5447 1924 5474 »
1956 5428 2023 5480 Et

361 5533 478 5574 nos
507 5522 715 5572 contra
743 5531 755 5569 :
785 5537 812 5563 ι(
844 5512 1082 5569 Habetis
1112 5511 1189 5568 ab
1219 5511 1419 5582 aliquo
1449 5510 1733 5583 episcopo
1755 5512 1895 5568 inde
1923 5514 2026 5569 ali-

308 5627 310 5629 -
361 5605 516 5689 quid
562 5603 938 5681 scriptum?»
989 5601 1100 5671 Qui
1143 5598 1580 5678 responderunt
1630 5613 1737 5675 per
1766 5602 2018 5666 omnia:

2129 4345 2295 4401 ribus
2323 4346 2524 4419 aliquo
2554 4347 2739 4404 modo
2783 4349 3142 4406 contendere
3185 4348 3653 4428 praesumpserit,
3697 4356 3790 4410 vel

2131 4436 2332 4510 aliquo
2365 4437 2547 4493 modo
2575 4437 2852 4494 fraudare
2884 4439 3266 4513 disposuerit,
3292 4448 3347 4498 et
3376 4444 3490 4500 hoc
3519 4445 3686 4516 quod
3715 4444 3790 4500 de

2131 4525 2361 4582 Galeria
2394 4526 2801 4598 judicavimus
2856 4528 2933 4584 ab
2987 4529 3271 4584 omnibus
3327 4529 3473 4586 locis
3525 4531 3790 4603 praedicti

2129 4616 2511 4688 episcopatus
2545 4618 2600 4672 S.
2632 4616 2878 4687 Ruﬁnae,
2911 4623 2969 4673 et
3016 4617 3095 4673 ab
3139 4617 3422 4674 omnibus
3469 4621 3790 4678 sacerdoti-

2127 4706 2266 4772 bus,
2315 4711 2372 4762 et
2408 4707 2656 4775 clericis,
2705 4707 2798 4762 vel
2844 4707 3030 4773 laicis,
3072 4713 3129 4762 et
3184 4707 3262 4763 ab
3314 4709 3481 4764 omni
3533 4725 3791 4782 persona

2128 4795 2439 4853 observari
2463 4797 2576 4852 sub
2607 4796 2783 4852 simili
2807 4797 3186 4853 anathemate
3230 4799 3559 4872 apostolica
3585 4806 3792 4856 aucto-

2128 4887 2299 4942 ritate
2328 4885 2653 4955 sancimus,
2686 4889 2742 4941 et
2773 4885 3088 4942 statuimus
3115 4886 3178 4942 in
3202 4892 3583 4962 perpetuum,
3633 4893 3796 4962 post-

2127 4991 2315 5048 quam
2343 4980 2429 5031 ter
2459 4991 2495 5030 a
2533 4978 2701 5030 Petro
2727 4974 3010 5048 episcopo
3040 4975 3132 5031 vel
3181 4976 3303 5031 suis
3346 4978 3793 5034 successoribus

2129 5065 2474 5138 supradicta
2503 5065 2671 5121 tertia
2712 5065 2998 5138 requisita
3045 5065 3238 5136 fuerit,
3284 5070 3341 5123 et
3386 5067 3465 5123 ab
3509 5067 3794 5124 omnibus

2129 5155 2454 5212 clamatum
2485 5160 2590 5222 est,
2621 5154 2760 5223 Fiat,
2806 5155 2930 5223 ﬁat,
2977 5170 3155 5211 amen
3185 5171 3382 5212 amen.
3435 5160 3502 5212 Et
3553 5161 3618 5214 ut
3655 5157 3789 5214 dili-

2129 5245 2362 5316 gentius
2391 5244 2783 5311 observetur,,
2813 5250 2868 5301 et
2893 5244 3108 5301 clarius
3138 5251 3556 5321 cognoscatur,
3597 5253 3789 5304 totum

2129 5351 2235 5410 per
2264 5336 2536 5393 ordinem
2563 5335 2843 5406 Gregorio
2875 5335 3168 5392 scrivanio
3212 5338 3267 5392 8.
3317 5339 3380 5392 Β.
3431 5339 3491 5393 Ε.
3533 5337 3791 5394 scribere

2129 5426 2545 5499 praecepimus,
2571 5429 2628 5482 et
2665 5424 2743 5481 ab
2769 5424 3052 5481 omnibus
3077 5424 3182 5496 qui
3228 5424 3619 5483 interfuerunt
3655 5443 3793 5500 pro~

2129 5514 2274 5588 priis
2304 5515 2589 5572 manibus
2615 5513 2897 5571 roborare
2925 5511 3251 5570 voluimus.

2202 5605 2553 5672 Benedictus
2587 5603 3049 5670 archidiaconus
3079 5602 3339 5682 interfui,
3396 5609 3453 5669 et
3501 5596 3585 5670 in
3609 5619 3756 5686 pe"
