3998 6176
269 140 404 207 “35

1630 136 1921 197 JOANNIS
1957 136 2068 192 XIX
2104 132 2322 195 PAPE.

3562 143 3702 200 H36

264 276 436 329 tuum
457 270 656 328 valere
685 270 911 343 judico.
944 270 1148 324 Petrus
1179 265 1578 322 Praenestinus
1604 264 1925 338 episcopus
1954 240 2003 316 Α
2034 260 2387 334 sublimitas,
2418 278 2541 337 quo
2572 263 2786 321 certius
2816 266 3049 322 constat
3075 278 3179 321 eos
3200 264 3438 323 nonnisi
3461 266 3573 324 illa
3601 267 3703 324 de-

261 360 519 430 interfui,
544 365 602 418 et
627 360 689 416 in
720 361 1080 432 perpetuum
1092 356 1291 413 valere
1311 355 1540 428 judico.
1550 358 1670 426 Ego
1683 352 1926 411 Benedi-

262 456 393 508 etus
417 451 734 524 episcopus
764 446 1105 504 Portuensis
1132 446 1389 519 interfui,
1412 450 1470 504 et
1486 446 1549 503 in
1563 448 1925 519 perpetuum

260 540 458 597 valere
485 538 712 611 judico.

330 633 546 687 Datum
575 643 676 684 xxx
704 626 952 685 Kalend.
984 626 1253 684 Januarii
1282 642 1391 700 per
1418 641 1636 683 manus
1678 622 1924 681 Bosonis

262 718 531 794 episcopi
574 720 630 777 8.
672 717 1000 774 Tiburtinae
1057 716 1330 774 Ecclesiae
1383 720 1441 773 et
1489 712 1924 773 bibliothecarii

263 812 320 867 S.
354 811 422 884 Α.
451 808 508 866 8.
539 807 796 876 interfui,
838 812 896 864 et
942 806 1005 864 in
1050 810 1411 881 perpetuum
1452 806 1651 863 valere
1692 803 1920 877 judico,

257 897 590 973 Baynerius
601 897 893 955 diaconus
910 896 986 953 de
1006 896 1287 954 diaconia
1307 898 1362 954 8.
1387 895 1671 966 Gregorii,
1688 898 1745 951 et
1765 896 1923 950 Leon

260 989 583 1064 episcopus
606 986 889 1044 Ostiensis
921 985 1193 1043 Ecclesite
1236 985 1474 1042 interfui
1503 989 1560 1042 et
1598 985 1661 1041 in
1708 999 1921 1057 perpe-

259 1084 433 1136 tuum
455 1077 653 1135 valere
677 1077 905 1150 judico.
934 1076 1252 1148 Gregorius
1282 1077 1337 1133 8.
1370 1075 1557 1132 Lueize
1581 1074 1838 1142 interfui,
1867 1078 1924 1130 et

256 1168 321 1225 in
348 1171 706 1242 perpetuum
734 1166 933 1223 valere
957 1165 1186 1237 judico.
1216 1165 1565 1222 Benedictus
1595 1165 1919 1238 episcopus

262 1260 318 1316 S.
350 1256 679 1329 Anagninus
727 1256 989 1313 ecclesiae
1036 1255 1294 1313 interfui.
1338 1257 1552 1312 Joann.
1602 1254 1922 1329 episcopus

256 1348 314 1404 8.
345 1346 615 1405 Bledanae
642 1346 914 1404 Ecclesiae
945 1346 1207 1418 interfui,
1236 1350 1293 1403 et
1321 1346 1383 1403 in
1420 1340 1779 1420 perpetuum
1820 1361 1923 1401 va-

255 1436 376 1493 lere
415 1436 640 1508 judico.
670 1436 1025 1492 Benedictus
1052 1436 1376 1510 episcopus
1409 1438 1612 1493 Ceren.
1662 1436 1776 1491 hoc
1823 1435 1922 1490 de-

256 1531 486 1584 cretum
514 1526 781 1598 ﬁrmum,
811 1531 869 1583 et
895 1527 957 1582 in
986 1530 1346 1601 perpetuum
1369 1525 1566 1582 valere
1577 1525 1805 1598 judico.
1823 1529 1920 1581 Pe-

2034 350 2295 409 siderare
2322 356 2381 409 et
2408 357 2682 427 expetere
2710 370 2847 428 quae
2878 358 3019 411 sunt
3042 354 3121 411 ad
3158 355 3539 413 honestatem
3566 372 3704 413 san-

2034 442 2141 495 ctm
2170 440 2425 514 pietatis,
2453 448 2510 501 et
2536 444 2851 502 utilitatem
2879 462 3035 502 verte
3080 445 3399 517 religionis.
3426 450 3502 504 Et
3544 464 3700 521 quo-

2033 529 2139 585 ties
2166 529 2230 586 in
2259 547 2382 588 suae
2411 534 2780 591 necessitatis
2809 535 3145 592 commodis
3188 541 3461 593 nostrum
3493 552 3704 594 assen-

2033 635 2168 675 sum
2219 624 2277 677 et
2345 621 2527 679 solitae
2577 623 2919 697 apostolicae
2960 626 3327 683 auctoritatis
3358 626 3702 683 audiverint

2030 708 2332 765 humiliter
2355 711 2655 784 requirere
2692 713 3062 786 praesidium,
3108 713 3262 771 ultro
3308 714 3698 785 benignitatis

2030 797 2244 855 intuitu
2272 815 2386 856 nos
2411 802 2690 859 convenit
2724 802 3066 872 subvenire,
3108 808 3164 860 et
3186 804 3294 861 rite
3322 820 3432 878 pro
3464 805 3700 876 integra

2031 887 2343 945 securitate
2373 889 2630 948 solidare
2660 910 2673 961 ;
2705 897 2772 949 ut
2798 909 2872 949 ex
2895 892 3011 949 hoc
3041 892 3217 949 nobis
3242 909 3492 967 quoque
3522 894 3701 966 potis-

2030 975 2251 1033 simum
2279 980 2597 1051 praemium
2637 997 2673 1038 a
2719 981 3025 1039 conditore
3055 982 3329 1039 omnium
3387 986 3512 1039 Deo
3552 982 3701 1039 side-

2028 1066 2145 1122 reis
2175 1067 2415 1124 arcibus
2448 1070 2880 1129 contribuatur.
2909 1074 2977 1129 Et
3004 1072 3139 1129 ideo
3168 1072 3314 1146 quia
3347 1071 3698 1145 postulastis

2030 1171 2067 1211 a
2095 1156 2273 1213 nobis
2299 1161 2365 1213 ut
2391 1159 2712 1231 praefatum
2760 1161 3195 1219 monasterium
3221 1161 3571 1236 apostolicae
3600 1178 3698 1219 au-

2030 1245 2313 1303 ctoritatis
2362 1248 2512 1303 serie
2560 1249 2957 1317 muniremus,
3011 1255 3070 1307 et
3094 1250 3302 1307 omnia
3343 1251 3478 1322 ejus
3528 1252 3699 1324 perti-

2027 1335 2232 1392 nentia
2260 1336 2510 1409 perenni
2546 1338 2683 1410 jure
2728 1338 2956 1395 ibidem
2999 1339 3417 1396 inviolabiliter
3466 1356 3696 1413 perma-

2026 1424 2229 1482 nenda
2259 1426 2776 1497 conﬁrmaremus,
2818 1433 2876 1485 et
2904 1428 3139 1502 absque
3186 1429 3353 1485 omni
3390 1429 3550 1501 jugo
3594 1445 3693 1486 seu

2028 1514 2250 1572 ditione
2294 1516 2709 1591 cujuscunque
2761 1534 3037 1591 personae
3088 1519 3473 1576 constabilire
3513 1519 3691 1577 nostri

256 1621 382 1674 trus
415 1616 735 1674 cardinalis
765 1616 918 1673 tituli
941 1618 996 1674 8.
1031 1616 1206 1674 Marci
1234 1615 1516 1683 interfui,
1528 1619 1584 1672 et
1619 1615 1682 1671 in
1711 1630 1920 1689 perpe-
1950 1625 1990 1678 Β
2027 1603 2318 1677 privilegii
2344 1606 2570 1679 pagina
2598 1607 2978 1664 studeremus
3000 1626 3013 1663 :
3034 1614 3351 1682 propterea
3371 1608 3495 1665 tuis
3509 1610 3689 1665 ﬂexus

256 1712 429 1766 tuum
453 1707 652 1765 valere
670 1707 899 1779 judico.
942 1705 1275 1779 Raynerius
1324 1705 1647 1779 episcopus
1687 1705 1922 1778 Nepesi-

254 1812 347 1855 nae
375 1796 635 1854 ecclesiae
659 1796 776 1853 hoc
801 1795 1109 1852 decretum
1125 1795 1394 1867 ﬁrmum,
1411 1799 1468 1852 et
1484 1795 1546 1851 in
1561 1798 1921 1869 perpetuum

254 1898 501 1944 manere
521 1884 747 1957 judico.
790 1888 1048 1940 Amasus
1079 1884 1400 1956 episcopus
1440 1887 1621 1957 atque
1661 1883 1918 1956 capella-

253 1986 372 2032 nus
395 1973 627 2031 domini
654 1987 846 2046 papae.
891 1975 1122 2029 France
1153 1968 1491 2029 cardinalis.
1527 1975 1591 2029 8.
1619 1972 1780 2030 Sixti.
1815 1974 1918 2029 Be-

255 2064 527 2122 nedictus
544 2062 779 2120 Domini
808 2062 1001 2133 gratia
1022 2062 1464 2119 secundicerius
1483 2064 1539 2120 S.
1560 2063 1628 2119 A.
1661 2064 1715 2119 S.
1738 2065 1917 2119 Joan-

255 2172 363 2213 nes
389 2152 711 2211 cardinalis
745 2153 832 2210 tit.
863 2155 919 2211 S.
950 2152 1222 2211 Marcelli.
1272 2152 1639 2211 Crescentius
1683 2152 1920 2209 Domini

256 2243 449 2316 gratia
468 2241 882 2299 nomenclator
900 2242 956 2299 S.
979 2245 1046 2298 A.
1077 2242 1133 2299 8.
1159 2244 1280 2313 Ego
1299 2242 1636 2315 Stephanus
1667 2240 1767 2298 Dei
1790 2256 1920 2313 gra-

255 2334 338 2393 tia
367 2332 697 2409 scrivanius
727 2333 784 2389 S.
817 2330 975 2388 sedis
1004 2330 1370 2405 apostolicae,
1403 2330 1632 2405 scripsi,
1664 2335 1773 2389 etc.

257 2510 653 2583 Privilegium
703 2511 957 2569 Joannis
999 2525 1176 2580 papae
1222 2510 1369 2566 XIX
1393 2526 1510 2580 pro
1555 2511 1915 2567 monasterio

331 2584 732 2641 Cluniacensi.
765 2613 835 2624 —
880 2583 1171 2639 Declarat
1213 2597 1274 2638 se
1314 2584 1676 2651 conﬁrmare
1715 2583 1915 2638 omnia

326 2655 691 2713 monasteria
718 2660 774 2711 et
801 2656 933 2710 loca
953 2654 1035 2710 ad
1067 2654 1462 2710 Cluniacense
1488 2655 1913 2710 monasterium

321 2727 713 2797 pertinentia,
742 2731 795 2782 et
822 2727 879 2782 ei
904 2725 979 2781 ab
1001 2725 1301 2797 aliquibus
1319 2725 1596 2794 ﬁdelibus
1624 2724 1914 2797 Christia-

327 2795 443 2861 nis,
475 2797 747 2869 regibus;
764 2797 1072 2869 episcopis,
1102 2795 1370 2863 ducibus,
1410 2810 1510 2852 seu
1537 2795 1912 2869 principibus

327 2876 507 2927 antea
532 2867 823 2926 concessa.
856 2867 1141 2923 Prohibet
1171 2881 1402 2938 quoque
1428 2881 1502 2922 ne
1531 2868 1665 2938 quis
1690 2869 1911 2936 episco-

321 2957 465 3012 pus,
515 2941 609 2997 vel
652 2939 948 3012 sacerdos,
995 2954 1107 3012 pro
1151 2939 1359 3012 aliqua
1387 2938 1764 2995 ordinatione
1809 2954 1911 3012 seu

330 2988 1089 3079 Ebiéec'iétioHé'Ecl-‘hsiw,
1112 2988 1624 3080 presbyterorum,
1656 3015 1762 3066 aut
1788 3011 1914 3067 dia-
1948 2988 1989 3043 C

329 3099 636 3150 canorum,
702 3082 1135 3153 missarumque
1184 3080 1596 3149 celebratione,
1670 3083 1790 3137 nisi
1837 3083 1913 3139 ab

328 3155 542 3214 abbate
608 3152 994 3211 Cluniacensi
1055 3153 1367 3222 invitatus,
1425 3154 1625 3210 veniat
1668 3153 1914 3210 Clunia-

329 3243 463 3285 cum
478 3242 504 3297 ,·
524 3226 629 3283 sed
653 3226 828 3282 liceat
847 3223 1156 3297 monachis
1186 3224 1681 3281 Cluniacensibus
1719 3227 1916 3296 cujus-

331 3296 572 3372 cunque
590 3298 887 3372 voluerint
915 3296 1694 3372 ordit_ionationis_g_radum_
1726 3298 1913 3372 susci-

322 3367 479 3441 pere
506 3369 842 3441 ubicunque
867 3383 974 3425 suo
1007 3368 1315 3441 placuerit
1355 3367 1576 3441 abbati.
1623 3369 1916 3425 Similiter

329 3439 491 3499 vetat
522 3455 596 3497 ne
627 3439 758 3511 quis
787 3441 1092 3508 episcopus
1119 3440 1217 3511 pel
1259 3439 1534 3494 sacerdos
1581 3441 1767 3511 possit
1810 3455 1913 3495 eac-

330 3508 771 3582 communicare
818 3511 1046 3582 fratres
1100 3508 1522 3582 Ctuniacenses
1576 3509 1914 3582 ubicunque

325 3582 565 3651 positos.
597 3578 879 3637 Decernit
900 3583 1195 3651 praeterea
1243 3578 1638 3637 Cluniacense
1682 3578 1916 3637 monas-

329 3649 546 3708 teriam
574 3651 844 3722 omnibus
894 3649 995 3722 ad,
1019 3664 1080 3705 se
1106 3650 1179 3722 ob
1207 3652 1462 3717 salutem
1513 3652 1911 3722 confugienti-

311 3722 436 3778 bus
463 3723 598 3794 fore
624 3720 1042 3779 misericordia:
1061 3721 1256 3794 sinum
1274 3736 1301 3792 ,'
1324 3727 1378 3777 et
1407 3720 1629 3794 statuit
1663 3720 1824 3794 quod
1860 3724 1915 3780 si

326 3790 546 3865 aliquis
575 3794 984 3865 cujuscunque
1020 3790 1318 3865 obligatus
1346 3790 1729 3851 anathemate
1756 3794 1910 3852 idem

324 3863 751 3922 monasterium
779 3863 1112 3934 expetim'it,
1144 3864 1266 3921 sive
1289 3880 1400 3934 pro
1427 3866 1693 3935 corporis
1717 3868 1914 3936 sepul-

325 3942 488 4005 tura,
511 3952 612 3995 seu
641 3937 893 3995 alterius
921 3951 1045 3993 sum
1070 3936 1374 4008 utilitatis,
1420 3941 1492 4008 et
1516 3937 1732 3994 salutis
1774 3954 1912 4008 gra-

323 4010 430 4078 tia,
465 4009 798 4080 benigniter
826 4008 1167 4077 excipiatur
1205 4008 1331 4080 oleo
1357 4007 1779 4066 medicamenti
1811 4025 1909 4066 sa-

323 4080 541 4151 lutaris
568 4078 883 4151 fovendus.
914 4080 1182 4151 Denique
1206 4078 1415 4149 deﬁnit
1443 4080 1784 4138 electionem
1811 4081 1911 4138 ab-

323 4149 475 4223 batis
506 4149 916 4223 Cluniacensis
935 4149 1243 4221 pertinere
1269 4150 1351 4208 ad
1387 4155 1906 4223 congregationem

319 4220 506 4290 ipsius
538 4222 672 4278 loci.

873 4293 1072 4361 (Anno
1106 4293 1283 4363 4027.)

532 4381 902 4455 [Bullarium
936 4382 1345 4451 Cluniacense,
1369 4396 1510 4457 pag.
1544 4384 1619 4456 8.]

313 4473 557 4532 JOANNes
587 4471 931 4547 episcopus,
985 4486 1195 4529 servus
1241 4486 1548 4529 servorum
1594 4472 1717 4546 Dei,
1762 4474 1908 4532 dile-

244 4563 507 4621 ctissimo
534 4562 659 4620 ﬁlio
690 4565 921 4622 001mm
950 4560 1157 4619 abbati
1185 4562 1535 4620 monasterii
1564 4564 1733 4636 quod
1756 4564 1906 4622 dici-

241 4654 338 4708 tur
365 4650 736 4723 Cluniacum,
766 4650 831 4707 in
856 4649 1087 4708 honore
1128 4649 1447 4707 beatorum
1490 4650 1905 4723 apostolorum

237 4739 393 4798 Petri
417 4744 476 4798 et
515 4738 681 4798 Pauli
731 4743 1171 4810 consecratum,
1212 4739 1275 4795 in
1312 4738 1601 4796 comitatu
1643 4740 1908 4799 Matisco-

236 4828 415 4887 nensi
444 4829 647 4899 situm,
679 4832 736 4887 et
761 4845 871 4905 per
908 4833 964 4886 te
1005 4828 1233 4886 cunctis
1281 4828 1733 4886 successoribus
1786 4830 1903 4887 tuis

237 4918 563 4978 abbatibus
589 4919 652 4977 in
681 4923 1059 4994 perpetuum.

308 5012 457 5068 Cum
479 5009 753 5067 omnium
772 5008 1043 5066 ﬁdelium
1060 5007 1446 5082 petitionibus
1462 5011 1520 5065 et
1538 5008 1902 5067 necessitati-

231 5097 350 5155 bus
377 5097 694 5157 subvenire
722 5097 941 5156 debeat
968 5096 1309 5171 apostolicae
1339 5096 1642 5155 charitatis
1685 5098 1898 5172 gratia,

232 5188 423 5246 multo
449 5188 646 5260 magis
672 5187 765 5245 his
790 5192 880 5245 est
897 5187 1294 5261 impertienda
1325 5187 1454 5259 ejus
1476 5186 1751 5245 beneficii
1781 5188 1898 5246 cle-

231 5276 475 5347 mentia,
499 5293 656 5351 quos
683 5276 1061 5348 singulariter
1088 5278 1366 5350 proprios
1398 5279 1454 5332 et
1483 5276 1899 5349 speeialiterﬁ-

228 5363 344 5422 lios
365 5382 429 5424 se
459 5367 683 5439 gaudet
711 5366 933 5424 habere
960 5372 1168 5424 sancta
1187 5369 1459 5424 Romana
1483 5371 1676 5423 mater
1701 5367 1894 5425 Eccle-

229 5454 341 5529 sia,
363 5461 420 5514 et
435 5473 557 5515 suae
577 5457 842 5515 utilitatis
862 5457 1068 5527 gratia,
1092 5462 1149 5514 et
1165 5456 1631 5530 praecedentium
1653 5460 1893 5515 Patrum

228 5547 575 5606 auctoritate
605 5547 865 5620 egregia,
885 5563 1146 5621 quorum
1179 5547 1360 5605 etiam
1378 5546 1690 5604 desideriis
1706 5552 1764 5606 et
1791 5564 1891 5605 vo-

227 5635 302 5699 tis
330 5652 403 5699 eo
431 5637 667 5719 plenius
687 5653 896 5715 parcre
931 5636 1108 5700 debet
1127 5637 1497 5699 auctoritatis
1545 5637 1890 5715 apostolicae

2027 1694 2326 1768 precibus,
2357 1695 2437 1752 ob
2463 1696 2863 1755 interventum
2894 1697 3104 1757 domni
3132 1698 3513 1756 invictissimi
3541 1704 3599 1756 et
3614 1699 3687 1773 pii

2028 1784 2260 1842 Henrici
2310 1786 2691 1860 imperatoris
2740 1788 3004 1860 augusti,
3055 1789 3309 1863 ejusque
3354 1789 3687 1847 remedium

2027 1874 2264 1944 animae,
2286 1891 2393 1947 per
2431 1875 2613 1948 hujus
2641 1882 2862 1935 nostrae
2898 1878 3264 1935 auctoritatis
3312 1878 3687 1952 privilegium

2028 1968 2351 2021 statuentes
2380 1965 2780 2038 decernimus,
2812 1971 2878 2025 ut
2902 1972 3119 2025 cuncta
3142 1968 3276 2026 loca
3304 1972 3363 2025 et
3391 1974 3683 2026 monaste‘

2024 2054 2115 2111 ria
2138 2055 2218 2111 ad
2242 2056 2598 2130 praedictum
2629 2057 3019 2116 Cluniacense
3036 2058 3380 2116 coenobium
3401 2059 3685 2133 pertinen-

2025 2144 2125 2215 tia,
2157 2161 2312 2218 quae,
2345 2145 2425 2202 ab
2452 2145 2756 2219 aliquibus
2783 2147 3149 2205 ﬁdelissimis
3193 2149 3566 2219 Christianis,
3605 2166 3683 2206 re-

2028 2234 2225 2306 gibus,
2258 2234 2576 2309 episcopis,
2609 2236 2886 2307 ducibus,
2923 2254 3033 2295 seu
3079 2238 3463 2312 principibus
3502 2238 3681 2295 eidem

2023 2324 2158 2382 loco
2178 2330 2316 2382 sunt
2337 2342 2642 2396 concessa,
2673 2332 2730 2385 et
2757 2327 2836 2385 ab
2857 2329 3341 2386 antecessoribus
3363 2330 3488 2386 tuis
3511 2329 3681 2386 abba-

2024 2414 2185 2471 tibus
2215 2415 2531 2488 acquisita,
2567 2420 2834 2475 Bernone
2861 2417 3154 2489 videlicet,
3186 2418 3419 2487 Odone,
3453 2422 3681 2492 Aymar-

2025 2504 2125 2573 do,
2153 2508 2210 2560 et
2237 2503 2428 2562 beatae
2457 2506 2890 2564 recordationis
2937 2511 3144 2564 sancto
3192 2507 3431 2581 Mayolo
3473 2508 3679 2582 praede-

2025 2609 2261 2650 cessore
2280 2597 2403 2665 tuo,
2426 2596 2521 2652 vel
2541 2612 2922 2671 quaecunque
2936 2597 3023 2654 ‘ad
3043 2597 3326 2653 eumdem
3339 2597 3545 2654 locum
3563 2613 3679 2671 per-

2025 2683 2208 2739 tinere
2239 2683 2532 2754 videntur,
2565 2685 2796 2760 absque
2831 2686 3005 2743 ullius
3036 2687 3528 2757 contradictione,
3550 2704 3673 2744 cum

2024 2787 2252 2843 magna
2292 2774 2603 2832 securitate
2640 2775 2867 2833 debeas
2898 2776 3208 2850 possidere
3250 2781 3307 2833 et
3334 2793 3450 2850 per
3475 2783 3527 2834 te
3554 2778 3671 2833 uni-

2024 2866 2183 2918 versi
2207 2879 2581 2921 successores
2624 2864 2709 2921 tui
2754 2865 2817 2921 in
2861 2871 3240 2939 perpetuum.
3286 2870 3528 2924 Necnon
3569 2868 3669 2923 sub

2026 2950 2210 3023 divini
2246 2953 2458 3025 judicii
2504 2954 2987 3028 promulgatione
3040 2961 3097 3013 et
3125 2956 3590 3027 conﬁrmatione,
3619 2960 3667 3013 et

2026 3043 2426 3100 anathematis
2455 3044 2866 3102 interdictione
2916 3045 3373 3104 corroborantes
3423 3048 3664 3105 decerni-

2024 3147 2183 3202 mus,
2214 3136 2280 3188 ut
2308 3132 2507 3189 nullus
2537 3133 2882 3207 episcopus,
2907 3150 3012 3191 seu
3032 3134 3282 3208 quilibet
3306 3136 3661 3193 sacerdotum

2022 3221 2085 3279 in
2116 3223 2331 3281 eodem
2355 3224 2683 3282 venerabili
2727 3225 3005 3282 coenobio
3057 3241 3167 3299 pro
3214 3226 3419 3300 aliqua
3452 3226 3658 3285 ordina-

2020 3312 2201 3380 tione,
2229 3312 2352 3370 sive
2385 3313 2834 3371 consecratione
2856 3314 3142 3386 ecclesiae,
3173 3316 3646 3390 presbyterorum,

2021 3405 2126 3459 aut
2150 3402 2565 3473 diaconorum,
2608 3403 3052 3478 missarumque
3100 3405 3498 3472 celebratione,
3542 3403 3643 3461 nisi

2021 3489 2100 3547 ab
2127 3490 2346 3548 abbate
2377 3492 2649 3563 ejusdem
2673 3492 2790 3549 loci
2812 3492 3098 3550 invitatus
3129 3494 3317 3559 fuerit,
3362 3494 3531 3551 venire
3560 3491 3630 3547 ad

2021 3579 2327 3649 agendum
2357 3585 2722 3654 praesumat;
2771 3581 2877 3638 sed
2905 3581 3082 3640 liceat
3126 3582 3418 3641 monachis
3458 3579 3621 3655 ipsius

2019 3667 2135 3726 loci
2188 3660 2602 3745 cujuscunque
2647 3671 2945 3730 voluerint
2981 3673 3370 3731 ordinationis
3414 3671 3631 3745 gradum

2020 3758 2341 3832 suscipere,
2392 3759 2741 3836 ubicunque
2785 3762 2911 3831 tibi,
2968 3762 3210 3838 tuisque
3242 3760 3641 3821 successoribus

2018 3846 2325 3920 placuerit.
2356 3850 2768 3908 lnterdicimus
2788 3855 2990 3909 autem
3010 3852 3126 3909 sub
3149 3852 3330 3909 simili
3345 3852 3650 3910 anathema-

2019 3937 2091 3994 tis
2110 3937 2613 4011 promulgatione,
2646 3944 2711 3997 ut
2738 3940 2930 3997 isdem
2959 3941 3128 3999 locus
3167 3942 3283 3999 sub
3311 3942 3520 4000 nullius
3563 3955 3653 3998 cu-

2011 4026 2354 4102 juscunque
2384 4028 2652 4102 episcopi
2695 4030 2792 4087 vel
2831 4030 3156 4089 sacerdotis
3198 4030 3559 4108 deprimatur
3586 4031 3662 4087 in;

2016 4116 2382 4172 terdictionis
2402 4117 2592 4188 titulo,
2620 4135 2726 4176 seu
2751 4119 3394 4179 excommunicationis
3418 4119 3507 4177 vel
3531 4131 3658 4175 ana-

2017 4205 2298 4262 thematis
2356 4206 2618 4263 vinculo.
2662 4209 2796 4265 Non
2843 4208 3006 4265 enim
3051 4207 3278 4285 patitur
3321 4214 3537 4268 sancte
3588 4223 3664 4263 se-

2018 4293 2111 4350 dis
2164 4295 2505 4368 apostolicae
2545 4297 2887 4368 auctoritas,
2939 4303 3005 4356 ut
3041 4298 3220 4356 ullius
3268 4300 3664 4372 cujuscunque

2017 4399 2291 4457 personae
2312 4383 2680 4455 obligatione
2696 4387 3181 4460 proscindatur'a
3203 4404 3266 4445 se
3292 4388 3531 4446 cuilibet
3544 4402 3667 4444 con-

2016 4489 2184 4529 cessa
2215 4472 2476 4530 liberalis
2508 4473 2788 4532 libertas:
2836 4492 3035 4551 neque
3081 4476 3269 4551 ipsius
3310 4478 3430 4535 loci
3474 4477 3666 4535 fratres

2012 4562 2359 4638 ubicunque
2374 4564 2573 4637 positi,
2598 4565 3014 4640 cujuscunque
3033 4567 3666 4642 episcopimaledictio-

2011 4653 2105 4709 nis
2169 4652 2262 4711 vel
2331 4656 2971 4714 excommunicationis
3051 4658 3293 4716 vinculo
3366 4660 3667 4717 teneantur

2012 4742 2252 4801 astricti.
2298 4743 2687 4803 Inhonestum
2715 4745 2876 4803 enim
2914 4746 3091 4807 nobis
3139 4747 3377 4805 videtur
3436 4754 3503 4806 ut
3551 4747 3667 4804 sine

2009 4838 2214 4891 nostro
2238 4833 2488 4905 judicio,
2520 4850 2557 4892 a
2608 4852 2924 4910 quoquam
2972 4838 3506 4897 anathematizetur
3541 4852 3669 4894 san-

2009 4926 2117 4980 σιω
2183 4923 2339 4979 sedis
2395 4923 2738 4996 apostolicae
2806 4925 2967 4983 ﬁlius
3016 4927 3200 4984 veluti
3260 4928 3668 5001 cujuscunque

2008 5010 2292 5084 subjectae
2324 5011 2597 5069 Ecclesiae
2628 5013 2978 5088 discipulus.
3014 5016 3072 5074 Si
3100 5032 3226 5090 qua
3250 5032 3389 5074 vero
3436 5029 3668 5089 compe-

2005 5103 2136 5157 tens
2164 5100 2313 5157 ratio
2333 5100 2619 5170 adversus
2645 5117 2749 5159 eos
2777 5119 3150 5178 quemquam
3172 5105 3452 5174 moverit,
3482 5105 3666 5161 ethoc

2006 5188 2174 5246 aliter
2203 5189 2589 5246 determinari
2607 5191 2703 5248 vel
2731 5191 2965 5249 definiri
2989 5194 3343 5267 nequiverit,
3372 5191 3666 5266 judicium

2004 5279 2424 5352 apostolicum,
2487 5280 2655 5352 quod
2717 5281 2869 5338 nulli
2922 5283 3343 5356 przejudicium
3412 5286 3665 5357 praeten-

2002 5368 2142 5425 dere
2169 5369 2412 5441 patitur,
2445 5384 2626 5442 super
2649 5370 2764 5427 hoc
2789 5370 3470 5445 patienterpraestoletur
3493 5377 3550 5428 et
3564 5370 3668 5426 hu-

2000 5458 2216 5515 militer
2265 5459 2622 5532 requiratur.
2693 5461 3079 5518 Decernimus
3136 5463 3343 5533 etiam,
3402 5467 3463 5519 et
3511 5461 3664 5518 illius

1999 5548 2172 5620 cujus
2198 5548 2325 5605 vice
2354 5549 2634 5622 quamvis
2664 5549 2909 5623 indigne
2957 5551 3286 5625 fungimur,
3317 5552 3662 5610 auctoritate

2000 5638 2326 5715 sancimus,
2348 5643 2415 5701 ut
2435 5639 2630 5703 isdem
2643 5639 2814 5705 locus
2830 5642 3113 5705 omnibus
3124 5643 3205 5705 ad
3227 5659 3289 5705 se
3300 5643 3379 5708 ob
3398 5641 3657 5703 salutem
