3996 6168
328 164 466 220 H37

1596 154 1958 215 EPISTOLE
1986 152 2082 212 ΕΤ
2122 154 2540 216 DIPLOMATA.

3666 158 3804 221 ll38

324 281 834 357 confugientibus,
882 282 959 341 sit
1013 282 1447 341 misericordiae
1478 282 1671 353 sinus,
1703 282 1779 340 sit
1828 282 2008 340 totius
2041 287 2089 341 Α
2119 280 2361 339 arcibus
2401 284 2906 344 remuneratione.
2968 285 3159 360 Igitur
3205 284 3351 362 quia
3413 283 3733 362 postulatis
3768 300 3808 345 8.

319 375 561 451 pietatis
619 376 679 431 et
736 373 942 431 salutis
972 377 1204 447 portus.
1265 373 1550 432 Obtineat
1605 372 1666 429 in
1712 390 1784 430 eo
1807 373 2010 430 locum

313 468 542 540 justus,
598 480 712 522 nec
763 463 1087 539 repellatur
1113 464 1427 538 .pcenitere
1480 463 1695 521 volens
1740 464 2006 538 iniquus.

328 556 676 614 Praebeatur
704 555 1127 612 innocentibus
1184 554 1448 612 charitas
1476 557 1705 611 mutuae
1735 553 2009 612 fraterni-

256 638 261 642 ’
318 648 483 717 tatis,
503 660 617 701 nec
646 648 898 715 negetur
926 643 1171 701 offensis
1201 659 1343 718 spes
1364 643 1575 699 salutis
1600 647 1659 699 et
1685 642 2008 715 indulgen-

322 736 403 793 tia
427 732 690 808 pietatis.
743 736 810 790 Et
852 732 901 789 si
954 732 1172 808 aliquis
1220 733 1644 805 cujuscunque
1702 733 2006 805 obligatus

319 824 711 883 anathemate
768 823 1053 880 eumdem
1104 823 1308 880 locum
1341 820 1676 896 expetierit,
1731 824 1858 880 sive
1897 838 2008 898 pro

322 913 591 988 corporis
646 912 978 986 sepultura,
1037 929 1147 969 seu
1199 911 1450 968 alterius
1501 927 1625 967 sure
1656 913 1929 971 utilitatis
1952 915 2010 969 et

322 1003 531 1061 salutis
562 1003 777 1074 gratia,
825 1002 1073 1059 minime
1130 1018 1167 1058 a
1221 1000 1403 1058 venia
1425 1004 1482 1056 et
1530 1004 1743 1074 optata
1773 1001 2006 1060 miseri-

319 1095 526 1153 cordia
557 1094 933 1163 excludatur,
967 1093 1076 1150 sed
1103 1094 1236 1151 oleo
1266 1091 1700 1150 medicamenti
1724 1093 2007 1151 salutaris

314 1184 618 1241 fovendus
647 1182 984 1254 benigniter
1006 1182 1344 1254 colligatur.
1381 1180 1531 1247 Quia
1565 1186 1624 1238 et
1648 1183 1888 1254 justum
1921 1183 2005 1239 sic

314 1280 426 1341 est,
459 1278 527 1330 ut
555 1273 620 1330 in
651 1273 837 1329 domo
865 1272 1101 1346 pietatis
1130 1276 1186 1329 et
1209 1272 1375 1343 justo
1401 1271 1747 1344 praebeatur
1767 1273 2006 1329 dilectio

313 1367 540 1420 sanctae
564 1361 966 1427 fraternitatis,
996 1366 1053 1418 et
1079 1361 1158 1417 ad
1188 1360 1430 1417 veniam
1462 1360 1841 1431 confugienti
1869 1378 2007 1435 pec-

312 1453 512 1511 catori
542 1467 667 1510 non
698 1457 947 1522 negetur
971 1451 1482 1508 medicamentum
1526 1450 1922 1522 indulgentiae
1950 1455 2009 1508 ct

313 1541 637 1599 salutis.Sit
664 1546 865 1598 autem
896 1540 1178 1597 omnibus
1206 1540 1290 1596 ibi
1321 1539 1791 1597 advenientibus
1819 1556 2007 1598 causa

2116 370 2293 428 nobis
2323 377 2623 445 quatenus
2675 378 3159 450 patriarchatum
3216 383 3435 437 sanctae
3466 373 3810 452 Aquileien-

2119 459 2200 516 sis
2256 461 2531 519 Ecclesiae
2585 481 2726 522 cum
2763 467 2932 524 omni
2961 485 3072 526 suo
3122 471 3378 541 honore,
3440 471 3628 540 atque
3684 467 3813 527 suis

2116 548 2487 622 pertinentiis
2542 556 2737 611 totum
2787 555 2851 613 in
2906 574 3101 615 unum
3157 558 3334 617 vobis
3397 554 3815 634 conferamus,

2118 637 2293 694 sicuti
2316 640 2460 697 olim
2482 657 2519 699 a
2538 641 2719 701 beato
2740 647 2909 703 Petro
2929 646 3206 721 principe
3229 644 3689 721 apostolorum,
3704 666 3822 713 nec

2115 741 2242 782 non
2272 729 2560 801 Eugenio,
2591 737 2774 807 atque
2821 734 3128 807 Gregorio,
3166 736 3546 809 caeterisque
3592 744 3829 816 praede-

2117 816 2458 912 cessoribus
2486 821 2708 878 nostris
2764 823 2950 897 hujus
2980 824 3331 898 apostolicae
3389 824 3575 887 sedis
3606 836 3836 912 episco.

2116 904 2212 979 pis
2239 905 2549 966 decretum
2580 914 2688 980 est,
2744 912 3013 971 inclinati
3066 929 3342 988 namque
3377 904 3694 990 precibus
3742 949 3837 993 ve.

2118 994 2254 1096 stris
2315 998 2644 1096 apostolica
2696 1003 3046 1096 auctoritate
3095 1003 3555 1083 concedimus,
3625 1027 3681 1077 et
3731 1040 3841 1096 per

2116 1085 2301 1156 hujus
2368 1089 2559 1145 nostri
2630 1090 2925 1164 privilegii
2985 1093 3282 1167 paginam
3370 1085 3829 1167 conﬁrmanius

2114 1173 2293 1230 vobis
2323 1177 2651 1252 vestrisque
2685 1182 3137 1239 successoribus
3164 1182 3665 1256 patriarchatum
3692 1213 3822 1253 san-

2117 1267 2228 1319 ctae
2254 1266 2650 1339 Aquileiensis
2672 1272 2937 1328 ecclesiae
2966 1272 3088 1329 fore
3122 1276 3305 1346 caput
3337 1278 3399 1329 et
3426 1283 3811 1354 metropolim

2117 1369 2300 1427 super
2319 1371 2529 1413 omnes
2551 1360 2730 1416 Italiae
2764 1360 3055 1417 Ecclesias
3082 1362 3384 1435 quoniam
3417 1371 3557 1424 ante
3590 1384 3803 1424 omnes

2115 1444 2502 1503 constitutam
2555 1453 2612 1506 et
2663 1451 2726 1506 in
2774 1450 2894 1507 ﬁde
2974 1452 3186 1508 Christi
3237 1451 3560 1511 fundatam
3614 1456 3797 1511 fuisse

2115 1535 2577 1606 cognoscimus;
2639 1543 2818 1612 atque
2848 1539 3128 1597 volumus
3158 1542 3214 1597 S.
3257 1543 3700 1615 Aquileiensem
3727 1542 3793 1597 in

313 1632 554 1702 salutis,
617 1632 714 1688 hic
744 1635 802 1687 et
830 1631 891 1687 in
943 1634 1304 1704 perpetuum
1347 1629 1567 1687 divinae
1595 1630 1972 1687 miserationi

2113 1623 2344 1679 eimctis
2371 1625 2512 1682 ﬁdei
2536 1627 2718 1683 rebus
2749 1628 3135 1702 peculiarem,
3169 1635 3226 1687 et
3254 1631 3562 1702 vicariam,
3611 1637 3669 1689 et
3694 1647 3787 1687 se-

317 1726 378 1778 et
404 1720 651 1795 pietatis
704 1719 1027 1792 refugium,
1087 1724 1143 1776 et
1189 1719 1531 1793 apostolicae
1560 1719 2005 1777 benedictionis

312 1811 697 1885 praesidium.
732 1810 1115 1866 Decernimus
1145 1813 1437 1882 praeterea
1492 1813 1551 1866 et
1574 1810 1833 1866 omnino
1858 1826 2003 1866 con-

310 1901 621 1957 stituimus
649 1903 735 1970 ut,
762 1898 1031 1973 praedicti
1055 1899 1170 1956 loci
1194 1898 1454 1956 obeunte
1486 1899 1734 1968 abbate,
1764 1915 1888 1956 non
1917 1900 2003 1956 ibi

304 1989 892 2062 aliuscujuscunque
941 2003 1216 2062 personae
1264 1988 1548 2045 violentia
1599 1988 2000 2046 constituatur

310 2078 725 2149 ordinandus,
757 2077 857 2133 sed
888 2077 966 2134 ab
990 2077 1123 2151 ipsa
1151 2078 1619 2149 congregatione
1648 2078 1765 2134 loci
1792 2095 2001 2135 secun-

310 2170 465 2226 dum
508 2169 789 2225 timorem
816 2168 935 2239 Dei,
969 2173 1025 2225 ct
1048 2168 1481 2225 institutionem
1511 2167 1870 2238 legislatoris
1901 2170 2000 2223 Be-

309 2259 559 2329 nedicti,
619 2263 792 2331 pater
831 2257 935 2331 qui
991 2258 1102 2314 sibi
1141 2274 1403 2332 praeesse
1456 2258 1678 2314 debeat
1721 2256 1995 2327 eligatur,

314 2353 501 2423 atque
533 2349 611 2405 ad
643 2364 785 2404 eum
835 2346 1243 2404 ordinandum
1287 2348 1729 2422 qualiscunque
1758 2346 1841 2402 illi
1870 2347 1996 2421 pla-

312 2439 525 2507 cuerit,
575 2437 905 2494 advocetur
966 2437 1306 2511 episcopus.
1377 2440 1785 2509 Quascunque
1850 2453 1994 2494 vero

313 2534 509 2586 terras
541 2544 706 2584 nunc
760 2531 944 2597 tenes,
977 2532 1035 2584 et
1058 2543 1215 2600 quas
1273 2533 1335 2583 tu
1382 2527 1587 2601 tuique
1619 2542 1995 2585 successores

315 2618 635 2691 acquirere
671 2616 1001 2689 potueritis,
1053 2617 1116 2672 in
1172 2621 1533 2690 perpetuum
1588 2616 1994 2689 possidendas

317 2707 719 2766 concedimus
748 2706 938 2762 vobis.
975 2706 1031 2764 Si
1071 2707 1207 2779 quis
1236 2712 1438 2763 autem
1468 2707 1784 2764 temerario
1816 2723 1989 2777 ausu,

312 2798 490 2872 quod
514 2796 645 2853 fieri
673 2811 798 2853 non
828 2796 1364 2866 credimus,contra
1389 2797 1573 2869 hujus
1601 2800 1819 2854 nostrae
1849 2814 1993 2872 apo-

316 2886 577 2943 stolicae“
605 2884 1078 2941 confirmationis
1135 2884 1348 2941 seriem
1395 2884 1598 2940 venire
1669 2887 1772 2940 aut
1813 2899 1991 2953 agere

314 2975 657 3045 tentaverit,
686 2974 835 3030 sciat
900 2990 961 3029 se
993 2974 1228 3030 Domini
1257 2975 1445 3031 nostri
1471 2979 1529 3031 et
1578 2974 1990 3046 apostolorum

316 3064 617 3140 principis
650 3064 805 3120 Petri
833 3064 1232 3120 anathematis
1272 3064 1509 3120 vinculo
1546 3064 1987 3134 innodandum,

316 3159 378 3212 et
408 3171 551 3211 cum
573 3151 817 3208 diabolo
846 3152 1097 3225 ejusque
1128 3152 1513 3209 atrocissimis
1543 3152 1990 3226 pompis,atque

316 3260 461 3301 cum
491 3241 647 3298 Juda
668 3240 950 3298 traditore
970 3242 1204 3297 Domini
1233 3246 1290 3298 et
1315 3241 1626 3298 salvatoris
1646 3242 1835 3297 nostri
1854 3244 1991 3298 Jesu

318 3332 555 3400 Christi,
580 3331 641 3389 in
666 3335 953 3388 teternum
986 3332 1188 3402 ignem
1218 3331 1752 3400 concremandum,
1782 3331 1991 3388 simul-

317 3440 441 3498 que
474 3423 537 3479 in
564 3420 915 3494 voraginem
950 3426 1395 3495 tartareumquc
1421 3422 1605 3478 chaos
1643 3421 1989 3478 demersum

316 3530 464 3570 cum
492 3512 692 3585 impiis
722 3511 1144 3568 deticiendum.
1164 3511 1273 3575 Qui
1297 3529 1439 3568 vero
1467 3516 1671 3568 custos
1703 3517 1760 3569 et
1783 3512 1989 3568 obser-

318 3606 496 3659 vator
523 3601 707 3672 hujus
738 3600 927 3656 nostri
958 3600 1249 3673 privilegii
1295 3602 1600 3673 exstiterit,
1629 3600 1988 3657 benedictio-

318 3692 414 3749 nis
446 3690 703 3763 gratiam
727 3694 784 3746 ct
804 3690 986 3747 vitam
1007 3694 1293 3747 aeternam
1321 3707 1355 3746 a
1382 3690 1635 3747 Domino
1658 3706 1987 3765 consequa-

320 3785 438 3851 tur,
470 3785 580 3837 etc.
614 3784 823 3837 Amen.

1110 3873 1217 3925 Vll.

314 3961 572 4018 Joannis
605 3960 751 4016 XIX
776 3960 1027 4030 epistola
1069 3960 1151 4015 ad
1173 3960 1518 4028 Popponem
1558 3959 1984 4029 patriarcham

918 4050 1374 4121 Aquileiensmn.
1905 4063 1908 4067 '

948 4138 1138 4210 (Anno
1176 4138 1352 4205 1027).

668 4230 958 4296 manum,
986 4227 1171 4284 Italia
1199 4242 1397 4297 sacra,
1430 4229 1492 4294 V,
1524 4227 1640 4297 49.]
1958 4283 1963 4286 ,

391 4321 639 4375 ,Ιολκκεε
670 4317 1011 4390 episcopus,
1045 4334 1251 4374 servus
1282 4332 1590 4372 servorum
1626 4315 1981 4383 Dei,dilecto

315 4409 381 4466 in
413 4407 642 4465 Christo
700 4407 865 4464 fratri
916 4409 1156 4463 Porroxr
1204 4412 1424 4462 sancire
1458 4404 1850 4478 Aquileiensis
1877 4408 1984 4461 Ec-

319 4498 514 4556 clesiae
547 4498 898 4570 patriarchae
926 4501 1278 4570 perpetuam
1311 4495 1583 4551 salutem.

393 4593 542 4647 Cum
569 4603 793 4658 magna
811 4587 988 4643 nobis
1017 4586 1409 4643 sollicitudine
1437 4585 1653 4643 insistit
1675 4602 1819 4642 cura
1869 4604 1980 4661 pro

318 4679 614 4737 universis
662 4677 938 4736 Ecclesiis
968 4678 1066 4734 Dei
1118 4692 1187 4733 ac
1213 4676 1328 4749 piis
1382 4676 1530 4733 locis
1562 4676 1871 4747 vigilandi,
1904 4694 1979 4734 nc

320 4770 590 4843 aliquam
665 4766 1031 4831 necessitatis
1093 4767 1393 4839 jacturam
1448 4765 1797 4838 sustineant,
1876 4768 1981 4824 sed

320 4858 518 4930 magis
547 4858 805 4932 propria:
865 4856 1126 4914 utilitatis
1184 4856 1481 4930 stipendia
1510 4862 1977 4930 consequantur,

319 4950 457 5007 ideo
490 4948 768 5005 convenit
792 4964 904 5004 nos
933 4950 1056 5004 tota
1076 4947 1290 5003 mentis
1316 4947 1596 5004 aviditate
1623 4948 1979 5006 eorumdem

317 5044 588 5098 veterum
657 5039 930 5097 locorum
1002 5036 1381 5095 stabilitatem
1441 5054 1511 5094 ac
1582 5037 1980 5109 integritatem

316 5130 582 5188 maxime
610 5142 952 5202 procurare,
996 5129 1053 5183 et
1081 5126 1290 5182 sedulo
1320 5143 1532 5183 eorum
1562 5127 1873 5185 utilitatem
1906 5146 1977 5185 ac

320 5219 591 5276 subsidia
618 5218 735 5274 illic
785 5216 1154 5285 contrahere,
1189 5220 1252 5271 ut
1311 5219 1427 5272 Deo
1466 5221 1672 5273 nostro
1702 5219 1976 5293 omnipoc

317 5308 462 5366 tenti
489 5306 551 5363 id
578 5305 745 5380 quod
800 5321 910 5378 pro
939 5304 1069 5374 ejus
1121 5303 1309 5359 sancti
1362 5302 1625 5360 nominis
1660 5305 1889 5362 honore
1918 5309 1975 5363 et

317 5392 515 5460 laude,
548 5396 727 5465 atque
757 5389 945 5461 gloria
964 5389 1092 5461 ejus
1121 5387 1337 5444 divinae
1361 5388 1708 5460 majestatis,
1736 5396 1972 5448 nostra-

316 5499 454 5541 rum
480 5497 684 5538 rerum
708 5479 1063 5537 confirmare
1094 5477 1388 5534 veteribus
1432 5477 1580 5533 locis
1605 5478 1679 5533 sit
1699 5486 1972 5553 accepta-

317 5572 458 5642 bilc,
484 5570 780 5643 nobisque
811 5569 888 5627 ab
913 5569 1041 5640 ejus
1070 5567 1539 5641 locupletissima
1562 5567 1973 5626 misericordia

316 5662 504 5736 digna
553 5658 902 5735 hujusmodi
942 5657 1026 5735 pii
1055 5656 1118 5714 in
1172 5656 1416 5715 sidereis
1471 5657 1705 5717 conseri
1754 5659 1972 5718 amoris

2112 1712 2379 1770 cundam
2406 1731 2537 1771 esse
2564 1722 2706 1789 post
2732 1718 2890 1775 hanc
2918 1719 3146 1777 almam
3187 1724 3523 1778 Romanam
3553 1722 3782 1792 sedem,

2112 1800 2286 1858 sicuti
2340 1803 2484 1860 olim
2544 1821 2580 1861 a
2630 1805 2809 1863 beato
2862 1810 3033 1865 Petro
3090 1810 3368 1883 apostolo
3425 1827 3786 1868 concessum

2109 1889 2299 1948 fuisse
2328 1893 2579 1950 videtur.
2638 1899 2889 1969 insuper
2932 1897 3105 1954 vobis
3152 1899 3488 1972 vestrisque
3545 1916 3784 1956 succes-

2108 1981 2373 2050 soribus,
2431 1984 2761 2057 apostolica
2820 1988 3171 2045 auctoritate
3215 1989 3468 2062 pallium
3507 1988 3784 2046 concedi-

2106 2086 2269 2141 mus,
2294 2089 2416 2147 quo
2442 2090 2553 2130 vos
2601 2075 2679 2130 ad
2704 2076 3030 2134 missarum
3080 2079 3374 2136 solemnia
3420 2078 3784 2136 celebranda

2106 2160 2194 2217 uti
2242 2163 2525 2219 volumus
2578 2164 2639 2220 in
2715 2166 2908 2223 Natali
2982 2167 3239 2238 Domini,
3284 2185 3355 2224 ac
3404 2168 3781 2223 solemnitate

2108 2249 2479 2323 Epiphaniae,
2513 2256 2569 2308 et
2596 2252 2657 2308 in
2687 2258 2949 2327 quatuor
2980 2257 3035 2313 S.
3089 2257 3282 2313 Mariae
3338 2255 3777 2320 festivitatibus,

2104 2342 2162 2394 et
2187 2340 2250 2395 in
2263 2340 2536 2411 ejusdem
2551 2341 2929 2399 Dedicatione
2960 2344 3307 2414 ecclesiae,et
3330 2344 3392 2400 in
3411 2343 3507 2400 die
3524 2341 3779 2401 Natalitii

2104 2427 2220 2496 sui,
2250 2432 2308 2485 et
2334 2428 2396 2485 in
2427 2430 2612 2486 Coena
2643 2432 2898 2501 Domini,
2925 2433 3068 2489 etin
3111 2433 3206 2490 die
3230 2435 3286 2489 S.
3318 2434 3585 2501 Paschae,
3627 2435 3687 2488 et
3712 2430 3777 2487 in

2104 2518 2476 2574 Ascensione
2517 2519 2767 2589 domini,
2802 2526 2860 2578 et
2885 2522 2948 2578 in
2991 2522 3087 2579 die
3121 2525 3176 2581 S.
3203 2525 3601 2592 Pentecostes,
3628 2525 3685 2577 et
3712 2520 3777 2575 in

2102 2607 2416 2664 Nativitate
2450 2610 2505 2664 S.
2533 2609 2782 2666 Joannis
2808 2611 3099 2685 Baptistae,
3132 2616 3312 2686 atque
3359 2611 3424 2667 in
3453 2608 3777 2667 festivitati-

2099 2695 2219 2753 bus
2246 2698 2521 2754 omnium
2548 2700 3046 2773 apostolorum,et
3069 2702 3132 2758 in
3152 2701 3466 2759 festivitate
3490 2698 3774 2757 Omnium

2103 2786 2480 2860 Sanctorum,
2512 2791 2571 2845 et
2596 2788 2659 2845 in
2690 2791 2916 2847 caeteris
2946 2791 3231 2849 omnibus
3260 2788 3584 2865 praecipuis
3614 2786 3774 2845 festi-

2098 2874 2407 2947 vitatibus,
2448 2893 2559 2934 nec
2588 2894 2712 2936 non
2740 2878 2803 2937 in
2843 2881 3291 2938 consecratione
3322 2879 3772 2954 episcoporum.

2026 3005 2064 3055 C
2102 2964 2182 3020 De
2247 2966 2521 3024 rationali
2582 2976 2785 3027 autem
2841 2970 3112 3045 idipsum
3163 2970 3556 3045 praecipimus
3602 2974 3668 3027 ut
3712 2970 3774 3027 in

2101 3056 2328 3111 caeteris
2366 3056 2783 3117 festivitatibus
2829 3062 3105 3131 utamini,
3154 3062 3678 3135 quemadmodum
3717 3065 3775 3119 et

2100 3144 2178 3201 de
2229 3146 2430 3218 pallio.
2492 3152 2743 3223 insuper
2779 3155 2982 3209 autem
3020 3152 3197 3209 vobis
3250 3153 3587 3228 vestrisque
3641 3171 3775 3212 suc-

2102 3236 2440 3293 cessoribus
2487 3239 2820 3311 apostolica
2875 3242 3228 3298 auctoritate
3284 3242 3599 3302 universos
3655 3245 3774 3321 epi-

2103 3341 2321 3398 scopos
2386 3329 2441 3385 S.
2475 3329 2869 3402 Aquileiensis
2930 3331 3206 3389 Ecclesiae
3245 3333 3632 3408 pertinentes,
3663 3353 3775 3394 nec

2099 3430 2225 3470 non
2277 3417 2711 3475 monasteria...
2773 3424 2954 3494 atque
3013 3421 3195 3478 etiam
3250 3425 3569 3498 parochias
3635 3443 3775 3484 cun-

2100 3507 2226 3559 ctas
2257 3503 2452 3561 eidem
2517 3506 2949 3580 patriarchatui
2976 3511 3342 3583 pertinentes
3394 3532 3535 3573 cum
3573 3515 3769 3574 omni-

2098 3592 2214 3648 bus
2244 3593 2544 3667 plebibus,
2608 3596 2812 3668 titulis,
2853 3599 3143 3671 ccclesiis,
3205 3618 3316 3661 seu
3358 3606 3622 3679 capellis,
3678 3621 3772 3665 ca-

2100 3682 2300 3751 stellis,
2332 3683 2507 3755 villis,
2537 3685 2705 3742 terris
2749 3688 2922 3745 cultis
2952 3694 3011 3746 et
3063 3689 3325 3762 incultis,
3361 3712 3468 3752 seu
3503 3696 3770 3755 decima-

2100 3770 2362 3827 tionibus
2382 3789 2593 3829 eorum
2620 3791 2760 3831 cum
2782 3777 3161 3846 exitibus,vel
3179 3783 3511 3840 redditibus
3532 3801 3763 3857 eorum,

2098 3877 2204 3918 seu
2233 3877 2372 3917 eum
2402 3862 2689 3920 omnibus
2722 3865 3078 3922 utensilibus
3116 3884 3347 3939 eorum,
3384 3876 3440 3928 et
3468 3874 3761 3947 appendi-

2097 3949 2221 4017 ciis,
2251 3951 2536 4023 quaesitis,
2568 3952 2664 4008 vel
2692 3952 3085 4027 inquirendis,
3132 3973 3270 4030 quae
3310 3959 3427 4016 dici
3454 3962 3549 4017 vel
3576 3963 3765 4020 nomi-

2095 4039 2226 4096 nari
2251 4043 2537 4114 possunt,
2569 4056 2680 4097 nec
2710 4057 2833 4099 non
2877 4044 3312 4104 conﬁrmamus
3356 4049 3530 4107 vobis
3560 4053 3764 4112 vestri-

2096 4144 2244 4202 sque
2267 4128 2719 4187 successoribus
2742 4130 3025 4205 insulam,
3066 4150 3201 4208 quae
3232 4137 3464 4195 Gradus
3487 4146 3758 4213 vocatur,

2095 4234 2233 4274 cum
2255 4217 2539 4275 omnibus
2568 4219 2692 4276 suis
2721 4222 3110 4295 pertinentiis,
3140 4242 3279 4299 quae
3306 4226 3625 4287 barbarico
3654 4230 3762 4288 im-

2094 4312 2236 4382 petu
2264 4309 2343 4365 ab
2369 4309 2584 4366 eadem
2615 4311 2979 4385 Aquileiensi
3014 4315 3275 4374 Ecclesia
3305 4319 3610 4378 subtracta
3639 4321 3761 4378 fue-

2090 4402 2243 4466 rant,
2299 4404 2355 4455 et
2384 4398 2534 4455 falso
2587 4400 2971 4474 patriarchali
3025 4406 3271 4462 nomine
3332 4409 3633 4473 utebatur,
3681 4410 3756 4466 de

2090 4503 2214 4560 qua
2234 4488 2405 4544 multi
2434 4495 2843 4546 antecessores
2872 4492 3449 4566 vestri,temporibus
3478 4512 3756 4556 meorum

2092 4583 2562 4651 antecessorum,
2587 4583 2644 4637 et
2672 4579 2999 4636 multorum
3020 4581 3453 4654 imperatorum
3483 4601 3591 4658 per
3620 4604 3755 4644 mu-

2090 4667 2203 4724 ltas
2242 4669 2508 4742 synodos
2547 4669 3088 4743 proclamaverunt,
3145 4671 3227 4728 ad
3277 4688 3432 4745 quas
3496 4677 3752 4734 aemulus

2092 4763 2228 4815 tuus
2284 4758 2585 4816 multoties
2639 4758 2918 4831 synodali
2969 4761 3296 4833 sententiae,
3327 4767 3386 4819 et
3448 4763 3748 4838 imperiali

2089 4854 2389 4923 praecepto
2442 4853 2692 4905 vocatus
2720 4850 2923 4905 venire
2976 4850 3192 4922 renuit,
3222 4852 3382 4909 unde
3411 4851 3750 4912 interventu

2089 4940 2267 4997 etiam
2297 4943 2355 4996 et
2381 4938 2662 5012 petitione
2690 4937 2886 4997 dilecti
2923 4939 3028 4996 filii
3054 4941 3242 4998 nostri
3271 4943 3528 5000 Conradi
3554 4943 3747 5020 impe-

2086 5029 2296 5086 ratoris
2328 5029 2582 5105 Augusti
2628 5029 2931 5102 synodum
2982 5032 3503 5103 congregavimus,
3532 5035 3594 5092 in
3622 5052 3747 5111 qua

2085 5118 2257 5175 multi
2284 5123 2579 5176 nostrates
2598 5123 2656 5175 et
2685 5119 3442 5190 Longobardiet'l‘eutonici
3453 5124 3741 5201 episcopi,

2084 5212 2141 5264 et
2188 5206 2440 5264 abbates
2489 5208 2896 5278 interfuerunt,
2944 5209 3025 5267 ad
3052 5226 3241 5283 quam
3276 5213 3405 5287 ipse
3454 5216 3741 5274 canonice

2083 5303 2333 5354 vocatus
2390 5296 2590 5354 venire
2641 5297 2884 5356 distulit.
2950 5299 3115 5357 Unde
3167 5302 3394 5373 judicio
3464 5305 3742 5367 omnium

2081 5389 2505 5463 episcoporum
2534 5387 2638 5461 qui
2662 5387 2932 5461 aderant,
2980 5390 3248 5450 restituta
3276 5397 3369 5451 est
3412 5394 3495 5452 ibi
3521 5397 3739 5454 eadem

2078 5476 2275 5535 insula
2297 5493 2435 5533 cum
2465 5477 2748 5534 omnibus
2773 5479 2894 5536 suis
2917 5480 3376 5552 pertinentiis,ut
3402 5485 3737 5543 secundum

2082 5570 2266 5624 Deum
2296 5571 2353 5624 et
2382 5571 2588 5624 votum
2602 5571 2870 5627 vestrum
2887 5585 3022 5628 eam
3038 5571 3316 5629 ordinare
3336 5573 3510 5632 vobis
3536 5573 3730 5643 liceat,

2079 5657 2175 5715 vel
2202 5657 2409 5715 omnia
2434 5674 2573 5734 qua:
2601 5658 2713 5716 sub
2733 5658 2867 5733 jure
2898 5676 2967 5719 ac
2997 5660 3266 5722 dominio
3294 5662 3735 5739 patriarchat'“
