3996 6168
256 212 392 273 1141

1512 210 1876 268 EPISTOLE
1915 213 2002 270 ΕΤ
2037 213 2455 273 DIPLOMATA.

3579 215 3716 280 m2

249 341 494 397 vitatem
526 333 791 392 intraret.
819 334 929 392 Ubi
957 339 1282 410 postquam
1309 337 1606 394 intratum
1637 339 1748 405 est,
1781 337 1928 394 obli-
1959 342 2006 395 Α
2042 344 2130 397 est
2159 357 2194 398 a
2225 341 2539 411 Gregorio:
2570 343 2666 399 cui
2689 346 3005 402 revertenti
3031 345 3236 419 junxit
3278 362 3340 404 se
3397 348 3545 402 Urso
3603 362 3718 421 pa-

247 437 346 488 tus
369 429 915 493 sacramentorum,
949 427 1259 497 gentilium
1296 444 1487 501 more,
1521 432 1592 484 ut
1622 427 1697 482 de
1744 444 1927 484 srecu-

242 519 480 576 laribus
509 515 880 583 audivimus,
911 517 1210 590 quidquid
1237 518 1301 573 in
1333 517 1589 574 ecclesia
1615 516 1922 573 inventum

241 614 354 674 est,
383 623 546 664 unca
575 620 763 662 manu
789 605 1204 678 deprmdatum
1235 611 1342 676 est,
1366 607 1634 663 duorum
1681 623 1925 664 monas-

241 699 537 756 teriorum
572 695 1060 752 sanctimoniales
1091 701 1373 770 stupratae
1396 714 1467 754 ac
1487 696 1729 754 violatae
1746 714 1782 754 a
1804 698 1926 754 suis

243 792 413 857 sunt,
446 802 646 859 neque
683 785 1000 842 monachis
1056 787 1339 860 pepercit.
1379 787 1535 854 Quin
1589 786 1770 844 etiam
1825 788 1926 843 de-

246 880 600 934 functorum
629 891 885 948 corpora
924 875 1186 948 quietem
1243 875 1648 933 desiderantia
1705 893 1737 932 e
1791 893 1926 951 pro-

245 969 396 1042 priis
421 964 668 1022 tumulis
697 965 975 1021 auferens
1005 965 1082 1021 ad
1111 966 1409 1034 civitatem
1441 983 1617 1022 suam
1665 966 1923 1023 inhono-

251 1063 385 1113 rata
411 1053 728 1123 transtulit,
762 1054 1047 1127 reliquias
1079 1055 1282 1110 minus
1309 1060 1509 1111 tamen
1539 1071 1729 1128 quam
1769 1056 1924 1112 desi-

247 1144 503 1201 derabat
522 1141 790 1198 similiter
821 1159 1025 1198 secum
1057 1143 1310 1211 devexit,
1343 1144 1555 1200 altaria
1609 1144 1919 1215 confregit,

245 1236 565 1291 thesauros
621 1231 887 1303 abstulit,
942 1232 1236 1288 civitatem
1293 1232 1597 1304 aliquibus
1648 1233 1922 1306 patronis

243 1325 618 1384 Gradensem
644 1322 779 1379 licet
807 1323 1153 1380 destitutam
1188 1323 1482 1378 munitam
1512 1323 1636 1378 suis
1658 1323 1918 1396 reliquit.

242 1415 353 1474 Cui
377 1429 500 1470 non
532 1411 834 1468 sufﬁciens
858 1413 971 1467 hoc
1015 1412 1302 1485 apposuit
1347 1411 1690 1484 iniquitates
1737 1429 1926 1484 super

239 1503 594 1577 iniquitates
619 1503 804 1574 (Psal.
828 1519 1019 1569 vam,
1051 1505 1166 1573 28),
1196 1518 1307 1557 nos
1339 1501 1462 1557 suis
1491 1501 1704 1570 legatis
1756 1502 1929 1574 petiit

239 1610 510 1670 poscens
543 1591 1064 1649 confirmationem
1083 1591 1355 1648 omnium
1376 1591 1645 1647 locorum
1665 1607 1928 1646 suorum

239 1683 500 1752 anobis,
551 1687 607 1738 et
645 1681 1008 1738 nominatim
1048 1681 1368 1738 Gradensis
1410 1680 1649 1736 insulae:
1694 1680 1930 1752 quibus
1960 1698 2005 1752 Β

240 1791 386 1832 cum
402 1771 834 1846 responderem
855 1788 978 1828 non
995 1771 1142 1843 sibij
1154 1777 1302 1842 uste,
1323 1776 1378 1826 et
1399 1771 1709 1838 canonice,
1727 1785 1808 1826 ac
1830 1788 1932 1844 per

240 1865 495 1937 antiqua
521 1862 836 1936 privilegia
857 1862 1173 1936 pertinere,
1216 1861 1528 1918 dixerunt:
1579 1865 1708 1918 Non
1756 1861 1931 1917 aliter

239 1973 315 2012 ea
340 1954 484 2028 petit
504 1952 792 2009 dominus
813 1957 1016 2008 noster
1039 1951 1154 2007 sibi
1190 1950 1554 2012 conﬁrmari,
1607 1951 1723 2006 nisi
1783 1968 1929 2024 que-

242 2038 643 2096 madmodum
669 2053 784 2110 per
823 2036 1139 2110 privilegia
1191 2041 1534 2092 vestrorum
1585 2041 1928 2092 antecesso-

245 2142 380 2181 rum
408 2124 530 2179 suis
561 2122 1047 2178 antecessoribus
1081 2120 1426 2176 etEcclesize
1456 2138 1579 2176 sure
1605 2121 1926 2176 confirma-

249 2219 304 2269 ta
337 2217 446 2278 est,
475 2216 530 2266 et
559 2211 668 2266 sibi
695 2210 864 2281 juste
890 2214 946 2264 ct
978 2210 1265 2264 canonice
1316 2208 1610 2281 pertinere
1664 2209 1922 2279 videtur,

245 2319 316 2359 ac
348 2302 472 2374 ipse
497 2301 754 2374 probare
795 2305 1012 2371 potest,
1044 2304 1101 2353 et
1153 2299 1462 2371 promittit.
1525 2299 1626 2353 His
1681 2299 1918 2364 auditis,

244 2408 356 2448 nec
390 2391 748 2446 arbitrantes
800 2404 938 2444 eum
993 2388 1213 2443 audere
1272 2388 1521 2443 illudere
1583 2387 1923 2460 apostolicae

245 2479 396 2550 sedi,
424 2483 480 2536 et
505 2477 700 2548 magis
731 2476 879 2550 quia
894 2475 1178 2532 novimus
1207 2492 1317 2549 pro
1349 2477 1464 2532 hac
1492 2475 1723 2532 ratione
1756 2479 1924 2532 Urso-

242 2585 388 2625 nem
420 2567 829 2641 patriarcham
855 2580 892 2620 a
920 2565 1096 2621 bonae
1129 2565 1439 2621 memoriae
1460 2564 1693 2620 domno
1734 2566 1922 2620 Bene-

243 2659 407 2714 dicto
437 2672 599 2730 papa
623 2657 886 2711 Romam
909 2659 1188 2709 vocatum
1219 2655 1451 2710 fassum
1479 2669 1542 2709 se
1573 2653 1776 2710 venire
1797 2670 1922 2711 non

243 2762 422 2820 posse
453 2744 565 2800 sub
596 2742 983 2800 excusatione
1008 2742 1335 2814 imperialis
1365 2741 1615 2809 timoris,
1663 2742 1800 2799 licet
1845 2742 1923 2799 le-

245 2841 419 2907 gatos
450 2851 597 2890 suos
635 2833 893 2889 mitteret
949 2831 1336 2904 petitionibus
1391 2832 1515 2887 suis
1562 2831 1923 2889 condescen-

243 2925 456 2981 dentes
485 2921 872 2996 privilegium
904 2920 1015 2976 sibi
1039 2920 1183 2976 dare
1211 2921 1334 2978 tilio
1365 2926 1571 2977 nostro
1593 2923 1762 2977 Petro
1788 2921 1918 2978 dia-

2039 427 2294 483 triarcha
2322 442 2433 483 nos
2463 433 2716 485 vocatus
2736 430 2966 486 adiens.
2994 432 3172 498 Quod
3200 447 3341 487 cum
3399 433 3720 502 cognovis-

2039 517 2127 568 set
2183 515 2388 584 Poppo
2439 512 2868 584 Forojuliensis
2919 516 3289 588 patriarcha,
3343 517 3717 573 monachum

2034 596 2366 670 quemdam
2387 595 2656 668 legatum
2680 598 2760 654 ad
2787 614 2900 654 nos
2955 601 3137 668 misit,
3195 601 3366 657 nulla
3415 601 3719 674 probabili

2033 681 2285 750 ratione,
2308 697 2417 737 nec
2441 682 2605 752 justa
2631 682 3000 753 defensione,
3028 691 3091 741 ut
3112 687 3493 759 promiserat,
3520 687 3716 744 muni~

2034 776 2186 827 tum.
2216 772 2405 836 Quem
2437 788 2576 828 cum
2607 773 2861 830 retinere
2891 774 3099 830 audito
3160 776 3425 832 adventu
3473 777 3716 834 Ursonis

2033 854 2391 930 patriarchae
2418 856 2770 930 voluissem,
2799 859 3007 929 fugam
3041 860 3314 933 arripuit.
3337 861 3590 916 Veniens
3611 877 3716 918 au-

2034 946 2156 998 tem
2221 945 2358 996 ante
2424 957 2535 997 nos
2599 943 2944 1014 patriarcha
3004 944 3332 1000 Gradensis
3366 944 3564 1001 triduo
3609 949 3714 1003 ﬂe-

2030 1026 2230 1082 biliter
2260 1029 2510 1097 questus
2543 1031 2650 1083 est.
2677 1029 2889 1085 Postea
2917 1045 3059 1086 vero
3081 1033 3451 1100 congregata
3481 1031 3714 1102 synodo

2029 1111 2092 1166 in
2124 1109 2377 1166 ecclesia
2428 1113 2488 1166 Β.
2549 1110 2832 1183 Sylvestri
2884 1113 3040 1170 infra
3095 1118 3374 1170 nostrum
3423 1114 3716 1187 palatium

2031 1194 2436 1252 residentibus
2490 1196 2814 1253 nobiscum
2893 1198 3341 1255 venerabilibus
3415 1199 3713 1273 episcopis

2033 1287 2210 1340 Petro
2243 1283 2607 1356 Pipernensi,
2637 1287 2958 1344 Benedicto
3013 1287 3349 1358 Portuensi,
3403 1288 3713 1344 Dominico

2035 1375 2705 1445 Lavicanensi,Bosone
2767 1377 3189 1445 Tiburtinensi,
3241 1377 3550 1448 Reginerio
3605 1383 3712 1436 Ne-

2031 1464 2298 1538 phiensi,
2371 1465 2684 1522 Benedicto
2752 1467 3011 1536 Cerensi,
3071 1467 3317 1524 Dodone
3367 1469 3709 1534 Nucerensi,

2039 1559 2207 1612 Petro
2240 1557 2713 1626 Prcenestinensi,
2745 1561 2975 1614 Joanne
3005 1558 3297 1628 Bledensi,
3327 1561 3556 1616 Joanne
3615 1562 3714 1618 0r-

2038 1645 2216 1714 tensi,
2245 1650 2383 1713 Azo,
2418 1650 2631 1702 Amato
2664 1663 2769 1702 seu
2797 1647 3120 1704 Benedicto
3153 1648 3452 1722 episcopis
3483 1666 3553 1707 ac
3583 1649 3711 1706 dia-

2040 1734 2316 1803 conibus,
2341 1735 2662 1791 Benedicto
2687 1735 3137 1810 archidiacono,
3191 1738 3524 1794 Crescentio
3581 1738 3711 1794 dia-

2039 1830 2214 1880 cono,
2246 1818 2410 1870 Petro
2440 1815 2698 1871 diacono
2729 1816 3279 1887 archieanccllario,
3300 1819 3632 1875 Crescentio
3654 1824 3711 1874 et

2040 1894 2312 1950 Rainerio
2375 1895 2733 1952 diaconibus
2788 1899 2845 1950 et
2897 1897 3327 1967 cardinalibus,
3389 1899 3710 1971 Stephano,

2037 1985 2228 2053 Petro,
2281 1987 2534 2056 Joanne,
2593 1989 2649 2040 et
2703 1983 2820 2039 alio
2868 1985 3124 2053 Joanne,
3184 2003 3292 2042 seu
3332 1987 3557 2042 caeteris
3589 1991 3712 2043 tam

2037 2073 2334 2147 episcopis
2360 2091 2548 2147 quam
2575 2073 2963 2146 presbyteris,
3012 2092 3124 2131 nec
3153 2092 3277 2132 non
3334 2075 3711 2143 diaconibus,

2035 2180 2299 2235 quorum
2330 2165 2542 2220 subtus
2576 2181 2795 2219 manus
2848 2165 3127 2237 ascriptae
3168 2182 3296 2221 esse
3347 2165 3714 2221 subcernun-

2036 2258 2171 2318 tur;
2207 2271 2420 2309 omnes
2452 2271 2546 2309 res
2590 2269 2699 2326 per
2751 2251 3027 2308 ordinem
3088 2254 3283 2309 relata?
3337 2259 3478 2309 sunt
3529 2258 3707 2324 atque

2033 2337 2346 2408 privilegia
2399 2345 2850 2393 antecessorum
2906 2343 3088 2407 nost.,
3171 2338 3295 2394 scil.
3350 2337 3710 2392 sanctissimi

2031 2424 2274 2494 Pelagii,
2306 2425 2567 2493 Gregorii
2603 2429 2658 2479 et
2688 2423 2953 2491 Honorii,
2989 2425 3272 2499 Stephani
3313 2429 3368 2480 et
3424 2415 3708 2494 Gregorii,

2035 2509 2265 2571 Leonis.
2293 2509 2477 2579 Sergii
2509 2514 2566 2565 et
2596 2508 2829 2577 Leonis,
2860 2509 3180 2575 Benedicti,
3224 2507 3488 2573 Adriani,
3539 2508 3709 2565 Boni-

2030 2593 2188 2660 facii,
2224 2591 2833 2660 Romani,Theodori,
2884 2593 3203 2659 Anastasii,
3265 2592 3530 2658 Joannis,
3582 2592 3707 2664 Syl-

2029 2678 2210 2732 vestri
2241 2682 2298 2733 et
2325 2678 2508 2747 Sergii
2527 2682 2799 2746 ostensa,
2827 2694 3092 2749 quorum
3131 2678 3434 2732 imitantes
3474 2691 3706 2747 quam-

2032 2762 2297 2834 plurima
2321 2762 2394 2818 de
2426 2763 2639 2818 eadem
2672 2761 2960 2819 Gradensi
2993 2763 3134 2818 sede
3182 2761 3469 2829 instituta,
3524 2757 3706 2813 talem

2028 2846 2440 2903 definitionem
2471 2846 2822 2920 promeruit,
2851 2851 2918 2903 ut
2960 2845 3341 2920 privilegium
3390 2841 3708 2898 conﬁrma-

2030 2930 2208 2986 tionis
2231 2931 2458 3002 judicio
2484 2935 2831 2987 nostrorum
2877 2931 3311 3004 episcoporum
3369 2926 3502 2992 sibi,
3555 2925 3704 2981 suis-

245 3030 402 3071 cono
423 3018 478 3069 et
507 3009 871 3068 cancellario
902 3010 1315 3084 praecepimus.
1347 3010 1461 3068 Sed
1489 3015 1546 3066 et
1598 3009 1672 3067 de
1724 3011 1920 3068 insula
1951 3056 1990 3112 ϐ
2029 3031 2148 3088 que
2203 3016 2648 3072 successoribus
2703 3015 2777 3071 de
2846 3016 3126 3086 ejusdem
3182 3012 3340 3069 sedis
3387 3010 3705 3068 stabilitate

247 3102 536 3160 Gradensi
567 3100 749 3157 inseri
777 3099 1090 3171 jussimus,
1127 3100 1277 3156 sicut
1301 3100 1576 3156 audietis.
1633 3102 1922 3158 Praeterea

246 3193 684 3250 conﬁrmamus
713 3188 890 3246 vobis
914 3189 1172 3245 insulam
1196 3191 1562 3246 Gradensem
1585 3207 1725 3246 cum
1743 3191 1918 3263 perti-

245 3282 490 3349 nentiis,
523 3282 678 3336 sicut
701 3280 862 3350 juste
892 3283 948 3334 et
977 3279 1264 3336 canonice
1295 3296 1401 3353 per
1431 3280 1681 3353 antiqua
1736 3280 1917 3352 privi-

245 3371 407 3442 legia
438 3370 608 3426 vobis
636 3372 695 3424 et
723 3367 998 3424 Ecclesiae
1025 3373 1229 3424 vestra:
1280 3369 1571 3441 pertinere
1623 3368 1916 3438 dignosci-

249 3467 348 3516 tur
381 3478 392 3515 :
423 3465 478 3515 et
508 3459 659 3514 sicut
687 3462 750 3514 tu
779 3457 910 3530 ipse
934 3457 1091 3528 juste
1119 3459 1377 3530 probare
1433 3457 1598 3514 omni
1650 3463 1916 3532 tempore

247 3554 444 3624 potes,
478 3553 535 3605 et
555 3546 875 3622 promittis,
910 3546 992 3602 ita
1014 3551 1076 3602 ut
1095 3549 1430 3603 secundum
1450 3550 1637 3604 Deum
1663 3547 1916 3604 tibieam

251 3639 531 3698 ordinare
557 3638 750 3694 liceat.
786 3635 960 3702 Quod
991 3640 1183 3692 totum
1212 3637 1271 3692 in
1292 3637 1658 3693 contrarium
1677 3637 1912 3700 accidit,

247 3725 392 3798 quia
421 3740 531 3780 nec
556 3723 715 3794 juste
743 3721 855 3776 sibi
887 3721 1179 3794 pertinere
1211 3722 1596 3778 convinctum
1624 3726 1710 3777 est
1741 3739 1752 3776 :
1810 3721 1916 3793 qui

240 3822 492 3869 vocatus
505 3812 584 3868 ad
606 3809 1099 3868 satisfaciendum
1124 3810 1197 3865 de
1211 3811 1323 3866 hoc
1346 3810 1632 3866 Gradensi
1661 3809 1912 3883 patriar-

240 3898 372 3955 chae
443 3897 595 3952 sicut
646 3894 956 3969 promisit,
1019 3895 1217 3950 venire
1247 3895 1490 3963 distulit,
1539 3910 1647 3950 nec
1700 3911 1912 3951 secun-

238 3989 395 4045 dum
424 3989 610 4043 Deum
637 3985 863 4042 dictam
889 3983 1192 4040 ordinavit
1221 3985 1506 4053 insulam,
1559 4001 1755 4057 neque
1803 4001 1910 4041 an-

237 4078 414 4150 tiqua
440 4091 547 4149 per
571 4073 883 4147 privilegia
913 4088 1048 4129 eam
1080 4072 1190 4128 sibi
1215 4074 1527 4146 pertinere,
1581 4077 1644 4128 ut
1691 4073 1910 4145 promi-

239 4166 426 4229 serat,
450 4159 724 4217 ostendit.
750 4157 1146 4229 Privilegium,
1171 4159 1336 4230 quod
1360 4157 1645 4231 scriptum
1671 4162 1762 4214 est
1797 4157 1908 4213 sub

231 4245 489 4319 praefata
501 4243 841 4302 conditione
867 4258 1056 4299 manu
1076 4248 1281 4299 nostra
1306 4243 1786 4311 corroboratum,
1802 4259 1909 4314 per

239 4347 392 4387 suos
417 4330 733 4385 remissum
764 4332 852 4383 est
871 4327 1132 4384 nuntios.
1167 4330 1300 4383 Post
1357 4344 1565 4383 eorum
1621 4327 1908 4383 reversio-

2029 3100 2454 3172 perpetualiter
2505 3101 2861 3156 faceremus.
2925 3101 3102 3166 Quod
3159 3103 3215 3156 et
3268 3098 3540 3165 fecimus,
3586 3101 3704 3153 sta-

2029 3195 2258 3246 tuentes
2330 3189 2658 3263 apostolica
2733 3206 2989 3247 censura
3061 3189 3180 3244 sub
3236 3187 3418 3244 divini
3495 3188 3707 3259 judicii

2029 3279 2442 3345 obtestatione,
2487 3283 2554 3334 ut
2602 3278 2750 3334 nulli
2800 3296 3079 3352 unquam
3138 3279 3201 3335 in
3247 3284 3511 3352 tempore
3554 3295 3704 3353 prae-

2029 3369 2256 3424 dictum
2315 3371 2607 3424 Ursonem
2663 3368 3101 3441 patriarcham,
3175 3385 3245 3426 ac
3325 3386 3700 3428 successores

2028 3459 2159 3529 ejus
2187 3459 2262 3514 de
2283 3458 2569 3530 praedicto
2611 3459 3026 3530 patriarchatu
3087 3461 3394 3529 Gradensi,
3447 3461 3571 3519 sive
3624 3462 3699 3518 de

2026 3547 2227 3619 rebus,
2261 3563 2330 3603 ac
2353 3546 2841 3620 possessionibus
2874 3548 3004 3618 ejus
3045 3547 3396 3622 inquietare,
3425 3557 3530 3609 aut
3566 3569 3697 3611 mo-

2026 3637 2238 3694 lestare
2269 3641 2672 3709 praesumant;
2702 3638 2808 3693 sed
2837 3637 3038 3710 potius
3072 3639 3292 3712 saepius
3315 3641 3696 3701 nominatum

2023 3727 2431 3800 patriarcham
2463 3725 2836 3782 Gradensem
2860 3743 3000 3782 cum
3035 3742 3149 3784 sua
3172 3728 3508 3800 integritate
3533 3733 3697 3806 quie-

2028 3821 2154 3872 tum
2184 3820 2415 3871 remota
2444 3815 2608 3870 omni
2632 3815 3102 3871 contradictione
3133 3817 3282 3889 ipse,
3319 3819 3531 3892 suique
3558 3839 3694 3877 suc-

2023 3920 2288 3960 cessores
2311 3903 2615 3975 perpetuis
2628 3902 2983 3975 possideant
3000 3905 3490 3976 temporibus,ita
3512 3909 3691 3965 etiam

2022 3997 2088 4048 ut
2117 3991 2349 4063 absque
2381 4007 2491 4046 suo
2517 4006 2888 4063 suorumque
2914 4007 3330 4048 successorum
3350 3994 3690 4054 voluntario

2022 4097 2322 4139 consensu
2352 4079 2499 4135 nulli
2516 4079 2864 4135 electionem
2890 4095 3139 4147 suorum
3159 4080 3688 4152 suffraganeorum

2020 4173 2213 4228 facere
2238 4169 2430 4225 liceat.
2467 4171 2531 4224 Et
2563 4167 2863 4241 quidquid
2921 4168 2999 4226 ab
3048 4169 3132 4224 eis
3174 4169 3349 4241 juxta
3405 4187 3688 4231 normam

2021 4259 2375 4318 canonicam
2406 4275 2515 4332 pro
2539 4257 2874 4314 commissae
2906 4257 3018 4313 sibi
3047 4257 3323 4316 Ecclesiae
3353 4276 3498 4318 cura
3545 4279 3686 4335 pro-

2017 4351 2208 4406 latum
2241 4349 2431 4415 fuerit,
2492 4353 2615 4404 tam
2659 4364 2696 4403 a
2743 4347 3139 4417 suffraganeis
3196 4348 3308 4405 sibi
3362 4351 3682 4424 episcopis,

239 4419 686 4512 Eem_n°”_dum
718 4417 950 4512 exple?)
996 4417 1200 4512 Iri-dim
1259 4417 1500 4512 Πυξῖἶίυδ
1554 4417 1904 4512 Ρίλίνίδινὲὴίθ
1935 4411 1978 4464 D
1993 4445 2204 4512 ‘quam
2231 4456 2267 4496 a
2287 4439 2444 4496 clero
2471 4442 2526 4493 et
2553 4436 2780 4511 populo
2811 4436 3096 4494 custodiri
3116 4411 3520 4510 praecipimus.
3569 4411 3682 4505 Qui

241 4503 570 4560 Gradensis
595 4503 956 4575 supervenit,
988 4503 1247 4558 ﬂebilem
1269 4501 1444 4558 nobis
1465 4506 1904 4573 reprtesentans

241 4588 586 4662 epistolam,
619 4604 805 4660 quam
836 4604 975 4643 cum
996 4587 1349 4656 legissemus
1381 4601 1605 4656 magno
1651 4603 1904 4642 maerore

242 4673 442 4731 affecti
470 4689 718 4741 sumus;
772 4673 875 4728 sed
918 4677 1267 4744 recuperata
1322 4687 1425 4744 spe
1475 4687 1544 4726 ex
1593 4686 1684 4736 eo,
1739 4672 1905 4743 quod

242 4758 504 4832 probare
535 4758 698 4814 omni
721 4763 986 4829 tempore
1003 4755 1293 4826 justitiam
1330 4771 1392 4810 se
1422 4756 1647 4811 habere
1680 4756 1901 4828 promi-

244 4844 339 4911 sit,
373 4842 649 4898 nuntium
689 4845 961 4896 nostrum
1006 4841 1352 4910 Gregorium
1394 4840 1514 4896 ﬁde
1557 4841 1898 4913 probatum,

243 4933 304 4985 et
333 4926 498 4983 omni
526 4926 863 4999 eloquentia
894 4925 1189 4995 insignem
1240 4925 1317 4980 ad
1371 4931 1694 4998 utrumque
1743 4926 1901 4981 misi-

243 5029 383 5070 mus
405 5029 542 5068 cum
573 5009 833 5084 epistolis
854 5014 1098 5082 paterne
1125 5010 1477 5067 vocantibus
1509 5027 1611 5067 eos
1642 5010 1720 5066 ad
1763 5026 1900 5066 nos-

241 5103 400 5155 tram
430 5097 753 5168 synodum.
786 5096 900 5152 Sed
952 5098 1156 5168 Poppo
1204 5095 1346 5149 visis
1392 5096 1594 5152 litteris
1635 5112 1900 5152 commo-

243 5187 455 5239 tus.....
498 5182 649 5237 sicut
674 5180 989 5251 Gregorius
1010 5179 1222 5244 retulit,
1255 5181 1420 5249 quod
1449 5197 1558 5237 nec
1590 5180 1770 5237 etiam
1800 5197 1898 5237 ca-

244 5271 355 5342 put
381 5266 714 5334 inclinaret,
741 5266 846 5321 sed
876 5265 1072 5338 potius
1104 5269 1370 5320 tenorem
1399 5265 1688 5337 privilegii
1714 5266 1897 5322 dene-

244 5357 430 5424 garet.
469 5355 550 5419 Et,
583 5351 724 5424 quia
753 5350 1046 5423 perditam
1072 5348 1433 5406 Gradensem
1490 5349 1751 5408 insulam
1797 5352 1899 5409 ha-

240 5437 428 5506 beret,
459 5435 840 5510 querebatur,
869 5450 978 5490 nec
1009 5450 1184 5507 posse
1213 5449 1273 5487 se
1304 5434 1501 5490 venire
1519 5434 1598 5490 ad
1629 5441 1897 5493 nostram

241 5522 550 5596 synodum
579 5520 745 5577 nulla
767 5519 996 5577 ratione
1020 5519 1442 5575 interveniente
1461 5518 1854 5592 profitebatur
1880 5541 1892 5588 ;

243 5607 353 5665 sed
376 5607 451 5663 de
480 5610 682 5663 tenore
711 5604 997 5678 privilegii
1024 5603 1085 5660 in
1107 5603 1319 5660 eodem
1347 5603 1479 5660 loco
1536 5603 1770 5660 vinctus
1808 5611 1897 5663 est

243 5692 600 5755 mendacem
653 5705 826 5760 esse;
875 5689 1016 5764 quia
1070 5687 1374 5762 exemplar
1415 5688 1892 5749 demonstratum

2017 4546 2155 4585 vero
2184 4529 2332 4600 hmo,
2377 4544 2512 4601 quae
2567 4543 2601 4583 a
2651 4526 2826 4582 nobis
2876 4527 2976 4599 pio
3029 4526 3245 4582 intuitu
3296 4526 3682 4598 promulgata

2017 4625 2174 4688 sunt,
2199 4619 2518 4688 infringere
2549 4621 2653 4674 aut
2672 4617 2731 4672 in
2754 4617 2956 4689 aliquo
2988 4615 3321 4687 transgredi
3340 4631 3676 4690 praesump-

2016 4709 2172 4776 serit,
2206 4707 2630 4780 omnipotentis
2671 4706 2771 4762 Dei
2823 4707 2974 4760 iram
3023 4704 3306 4774 incurrat,
3366 4709 3423 4760 et
3469 4711 3676 4763 nostro

2014 4796 2726 4854 anathemateconfossus
2745 4798 2966 4866 pereat,
2999 4793 3105 4849 sed
3133 4797 3190 4849 et
3247 4809 3385 4848 cum
3429 4793 3674 4852 diabolo

2011 4892 2301 4961 perpetuo
2327 4886 2650 4942 damnatus
2674 4887 2893 4953 gemat.
2923 4881 3032 4948 Qui
3053 4887 3254 4938 autem
3270 4887 3472 4940 custos
3496 4889 3552 4940 et
3572 4887 3673 4942 ob-

2013 4979 2283 5031 servator
2303 4974 2484 5044 hujus
2505 4972 2692 5028 nostri
2719 4971 3028 5044 apostolici
3053 4970 3344 5044 privilegii
3363 4973 3667 5046 exstiterit,

2011 5065 2268 5135 gratiam
2298 5067 2596 5118 mereatur
2628 5063 2724 5118 SS.
2755 5060 3068 5128 Trinitatis,
3122 5064 3179 5117 et
3234 5065 3439 5118 nostra
3491 5063 3668 5122 bene-

2010 5155 2267 5211 dictione
2290 5153 2539 5223 fruatur,
2570 5169 2638 5208 ac
2669 5151 2730 5206 in
2761 5151 2980 5207 saecula
3010 5151 3367 5208 saeculorum
3417 5153 3662 5211 lietetur.

2083 5242 2379 5314 Scriptum
2405 5257 2512 5313 per
2538 5255 2758 5295 manus
2779 5239 3011 5310 Georgii
3057 5239 3342 5296 scriniarii
3371 5241 3426 5296 S.
3477 5243 3540 5296 R.
3600 5245 3660 5297 E.

2008 5331 2068 5387 in
2101 5346 2306 5386 mense
2339 5328 2646 5386 Decembri
2671 5327 2994 5384 indictione
3023 5339 3141 5384 v’m.
3194 5331 3234 5398 -ι-
3265 5329 3420 5385 Bene
3451 5329 3656 5386 valete.

2080 5425 2200 5493 Ego
2231 5419 2586 5477 Benedictus
2613 5419 2932 5491 episcopus
2965 5417 3311 5474 Portuensis
3342 5418 3577 5475 interfui
3604 5425 3660 5477 et

2008 5511 2206 5569 subsc.

2080 5605 2200 5673 Ego
2226 5605 2408 5661 Bosus
2438 5601 2758 5676 episcopus
2791 5601 2845 5657 S.
2878 5597 3168 5671 Tiburgiae
3199 5596 3473 5655 Ecclesiae
3521 5598 3660 5655 sub-

2007 5692 2232 5766 scripsi.
