3998 6176
1794 61 1827 86 δ

350 209 488 275 1143

415 337 538 407 Ego
566 336 769 390 Petrus
796 330 1119 404 episcopus
1156 326 1483 384 Hostiensis
1513 326 1743 382 subscr.

417 427 538 494 Ego
571 420 911 479 Dominicus
940 420 1262 491 episcopus
1321 414 1750 474 Lavicanensis
1809 411 2005 470 Eccle-

347 513 447 570 sia
477 509 826 582 subscripsi.

417 604 538 671 Ego
569 598 923 656 Benedictus
949 600 1003 656 S.
1035 597 1303 655 Cerensis
1353 595 1627 653 Ecclesia
1686 594 2007 667 episcopus

346 689 576 747 subscr.

418 783 540 851 Ego
561 782 821 836 Joannes
853 777 1176 852 episcopus
1207 779 1263 835 S.
1294 779 1527 836 Ortana
1565 773 1837 831 Ecclesia
1864 772 2005 829 sub-

345 871 549 944 cripsi.

421 965 541 1031 Ego
573 959 901 1033 Raynerius
932 961 986 1016 S.
1022 959 1328 1032 Nepesina
1375 955 1646 1015 Ecclesiae
1690 955 2008 1029 episcopus

351 1049 584 1106 subscr.

422 1141 544 1208 Ego
575 1139 781 1195 Petrus
808 1138 1144 1212 episcopus.
1189 1138 1243 1192 S.
1298 1133 1679 1210 Pipernensis
1737 1132 2009 1190 Ecclesia

352 1227 703 1300 subscripsi.

422 1317 543 1386 Ego
575 1315 921 1372 Benedictus
948 1315 1269 1388 episcopus
1293 1314 1367 1370 de
1383 1312 1746 1370 Portalatina
1775 1310 2006 1368 subscr.

424 1408 543 1476 Ego
579 1406 744 1461 Dodo
765 1405 1086 1479 episcopus
1119 1403 1465 1461 Nucerensis
1494 1401 1724 1458 subscr.

427 1497 549 1565 Ego
571 1498 687 1551 Azo
715 1494 1034 1568 episcopus
1060 1493 1495 1550 Camerinensis
1531 1491 1761 1546 subscr.

425 1586 548 1654 Ego
571 1586 831 1640 Joannes
849 1583 1168 1657 epiSCOpus
1188 1584 1243 1639 S.
1273 1581 1549 1638 Bledana
1574 1578 1844 1636 Ecclesia
1871 1577 2013 1633 sub-

355 1673 590 1748 scripsi.

427 1767 550 1836 Ego
581 1763 873 1820 Almatius
907 1807 918 1819 .
957 1807 968 1819 .
1008 1803 1020 1815 .
1053 1806 1064 1817 .
1093 1762 1322 1818 subscr.

432 1856 554 1924 Ego
584 1856 696 1908 Leo
730 1856 786 1910 S.
822 1852 1176 1908 Ficoclcnsis
1207 1849 1479 1906 Ecclesia
1503 1848 1684 1922 episc.
1716 1849 1944 1904 subscr.

436 1946 557 2011 Ego
589 1942 898 1999 Monaldus
918 1942 1236 2014 episcopus
1259 1939 1650 1996 Ariminensis
1669 1956 1738 1994 ex
1753 1939 2021 2010 jussione

361 2034 426 2087 D.
460 2033 550 2087 Jo.
576 2047 752 2105 papa
775 2031 1008 2086 subscr.

348 2110 364 2120 ’
433 2124 554 2191 Ego
587 2120 878 2177 Berardus
913 2123 966 2178 S.
1003 2119 1369 2192 Fulgiliensis
1403 2120 1671 2177 Ecclesia
1707 2120 1888 2194 episc.
1952 2135 2025 2174 cx

356 2210 632 2283 jussione
667 2214 728 2267 D.
758 2211 845 2267 Jo.
878 2227 1054 2285 papa
1085 2211 1313 2267 subscr.

437 2303 558 2371 Ego
585 2299 934 2357 Benedictus
966 2299 1448 2369 archidiaconus,
1509 2304 1565 2357 et
1606 2297 2022 2356 vicedominus

368 2390 596 2447 subscr.

436 2484 558 2552 Ego
589 2483 790 2537 Petrus
831 2480 1124 2538 diaconus
1177 2481 1232 2536 S.
1267 2484 1330 2538 R.
1357 2484 1416 2537 Ε.
1443 2485 1500 2538 et
1525 2480 1914 2538 cancellarius
1937 2495 2027 2535 sa-

375 2569 458 2626 cri
487 2569 693 2642 palatii
713 2569 946 2626 subscr.

439 2661 562 2730 Ego
594 2660 961 2716 Crescentius
991 2658 1282 2716 diaconus
1315 2660 1544 2716 subscr.

440 2751 561 2818 Ego
592 2749 923 2818 Riginerius
955 2749 1247 2806 diaconus
1276 2750 1506 2806 subscr.

441 2839 562 2906 Ego
594 2835 930 2908 Stephanus
957 2836 1277 2892 cardinalis
1306 2837 1561 2894 interfui.

441 2927 562 2992 Ego
591 2926 849 2980 Joannes
872 2925 1195 2980 cardinalis
1226 2926 1305 2982 tit.
1340 2927 1394 2982 S.
1420 2926 1670 2983 Marcelli
1691 2926 1949 2982 interfui.

441 3015 563 3082 Ego
591 3015 848 3069 Joannes
879 3013 1199 3070 cardinalis
1225 3018 1279 3072 S.
1313 3016 1488 3072 Marci
1516 3015 1773 3074 interfui.

1168 3162 1228 3215 Χ.

372 3304 627 3362 Joannis
663 3304 813 3359 XIX
833 3319 1008 3373 papa?
1035 3305 1287 3374 epistola
1314 3305 1394 3360 ad
1413 3306 1659 3362 Petrum
1693 3305 2029 3375 episcopum

650 3377 1090 3433 Gerundensem
1125 3376 1198 3432 de
1215 3377 1534 3448 privilegio
1557 3378 1757 3446 pallii.

985 3498 1180 3568 (Anno
1234 3498 1412 3568 1030.)

567 3588 826 3657 [Fi.oui:z,
860 3587 1105 3654 Espana
1135 3586 1434 3657 Sagrada,
1468 3589 1646 3654 XLIII,
1682 3588 1832 3660 430.]

442 3714 685 3767 Joust
713 3710 1050 3783 episcopus,
1088 3726 1290 3766 servus
1332 3726 1644 3767 servorum
1699 3711 1799 3767 Dei
1847 3713 2030 3768 Pereo

371 3799 702 3857 venerabili
727 3800 1013 3873 episcopo
1037 3800 1439 3856 Gerundensis
1489 3805 1708 3857 sancta
1759 3801 2030 3857 Ecclesia

371 3896 429 3950 et
456 3890 670 3947 dilecto
697 3889 758 3946 in
789 3889 1017 3948 Christo
1075 3889 1218 3959 tilio,
1270 3894 1623 3963 perpetuam
1665 3891 1725 3947 in
1778 3892 2032 3948 Domino

372 3983 626 4042 salutem
651 3984 708 4038 et
739 3979 1133 4054 apostolicam
1163 3980 1662 4037 benedictionem.

444 4067 692 4125 Cumtui
715 4068 940 4125 amoris
970 4084 1156 4124 causa
1186 4067 1415 4141 aliquid
1445 4070 1706 4139 agimus,
1728 4073 1890 4126 tanto
1921 4087 2032 4127 nos

368 4157 603 4229 placere
631 4160 750 4213 Deo
779 4157 1046 4214 devotius
1070 4158 1433 4215 confidimus
1454 4164 1682 4232 quanto
1707 4164 1873 4216 tuam
1891 4176 2030 4216 con~

372 4244 772 4301 versationem
805 4249 926 4302 tam
949 4246 1306 4318 evangelicis
1346 4263 1534 4320 quam
1585 4252 1641 4304 et
1691 4247 2033 4322 apostolicis

375 4332 769 4405 glorificatam
795 4334 1147 4392 testimoniis
1187 4335 1432 4392 scimus.
1463 4337 1554 4393 Ad
1584 4338 1713 4409 ejus
1764 4354 2030 4412 namque

373 4421 620 4480 laudem
648 4422 898 4481 refertur
923 4423 1068 4481 illud
1115 4425 1280 4497 quod
1333 4426 1547 4484 dicitur
1576 4445 1588 4482 :
1624 4450 1650 4476 ‹‹
1681 4427 1790 4494 Qui
1828 4432 2033 4485 manet

374 4514 438 4572 in
483 4513 788 4582 charitate,
844 4513 907 4571 in
955 4515 1074 4571 Deo
1149 4519 1372 4583 manet,
1442 4521 1499 4574 et
1556 4519 1712 4575 Deus
1761 4518 1824 4575 in
1873 4535 2030 4576 eo.»

379 4603 438 4662 Si
466 4619 608 4673 ergo
661 4619 769 4676 per
819 4603 1166 4662 charitatem
1195 4605 1256 4662 in
1289 4608 1406 4662 Deo
1428 4622 1748 4664 manemus
1780 4611 1838 4664 et
1878 4610 2033 4664 Deus

377 4692 438 4750 in
465 4694 664 4765 nobis,
697 4699 754 4750 et
784 4693 910 4751 sine
939 4694 1194 4752 iIIa'Deo
1225 4695 1460 4768 placere
1517 4713 1641 4754 non
1683 4713 2030 4771 possumus,

377 4781 439 4839 in
496 4783 781 4841 omnibus
811 4785 1027 4841 nostris
1066 4786 1351 4860 operibus
1408 4787 1534 4842 sine
1596 4787 2034 4844 intermissione

377 4872 545 4930 illam
593 4875 870 4947 praeferre
927 4875 1241 4932 debemus.
1303 4879 1369 4932 Et
1417 4877 1562 4950 quia
1613 4881 1858 4947 urgente
1894 4894 2034 4951 pas-

380 4962 552 5020 torali
611 4964 1005 5023 sollicitudine
1061 4979 1185 5039 qua
1235 4966 1516 5023 divinitus
1575 4966 1850 5045 videmur
1889 4983 2037 5040 pra-

381 5053 507 5122 diti,
561 5054 612 5110 si
663 5054 899 5127 aliquos
954 5055 1222 5129 captivos
1289 5055 1366 5114 ab
1428 5056 1701 5130 Hispanis
1743 5057 2035 5114 redimere

381 5159 720 5217 possemus,
773 5148 829 5201 te
882 5145 1156 5203 veniente
1213 5145 1292 5203 ad
1346 5145 1554 5202 limina
1600 5147 2032 5220 apostolorum,

382 5233 884 5306 interrogavimus
917 5253 930 5302 ;
969 5236 1326 5310 respondisti
1382 5236 1620 5306 triginta
1662 5239 1927 5312 captivos
1981 5241 2038 5294 te

383 5322 534 5379 velle
561 5328 618 5379 et
647 5340 822 5397 posse
880 5341 989 5397 pro
1037 5325 1303 5382 remedio
1333 5326 1550 5382 anima
1604 5332 1823 5383 nostra
1879 5327 2036 5384 redi-

385 5427 548 5468 mere
578 5417 636 5470 et
661 5413 918 5472 libertati
953 5415 1118 5486 dare,
1164 5415 1212 5471 si
1258 5415 1353 5472 vel
1381 5415 1702 5472 duodecim
1755 5416 1816 5472 in
1875 5432 2036 5474 anno

385 5501 620 5559 vicibus
669 5503 772 5560 tibi
824 5503 988 5577 pallii
1031 5521 1210 5560 usum
1231 5505 1714 5562 concederemus.
1768 5506 1900 5563 Zelo
1929 5507 2038 5564 ita-

387 5605 506 5664 que
537 5594 658 5664 Dei,
689 5595 793 5666 qni
823 5611 925 5652 eos
975 5595 1216 5668 proprio
1270 5596 1558 5666 sanguine
1610 5597 1879 5665 redemit,
1939 5611 2038 5654 ac-

391 5681 574 5750 censi,
603 5682 871 5754 pelitioni
900 5687 1014 5739 tua
1053 5682 1612 5754 condescendimus,
1670 5686 2037 5766 palliumque

1714 197 2004 256 JOANNIS
2042 196 2152 266 XIX
2189 198 2405 259 ΡΑΡᾹΞ.

3650 203 3766 259 Ilii

2029 324 2079 378 Α
2119 329 2481 396 gestandum
2537 329 2857 388 duodecim
2905 327 2968 386 in
3022 342 3183 386 anno
3232 326 3474 384 vicibus
3540 324 3647 382 tibi
3695 343 3768 383 so-

2113 417 2242 476 lum
2293 421 2478 480 modo
2529 421 2960 486 concessimus,
3012 420 3074 475 in
3101 417 3304 475 Natale
3331 417 3626 474 videlicet
3677 419 3770 472 Do-

2115 508 2282 576 mini,
2314 511 2373 566 in
2407 511 2760 584 Epiphania,
2790 511 2852 566 in
2883 513 3063 567 Cana
3094 508 3346 577 Domini,
3369 509 3440 563 in
3473 511 3770 562 Resurrec-

2115 596 2272 654 tione
2300 601 2552 669 Domini,
2578 601 2640 656 in
2671 600 2766 656 die
2811 599 2956 654 luna
3011 597 3516 665 Resurrectionis,
3575 596 3636 651 in
3685 600 3771 650 As-

2116 687 2394 744 eensione
2468 689 2724 757 Domini,
2782 688 2845 744 in
2903 691 3306 753 Pentecosten,
3353 687 3423 742 in
3475 684 3770 740 festivitate

2117 777 2400 834 Omnium
2434 780 2808 845 Sanctorum,
2842 779 2901 835 in
2931 777 3355 850 Assumptione
3391 781 3625 831 sancta
3675 778 3769 830 Ma-

2115 869 2234 938 riae,
2261 873 2318 924 et
2341 868 2402 924 in
2431 869 2580 925 festo
2632 868 2822 924 sancti
2883 867 3201 934 Saturnini,
3251 868 3309 922 in
3356 882 3495 921 uno
3541 865 3770 920 concilio

2116 958 2389 1014 diacesis
2418 964 2649 1016 vestra.
2685 959 2865 1031 cujus
2891 957 3182 1031 quoniam
3225 955 3580 1012 indumenti
3599 956 3772 1010 honcr

2117 1048 2394 1104 modesta
2419 1053 2664 1104 actuum
2695 1047 3002 1103 vivacitate
3034 1045 3364 1102 servandus
3430 1048 3545 1112 est,
3593 1043 3770 1098 horta-

2118 1154 2256 1193 mur
2285 1142 2350 1194 ut
2377 1138 2429 1193 ei
2459 1153 2698 1194 morum
2729 1141 2968 1193 tuorum
2997 1138 3354 1191 ornamenta
3398 1133 3764 1194 conveniant,

2119 1227 2400 1299 quatinus
2430 1232 2671 1283 auctore
2704 1229 2822 1282 Deo
2852 1230 3006 1282 recte
3033 1224 3350 1296 utrobique
3392 1222 3601 1295 possis
3657 1237 3767 1276 esse

2120 1316 2504 1388 conspicuus.
2539 1321 2741 1389 Itaque
2773 1316 2888 1372 vita
2918 1320 3020 1372 tua
3051 1314 3185 1370 ﬁliis
3209 1313 3324 1369 tuis
3357 1313 3436 1368 sit
3468 1311 3686 1381 regula.
3715 1315 3766 1366 In

2121 1405 2273 1478 ipsa,
2309 1405 2358 1460 si
2384 1422 2507 1478 qua
2537 1406 2818 1462 tortitudo
2848 1405 2908 1461 in
2938 1405 3053 1460 illis
3087 1404 3303 1474 injecta
3350 1407 3469 1463 est.
3531 1401 3765 1469 dirigan-

2122 1499 2216 1550 tur
2245 1495 2302 1550 in
2331 1511 2403 1550 ea
2427 1512 2562 1568 qua
2595 1495 2915 1562 imitentur,
2949 1493 3274 1566 aspiciant;
3305 1491 3530 1564 inipsa
3562 1507 3766 1562 semper

2125 1585 2562 1642 considerando
2585 1585 2920 1658 proﬁciant,
2954 1588 3020 1640 ut
3055 1589 3224 1639 tuum
3270 1586 3420 1654 post
3470 1584 3652 1637 Deum
3694 1580 3763 1634 vi-

2044 1683 2090 1739 B
2126 1675 2336 1732 deatur
2357 1691 2486 1732 esse
2511 1675 2662 1731 bene
2695 1675 2860 1747 quod
2901 1673 3173 1730 vixerint.
3235 1675 3344 1729 Cor
3401 1686 3550 1741 ergo
3598 1685 3763 1742 neque

2127 1783 2416 1840 prospera
2441 1783 2572 1839 quae
2603 1765 3006 1838 temporaliter
3044 1763 3446 1820 blandiuntur
3491 1760 3761 1824 extollant,

2127 1873 2325 1929 neque
2347 1855 2600 1916 adversa
2629 1855 2912 1926 dejiciant
2947 1873 2960 1922 ;
2989 1853 3091 1910 sed
3117 1851 3423 1926 quidquid
3448 1850 3589 1906 illud
3621 1849 3764 1905 fuerit

2127 1946 2338 2002 virtute
2367 1945 2665 2018 patientia
2690 1944 3061 2000 devincatur.
3112 1941 3348 1998 Nullum
3403 1939 3570 2012 apud
3615 1946 3660 1994 te
3696 1938 3762 1993 Io-

2131 2052 2271 2090 eum
2301 2035 2462 2099 odia,
2513 2034 2747 2090 nullum
2800 2033 2971 2089 favor
3023 2031 3381 2087 indiscretus
3443 2027 3757 2087 inveniant;

2131 2125 2466 2180 districtum
2495 2123 2634 2179 mali
2666 2126 3052 2193 cognoscant,
3072 2121 3369 2176 insontem
3399 2119 3566 2192 apud
3591 2124 3637 2173 te
3663 2117 3759 2172 cul-

2132 2215 2397 2288 pabilem
2455 2215 2756 2284 suggestio
2820 2212 2982 2269 mola
3037 2227 3160 2267 non
3216 2210 3423 2278 faciat,
3485 2213 3757 2264 nocentem

2135 2304 2324 2376 gratia
2350 2320 2470 2360 non
2513 2308 2771 2359 excuset.
2822 2301 3156 2359 Remissum
3203 2306 3257 2355 te
3305 2297 3758 2371 delinquentibus

2134 2411 2256 2450 non
2285 2394 2591 2464 ostendas,
2623 2411 2698 2450 ne
2751 2392 2918 2466 quod
2973 2391 3134 2447 ultus
3180 2405 3302 2447 non
3359 2389 3548 2445 fueris
3585 2402 3757 2460 perpe-

2134 2484 2277 2540 trari
2297 2484 2624 2557 permittas.
2661 2484 2742 2541 Sit
2765 2483 2825 2538 in
2857 2487 2910 2538 te
2937 2486 2993 2538 et
3024 2481 3168 2536 boni
3207 2479 3472 2552 pastoris
3521 2477 3751 2540 dulcedo,

2137 2575 2209 2631 sit
2233 2580 2288 2631 et
2329 2574 2548 2646 judicis
2589 2589 2795 2630 severa
2825 2571 3131 2637 districtio,
3165 2585 3353 2626 unum
3391 2568 3607 2624 scilicet
3626 2565 3754 2639 quod

2135 2666 2480 2722 innocenter
2510 2665 2769 2719 viventes
2805 2661 3021 2730 foveat,
3074 2659 3237 2715 aliud
3278 2657 3455 2731 quod
3499 2658 3752 2729 inquietos

2135 2753 2432 2810 feriendos
2485 2768 2520 2808 a
2578 2751 2871 2825 pravitate
2930 2751 3292 2822 compescat.
3357 2745 3478 2803 Sed
3510 2744 3755 2818 quoniam

2134 2858 2576 2915 nonnunquam
2606 2840 3063 2914 prapositorum
3093 2837 3273 2908 zelus,
3307 2837 3459 2892 dum
3502 2835 3756 2890 districtus

2136 2934 2432 2990 malorum
2465 2933 2682 2988 vindex
2712 2931 2962 2987 existere
2990 2929 3134 2996 vult,
3168 2929 3377 2984 transit
3400 2928 3460 2982 in
3483 2923 3753 2982 crudelita-

2059 3045 2100 3101 ρ
2139 3029 2257 3080 tem
2290 3023 2595 3092 correctio,
2624 3022 2774 3077 iram
2800 3019 3028 3091 judicio
3053 3017 3308 3086 refrena,
3370 3021 3430 3072 et
3482 3029 3751 3071 censuram

2138 3114 2466 3186 disciplina
2500 3113 2583 3168 sic
2605 3111 2833 3167 discute
2867 3115 2928 3165 ut
2955 3113 3011 3164 et
3033 3107 3244 3180 culpas
3272 3106 3472 3171 ferias,
3509 3109 3560 3160 et
3607 3119 3638 3158 a
3683 3101 3754 3155 di-

2137 3203 2387 3260 lectione
2414 3216 2804 3276 personarum
2853 3215 3006 3269 quas
3061 3196 3308 3267 eorri-gis
3367 3211 3481 3251 non
3522 3191 3746 3249 recedas.

2140 3293 2574 3352 Misericordem
2607 3297 2680 3360 te,
2710 3293 2887 3362 prout
2909 3289 3094 3344 virtus
3133 3287 3373 3359 patitur,
3421 3279 3743 3357 pauperibus

2141 3383 2373 3439 exhibe.
2409 3380 2720 3454 Oppressis
2753 3378 3024 3434 defensio
3064 3381 3167 3432 tua
3214 3374 3524 3441 subveniat,
3569 3368 3742 3441 oppri-

2140 3472 2442 3528 mentibus
2474 3469 2753 3526 modesta
2811 3467 3096 3523 correctio
3147 3463 3498 3521 contradicat.
3534 3457 3728 3514 Nullius

2140 3563 2352 3618 faciem
2379 3565 2583 3616 contra
2609 3558 2898 3629 justitiam
2929 3556 3214 3628 accipias,
3245 3552 3447 3610 nullum
3489 3558 3718 3622 quaren-

2140 3658 2256 3708 tem
2281 3649 2572 3721 justitiam
2603 3649 2925 3721 despicias.
2953 3646 3238 3702 Custodia
3279 3645 3334 3699 in
3381 3647 3430 3697 te
3475 3634 3722 3710 aquitatis

2140 3741 2408 3809 excellat,
2441 3745 2503 3796 ut
2529 3755 2637 3795 nec
2665 3740 2909 3794 divitem
2933 3737 3198 3811 potentia
3229 3739 3330 3790 tua
3360 3729 3555 3805 aliquid
3598 3721 3737 3799 apud

2140 3851 2244 3890 vos
2272 3838 2436 3889 extra
2461 3831 2618 3887 viain
2645 3829 2891 3886 rationis
2921 3829 3170 3884 suadeat
3212 3825 3439 3894 audire,
3481 3836 3577 3877 nec
3615 3832 3742 3890 pau-

2141 3939 2346 3997 perem
2371 3921 2444 3977 de
2470 3937 2532 3976 re
2565 3936 2673 3976 sua
2704 3918 2883 3974 faciat
2914 3916 3217 3972 humilitas
3271 3915 3591 3988 desperare,
3628 3920 3751 3979 qua-

2141 4018 2315 4070 tenus
2342 4015 2460 4068 Deo
2487 4010 2809 4067 miserante
2840 4007 2972 4064 talis
3013 4005 3210 4080 possis
3261 4005 3505 4060 existere
3549 3997 3753 4073 qualem

2142 4119 2314 4159 saera
2342 4101 2514 4157 lectio
2540 4099 2828 4174 pracipit,
2861 4097 3065 4153 dicens
3089 4115 3101 4151 :
3127 4118 3155 4146 ‹‹
3181 4097 3424 4168 Oportet
3448 4091 3756 4166 episcopum

2141 4190 2718 4266 irreprehensibilem
2749 4205 2898 4244 esse.
2931 4207 2959 4239 »
2991 4187 3104 4244 Sed
3124 4186 3218 4242 his
3249 4184 3530 4241 omnibus
3573 4179 3648 4235 uti
3689 4191 3761 4230 sa-

2141 4283 2386 4340 lubriter
2413 4280 2654 4356 poteris,
2679 4279 2727 4334 si
2768 4277 3120 4348 magistram
3173 4274 3523 4330 charitatem
3575 4267 3764 4325 habue-

2058 4398 2105 4456 ι)
2142 4373 2222 4430 ris
2256 4391 2270 4440 ;
2301 4355 2489 4445 quam
2520 4369 2624 4444 qui
2676 4371 2914 4425 secutus
2967 4365 3136 4422 fuerit
3169 4383 3205 4421 a
3258 4368 3423 4420 recto
3476 4355 3764 4434 aliquando

2142 4463 2376 4520 tramite
2405 4477 2528 4517 non
2548 4459 2786 4517 recedit.
2822 4461 2986 4528 Ecce,
3030 4457 3206 4512 frater
3237 4453 3602 4513 charissime,
3641 4448 3768 4504 inter

2139 4553 2330 4610 multa
2358 4551 2495 4620 alia,
2526 4549 2639 4606 ista
2668 4552 2808 4604 sunt
2874 4544 3206 4612 sacerdotii,
3256 4543 3375 4599 ista
3431 4545 3566 4598 sunt
3612 4535 3768 4612 palIii,

2141 4660 2277 4716 qua
2310 4642 2360 4698 si
2382 4640 2643 4698 studiose
2676 4637 3025 4701 servaveris,
3077 4633 3242 4708 quod
3300 4631 3445 4689 foris
3501 4627 3771 4702 accepisse

2142 4732 2470 4790 ostenderis
2500 4731 2660 4786 intus
2686 4727 2958 4784 habebis.
2982 4728 3197 4782 Sancta
3230 4723 3482 4780 Trinitas
3532 4716 3773 4776 fraterni-

2143 4826 2325 4878 tatem
2351 4824 2613 4876 vestram
2644 4816 2834 4887 gratia
2856 4831 2979 4870 sua
3002 4811 3388 4886 protectionis
3450 4805 3771 4868 circumdet,

2144 4917 2324 4984 atque
2352 4910 2432 4966 ita
2451 4909 2511 4964 in
2539 4905 2765 4964 timoris
2788 4904 2879 4960 sui
2909 4903 3004 4958 via
3034 4917 3144 4959 nos
3174 4900 3396 4970 dirigat
3421 4905 3485 4956 ut
3512 4903 3644 4972 post
3665 4894 3774 4950 vitae

2143 5001 2325 5071 hujus
2347 4996 2776 5056 amaritudines
2807 4994 2884 5051 ad
2933 4998 3220 5049 aternam
3269 4990 3448 5047 simul
3497 4984 3775 5063 pervenire

2145 5090 2526 5148 dulcedinem
2549 5101 2908 5143 mereamur.

2219 5180 2514 5252 Scriptum
2535 5193 2642 5251 per
2665 5191 2916 5232 manum
2946 5175 3110 5245 Sergi
3131 5172 3422 5230 scriniarii
3449 5171 3668 5228 sancta
3690 5168 3778 5222 Bo-

2147 5285 2342 5327 mana
2396 5267 2686 5337 Ecclesia,
2749 5281 2954 5322 mense
2999 5263 3202 5338 Aprili,
3255 5262 3580 5320 indictione
3635 5255 3779 5314 tertia

2147 5360 2400 5417 decima.
