3998 6176
146 222 291 289 ne:
962 292 965 295 .

925 342 1011 402 XI.
1596 392 1603 395 _

142 434 421 506 Epistola
454 432 707 491 Joannis
729 448 907 504 papae
943 433 1093 489 XIX
1116 432 1199 490 ad
1237 433 1563 491 Robertum
1612 445 1808 503 regem

210 526 592 581 Francorum
627 523 702 580 de
725 523 1101 580 immunitate
1141 522 1553 580 Cluniacensis
1578 536 1812 579 monas-

216 614 372 673 terii.

684 701 884 772 (Anno
917 703 1261 776 1024-4031.)

426 792 797 866 [Baliarium
826 793 1243 860 Cluniacense,
1275 807 1417 865 pag.
1454 793 1531 863 7.]

218 885 462 940 Jomses
510 881 857 955 episcopus,
906 897 1115 939 servus
1164 897 1477 939 servorum
1521 880 1641 949 Dei,
1697 883 1810 937 Ro-

147 989 327 1029 nenro
354 972 511 1042 regis
537 975 919 1040 Francorum,
953 972 1211 1030 salutem
1236 971 1653 1031 charissimam
1670 987 1811 1029 cum

149 1060 568 1118 benedictione
599 1061 950 1136 apostolica.

219 1150 538 1218 Quoniam,
587 1167 624 1207 ο
673 1151 1116 1221 religiosissime
1161 1167 1268 1209 rex
1312 1151 1641 1208 multorum
1681 1151 1813 1222 jam

148 1240 433 1298 charitate
476 1239 846 1311 frigescente,
900 1240 1430 1314 superabundante
1476 1245 1680 1298 autem
1709 1239 1815 1296 ini-

151 1329 395 1404 quitate,
416 1329 690 1403 plurimis
719 1330 781 1389 in
810 1330 957 1387 locis
985 1347 1108 1387 non
1138 1330 1336 1387 solum
1366 1330 1445 1387 ab
1493 1330 1810 1398 extraneis,

152 1436 359 1476 verum
383 1420 565 1477 etiam
591 1420 670 1477 ab
694 1420 766 1476 iis
790 1420 895 1493 qui
916 1420 1022 1477 ﬁlii
1048 1421 1296 1478 nomine
1318 1425 1490 1477 tenus
1512 1420 1812 1491 dicuntur,

152 1513 340 1566 status
361 1509 633 1567 Ecclesia
665 1509 1072 1579 confunditur,
1124 1526 1308 1568 sacrae
1334 1510 1634 1582 religionis
1662 1509 1812 1567 ordo

149 1599 571 1663 contemnitur,
598 1599 791 1672 pietas
817 1604 874 1656 et
893 1598 1090 1656 forma
1099 1600 1340 1672 justitite
1361 1601 1811 1669 dehonestatur,

147 1692 205 1743 et
234 1687 540 1760 privilegia
561 1688 890 1760 apostolica
914 1704 1019 1764 seu
1040 1689 1220 1746 etiam
1241 1690 1467 1760 regalia
1493 1694 1810 1763 praecepta,
1844 1712 1884 1765 Β

143 1781 446 1849 quantum
472 1777 552 1834 ad
575 1777 995 1841 substantiam.
1011 1778 1249 1836 illorum
1262 1779 1587 1836 temeritate
1611 1779 1816 1836 irreve-

144 1872 348 1923 renter
370 1871 686 1925 cassantur
713 1885 726 1923 :
754 1872 986 1941 oportet
1000 1873 1261 1925 vestram
1283 1868 1711 1925 sublimitatem
1732 1868 1812 1923 vi-

152 1955 360 2026 gilare,
395 1960 459 2013 ut
485 1956 548 2015 in
576 1972 763 2028 regno
780 1956 948 2014 vobis
972 1960 1091 2015 Deo
1113 1962 1353 2014 auctore
1374 1957 1698 2015 commisso
1719 1973 1814 2013 ca-

148 2042 383 2099 tholicae
407 2043 547 2100 ﬁdei
572 2059 787 2101 norma
822 2044 1090 2115 vigorem
1120 2044 1405 2114 obtineat,
1445 2045 1727 2101 sanctitas
1756 2049 1813 2102 et

145 2132 355 2203 religio
385 2138 595 2191 contra
633 2133 907 2190 inimicos
937 2134 1199 2191 veritatis
1242 2136 1580 2207 trophaeum
1630 2135 1812 2191 victo-

142 2220 249 2276 riae
271 2219 583 2290 insigniter
618 2226 832 2290 teneat,
870 2226 929 2279 et
956 2238 1126 2280 sacer
1168 2222 1316 2279 ritus
1341 2224 1812 2297 praecedentium

135 2310 385 2369 Patrum,
409 2309 824 2367 inviolabiliter
837 2316 1214 2384 permaneat,
1232 2318 1531 2385 quatenus
1560 2329 1667 2385 per
1682 2314 1813 2369 haec

138 2401 205 2454 et
234 2400 432 2454 vestra
460 2397 610 2463 ﬁdes
639 2398 1075 2472 plenitudinem
1096 2401 1400 2458 bonorum
1429 2402 1738 2474 percipiat,
1758 2406 1816 2459 et

136 2485 388 2542 devotio
432 2486 812 2544 subditorum
843 2488 1058 2546 exinde
1088 2488 1167 2544 ad
1216 2489 1588 2547 incrementa
1631 2490 1814 2547 virtu-

138 2578 281 2631 tum
306 2575 504 2645 magis
533 2591 605 2633 ac
633 2576 831 2647 magis
858 2576 1151 2650 proﬁciat.
1185 2577 1288 2634 His
1320 2578 1482 2634 enim
1505 2578 1593 2635 rei
1621 2595 1819 2636 sacra-
1850 2590 1857 2595 ‘

138 2669 424 2723 mentum
444 2681 568 2722 non
590 2665 789 2723 solum
819 2682 856 2723 a
879 2666 1056 2724 nobis
1077 2667 1349 2738 exigitur,
1372 2668 1592 2740 quibus
1618 2673 1817 2742 pasto-

138 2755 296 2812 ralis
332 2756 657 2813 commissa
685 2760 776 2813 est
812 2773 977 2828 cura,
1005 2773 1212 2814 verum
1243 2757 1422 2814 etiam
1452 2764 1510 2815 et
1537 2775 1573 2815 a
1615 2758 1812 2829 vobis,

141 2845 253 2902 cui
308 2845 534 2902 credita
586 2849 697 2918 est,
758 2863 899 2903 cum
947 2847 1147 2903 usuris
1202 2847 1499 2917 exigenda
1547 2848 1817 2906 maxima

140 2951 383 3009 pompa
410 2939 468 2991 et
490 2935 668 3005 regite
702 2935 1082 2994 sublimitatis
1112 2937 1396 3011 potentia.
1434 2938 1608 3004 Quod
1654 2938 1815 2995 enim

141 3022 283 3077 sine
312 3023 481 3092 gravi
509 3023 704 3080 dicere
725 3040 849 3080 non
883 3025 1156 3082 valemus
1183 3025 1411 3093 dolore,
1443 3027 1817 3100 quibusdam

137 3114 491 3170 vestrorum
518 3114 869 3171 exsecrabili
898 3114 1138 3184 negotio
1173 3114 1249 3171 ad
1301 3115 1702 3172 sacerdotium
1733 3117 1833 3191 in:

141 3199 462 3269 troductis,
484 3216 606 3257 non
637 3200 854 3258 sufﬁcit
882 3201 1102 3273 injuste
1129 3202 1443 3275 acquisita,
1473 3204 1818 3278 posthabito

140 3286 456 3357 religionis
485 3289 715 3355 ordine,
748 3306 855 3362 per
886 3290 1270 3363 perimendos
1298 3296 1545 3349 terrenae
1574 3292 1818 3349 affecta-

143 3376 336 3433 tionis
363 3376 542 3433 luxus
561 3378 909 3447 distrahere,
939 3380 1067 3436 nisi:
1082 3381 1260 3438 etiam
1289 3386 1343 3438 et
1369 3399 1441 3438 ea
1467 3382 1601 3439 loca
1629 3398 1765 3455 quae
1783 3397 1821 3438 δ.

142 3465 454 3537 ﬁdelibus,
512 3467 618 3541 qui
657 3467 760 3525 illa
801 3484 874 3525 ex
922 3469 1181 3543 propriis
1224 3470 1712 3544 possessionibus
1763 3474 1822 3527 et

146 3554 502 3631 sumptibus
541 3562 947 3629 construxere,
994 3560 1270 3633 potestati
1305 3560 1489 3617 solius
1527 3564 1818 3619 Romanae

149 3644 427 3701 Ecclesiae
452 3646 664 3703 tradita
677 3652 814 3704 sunt
827 3650 1163 3706 testamenti
1179 3651 1547 3719 auctoritate,
1562 3651 1640 3707 ad
1650 3651 1821 3707 dam-

147 3732 417 3791 nationis
443 3752 565 3791 suae
597 3736 909 3793 cumulum
936 3737 1048 3793 sibi
1069 3744 1361 3795 conentur
1394 3739 1734 3807 defendere,
1762 3743 1822 3796 et

146 3824 283 3881 suis
314 3825 521 3881 usibus
550 3825 707 3883 male
754 3826 1100 3901 applicare;
1153 3827 1258 3900 qui
1300 3828 1566 3901 profecto
1613 3829 1819 3903 ipsum

146 3916 338 3985 caput
363 3911 700 3986 discerpere
724 3914 1003 3986 gestiunt,
1054 3916 1204 3972 dum
1244 3917 1521 3974 membra
1559 3917 1639 3974 ab
1685 3918 1819 3990 ipso

147 4016 440 4075 separare
463 4002 691 4071 volunt,
724 4006 783 4060 et
810 4020 915 4061 eos
944 4020 1099 4078 quos
1147 4009 1212 4062 ut
1240 4005 1591 4062 vernaculos
1638 4006 1825 4064 habet

145 4092 234 4162 inj
244 4090 387 4147 uriis
407 4095 466 4148 et
485 4092 864 4150 contumeliis
889 4093 1186 4151 lacessere
1201 4110 1325 4151 non
1341 4094 1642 4159 desinunt,
1659 4095 1821 4166 igno-

144 4184 354 4238 rantes
385 4181 591 4255 utique
613 4182 816 4239 miseri
843 4183 1012 4258 quod
1041 4184 1224 4257 hujus
1255 4187 1478 4242 sanctae
1509 4184 1666 4243 sedis
1714 4185 1820 4242 de-

147 4275 317 4328 creta
368 4270 471 4345 pia
503 4271 622 4329 ﬁde
660 4288 698 4329 a
723 4271 862 4329 ﬁliis
897 4274 1106 4331 matris
1150 4273 1423 4331 Ecclesia:
1470 4273 1822 4348 accipienda

148 4365 315 4427 sunt,
347 4366 405 4419 et
426 4362 790 4431 veneranda,
812 4366 879 4420 ut
908 4367 1202 4437 tanquam
1241 4363 1463 4435 regulae
1512 4380 1818 4423 canonum

146 4450 235 4509 ab
250 4424 477 4509 eisdem
497 4452 728 4526 absque
742 4424 862 4510 ullo
875 4424 1159 4526 scrupulo
1180 4424 1592 4523 admittantur,
1613 4459 1820 4528 utpote
1847 4424 1892 4480 Β

146 4556 294 4615 qum
323 4541 398 4598 de
424 4542 592 4599 omni
615 4542 888 4601 Ecclesiae
919 4542 1014 4601 fas
1031 4542 1256 4600 habeat
1267 4543 1602 4615 judicandi,
1620 4560 1821 4619 neque

150 4631 446 4703 cuiquam
484 4632 660 4690 liceat
685 4632 761 4690 de
789 4633 920 4704 ejus
958 4632 1182 4704 garrire
1210 4633 1468 4705 decreto,
1513 4650 1623 4693 nec
1666 4635 1822 4707 judi-

150 4736 296 4778 care
329 4721 577 4792 judicio.
632 4722 815 4794 Cujus
861 4723 1070 4795 judicii
1120 4723 1478 4782 sententiam
1516 4740 1588 4782 eo
1621 4725 1827 4797 magis,

149 4815 390 4885 oportet
430 4829 467 4869 a
517 4813 759 4870 nemine
800 4812 1063 4881 dissolvi,
1118 4831 1241 4888 quo
1295 4814 1512 4871 certius
1564 4815 1829 4888 apostoli

149 4905 395 4958 constat
413 4901 579 4959 illam
609 4902 762 4960 Petri
783 4902 1061 4960 firmitate
1100 4910 1157 4960 et
1176 4903 1524 4961 auctoritate
1553 4904 1817 4961 solidari.

148 4989 257 5046 Ait
282 4989 444 5045 enim
473 4991 743 5064 quodam
771 4991 834 5050 in
861 4992 996 5049 loco
1028 4994 1141 5047 Leo
1179 5008 1341 5065 papa
1376 4993 1735 5050 venerabilis
1764 4997 1824 5051 et

150 5085 382 5136 sanctae
401 5079 790 5138 institutionis
808 5081 1017 5138 doctor
1035 5080 1407 5137 admirabilis
1438 5099 1449 5137 :
1486 5105 1514 5131 ‹‹
1539 5087 1667 5141 Non
1688 5100 1824 5158 par-

144 5184 249 5224 vae
277 5167 525 5225 insania:
552 5173 640 5226 est
687 5174 896 5226 contra
938 5185 1078 5226 eum
1128 5168 1393 5242 aliquem
1440 5173 1677 5240 mutire,
1716 5173 1824 5247 qui

148 5257 524 5328 clavigerum
552 5259 721 5332 regni
746 5258 999 5316 caelestis
1039 5258 1224 5316 habet
1259 5262 1517 5318 tutorem
1536 5266 1595 5317 et
1619 5266 1822 5335 patro-

148 5363 342 5416 num;
366 5348 514 5422 quin
542 5365 614 5405 eo
642 5349 839 5420 magis
892 5348 942 5405 si
968 5348 1066 5406 hic
1110 5348 1301 5405 multa
1327 5349 1516 5406 verba
1542 5351 1833 5407 tumentis.

149 5436 399 5512 spiritus
420 5438 781 5503 relaxentur.
812 5454 890 5495 ne
917 5437 1067 5495 forte
1094 5438 1241 5496 Petri
1260 5437 1526 5495 vindicta
1544 5438 1606 5495 in
1625 5444 1827 5512 postes

146 5543 294 5583 rum
322 5532 674 5586 reservetur.
691 5552 722 5578 ››
756 5531 978 5585 Horum
1002 5527 1205 5601 itaque
1224 5527 1455 5585 rabiem
1490 5532 1549 5584 et
1566 5528 1822 5585 tumoris

149 5616 545 5676 insolentiam
574 5633 611 5674 a
634 5617 853 5675 nostris
872 5616 1038 5688 locis,
1071 5622 1129 5674 et
1169 5617 1430 5675 maxime
1456 5634 1493 5676 a
1523 5618 1824 5693 Cluniensi

152 5707 437 5772 coenobio
479 5707 815 5784 specialiter
846 5711 903 5765 et
931 5707 1310 5783 singulariter
1354 5708 1530 5766 nobis
1578 5708 1823 5784 proprio

1390 210 1729 274 EPISTOLA
1768 215 1855 273 ΕΤ
1891 215 2315 278 DIPLOMATA.

3440 219 3578 284 1148

1836 343 1887 399 Α
1914 344 2126 415 procul
2150 358 2432 406 amovere
2459 345 2791 420 cupientes,
2814 346 2931 405 hoc
2948 346 3324 422 privilegium
3342 355 3577 426 aposto—

1916 432 2094 490 tolica
2121 436 2468 494 auctoritate
2492 436 2617 494 ﬁlio
2646 441 2852 495 nostro
2878 437 3233 496 charissimo
3262 439 3493 497 Odiloni
3521 445 3579 499 et

1918 521 2030 578 sibi
2058 524 2516 583 succedentibus
2544 526 2607 583 in
2637 532 2999 601 perpetuum
3021 526 3215 584 facere
3243 527 3575 598 voluimus;

1917 611 2085 684 quod
2113 614 2286 670 vestri
2314 615 2605 674 nobilitati
2633 616 2858 674 idcirco
2887 632 3028 673 cum
3052 616 3147 673 his
3167 616 3371 674 litteris
3399 615 3579 674 mitti-

1917 717 2075 770 mus,
2108 706 2174 758 ut
2200 704 2411 761 vestris
2440 710 2894 780 vestrorumque
2922 707 3307 763 sacerdotum
3327 706 3419 763 vel
3434 706 3583 780 opti-

1916 794 2151 849 matum
2180 792 2237 848 in
2280 794 2528 851 auribus
2576 796 2874 865 recitetur,
2922 801 3347 871 praeceptoque
3394 796 3582 869 regali

1916 884 1974 938 et
2002 882 2352 940 auctoritate
2380 883 2670 954 ﬁrmetur,
2702 885 3136 955 corroboretur,
3168 891 3226 943 et
3262 886 3582 943 auctorize-

1917 971 2050 1038 tur;
2079 974 2146 1026 ut
2173 970 2396 1028 nullius
2425 973 2837 1048 cujuscunque
2876 975 3198 1032 sacerdotis
3240 974 3335 1031 vel
3363 975 3582 1049 princi-

1915 1057 2010 1132 pis
2034 1074 2297 1132 persona
2326 1065 2535 1118 contra
2562 1062 2677 1118 hoc
2717 1063 3056 1136 apostolicae
3080 1064 3443 1121 auctoritatis
3471 1064 3578 1122 de-

1917 1152 2147 1205 cretum
2188 1148 2253 1205 in
2276 1153 2640 1222 perpetuum
2677 1151 2902 1222 garrire
2943 1151 3040 1207 vel
3078 1152 3293 1208 mutire
3335 1152 3576 1223 audeat,

1918 1253 1994 1294 ne
2023 1237 2353 1313 apostolico
2378 1254 2700 1312 percussus
2716 1239 3097 1296 anathemate
3117 1240 3395 1298 districta:
3410 1240 3581 1297 ultio-

1917 1326 2012 1383 nis
2040 1341 2255 1399 poenas
2301 1326 2445 1396 luat,
2491 1321 2548 1385 et
2590 1328 2809 1400 regalis
2857 1332 3260 1399 transgressor
3298 1329 3580 1403 praecepti

1920 1432 2061 1472 cum
2087 1416 2395 1490 suppliciis
2423 1416 2799 1476 infernorum
2845 1433 3052 1474 exsors
3082 1417 3260 1475 etiam
3286 1417 3394 1474 ﬁat
3438 1421 3582 1475 tem-

1920 1504 2223 1578 poralium
2251 1506 2575 1563 bonorum.

1924 1649 2197 1719 Epistola
2225 1650 2478 1706 Joannis
2508 1651 2657 1707 XIX
2668 1581 2851 1720 ﬂia
2866 1650 2948 1707 ad
2978 1649 3342 1711 Gauslenum
3365 1649 3584 1720 ἐρέει-οι

1991 1735 2133 1789 pum
2164 1721 2651 1778 Matisconensem
2677 1737 2794 1792 pro
2820 1722 3046 1778 tuenda
3092 1720 3367 1779 libertate
3390 1727 3446 1777 et
3470 1725 3589 1776 im-’

1994 1793 2287 1848 munitate
2314 1793 2663 1850 monasterii
2682 1791 3101 1849 Cluniacensis
3144 1792 3219 1850 ab
3250 1793 3413 1849 omni
3423 1791 3584 1863 juri—

1995 1864 2254 1920 dictione
2281 1864 2623 1933 episcopali.

2457 1955 2646 2020 (Anno
2688 1950 3047 2023 1024-1031.)

2206 2042 2575 2113 [Baliarium
2610 2040 3024 2110 Cluniacense,
3050 2055 3190 2114 pag.
3219 2040 3295 2113 8.]

1990 2132 2239 2188 Joannes
2269 2131 2614 2205 episcopus,
2666 2147 2879 2188 servus
2911 2145 3224 2188 servorum
3270 2129 3392 2201 Dei,
3438 2131 3584 2187 GAU-

1920 2235 2091 2277 suzxo
2121 2221 2407 2293 episcopo
2437 2221 2868 2289 Matisconensi,
2893 2219 3148 2277 salutem
3164 2219 3582 2277 charissimam

1921 2326 2062 2366 cum
2086 2310 2501 2366 benedictione
2531 2309 2882 2382 apostolica.

1993 2399 2120 2470 Cui,
2146 2401 2266 2456 Deo
2297 2404 2560 2471 auctore,
2590 2399 2985 2472 praesidemus
3004 2398 3371 2472 reliquarum
3393 2396 3585 2454 Eccle-

1922 2488 2146 2547 siarum
2187 2493 2370 2562 caput
2410 2493 2467 2545 et
2512 2488 2696 2546 cardo
2745 2492 2955 2545 sancta
3004 2491 3277 2545 Romana
3325 2486 3585 2547 Ecclesia

1923 2583 2087 2635 tanta
2114 2577 2545 2635 intolerabilius
2575 2577 2797 2650 patitur
2825 2577 3234 2652 quodcunque
3263 2576 3377 2633 sibi
3416 2577 3584 2646 inge-

1920 2668 2068 2724 ritur
2096 2666 2362 2725 dedecus
2393 2670 2621 2741 quanto
2651 2667 2864 2723 unitati
2893 2683 3017 2723 suae
3046 2666 3118 2737 is,
3151 2682 3187 2724 a
3216 2681 3339 2740 quo
3386 2666 3584 2737 inges-

1921 2763 2051 2814 tum
2076 2761 2184 2825 est,
2212 2757 2447 2815 videtur
2476 2756 2889 2831 propinquior.
2923 2760 3004 2813 Ex
3035 2772 3159 2831 quo
3180 2755 3260 2813 ad
3279 2755 3589 2831 episcopa«

1924 2846 2044 2904 lem
2070 2846 2325 2917 gloriam
2354 2846 2650 2904 deductus
2682 2862 2769 2917 es,
2795 2850 3078 2904 Romanae
3110 2846 3384 2904 Ecclesiae
3427 2844 3586 2903 ﬁlius

1923 2940 1981 2993 et
2004 2936 2337 3009 discipulus
2363 2935 2529 2992 visus
2558 2952 2641 3005 es,
2669 2940 2732 2993 et
2762 2940 2887 2993 tam
2916 2951 2953 2993 a
2980 2936 3158 2993 nobis
3181 2952 3370 3011 quam
3395 2934 3588 2992 aban-

1923 3024 2322 3083 tecessoribus
2377 3025 2597 3082 nostris
2654 3027 2878 3083 amodo
2932 3026 3013 3082 sic
3069 3029 3452 3100 computatus
3485 3041 3583 3095 es;

1923 3132 2085 3172 nunc
2108 3131 2254 3171 vero
2286 3114 2590 3171 nescimus
2618 3131 2743 3188 qua
2771 3131 2932 3171 nova
2960 3116 3287 3172 temeritate
3327 3115 3582 3185 illectus,

1922 3204 2396 3275 inexstinguibili
2426 3203 2750 3277 cupiditate
2794 3220 3104 3271 accensus,
3153 3204 3330 3262 matri
3360 3208 3475 3260 tuae
3503 3219 3590 3259 re-

1922 3311 2183 3370 pugnas,
2215 3298 2272 3351 et
2300 3298 2508 3352 contra
2530 3311 2664 3364 nos,
2708 3294 2933 3351 meritis
2965 3293 3222 3367 apostoli
3263 3293 3414 3351 Petri
3458 3308 3589 3350 ma-

1925 3387 2175 3457 gistrum
2217 3390 2406 3453 tuum,
2432 3384 2594 3442 levas
2636 3385 3010 3452 calcaneum,
3060 3400 3200 3441 cum
3243 3382 3589 3445 caenobium

1926 3476 2332 3542 Cluniacense,
2397 3474 2627 3532 cunctis
2675 3490 2829 3547 pene
2881 3473 3229 3531 nationibus
3280 3473 3591 3535 sanctitate

1924 3564 2309 3639 praefulgens,
2336 3579 2448 3621 nec
2475 3579 2600 3621 non
2629 3562 2975 3637 apostolicis
3002 3560 3329 3637 privilegiis
3372 3561 3590 3619 fultum

1922 3661 1980 3713 et
2004 3656 2083 3713 ab
2107 3654 2382 3712 omnium
2407 3654 2631 3712 ditione
2661 3653 3056 3721 subtractum,
3089 3652 3274 3713 solius
3302 3650 3590 3726 principis

1923 3744 2337 3818 apostolorum
2367 3748 2425 3800 et
2458 3743 2819 3800 vicariorum
2859 3758 3110 3799 suorum
3135 3741 3363 3813 judicio
3405 3755 3592 3797 reser-

1922 3838 2152 3899 vatum,
2186 3848 2551 3901 commoves,
2581 3831 2998 3887 venerandum
3027 3830 3208 3885 etiam
3248 3828 3593 3887 inﬁdelibus

1925 3927 2159 3981 Patrem
2186 3922 2484 3978 domuum
2512 3920 2847 3987 Odilonem,
2877 3918 3162 3974 abbatem
3204 3917 3593 3975 irreverenter

1926 4011 2180 4086 appetis,
2211 4009 2442 4075 fratres,
2480 4007 2709 4064 ibidem
2734 4005 3019 4075 degentes
3047 4019 3159 4075 pro
3198 4002 3594 4083 adipiscenda

1924 4103 2215 4175 perpetua
2243 4095 2655 4154 transitoriam.
2675 4093 2938 4167 quietem
2965 4094 3243 4166 d'ptantes
3282 4090 3587 4161 sollicitas,

1927 4187 2258 4264 apostolica
2282 4182 2592 4260 privilegia
2622 4198 2863 4240 cassare
2913 4181 3247 4240 contendis.
3296 4180 3470 4248 Quod
3509 4180 3597 4238 ita

1928 4278 2259 4351 accipimus
2287 4272 2813 4349 quemadmodum
2842 4271 2894 4328 si
2920 4273 3054 4346 ipsa
3079 4271 3356 4329 membra
3383 4275 3597 4328 nostra

1929 4366 2105 4424 avide
2133 4366 2468 4439 discerpere
2492 4378 2829 4437 quaereres;
2862 4366 2919 4419 et
2938 4359 3106 4436 quod
3132 4360 3258 4419 sine
3285 4359 3462 4423 ruina
3490 4364 3593 4416 tua

1930 4473 2059 4514 esse
2087 4455 2314 4529 nequit.
2349 4456 2503 4512 Cave
2532 4456 2703 4510 caute
2728 4451 2824 4509 vel
2866 4452 2997 4525 jam
3042 4450 3321 4509 monitus.
3350 4449 3589 4513 animae,

1930 4550 1988 4603 et
2010 4549 2282 4602 nostrum
2327 4542 2759 4600 monasterium
2792 4540 3098 4611 singulare
3125 4538 3300 4594 nobis
3322 4536 3605 4608 relinque

1927 4651 2026 4706 ne,
2083 4633 2233 4690 dum
2285 4632 2586 4707 particeps
2633 4632 2763 4703 ejus
2813 4635 3023 4687 contra
3061 4643 3173 4683 nos
3222 4640 3354 4681 esse
3398 4624 3589 4696 cupis,

1928 4722 2155 4781 ordinis
2177 4721 2369 4779 nostri
2399 4734 2605 4777 exsors
2634 4718 2964 4792 apostolica
2991 4713 3340 4777 auctoritate
3378 4711 3593 4769 efﬁcio:

1928 4813 2031 4870 ris.
2068 4812 2124 4870 Si
2148 4827 2291 4869 vero
2320 4810 2525 4883 aliqua
2552 4812 2903 4880 competens
2934 4804 3082 4861 ratio
3132 4803 3422 4861 adversus
3451 4816 3601 4858 eum,

1928 4907 1983 4959 te
2040 4903 2401 4965 commovet,
2448 4900 2723 4954 nostrum
2761 4894 3061 4966 judicium
3117 4891 3231 4947 sub
3284 4907 3408 4965 quo
3462 4889 3592 4951 solo

1929 4995 2135 5050 manet
2162 4987 2530 5046 conﬁdenter
2554 4999 2803 5058 quaere;
2860 4999 2973 5040 nos
3022 4996 3244 5061 nempe
3294 4979 3399 5054 qui
3451 4992 3592 5037 eum

1927 5087 2056 5140 tam
2084 5084 2200 5138 ate
2227 5092 2414 5151 quam
2443 5079 2505 5132 et
2529 5073 2608 5130 ab
2638 5071 2923 5130 omnibus
2954 5075 3210 5139 tuemur,
3267 5068 3417 5131 nulli
3444 5083 3596 5142 prte-

1921 5172 2219 5247 judicium
2249 5166 2616 5242 praetendere
2641 5164 2925 5241 patimur.

1927 5333 2201 5405 Epistola
2223 5328 2476 5405 Joannis
2502 5328 2649 5405 _XIX
2668 5258 2844 5397 p217;
2864 5326 2946 5383 ad
2971 5319 3597 5405 Bocharglum'arclti.

2000 5405 2337 5476 episcopum
2353 5393 2811 5476 Lugdunensem
2826 5413 2942 5468 pro
2958 5395 3335 5459 immunitate
3349 5393 3601 5455 Clunia‘

2006 5471 2205 5535 censis
2224 5471 2591 5531 monasterii.

2478 5542 2671 5612 (Anno
2705 5540 3058 5612 1024—1031.)

2217 5609 2589 5689 [Baliarium
2614 5613 3025 5680 Cluniacense,
3041 5609 3199 5684 pag.
3232 5609 3308 5681 9.]

2002 5710 2248 5767 Jomues
2287 5702 2625 5783 episcopus,
2676 5718 2885 5761 servus
2929 5715 3242 5763 servorum
3292 5696 3396 5757 Dei
3442 5696 3597 5757 Bon-
