3996 6168
405 221 542 279 1147

1771 227 1946 287 JOAN
1956 223 2063 283 NlS
2103 221 2212 279 XIX
2250 219 2446 279 PAPE

3705 217 3836 274 {NB

393 360 612 402 cunno
644 345 1095 423 archiepiscopo
1121 352 1526 424 Lugdunensi,
1547 354 1802 413 salutem
1827 351 2050 410 charis-
2078 347 2127 401 Α
2157 345 2363 403 ﬁliam.
2395 347 2523 404 Tibi
2575 361 2737 419 ergo,
2762 345 2846 403 ﬁli
2875 341 3243 411 charissime,
3287 341 3440 398 inter
3466 356 3700 398 omnes
3748 342 3843 398 ab-

393 434 608 492 simam
641 453 781 492 cum
807 437 1224 499 benedictione
1256 445 1603 517 apostolica.

464 525 830 583 Gauslenum
903 530 1393 590 Matisconcnsem
1452 535 1904 607 suffraganeum
1954 548 2053 588 ve-

393 617 602 686 strum,
655 616 1059 675 Cluniacensis
1106 623 1449 680 monasterii
1497 625 1683 680 nostri
1731 622 2051 681 ordinatio-

389 717 532 758 nem
584 709 641 760 et
687 709 1198 766 consecrationem
1249 713 1418 768 avide
1480 717 1690 770 contra
1741 711 2053 786 privilegia

391 793 726 863 apostolica
757 811 1045 868 usurpare
1091 805 1479 872 quarentem,
1529 801 1700 857 valde
1751 801 2048 870 dolemus,

393 895 466 935 ex
515 896 588 936 eo
631 883 825 952 magis
855 885 1020 956 quod
1070 891 1372 945 tantorum
1432 890 1904 963 apostolicorum
1957 905 2055 945 ex-

395 971 1011 1029 communicationum
1041 992 1178 1032 reus
1207 979 1335 1036 sola
1363 979 1687 1053 cupiditate
1721 979 1912 1036 factus
1941 982 2047 1034 est.

396 1059 463 1112 Et
517 1059 661 1131 quia
712 1077 820 1134 pro
872 1079 1075 1120 amore
1105 1067 1295 1123 sancti
1343 1069 1514 1138 Petri,
1546 1069 1720 1140 cujus
1751 1067 2052 1138 singulare

396 1151 829 1207 monasterium
859 1158 965 1223 est,
1000 1171 1124 1211 sua
1154 1157 1310 1229 parti
1339 1157 1558 1215 favisse
1609 1163 1665 1215 et
1715 1159 1911 1215 favere
1941 1173 2052 1213 vos

395 1235 811 1308 intelleximus,
841 1242 1062 1313 gratias
1105 1245 1278 1301 vobis
1322 1248 1666 1321 apostolicis
1695 1247 2056 1305 benedictio-

396 1325 578 1381 nibus
624 1329 932 1386 referimus
962 1334 1318 1408 cumulatas,
1352 1342 1408 1394 et
1454 1343 1520 1394 ut
1570 1339 1934 1394 incessanter
1972 1337 2056 1392 fa-

398 1413 583 1482 ciatis,
616 1417 891 1488 petimus.
929 1422 1050 1478 Sub
1081 1440 1215 1496 qua
1243 1425 1424 1482 etiam
1451 1443 1738 1498 rogamus
1766 1431 1831 1484 ut
1858 1426 2054 1483 eidem

397 1503 682 1578 episc0po
711 1507 1094 1581 interdicalis,
1127 1513 1277 1569 sicut
1306 1531 1418 1570 nos
1448 1515 1652 1572 litteris
1678 1515 1896 1572 nostris
1921 1515 2056 1571 feci-

397 1609 534 1648 mus
573 1598 1103 1672 consecrationem,
1157 1602 1618 1675 ordinationem,
1668 1605 1764 1660 vel
1807 1603 2056 1677 aliquod

392 1680 490 1751 jus
521 1682 581 1738 in
608 1690 811 1741 nostro
838 1690 1200 1746 monasterio
1231 1707 1517 1764 quarere,
1541 1710 1615 1749 ne
1646 1693 1793 1749 dum
1825 1693 1939 1750 hoc
1963 1693 2053 1748 in-
2087 1711 2126 1764 Β

390 1770 549 1840 juste
577 1775 819 1848 appetit,
854 1777 1020 1848 quod
1052 1779 1208 1849 juste
1236 1780 1348 1836 sibi
1375 1781 1507 1838 licet
1557 1797 1667 1854 pro
1699 1799 1809 1837 sua
1855 1781 2058 1838 inobe-

397 1858 639 1924 dientia,
671 1863 878 1920 iterata
909 1870 1208 1923 tantorum
1241 1871 1477 1926 Patrum
1516 1870 1782 1944 querela,
1813 1875 2056 1944 aposto-

399 1948 515 2006 lica
543 1953 889 2010 auctoritate
917 1963 1134 2014 careat.

1162 2052 1293 2106 XIV.

469 2132 730 2190 Joannes
759 2137 904 2193 XIX
928 2142 1274 2196 monasterii
1301 2143 1618 2198 Fuldensis
1638 2143 1980 2212 privilegia,

635 2230 870 2294 petente
897 2228 1202 2286 Richardo
1226 2230 1458 2294 abbate,
1482 2231 1815 2300 conﬁrmat.

1027 2317 1220 2386 (Anno
1256 2320 1434 2389 1031.)

647 2400 917 2472 [Damam
948 2405 1090 2462 Cod.
1127 2407 1374 2478 diplom.
1402 2408 1605 2475 Fuld.,
1640 2409 1789 2480 351.]

467 2491 710 2548 Joma'es
741 2507 1080 2567 episcopus,
1109 2512 1316 2552 servus
1347 2513 1658 2553 servorum
1695 2498 1812 2567 Dei,
1841 2497 2056 2554 dilecto

345 2657 347 2660 ι
398 2578 460 2636 in
485 2580 713 2638 Christo
742 2581 865 2640 ﬁlio
891 2584 1200 2654 RICHARDO,
1233 2586 1439 2642 abbati
1472 2587 1827 2643 venerabilis
1848 2603 2057 2643 mona-

399 2670 558 2727 sterii
587 2671 908 2729 Salvatoris
935 2676 1122 2732 nostri
1164 2679 1301 2732 Jesu
1330 2677 1541 2733 Christi
1567 2682 1625 2733 et
1649 2677 1837 2734 sancti
1891 2677 2057 2734 Boni-

397 2759 532 2816 facii
587 2763 888 2835 martyris,
935 2764 1028 2820 siti
1058 2765 1118 2821 in
1156 2765 1288 2822 loco
1343 2766 1448 2838 qui
1504 2771 1754 2824 vocatur
1801 2767 2059 2824 Boconia

393 2848 566 2918 juxta
595 2849 791 2922 ripam
822 2852 1087 2908 ﬂuminis
1139 2854 1354 2923 Fulda,
1404 2859 1461 2910 et
1506 2871 1614 2928 per
1660 2860 1714 2911 te
1771 2855 2055 2911 omnibus

399 2937 516 2993 tuis
543 2940 1011 2996 successoribus.

471 3028 755 3124 C‘ongruit
803 3029 1132 3124 apostolico
1181 3032 1578 3090 moderamini
1617 3034 1719 3108 pia
1773 3033 2058 3105 religione
2091 3068 2130 3124 ο

397 3115 761 3190 pollentibus
807 3119 1103 3178 benevola
1150 3124 1575 3196 compassione
1620 3140 1963 3181 succurrere
2003 3129 2059 3181 et

395 3208 777 3280 poscentium
807 3210 1024 3267 animis
1037 3212 1216 3269 alacri
1229 3213 1545 3271 devotione
1575 3231 1890 3271 assensum
1912 3231 2060 3288 prae-

396 3295 557 3354 bere.
593 3299 792 3368 Igitur,
823 3300 965 3373 quia
1005 3303 1321 3374 postulasti
1361 3319 1397 3360 a
1427 3321 1524 3361 me
1552 3304 1637 3360 ﬁli
1684 3305 2055 3375 charissime,

395 3394 694 3459 quatenus
718 3391 1070 3462 pradictum
1099 3393 1386 3450 Fuldense
1418 3395 1851 3450 monasterium
1883 3394 2061 3466 privi-

395 3475 531 3544 legii
561 3477 720 3533 sedis
758 3479 1100 3549 apostolica
1144 3479 1348 3536 infulis
1376 3482 1708 3550 decoretur,
1737 3489 1804 3538 ut
1829 3482 1943 3538 sub
1966 3483 2060 3553 ju-

395 3562 736 3620 risdictione
782 3571 1002 3622 sanctae
1058 3569 1348 3625 Romana
1401 3571 1673 3628 Ecclesia
1728 3571 2060 3645 specialiter

397 3651 783 3710 constitutum
813 3655 1034 3712 nullius
1070 3657 1309 3713 alterius
1342 3659 1613 3715 Ecclesia
1637 3660 2060 3730 jurisdictioni-

395 3739 512 3796 bus
541 3741 962 3801 submittatur:
1009 3746 1229 3802 idcirco
1277 3747 1391 3820 piis
1435 3747 1747 3804 desideriis
1793 3748 2058 3804 faventes

393 3828 508 3887 hac
535 3836 746 3888 nostra
797 3834 1144 3892 auctoritate
1174 3835 1234 3890 id
1283 3836 1450 3908 quod
1487 3836 1871 3910 exposcimur
1915 3838 2056 3894 effe-

395 3919 514 3976 ctui
540 3921 983 3995 mancipamus.
1016 3925 1528 3982 Commendamus
1548 3925 1750 4000 itaque
1780 3931 1896 3983 tua
1917 3927 2058 3983 fidei

395 4015 452 4067 et
478 4011 819 4070 discretioni
847 4014 1164 4086 prafatum
1195 4016 1628 4073 monasterium
1680 4033 1820 4073 cum
1868 4018 2059 4074 omni-

393 4098 509 4155 bus
532 4101 713 4156 rebus
742 4101 1069 4159 mobilibus
1093 4110 1155 4160 et
1177 4103 1588 4162 immobilibus
1613 4105 1725 4162 sibi
1757 4106 2058 4179 pertinen-

393 4187 553 4244 tibus
581 4205 736 4262 quas
762 4205 924 4247 nunc
971 4193 1171 4262 habet,
1204 4194 1297 4250 vel
1325 4195 1387 4250 in
1435 4195 1701 4252 futurum
1734 4199 1854 4253 Deo
1893 4197 2060 4252 auxi-

393 4275 574 4334 liante
593 4277 858 4336 habebit.
893 4282 1290 4338 Concedimus
1320 4283 1498 4340 etiam
1529 4288 1709 4357 atque
1753 4284 2057 4341 donamus

392 4364 564 4422 vobis
593 4368 1028 4426 monasterium
1061 4371 1256 4427 Sancti
1287 4371 1556 4438 Andrea,
1585 4373 1754 4445 quod
1805 4379 2057 4430 vocatur

394 4453 686 4522 Exailum,
719 4455 896 4512 situm
921 4457 1094 4528 juxta
1132 4458 1446 4515 basilicam
1487 4465 1707 4516 sancta
1739 4461 1929 4518 Maria
1977 4463 2058 4519 ad

393 4545 680 4616 Praesepe,
707 4560 848 4600 cum
874 4547 1158 4602 omnibus
1207 4547 1628 4604 mansionibus
1661 4549 1806 4604 suis.
1859 4552 2057 4606 Mona-

395 4632 639 4690 sterium
693 4649 837 4704 ergo
906 4635 1215 4702 Fuldense,
1285 4637 1454 4708 quod
1524 4642 1766 4693 sanctus
1828 4643 2060 4711 martyr

395 4721 610 4781 Christi
643 4722 982 4780 Bonifacius
1012 4724 1287 4796 primitus
1318 4726 1665 4793 construxit,
1699 4731 1755 4782 et
1783 4727 2059 4800 pluribus

393 4813 708 4871 ornatibus
742 4830 813 4870 ac
861 4815 1102 4887 pradiis
1144 4815 1354 4872 ditavit
1400 4831 1732 4890 regumque
1780 4833 1849 4874 ac
1893 4818 2058 4890 prin-

395 4902 599 4974 cipum
628 4903 1078 4960 defensionibus
1107 4904 1380 4976 munivit,
1422 4921 1562 4961 cum
1609 4906 1892 4963 omnibus
1939 4908 2057 4964 cel-

394 4989 487 5061 lis,
518 4991 784 5049 ecclesiis
814 4998 872 5050 et
889 4993 1158 5050 curtibus
1189 4995 1538 5068 cunctisque
1565 4995 1644 5053 ad
1676 5011 1738 5052 se
1763 4996 2058 5069 pertinen-

397 5079 556 5136 tibus
583 5083 768 5138 nostri
815 5082 1107 5156 privilegii
1150 5083 1547 5156 praeceptione
1602 5085 2054 5156 conﬁrmamus,

394 5169 632 5242 hocque
655 5171 943 5242 jubemus
973 5178 1030 5229 et
1061 5171 1376 5230 statuimus
1407 5176 1471 5228 ut
1509 5173 1709 5229 nullus
1738 5175 1876 5230 inde
1905 5174 2060 5231 futu-

397 5274 499 5314 rus
530 5259 722 5316 abbas
753 5263 1266 5319 consecrationem
1296 5277 1558 5334 usquam
1605 5268 1932 5335 prasumat
1957 5280 2056 5320 ac-

401 5348 596 5422 cipere
633 5348 748 5406 nisi
778 5349 856 5406 ab
886 5351 1000 5408 hac
1049 5351 1188 5408 sede
1227 5350 1576 5424 apostolica.
1632 5355 1820 5418 Quem
1876 5353 2057 5410 etiam

399 5437 620 5494 idcirco
640 5439 972 5512 specialiter
984 5440 1335 5497 ordinamus
1360 5445 1416 5496 et
1432 5456 1541 5497 con
1551 5457 1856 5499 secramus
1877 5448 2056 5516 atque

398 5527 722 5603 privilegiis
742 5533 1025 5587 Romanae
1049 5531 1461 5604 etapostolica
1491 5531 1648 5588 sedis
1671 5531 1941 5603 insigniri
1954 5549 2058 5589 vo—

401 5615 625 5685 lumus,
671 5623 738 5675 ut
778 5618 1050 5674 noverint
1104 5625 1329 5676 caetera
1377 5620 1649 5677 Ecclesia
1704 5621 2056 5676 Fuldensem

404 5703 726 5764 Ecclesiam
750 5706 1306 5787 specialem-sancta
1329 5712 1611 5769 Romana
1634 5709 1906 5772 Ecclesia
1927 5725 2054 5767 esse

2159 436 2330 494 bates
2359 437 2558 494 Gallia
2585 442 2641 494 et
2661 437 2986 493 Germaniae
3014 435 3349 509 primatum
3379 431 3648 488 sedendi
3683 436 3745 488 et
3763 433 3850 503 ju-

2161 525 2404 582 dicandi
2434 531 2492 583 et
2520 527 2839 583 concilium
2876 542 3014 582 cum
3065 522 3296 581 cateris
3345 521 3694 578 abbatibus
3741 522 3852 577 ha-

2159 615 2344 672 bendi
2374 617 2779 673 concedimus.
2814 615 2963 672 Nulli
3006 615 3462 688 episcoporum,
3514 612 3849 684 archiepis-

2164 719 2476 778 coporum,
2517 704 2991 777 patriarcharum
3019 708 3264 769 temere,
3298 701 3418 756 nisi
3449 717 3486 756 a
3532 699 3722 756 vobis
3764 716 3849 755 ac-

2161 799 2334 867 cepta
2361 793 2617 863 licentia,
2650 809 2830 866 super
2856 792 3038 848 altare
3062 791 3244 848 vestri
3274 789 3608 864 patrocinii
3641 789 3852 844 missa-

2161 899 2298 940 rum
2351 883 2642 940 solemnia
2698 883 2996 939 celebrare
3047 881 3242 937 liceat.
3290 880 3528 937 Nullius
3585 894 3852 952 persona

2162 973 2452 1046 principis
2502 989 2697 1046 neque
2747 977 2935 1029 totum
2989 987 3186 1044 neque
3238 975 3480 1043 partem
3534 969 3618 1024 de
3677 966 3855 1023 rebus

2163 1063 2438 1134 ejusdem
2468 1061 2813 1118 monasterii
2843 1061 3017 1117 alicui
3056 1060 3409 1115 mortalium
3443 1057 3728 1114 subdere
3769 1058 3853 1112 vel

2163 1153 2224 1208 in
2252 1152 2613 1209 beneﬁcium
2642 1157 2924 1226 prastare
2951 1150 3191 1214 audeat,
3245 1153 3507 1222 excepto
3564 1147 3710 1204 solo
3757 1147 3853 1203 ab-

2165 1243 2322 1313 bate,
2355 1242 2458 1314 qui
2487 1241 2752 1313 legitima
2792 1240 3082 1297 beneﬁcia
3128 1239 3272 1294 viris
3321 1255 3395 1294 ac
3440 1237 3856 1293 ministeriali-

2164 1329 2280 1386 bus
2310 1332 2433 1387 suis
2463 1337 2745 1405 praestare
2770 1331 2984 1398 habet;
3015 1330 3119 1386 sed
3152 1330 3263 1385 soli
3307 1333 3622 1386 Romana
3672 1328 3857 1384 Eccle-

2166 1421 2266 1476 sia
2300 1422 2572 1495 specialis
2603 1423 2724 1478 filia
2769 1421 3072 1478 Fuldensis
3121 1421 3387 1477 Ecclesia
3437 1420 3646 1476 libere
3686 1425 3855 1491 atque

2167 1528 2375 1568 secure
2432 1513 2745 1570 deserviat.
2795 1513 2871 1579 Si,
2917 1512 3083 1584 quod
3115 1512 3312 1567 absit!
3375 1511 3620 1584 aliquis
3676 1510 3854 1567 abbas

2166 1600 2240 1655 de
2271 1605 2468 1656 vestro
2496 1601 2856 1657 monasterio
2888 1600 3090 1672 aliquo
3144 1599 3398 1656 crimine
3429 1598 3704 1654 infamis
3753 1600 3858 1654 fue-

2165 1688 2260 1751 rit.
2309 1689 2692 1762 pracipimus
2720 1695 2785 1745 ut
2814 1688 3170 1762 pulsationis
3209 1687 3530 1760 judicium
3565 1701 3705 1741 non
3737 1700 3857 1739 sen-

2166 1777 2292 1844 tiat,
2322 1777 2514 1834 donec
2541 1795 2578 1834 a
2607 1783 2815 1834 nostra
2841 1777 3171 1851 apostolica
3211 1776 3355 1833 sede
3403 1774 3740 1830 audiatur.
3789 1773 3858 1827 Li-

2167 1872 2298 1923 ceat
2328 1867 2506 1924 etiam
2537 1867 2662 1934 tibi,
2697 1867 3042 1924 charissime
3092 1865 3196 1933 ﬁli,
3236 1865 3492 1938 tuisque
3542 1878 3857 1919 successo—

2165 1956 2333 2012 ribus
2363 1957 2685 2014 abbatibus
2715 1957 2987 2028 ejusdem
3009 1955 3383 2023 monasterii,
3414 1954 3858 2027 episcoporum

2166 2062 2355 2112 more,
2416 2047 2813 2120 apostolicam
2875 2045 3080 2102 sedem
3133 2045 3212 2101 ad
3269 2043 3726 2100 defensionem
3789 2042 3858 2097 tui

2168 2141 2406 2209 tuaeque
2438 2135 2706 2192 Ecclesia
2737 2135 3062 2208 agpellare,
3095 2139 3151 2190 et
3181 2138 3396 2189 contra
3427 2148 3671 2188 omnes
3694 2148 3860 2187 aemu-

2166 2225 2258 2281 los
2292 2233 2520 2282 vestros
2548 2228 2831 2281 Romana
2881 2224 3208 2295 majestatis
3258 2229 3437 2278 scuto
3497 2238 3620 2278 vos
3673 2221 3860 2276 defen-

2167 2315 2328 2372 dere.
2363 2317 2644 2370 Praterea
2671 2314 2749 2370 ob
2780 2329 3050 2370 amorem
3077 2317 3133 2369 et
3162 2311 3586 2368 reverentiam
3624 2327 3861 2367 venera-

2169 2405 2305 2460 bilis
2359 2405 2668 2462 Fuldensis
2720 2403 2991 2460 Ecclesia
3043 2403 3170 2470 tibi,
3227 2401 3416 2458 frater
3477 2402 3853 2458 charissime.

2171 2494 2406 2570 tuisque
2438 2493 2888 2551 successoribus
2919 2491 3241 2549 abbatibus
3270 2508 3468 2547 usum
3516 2491 3855 2548 dalmatica

2169 2589 2227 2640 et
2256 2583 2664 2640 sandaliorum
2698 2583 2758 2640 in
2784 2583 3183 2640 celebratione
3196 2582 3406 2638 missa
3431 2583 3854 2650 concedimus.

2168 2678 2313 2730 utet
2342 2673 2402 2729 in
2437 2674 2550 2730 hoc
2578 2691 2699 2746 prae
2743 2672 2970 2728 cateris
3015 2672 3199 2728 nostri
3253 2672 3501 2728 amoris
3549 2673 3858 2746 privilegio

2169 2762 2501 2836 specialiter
2528 2763 2845 2832 insignitus
2885 2777 3203 2835 appareas.
3258 2762 3685 2818 Decrevimus
3734 2779 3859 2835 quo-

2167 2869 2286 2924 que
2315 2852 2714 2908 deliberantes
2750 2857 2814 2908 ut
2859 2851 3143 2923 congruis
3193 2852 3604 2923 temporibus
3658 2858 3857 2908 nostra

2167 2959 2279 3016 pro
2327 2942 2502 2999 vobis
2543 2942 2924 2998 sollicitudini
2975 2942 3277 2998 intimetur
3329 2942 3621 3015 qualiter
3669 2944 3859 3012 religio

2169 3033 2506 3090 monastica
2534 3033 2789 3101 regulari
2830 3031 3041 3088 habitu
3070 3031 3366 3100 dirigatur
3429 3038 3494 3088 et
3540 3033 3862 3090 concordia

2167 3121 2418 3179 fratrum
2451 3121 2647 3178 studio
2677 3120 3087 3176 ecclesiastica
3114 3119 3528 3192 professionis
3561 3122 3859 3178 custodia-

2168 3217 2284 3282 tur,
2311 3227 2386 3268 ne
2416 3211 2586 3277 forte,
2618 3209 2783 3283 quod
2813 3209 3005 3265 absit!
3041 3209 3152 3264 sub
3198 3208 3390 3277 hujus
3421 3209 3738 3281 privilegii
3765 3212 3860 3265 ob-

2168 3305 2334 3356 tentu
2389 3300 2629 3356 animus
2689 3314 3048 3372 gressusque
3103 3301 3316 3353 vestra
3379 3300 3774 3355 rectitudinis
3825 3316 3857 3354 a

2167 3405 2380 3445 norma
2408 3389 2650 3460 justitia
2677 3387 3066 3461 aliquomodo
3099 3391 3559 3459 retorqueatur.
3611 3389 3854 3444 interdi-

2169 3479 2360 3534 cimus
2403 3480 2603 3544 etiam,
2651 3477 2986 3534 secundum
3033 3476 3393 3550 petitionem
3449 3478 3638 3533 sancti
3679 3478 3846 3532 Boni-

2167 3567 2304 3624 facii
2329 3573 2386 3624 et
2414 3569 2717 3623 decretum
2750 3566 3048 3622 Zacharia
3090 3568 3499 3623 antecessoris
3525 3565 3720 3629 nostri,
3755 3581 3828 3619 ne

2166 3657 2288 3714 ulla
2319 3657 2542 3713 femina
2573 3657 2730 3712 idem
2774 3655 3115 3712 venerabile
3157 3658 3604 3713 monasterium
3643 3656 3829 3725 ingre-

2167 3747 2384 3802 diatur.
2422 3746 2534 3803 Sed
2561 3751 2618 3802 et
2646 3747 2759 3802 hoc
2778 3761 3167 3818 summoporc
3184 3746 3586 3819 praecipimus
3608 3752 3664 3802 et
3681 3761 3838 3800 com-

2167 3852 2506 3902 monemus,
2558 3841 2624 3892 ut
2662 3835 2862 3892 nullus
2909 3835 3230 3891 hominum
3281 3835 3359 3891 de
3403 3835 3747 3891 redditibus
3793 3841 3844 3890 et

2167 3927 2369 3983 fundis
2398 3926 2492 3982 vel
2520 3925 2766 3981 decimis
2809 3925 3156 3997 caterisque
3205 3925 3486 3981 fidelium
3533 3925 3847 3982 oblationi~

2165 4016 2280 4072 bus
2333 4033 2440 4072 seu
2484 4015 2721 4071 familiis
2769 4014 2848 4070 ad
2890 4014 3184 4087 hospitale
3231 4030 3590 4088 pauperum
3647 4017 3746 4071 vel
3773 4016 3843 4070 ad

2165 4109 2400 4178 portam
2429 4105 2737 4177 hospitum
2767 4103 3201 4176 pertinentibus
3227 4103 3462 4176 aliquid
3486 4105 3846 4173 auferat,vel

2165 4193 2227 4248 in
2255 4192 2618 4249 beneticium
2631 4191 2930 4264 suscipere
2956 4198 3284 4264 prasumat
3309 4209 3322 4258 ;
3356 4192 3486 4259 sed,
3524 4194 3688 4249 sicut
3715 4193 3848 4248 bea-

2167 4281 2432 4338 tissimus
2462 4281 2674 4338 Christi
2721 4286 2954 4354 martyr
3004 4281 3340 4337 Bonifacius
3383 4281 3670 4352 instituit,
3725 4300 3850 4338 om-

2166 4372 2267 4428 nia
2297 4371 2412 4427 sint
2436 4375 2565 4427 rata
2593 4376 2649 4428 et
2679 4370 2980 4442 ordinata,
3008 4377 3128 4427 tam
3157 4386 3231 4426 ea
3258 4387 3399 4443 quae
3433 4371 3512 4426 ad
3555 4389 3712 4428 usus
3740 4373 3852 4428 fra-

2167 4465 2324 4516 trum
2350 4475 2537 4532 quam
2563 4475 2635 4515 ea
2664 4475 2801 4531 qua
2831 4459 2910 4515 ad
2939 4459 3207 4515 diversos
3249 4457 3600 4516 ofﬁciorum
3650 4460 3851 4516 cultus

2167 4549 2460 4622 pertinere
2483 4549 2772 4605 videntur.
2807 4551 2996 4622 Super
3024 4549 3150 4604 hac
3179 4550 3386 4604 omnia
3413 4551 3851 4607 constituimus

2165 4656 2274 4712 per
2318 4639 2498 4710 hujus
2533 4638 2753 4694 decreti
2790 4639 2978 4698 nostri
3019 4638 3329 4710 paginam,
3380 4644 3449 4694 ut
3483 4640 3850 4713 quicunque

2169 4727 2489 4799 cujuslibet
2519 4726 2789 4782 Ecclesia
2820 4727 3041 4799 prasul
3081 4726 3175 4781 vel
3226 4743 3602 4800 quacunque
3654 4729 3850 4798 digni-

2167 4821 2284 4874 tate
2315 4816 2565 4890 pradita
2595 4831 2855 4887 persona
2885 4815 3043 4872 hanc
3089 4818 3280 4872 nostri
3324 4816 3624 4888 privilegii
3679 4819 3846 4874 char-

2167 4911 2315 4978 tam,
2342 4922 2528 4978 quam
2550 4905 2896 4961 auctoritate
2941 4905 3226 4978 principis
3268 4905 3700 4978 apostolorum
3756 4909 3842 4962 tir-

2167 5013 2408 5054 mamus
2439 5001 2727 5051 temerare
2758 4995 3087 5066 tentaverit,
3119 4995 3445 5051 anathema
3472 4997 3571 5062 sit,
3594 5003 3658 5052 et
3695 5000 3838 5054 iram

2168 5086 2267 5142 Dei
2292 5086 2602 5142 incurrens
2631 5101 2666 5140 a
2695 5089 2851 5140 coetu
2881 5084 3153 5140 omnium
3184 5089 3536 5141 sanctorum
3586 5089 3836 5144 extorris

2165 5174 2399 5242 existat,
2431 5179 2489 5230 et
2518 5173 2906 5229 nihilominus
2935 5173 3162 5247 praefati
3181 5175 3532 5230 monasterii
3574 5175 3834 5247 dignitas

2167 5279 2202 5320 a
2230 5263 2406 5320 nobis
2435 5262 2667 5319 indulta
2696 5262 3116 5334 perpetualiter
3161 5262 3451 5318 inviolata
3480 5270 3835 5336 permaneat

2166 5353 2497 5427 apostolica
2525 5351 2872 5408 auctoritate
2905 5351 3180 5408 subnixa.

2239 5441 2536 5514 Scriptum
2578 5455 2686 5513 per
2739 5456 2991 5495 manum
3036 5439 3220 5510 Sergii
3254 5440 3556 5498 scriniarii
3614 5449 3833 5501 saneta!

2165 5531 2455 5588 Romana
2481 5530 2660 5599 sedis,
2694 5546 2899 5588 mense
2929 5529 3148 5600 Martio,
3177 5529 3506 5589 indictione
3540 5551 3662 5590 xw.
