3996 6168
0 208 122 267 1149

768 332 873 389 XV.

0 441 262 515 Epistola
289 436 551 496 Joannis
574 436 730 497 XIX
754 438 835 495 ad
886 439 1229 498 Jordanum
1278 438 1665 497 Lemovicen—

46 544 171 587 sem
193 528 564 599 episcopum,
581 532 936 600 casterosque
957 529 1302 587 Galliarum
1325 528 1661 599 episcopos,

50 620 124 677 de
152 620 218 677 S.
246 617 563 675 Martialis
589 618 952 688 apostolatu.

613 728 809 795 (Anno
843 725 1028 795 1031.)

400 824 629 906 [MANSI,
664 824 896 890 Concil.
931 832 1060 906 XIX,
1086 835 1235 907 417.]

53 947 301 1019 JQANNES
329 943 674 1018 episcopus,
708 958 919 999 servus
949 959 1262 1000 servorum
1293 942 1416 1011 Dei,
1445 944 1655 999 ΙοιιυΑ-

0 1052 57 1091 εο
87 1035 390 1109 episeopo,
452 1036 512 1089 et
556 1032 688 1105 ejus
740 1031 899 1089 clero
946 1033 1297 1106 cunctisque
1355 1032 1655 1107 episcopis

0 1124 327 1192 Galliarum,
351 1121 608 1179 salutem
629 1120 1053 1181 charissimam
1075 1138 1213 1180 cum
1233 1120 1653 1179 benedictione

0 1212 334 1288 apostolica.

48 1321 141 1378 Ad
160 1319 528 1396 pastoralem
585 1316 837 1393 quidem
887 1317 1345 1375 sollicitudinem
1375 1317 1651 1391 pertinet,

0 1428 117 1469 :um
150 1410 381 1485 aliquid
410 1407 835 1467 controversiae
867 1407 928 1464 in
961 1407 1221 1464 Ecclesia
1250 1407 1458 1475 oritur,
1490 1411 1655 1463 ante-

0 1518 170 1575 juam
202 1500 354 1557 vires
378 1498 648 1573 recipiat,
689 1496 976 1554 ialcastro
1009 1514 1231 1554 severas
1277 1497 1501 1568 lingua;
1553 1513 1654 1552 ex-

0 1592 230 1665 stirpare
270 1589 580 1659 radicitus,
621 1594 679 1645 et
733 1603 807 1644 ea
845 1603 1221 1663 superserere
1254 1590 1381 1643 tam
1431 1585 1653 1642 divinis

1235 204 1601 265 EPISTOLE
1642 200 1735 259 ΕΤ
1777 200 2191 265 DIPLOMATA.

1693 329 1741 384 Α
1769 328 1948 403 pulus
1974 327 2239 403 apostoli
2267 328 2458 402 Pauli,
2488 333 2546 388 et
2574 329 2901 404 Barnabas,
2931 333 2990 390 et
3014 326 3433 406 quamplures.

3293 203 3434 264 “50

1767 423 1856 476 An
1901 418 2048 477 forte
2104 419 2322 477 nolunt
2368 420 2481 477 hos
2526 422 2712 495 recipi
2758 422 2911 480 inter
2976 419 3303 496 apostolos,
3359 432 3437 473 eo

1767 508 1933 583 quod
1963 508 2043 567 ab
2072 509 2363 583 apostolis
2394 510 2515 568 sint
2541 511 2709 569 electi
2735 516 2793 570 et
2821 511 3011 581 missi,
3041 511 3147 584 qui
3199 506 3440 568 Martia-

1765 598 1906 667 lem,
1934 614 2006 655 eo
2030 598 2197 672 quod
2225 615 2351 657 non
2374 599 2450 657 sit
2479 601 2555 658 de
2585 603 2869 659 duodeno
2888 617 3162 671 numero,
3193 599 3448 672 aposto—

1763 688 1881 745 lica
1905 687 2193 759 dignitate
2222 688 2439 746 nolunt
2462 690 2693 748 clarum
2716 691 2903 749 videri
2930 692 2958 748 ?

1836 782 1967 835 Non
1992 782 2211 851 putant
2239 778 2389 837 alios
2420 781 2747 855 apostolos,
2774 781 2889 838 nisi
2915 780 3048 837 illos
3067 775 3446 844 duodecim;

1765 873 1825 927 et
1854 868 1960 925 ubi
1990 873 2081 925 est
2103 870 2270 942 quod
2293 871 2439 929 dicit
2451 873 2766 946 apostolus
2794 871 3018 929 Paulus
3041 864 3455 947 Philippensi-

1762 960 1885 1016 bus
1912 959 1942 1015 ?
1972 959 2389 1019 Necessarium
2420 968 2619 1020 autem
2672 963 3016 1021 existimavi
3055 956 3461 1032 Epaphrodi-

1764 1057 1895 1108 tum
1979 1051 2267 1122 fratrem,
2329 1059 2794 1125 cooperatorem,
2857 1059 2914 1111 et
2977 1049 3466 1111 commilitonem

1762 1156 1984 1209 meum,
2016 1145 2277 1198 vestrum
2323 1148 2523 1200 autem
2572 1145 2931 1215 apostolum,
2994 1148 3051 1200 et
3094 1139 3475 1207 ministrum

1762 1230 2140 1289 necessitatis
2168 1247 2333 1301 meae,
2365 1235 2601 1291 mittere
2630 1235 2713 1291 ad
2742 1250 2843 1291 vos
2887 1232 3192 1305 (Philipp.
3235 1237 3336 1304 ιι).
3392 1238 3482 1298 Si-

1762 1322 1890 1379 lam
1913 1337 2161 1394 quoque
2183 1327 2239 1380 et
2259 1325 2285 1379 J
2293 1323 2478 1381 udam
2503 1324 2582 1381 ab
2612 1323 2900 1398 apostolis
2920 1321 3271 1396 apostolos
3292 1333 3487 1392 nomi-

1763 1415 1945 1467 natos
1972 1407 2338 1469 invenimus.
2372 1413 2705 1484 Anglorum
2743 1412 2905 1470 enim
2935 1411 3231 1471 Ecclesia
3292 1437 3483 1497 usque

1763 1501 2065 1557 hactenus
2090 1500 2506 1560 beatissimum
2529 1501 2898 1573 Gregorium,
2931 1517 3120 1574 quem
3154 1516 3293 1562 nos
3336 1526 3477 1570 con-

1764 1589 2059 1645 fessorem
2092 1589 2369 1659 dicimus,
2405 1591 2721 1666 proprium
2748 1607 2928 1648 suum
2959 1589 3328 1665 apostolum
3356 1615 3465 1655 no-

0 1696 170 1754 ;uam
197 1677 592 1736 sanctissimis
624 1676 916 1750 exemplis
954 1693 1091 1749 quae
1121 1692 1389 1733 messem
1420 1676 1523 1731 Dei
1562 1675 1651 1730 fa-
1689 1686 1730 1742 Β
1766 1675 1981 1733 minat.
2011 1677 2267 1737 Romani
2306 1681 2643 1754 pontiﬁces,
2674 1679 2820 1754 quia
2845 1678 2974 1735 vice
3003 1681 3274 1752 apostoli
3312 1684 3455 1740 't'un-

0 1771 142 1826 :iant
171 1773 229 1826 et
245 1768 564 1825 laetitieent.
601 1769 716 1824 Cur
745 1765 908 1821 enim
939 1763 1083 1823 talia
1114 1765 1490 1839 suscepimus
1514 1780 1652 1838 pro-

0 1858 284 1932 palabunt
312 1856 608 1928 subjecta.
640 1855 1026 1912 Beatissimus
1057 1855 1303 1928 quidem
1351 1853 1650 1921 Martialis,

0 1949 133 2004 sicut
153 1948 215 2005 in
238 1946 416 2019 gestis
442 1947 575 2019 ejus
602 1945 955 2018 reperimus,
984 1945 1235 2002 docente
1296 1944 1531 2001 Christo
1589 1944 1653 1999 in

0 2038 216 2094 nundo
245 2042 300 2094 et
322 2035 729 2110 praecipiente.
770 2051 805 2091 a
831 2037 996 2091 Petro
1026 2034 1440 2107 apostolorum
1489 2033 1653 2107 prin-

0 2128 114 2201 :ipe
147 2126 480 2200 baptizatus
508 2129 622 2195 est,
644 2129 702 2181 et
724 2129 888 2180 tanto
916 2124 1103 2181 sancti
1128 2124 1378 2198 Spiritus
1407 2126 1546 2189 igne
1570 2124 1655 2179 in-

0 2216 332 2273 lammatus
360 2222 421 2271 ut
451 2230 525 2271 ex
557 2230 630 2270 eo
660 2212 950 2269 derelictis
975 2214 1327 2287 parentibus
1375 2213 1485 2270 soli
1537 2214 1652 2286 ipsi

0 2307 117 2364 "ilio
148 2306 251 2363 Dei
280 2306 501 2363 servire
531 2304 794 2371 eligeret,
828 2309 884 2360 et
908 2305 1070 2361 hunc
1094 2306 1439 2375 Magistrum
1465 2310 1521 2360 et
1546 2307 1652 2361 Do-

0 2398 240 2463 uinum,
282 2400 449 2453 Petro
480 2394 756 2468 apostolo
809 2394 1228 2464 conﬁrmante,
1288 2396 1464 2467 cujus
1518 2410 1652 2450 san-

0 2487 163 2557 guine
187 2491 382 2543 cretus
424 2489 572 2551 erat,
632 2483 1041 2541 desideraret:
1101 2484 1272 2557 quod
1319 2489 1377 2540 et
1421 2483 1651 2540 factum

0 2580 77 2633 est.
110 2579 275 2634 Nam
298 2575 359 2631 in
387 2572 841 2632 resuscitatione
872 2573 1068 2631 Lazari
1100 2589 1368 2646 praesens
1420 2573 1648 2640 aderat,

0 2682 35 2722 n
72 2681 260 2723 ccena
283 2663 568 2735 interluit,
594 2662 656 2719 in
689 2661 989 2719 lavatione
1009 2662 1239 2736 pedum
1268 2661 1646 2719 ministravit.

0 2760 106 2813 'ost
130 2754 486 2829 passionem
511 2768 678 2823 vero,
710 2752 958 2825 quando
1005 2753 1304 2826 putabant
1360 2769 1422 2809 se
1476 2752 1650 2826 spiri—

0 2861 98 2901 um
134 2844 365 2910 videre,
396 2842 647 2916 palpare
679 2857 897 2898 manus
930 2847 987 2899 et
1014 2841 1173 2897 latus
1210 2843 1506 2899 Thomam
1563 2840 1650 2896 vi-

0 2934 73 2990 lit.
109 2932 379 3001 Quando
408 2931 697 3006 apostolis
726 2930 954 2988 dictum
988 2936 1077 2988 est
1110 2949 1123 2987 :
1165 2932 1394 2989 Euntes
1450 2932 1654 2989 docete

0 3039 179 3082 imnes
226 3029 452 3094 gentes,
488 3023 859 3092 baptizantes
890 3037 983 3079 eos
1008 3023 1072 3077 in
1128 3024 1365 3080 nomine
1418 3023 1648 3092 Patris,
1683 3046 1724 3102 ρ

0 3122 26 3170 »ε
52 3116 231 3185 Filii,
262 3120 316 3171 et
346 3114 611 3184 Spiritus
637 3112 836 3168 sancti
858 3112 1092 3169 (Matth.
1122 3113 1352 3183 xxvm),
1383 3117 1494 3170 etc.
1537 3113 1652 3169 Ac-

0 3207 158 3275 ipzte
187 3204 488 3275 Spiritum
516 3207 835 3271 sanctum;
866 3217 1119 3275 quorum
1149 3204 1493 3261 remiseritis
1514 3218 1653 3274 pec-

0 3301 134 3361 ‘ata,
171 3294 572 3350 remittuntur
611 3291 715 3359 eis,
738 3296 794 3347 et
823 3306 1077 3362 quorum
1123 3294 1513 3362 retinueritis,
1563 3308 1651 3349 re-

0 3390 142 3440 enta
169 3388 321 3439 sunt
379 3381 577 3451 (Joan.
628 3384 754 3447 xx),
798 3379 1042 3436 audivit.
1097 3381 1531 3438 Ascendentem
1586 3380 1648 3436 in

0 3473 204 3530 celum
228 3470 399 3536 vidit,
435 3469 720 3544 Spiritum
747 3473 1022 3526 sanetum
1072 3469 1134 3526 in
1182 3469 1371 3542 igneis
1428 3469 1647 3540 linguis

0 3560 457 3627 [escendentem
480 3565 538 3616 et
565 3559 712 3616 vidit
741 3564 800 3616 et
827 3559 1076 3634 accepit,
1104 3559 1509 3632 omnibusque
1538 3557 1647 3614 lin-

0 3653 111 3715 {uis
142 3655 426 3707 estusus.
466 3649 689 3707 Deinde
718 3649 971 3723 principi
1002 3649 1420 3723 apostolorum
1447 3648 1646 3704 adhae-

0 3742 65 3808 it,
102 3744 319 3814 utpote
342 3756 519 3797 carne
549 3739 928 3813 propinquus
971 3744 1028 3795 et
1072 3738 1434 3812 baptismate
1463 3736 1645 3809 ﬁlius,

0 3876 3 3885 ,
33 3848 192 3905 quo,
226 3830 607 3904 praecipiente
639 3828 868 3886 Christo
893 3828 974 3884 ad
1019 3827 1477 3901 prtedicandum
1506 3843 1647 3899 pro-

4 3922 197 3988 inciis
229 3920 554 3977 Galliarum
584 3923 677 3977 est
699 3918 1050 3986 destinatus,
1083 3918 1188 3974 ubi
1214 3917 1515 3974 inﬁnitum
1543 3933 1650 3990 po-

0 4012 206 4068 iulum
239 4009 459 4066 acultu
515 4008 819 4066 idolorum
869 4023 1209 4076 removens,
1255 4006 1483 4064 Christo
1538 4022 1651 4062 sua

3 4101 265 4159 octrina
291 4098 585 4156 dedicavit
616 4117 630 4168 ;
663 4114 852 4172 quam
884 4097 1053 4170 piam
1080 4100 1496 4170 sanctamque,
1524 4099 1649 4152 tam

0 4193 282 4249 ravitate
311 4192 368 4247 et
392 4189 610 4263 pietate
655 4203 920 4257 morum,
969 4203 1158 4261 quam
1203 4185 1649 4243 resuscitatione

0 4286 388 4351 iortuorum,
416 4278 792 4337 recuratione
822 4277 1200 4346 claudorum,
1244 4292 1539 4333 caecorum
1588 4275 1651 4331 il-

0 4368 401 4442 iminatione,
431 4373 489 4426 et
516 4367 790 4425 omnium
818 4366 1183 4424 mirabilium
1214 4363 1650 4439 perpetratione

0 4456 405 4517 onﬁrmabat.

30 4548 203 4605 Huic
231 4546 415 4604 modo
465 4545 719 4620 quidam
772 4548 1130 4615 vestrorum,
1169 4546 1236 4601 ut
1284 4541 1647 4611 audivimus,

0 4638 307 4696 etrahere
334 4639 735 4708 praesumunt,
767 4632 945 4707 quasi
970 4632 1119 4690 nihil
1148 4631 1222 4688 sit
1248 4631 1302 4688 ei
1327 4645 1649 4687 commune

0 4745 109 4784 um
142 4724 468 4798 apostolis,
502 4723 611 4781 sed
636 4723 1098 4780 confessoribus.
1135 4722 1205 4778 Hi
1231 4736 1376 4778 vero
1398 4736 1522 4776 non
1560 4720 1649 4777 lo-

0 4817 90 4883 ui,
131 4811 264 4871 sed
290 4812 550 4869 insanire
570 4812 870 4880 videntur,
904 4811 1046 4884 quia
1099 4810 1330 4881 gravati
1382 4808 1650 4865 fascibus

0 4909 399 4970 necatorum,
429 4902 492 4959 in
522 4900 685 4960 caelis
709 4900 978 4973 judicare
1003 4899 1391 4956 contendunt.
1411 4902 1648 4955 Petrum

0 4993 258 5066 enique
286 4996 580 5059 nostrum,
611 4991 710 5046 cui
737 4988 936 5046 claves
965 4988 1255 5045 caelorum
1310 4986 1648 5044 commissas

0 5089 134 5154 int,
171 5079 587 5137 confessorem
616 5079 873 5136 dicimus
898 5077 1042 5151 quia
1072 5077 1369 5135 Christum
1412 5077 1648 5134 confes-

0 5191 63 5230 is
97 5174 238 5240 est,
269 5168 520 5226 dicens:
577 5172 664 5225 Tu
690 5184 748 5226 es
798 5169 1072 5225 Christus
1121 5167 1316 5222 Filius
1370 5168 1481 5223 Dei
1531 5168 1652 5223 vivi

0 5259 236 5319 llattlz.
266 5258 405 5328 xvi),
437 5262 494 5314 et
521 5256 864 5331 apostolum
920 5255 1195 5323 dicimus,
1228 5254 1372 5327 quia
1409 5256 1488 5312 ab
1515 5256 1648 5329 ipso

1 5348 251 5406 omino
286 5346 364 5402 ad
394 5345 881 5419 praedicationem
911 5348 1003 5400 est
1028 5342 1286 5410 missus;
1318 5347 1648 5415 martyrem

0 5436 403 5504 ominamus,
423 5435 569 5507 quia
596 5432 984 5506 praedicando
1008 5431 1329 5501 Christum,
1360 5431 1647 5503 martyrio

0 5528 175 5583 itam
208 5520 448 5589 ﬁnivit;
504 5521 837 5595 principem
880 5519 1296 5595 apostolorum
1345 5519 1644 5576 credimus

0 5615 118 5672 uia
155 5609 470 5684 apostolos
491 5610 812 5683 constituit,
843 5610 993 5667 sicut
1031 5612 1121 5667 est
1167 5612 1394 5667 Marcus
1449 5608 1645 5682 bapti-

0 5706 188 5762 nate
218 5698 396 5771 ﬁlius,
419 5703 477 5758 et
499 5699 742 5759 Mathias
785 5704 941 5759 sorte
977 5699 1217 5770 electus,
1252 5700 1438 5757 Lucas
1467 5698 1643 5759 disci-

1681 4405 1725 4459 D

1767 1772 2014 1837 guntur,
2045 1773 2357 1846 apostolici
2384 1774 2795 1831 nominantur.
2813 1774 2959 1830 Cum
2977 1771 3161 1842 igitur
3183 1774 3445 1844 apostoli

1764 1871 1995 1915 nomen
2024 1876 2148 1918 non
2180 1861 2254 1918 sit
2278 1861 2537 1929 numeri,
2580 1860 2687 1917 sed
2740 1859 3034 1930 suffragii,
3086 1859 3440 1934 quicunque

1764 1946 2071 2006 revelante
2106 1954 2222 2011 Deo
2252 1951 2332 2008 ad
2375 1950 2834 2025 prmdicandum
2888 1949 3160 2019 mittitur,
3219 1952 3277 2004 et
3323 1963 3439 2004 sua

1762 2032 1866 2107 pia
1898 2037 2312 2097 exhortatione
2340 2043 2397 2097 et
2424 2039 2704 2113 exemplo
2760 2038 3154 2098 commissum
3185 2035 3298 2099 sibi
3350 2034 3439 2092 die

1765 2123 1986 2181 vinitus
2014 2128 2313 2201 populum
2346 2145 2381 2186 a
2412 2132 2703 2203 potestate
2740 2127 2967 2185 diaboli
3021 2127 3253 2194 liberat,
3306 2138 3437 2181 non

1760 2210 2094 2285 incongrue
2151 2218 2462 2290 apostolus
2514 2218 2631 2275 dici
2677 2222 2890 2291 potest,
2934 2217 3081 2289 quia
3121 2213 3434 2289 apostolus

1760 2305 1975 2360 missus
2014 2307 2248 2365 dicitur.

1832 2395 1952 2449 Nos
1976 2411 2138 2453 vero.
2171 2397 2229 2451 in
2253 2398 2425 2451 lii-ma
2457 2400 2625 2469 petra
2649 2393 2947 2461 (ediﬁcati,
2974 2395 3137 2455 hunc
3184 2391 3260 2453 de
3307 2404 3430 2462 quo

1758 2478 2069 2553 loquimur
2098 2486 2449 2551 Martialem,
2479 2490 2678 2541 utrum
2710 2484 2864 2540 inter
2921 2483 3320 2551 confessores,
3352 2492 3433 2535 an

1758 2566 1914 2628 inter
1942 2574 2271 2646 apostolos.
2295 2577 2463 2630 Jesus
2495 2573 2759 2631 Christus
2800 2572 2902 2629 Dei
2929 2571 3128 2638 Filius,
3160 2568 3254 2633 cui
3304 2581 3430 2622 cor-

1758 2660 2051 2731 poraliter
2079 2663 2356 2723 adhaesit.
2387 2668 2444 2720 et
2480 2662 2654 2733 cujus
2683 2661 2938 2733 gloriam
2967 2660 3118 2719 vidit
3158 2661 3216 2716 et
3242 2657 3428 2712 bene-

1759 2748 2021 2808 dictione
2051 2757 2142 2811 est
2170 2769 2337 2824 usus,
2380 2756 2776 2821 annumeret;
2835 2749 3182 2824 apostolum
3234 2742 3429 2802 nomi-

1758 2840 1893 2897 nari
1921 2857 2104 2915 posse
2133 2842 2481 2908 deﬁnimus,
2512 2845 2569 2898 et
2591 2857 2763 2914 mque
2793 2839 3124 2915 apostolica
3149 2833 3349 2909 oﬁicia
3367 2831 3430 2887 in

1759 2928 1979 2986 divinis
2006 2932 2305 3004 mysteriis
2332 2930 2599 2989 exhiberi
2628 2930 2741 2987 sibi
2770 2944 3089 2987 censemus
3118 2944 3133 2984 :
3195 2938 3307 2983 nec
3355 2920 3431 2977 de

1760 3017 1918 3075 illius
1944 3018 2315 3077 beatitudine
2343 3019 2619 3077 dubitare
2647 3026 3022 3093 quemquam
3042 3030 3225 3093 posse
3254 3010 3436 3070 conﬁ-

1759 3106 1987 3178 dimus,
2018 3108 2124 3182 qui
2154 3109 2267 3166 sibi
2296 3109 2699 3182 respondente
2728 3109 2973 3166 nomine
3003 3105 3195 3166 sacris
3247 3101 3436 3179 operi-

1759 3195 1879 3253 bus
1910 3198 2307 3271 apostolicam
2339 3197 2694 3268 dignitatem
2725 3197 3088 3259 subtrahere
3143 3194 3437 3258 invidiose

1758 3290 2033 3342 conatur.
2069 3289 2138 3344 Ut
2165 3292 2383 3344 autem
2420 3287 2751 3344 reverentia
2808 3292 2867 3344 et
2924 3285 3244 3351 celebritas
3290 3285 3436 3344 tanti

1757 3374 2013 3447 apostoli
2042 3375 2103 3432 in
2132 3380 2252 3434 toto
2282 3380 2577 3433 terrarum
2605 3376 2749 3433 orbe
2779 3376 3076 3433 excelsius
3114 3377 3429 3449 recolatur,

1757 3463 2127 3522 aediﬁcatum
2154 3470 2212 3522 et
2232 3465 2582 3523 dedicatum
2603 3471 2694 3524 est
2714 3483 2750 3523 a
2778 3465 2956 3523 nobis
2984 3464 3048 3523 in
3071 3466 3204 3538 ejus
3242 3469 3430 3526 hono-

1754 3569 1883 3609 rem
1906 3554 2386 3628 pulcherrimum
2416 3556 2601 3614 altare
2638 3556 2700 3612 in
2729 3555 2978 3613 basilica
3033 3556 3233 3617 Sancti
3279 3559 3429 3618 Petri

1756 3643 2010 3715 apostoli
2046 3647 2250 3701 Romae
2280 3644 2359 3701 ad
2385 3645 2788 3702 meridianam
2836 3644 3042 3719 templi
3102 3652 3337 3719 partem
3368 3665 3427 3706 ιιι

1757 3732 1898 3788 Idus
1918 3733 2184 3800 Maii,ubi
2205 3734 2474 3807 quotidie
2494 3734 2683 3808 ipsius
2714 3736 2902 3792 sancti
2922 3736 3217 3795 memoria
3244 3738 3426 3795 devo-

1756 3821 1981 3877 tissime
2011 3826 2352 3893 veneratur,
2381 3828 2439 3880 et
2465 3825 2766 3897 praecipue
2789 3824 2851 3880 in
2871 3824 2967 3879 die
2996 3824 3245 3889 natalitli
3270 3827 3420 3896 ejus,

1756 3910 1923 3984 quod
1952 3915 2043 3967 est
2068 3910 2260 3983 pridie
2291 3912 2591 3969 Kalendas
2610 3912 2815 3981 Julias,
2842 3911 3166 3985 quotannis
3186 3911 3421 3969 dulcius

1757 4000 2056 4057 recolitur.

1818 4164 1825 4171 γ
2524 4093 2654 4146 xw.

1757 4180 2011 4238 Joannis
2041 4179 2195 4235 XIX
2219 4179 2472 4249 epistola
2492 4180 2574 4237 ad
2596 4181 2659 4237 S.
2718 4180 3029 4241 0dilonem
3060 4181 3418 4240 Cluniacen-

1831 4286 1949 4328 sem
1979 4269 2273 4326 abbatem.
2303 4299 2372 4310 —
2392 4256 2725 4341 Redarguii
2749 4269 2910 4343 quod
2961 4270 3418 4341 Lugdunensem

1828 4359 2409 4430 archiepiscopatum
2434 4361 2821 4417 recusaverit.

2383 4450 2576 4521 (Anno
2612 4452 2796 4522 1031.)

2169 4541 2391 4611 [Mue],
2435 4541 2665 4598 Concil.
2698 4544 2827 4609 XIX,
2853 4543 3004 4606 418.]

1828 4634 2072 4688 Joannes
2094 4629 2435 4703 episcopus,
2463 4646 2672 4687 servus
2693 4646 3004 4686 servorum
3034 4628 3155 4701 Dei,
3185 4633 3415 4690 OmLoxi

1758 4718 1983 4787 abbati,
2016 4719 2269 4776 salutem
2300 4719 2717 4776 charissimam
2736 4718 3150 4776 benedictione
3180 4724 3418 4792 aposto-

1755 4807 1889 4864 lica.

1830 4901 2086 4955 Doeente
2112 4897 2461 4955 beatissimo
2477 4899 2780 4972 Gregorio,
2811 4897 3000 4956 multa
3018 4898 3293 4957 videntur
3316 4897 3417 4955 bo-

1755 5002 1855 5055 na,
1889 4990 1947 5044 et
1974 5002 2097 5044 non
2115 4990 2703 5045 sunt.Verumtamen
2720 5004 2859 5045 cum
2882 4987 3134 5054 dicatur,
3153 4988 3201 5045 si
3212 5003 3413 5059 rogas,

1756 5076 1996 5144 audies;
2030 5075 2135 5149 qui
2160 5075 2366 5133 omnia
2387 5080 2491 5133 tua
2507 5094 2643 5150 qua:
2667 5077 3029 5136 videbantur
3040 5077 3225 5147 bona,
3253 5078 3414 5135 bona

1756 5180 1880 5221 non
1898 5179 2027 5220 esse
2058 5163 2375 5220 sentimus.
2407 5165 2563 5231 Quid
2592 5166 2754 5222 enim
2800 5167 2865 5223 in
2921 5167 3225 5227 monacho
3272 5167 3413 5224 obe-

1755 5252 1977 5310 dientia
2003 5252 2265 5308 sanctius
2282 5253 2310 5307 ‘?
2335 5253 2484 5318 Quid
2506 5253 2567 5309 in
2595 5254 2931 5312 Christiano
2947 5256 3413 5330 acceptabilius?

1755 5346 1882 5399 Non
1908 5358 1983 5398 ne
2012 5342 2225 5398 melior
2245 5348 2329 5399 est
2354 5341 2712 5411 obedientia,
2735 5346 3053 5419 sacriﬁcio,
3077 5336 3414 5407 Secundum

1752 5430 2172 5505 propheticum
2196 5429 2492 5502 judicium
2522 5431 2550 5486 ?
2578 5435 2638 5488 et
2663 5448 2809 5489 voce
2830 5433 3139 5492 Dominica
3157 5434 3409 5495 dicitur:

1758 5521 2164 5579 Obedientiam
2196 5521 2352 5590 volo,
2386 5527 2443 5577 et
2488 5536 2608 5578 non
2662 5524 3046 5593 sacriﬁcium.
3108 5526 3413 5592 Quantum

1753 5627 1891 5668 vero
1917 5610 2129 5669 beatus
2159 5608 2510 5668 Benedictus
2535 5626 2671 5666 eam
2701 5610 2824 5667 suis
2865 5612 3181 5686 praeconiis
3225 5614 3409 5671 extol-

1746 5698 1860 5788 lat,
1890 5715 2016 5760 non
2031 5705 2122 5761 est
2139 5700 2395 5775 dignum
2421 5700 2520 5760 hic
2543 5700 2825 5769 inserere,
2860 5717 3001 5758 eum
3050 5706 3108 5760 te
3157 5717 3281 5765 non
3330 5703 3412 5765 la-
