3996 6168
487 209 620 280 II5I
1732 254 1735 257 ‹
1780 210 2070 274 JOANNIS
2099 213 2150 272 Χ]

2285 212 2452 273 ΑΡΕ.

486 347 625 403 teat.
657 330 1025 415 Percipimus
1052 338 1232 411 igitur
1260 338 1545 413 injuriam
1603 342 1825 397 sanctae
1877 336 2151 397 Ecclesia)
2180 341 2230 397 Α

488 431 908 507 Lugdunensis
939 429 1194 504 petentis
1217 434 1270 488 te
1296 430 1358 487 in
1396 430 1771 503 conjugium,
1812 429 1956 502 quia
1987 444 2150 484 com-

486 520 730 596 petebat
756 539 769 575 :
800 520 897 577 cui
925 519 1108 577 etiam
1135 518 1384 576 salivam
1431 519 1493 575 in
1523 519 1672 576 facie
1697 518 1911 591 jecisti.
1969 516 2149 573 Omit-

486 610 669 666 timus
689 609 974 681 injuriam
1005 612 1227 665 sanctae
1249 608 1461 683 plebis,
1498 609 1671 680 cujus
1698 608 1987 679 regimen,
2013 621 2150 680 par-

488 697 680 755 cendo
706 697 812 755 soli
834 697 967 754 vitae
998 702 1136 767 tute,
1161 697 1447 769 refugisti,
1472 702 1529 754 et
1575 696 1815 768 refugis.
1861 698 2150 753 Tacemus

488 787 656 863 Quod
697 786 1112 844 auctoritatem
1166 790 1468 843 tantorum
1525 785 1854 860 priesulum
1905 798 2152 842 monen-

489 877 660 945 tium,
693 880 749 933 et
777 876 1122 947 rogantium
1153 876 1232 932 ad
1258 876 1658 950 episcopalem
1676 875 2028 946 dignitatem
2053 889 2151 930 ac-

491 964 719 1036 cedere,
750 963 1172 1038 posthabuisti,
1200 964 1367 1037 quod
1388 968 1607 1020 sanctze
1629 967 1913 1020 Romanas
1960 961 2151 1018 Eccle-

3842 219 3971 277 \152

2998 343 3183 399 XVIII.

2257 448 2512 506 Joannis
2537 450 2683 506 XIX
2698 466 2875 521 papa
2891 451 2973 507 ad
2999 450 3345 539 Burdonem
3407 450 3953 521 archiepiscopum

2724 540 3145 612 Moguntinum
3177 542 3468 610 epistola.

2888 671 3084 736 (Anno
3122 668 3298 741 1032.)

2615 772 2858 844 [GUDENI,
2892 774 3039 831 Cod.
3088 773 3338 844 diplom.
3378 776 3425 842 Ι,
3472 773 3599 844 13.]

2328 899 2571 957 ιοΑΝΝεε
2621 915 2957 974 episcopus,
2994 917 3202 957 servus
3258 916 3605 957 servorum
3670 898 3811 967 Dei,
3849 918 3946 957 eo;

2258 986 2422 1044 fratri
2448 993 2506 1045 et
2546 989 2902 1064 coepiscopo
2961 992 3233 1058 BARDONI,
3285 995 3532 1047 sanctae
3592 992 3955 1060 Moguntim

2257 1077 2585 1134 venerabili
2614 1078 3091 1153 archiepiscopo,
3139 1083 3517 1153 perpetuam
3583 1076 3653 1134 in
3712 1081 3959 1135 Domie;

2258 1165 2533 1223 salutem.

494 1055 597 1111 sire
626 1057 684 1109 et
710 1052 887 1109 nobis
914 1052 1357 1108 inobedientem
1382 1058 1437 1110 te
1457 1052 1788 1122 reddidisti,
1816 1056 1873 1108 et
1893 1051 2149 1107 inultum

490 1143 827 1216 relinquere
850 1157 961 1198 nec
987 1141 1301 1211 debemus,
1331 1158 1441 1199 nec
1470 1158 1816 1215 possumus,
1849 1141 1960 1198 nisi
1999 1140 2149 1197 forte

492 1230 835 1288 obedientia
889 1229 1080 1287 diluat
1134 1246 1272 1304 quae
1329 1230 1737 1287 inobedientia
1806 1229 2145 1297 maculavit,

494 1319 895 1376 satisfactione
915 1324 1205 1392 purgetur
1225 1320 1391 1393 quod
1419 1320 1897 1392 transgressione
1951 1318 2146 1393 inqui-

491 1414 703 1466 natum
733 1414 840 1479 est,
872 1409 934 1465 id
963 1415 1071 1481 est,
1129 1410 1242 1466 nisi
1310 1411 1639 1484 expetitum
1691 1410 1963 1481 regimen
2017 1411 2148 1481 jam

2331 1272 2482 1330 Licet
2503 1273 2785 1330 omnibus
2816 1274 3162 1331 Christianis
3192 1274 3689 1332 sitconveniens
3714 1273 3963 1331 Charita-

2257 1362 2374 1417 tem
2404 1361 2613 1418 Christi
2635 1361 2874 1436 sequi,a
2897 1380 3022 1437 quo
3048 1379 3273 1420 nomen
3302 1364 3580 1428 ducunt,
3615 1364 3737 1436 qui
3770 1363 3832 1419 in
3859 1369 3965 1419 tan-

540 1450 1268 1526 ζ’ξῗηωηζῖζζξζςῗζηῖζζ
1279 1450 2148 1526 ηζῖξξξξξῗ--ξζῗᾘνξιξξῖ
2257 1454 2384 1506 tum
2414 1466 2528 1507 nos
2559 1450 2761 1508 dilexit
2789 1456 2852 1508 ut
2867 1453 3112 1526 proprio
3126 1453 3427 1523 sanguine
3445 1468 3484 1508 a
3504 1457 3831 1526 potestate
3856 1452 3969 1507 dia-

493 1498 1183 1615 ῗὶῖἷῖῗῗθῗῖῗὶῗξὲῗῗὶί
1209 1500 2149 1615 Ξῗῗῗῗῗῖῗξῖίῗοηῗῗὲί¹ῗὲῗῗῗῗξξ³
2255 1538 2379 1594 beii
2407 1538 2703 1609 liberaret.
2737 1557 2847 1597 nos
2867 1498 3202 1615 saepe.
3223 1498 3329 1615 riui
3355 1498 3767 1599 saeeidotali
3786 1541 3962 1612 dian-

678 1589 687 1598 .
755 1588 766 1598 .
977 1588 988 1598 .
1494 1590 1505 1600 .
1561 1608 1572 1619 ε
1696 1589 1706 1599 .
1981 1589 1992 1599 .
2110 1587 2120 1598 .
2255 1587 2379 1594 η---
2408 1587 2703 1609 -...--...-.,
2737 1587 2846 1597 ..νυ
2878 1587 3202 1615 rusque,
3225 1587 3329 1615 η...
3355 1587 3937 1612 κνωμνηηωεκ.

495 1592 768 1705 ῗξξθνξὶίξ
812 1588 1160 1705 ῗέξθὲῗῗξξν
1192 1588 2150 1705 :‘isfegefﬁ;Wfif’ﬂfj‘ﬁ‘f‘i‘:
2260 1632 2376 1686 tate
2403 1628 2731 1701 fungimur,
2762 1631 2842 1687 ita
2871 1647 2980 1704 per
3009 1631 3217 1687 omnia
3248 1631 3428 1705 sequi
3461 1632 3853 1687 cliaritatem
3880 1630 3959 1685 dc-

541 1677 550 1684 .
988 1678 998 1689 .
1094 1679 1103 1688 .
1515 1679 1526 1689 .
1752 1678 1763 1689 .
2265 1677 2375 1686 -_.-
2403 1677 2731 1701 -.η-σκηνη,
2762 1677 2842 1687 -.η
2872 1677 2968 1704 ιω.
3011 1677 3217 1687 um..-
3250 1677 3428 1705 υνςι...
3463 1677 3853 1687 -....-...--...
3885 1677 3937 1685 ..-

492 1677 759 1794 212,3?)
789 1683 1331 1794 εῗῗξθξξδίξῗκῗξξᾶ
1352 1684 1640 1794 fﬁr'ffﬁ
1683 1682 2152 1794 8:113:50???
2188 1707 2230 1762 Β
2258 1716 2476 1774 bemus
2502 1723 2569 1775 ut
2592 1720 2927 1776 secundum
2950 1720 3227 1777 divinum
3243 1719 3578 1793 eloquium
3610 1720 3958 1794 proximum

708 1767 719 1777 .
793 1767 803 1778 .
860 1767 892 1779 ..
1220 1767 1230 1778 .
2107 1766 2117 1777 .
2258 1766 2927 1776 ..-_--..-----..___.
2952 1766 3578 1793 ..-....-._---.,_-_...

500 1766 1334 1882 ΞθξῗῖθῗξῖἇΠΡῖίῗῗὲζ⁸ῗὲίῖῗῖ
1346 1768 2151 1882 ΪἪῘῗῖἳὶῖίῖῗῖωηῖθὲῗ
2262 1805 2415 1863 sicut
2442 1823 2552 1863 nes
2582 1807 2744 1882 ipsos
2774 1808 3019 1879 diligere
3047 1809 3582 1865 demonstremus.

495 1872 636 1923 man
665 1856 817 1912 sicut
845 1872 882 1912 a
908 1855 1074 1912 nullo
1100 1861 1191 1913 est
1219 1861 1439 1913 temere
1469 1856 1915 1930 usurpandum,
1946 1856 2029 1913 ita
2056 1873 2156 1930 pe-

498 1948 656 2001 tente
687 1945 945 2002 Ecclesia
965 1962 1001 2001 a
1029 1945 1195 2001 nullo
1216 1950 1319 2001 tuo
1350 1945 1526 2002 simili
1555 1951 1644 2001 est
1666 1943 2157 2005 vitandum.Quo—

495 2033 662 2090 niam
694 2037 997 2090 tantorum
1020 2034 1372 2108 perditionis
1414 2050 1552 2090 reus
1604 2034 1737 2101 eris,
1788 2037 2156 2107 quantorum

500 2121 677 2178 saluti
706 2123 981 2197 exemplo
1012 2128 1066 2180 et
1096 2123 1365 2179 doctrina
1379 2124 1665 2198 prodesse
1685 2124 2157 2197 potuisses.Nota

495 2210 820 2283 loquimur,
844 2215 1049 2284 etquae
1072 2216 1127 2267 te
1150 2211 1298 2268 scire
1322 2212 1573 2285 pleniter
1589 2212 1971 2268 confidimus.
1998 2210 2159 2266 Ideo-

496 2315 617 2373 que
639 2303 829 2356 taceat
862 2300 991 2371 jam
1023 2302 1251 2369 charta,
1281 2306 1337 2356 et
1367 2301 1576 2372 lingua
1611 2301 1914 2374 loquatur,
1942 2316 2157 2356 verum

496 2387 762 2462 episcopi
813 2388 1139 2457 Gaudfridi,
1192 2390 1288 2446 cui
1332 2389 1465 2447 luce
1517 2390 1735 2447 clarius
1786 2390 2157 2446 voluntatem

497 2492 702 2535 meam
753 2478 1144 2535 reserandam
1201 2484 1327 2536 tam
1380 2479 1506 2548 tibi,
1539 2496 1727 2553 quam
1756 2478 2157 2536 confratribus

500 2567 636 2638 tuis,
668 2571 726 2624 et
751 2568 919 2625 omni
943 2568 1216 2627 Ecclesia;
1243 2569 1677 2627 commisimus.
1709 2568 1848 2625 Vale
1877 2570 1977 2642 (2).

1245 2660 1408 2716 XVII.

496 2747 742 2804 Littera
769 2746 1163 2806 absolutionis
1184 2749 1434 2819 Ηυξ]οηί
1464 2748 1978 2806 Antissiodorensi
2013 2748 2161 2818 epis-

853 2834 998 2889 copo
1024 2835 1062 2878 a
1080 2822 1315 2876 Joanne
1334 2820 1485 2877 XIX
1510 2836 1763 2877 concess.

1126 2909 1320 2979 (Anno
1354 2910 1532 2981 l032.)

923 2997 1145 3069 [MANSI,
1174 2997 1404 3055 Concil.
1428 3001 1559 3064 XIX,
1576 2998 1727 3072 419.]

2333 1915 2505 1979 Quod
2535 1920 2851 1989 sequentes
2882 1916 3251 1973 sanctissimi
3280 1921 3734 1974 antecessores
3767 1919 3955 1975 nostri.

2263 2002 2449 2061 decus
2480 2005 2972 2071 sacratissimum,
3006 2006 3390 2079 singulariter
3449 2006 3524 2063 in
3590 2007 3756 2064 sede
3811 2007 3957 2063 beat;

2264 2093 2414 2149 Petri
2469 2094 2722 2168 apostoli
2762 2094 3231 2168 praesulantibus
3285 2094 3507 2152 divina
3585 2097 3960 2170 providentia

2266 2184 2677 2253 adinventum,
2723 2185 2976 2260 pallium
3036 2186 3280 2252 scilicet,
3334 2186 3741 2258 gestandum
3822 2189 3957 2243 inter

2265 2274 2590 2332 missarum
2622 2275 2916 2332 solemnia
2957 2275 3268 2348 dignitatis
3322 2281 3381 2332 et
3428 2277 3801 2333 sanctitatis
3830 2278 3953 2334 insi~

2267 2379 2382 2434 gne
2407 2368 2465 2420 et
2491 2365 2569 2421 ad
2622 2364 3042 2422 universorum
3090 2365 3498 2422 honestorum
3563 2383 3827 2423 morum
3856 2366 3953 2422 c.11-

2266 2458 2395 2510 tum
2425 2454 2557 2511 aliis
2588 2454 2982 2529 coepiscopis,
3013 2471 3168 2528 quos
3195 2454 3473 2527 benigna
3501 2472 3717 2529 opera
3746 2456 3949 2514 caeteris

2268 2544 2550 2602 clariores
2574 2544 2984 2614 reddiderunt,
3028 2545 3339 2616 indulgere
3390 2547 3753 2604 honestum
3776 2548 3949 2603 visum

2267 2637 2356 2690 est
2385 2634 2558 2691 certis
2588 2633 3026 2691 festivitatibus.
3079 2638 3200 2691 Hoc
3227 2651 3371 2692 vero
3403 2636 3568 2709 quia
3639 2638 3812 2710 petiit
3854 2637 3949 2692 fra-

2267 2724 2516 2781 ternitas
2543 2729 2759 2792 vestra,
2787 2727 2844 2780 et
2874 2729 3327 2782 antecessorum
3373 2731 3751 2783 vestrorum
3802 2726 3945 2783 ducit

2267 2814 2545 2888 exemplo
2567 2812 2954 2885 gestandum,
2986 2813 3157 2869 vobis
3188 2813 3367 2870 certis
3410 2814 3873 2883 festivitatibus,
3897 2820 3943 2870 et

2268 2903 2553 2977 subjectis
2584 2902 2994 2972 concedimus,
3022 2902 3295 2959 videlicet
3318 2904 3381 2959 in
3407 2903 3515 2961 die
3574 2906 3808 2964 Natalis
3851 2909 3943 2962 Do-

2266 2993 2436 3064 mini,
2467 2993 2528 3049 in
2567 2992 2920 3066 Epiphania,
2949 2991 3011 3047 in
3041 2991 3135 3047 die
3176 2995 3374 3048 Coena:
3407 2995 3689 3061 Domini,
3750 2995 3812 3051 in
3861 2994 3939 3049 die

567 3084 812 3142 JOANNES
841 3086 1033 3157 gratia
1056 3087 1155 3144 Dei
1181 3090 1465 3145 Romanas
1480 3087 1637 3145 sedis
1656 3086 1995 3163 episcoPus,
2025 3087 2158 3145 uni-
2197 3072 2236 3127 (ἶ
2268 3088 2475 3140 sancto
2504 3083 2767 3152 Paschae,
2796 3087 2855 3138 et
2890 3081 2954 3137 in
2995 3081 3359 3137 Ascensione
3418 3083 3700 3151 Domini,
3752 3086 3813 3141 in
3860 3084 3939 3139 die

495 3176 691 3233 versis
710 3175 772 3232 in
802 3176 948 3233 orbe
978 3181 1271 3235 terrarum
1303 3177 1573 3237 Ecclesia:
1604 3178 1763 3236 ﬁliis.

566 3264 805 3323 Nullum
832 3266 895 3323 in
925 3267 1184 3324 Ecclesia
1207 3268 1500 3326 catholica
1538 3269 1738 3341 majus
1787 3272 1983 3343 potest
2027 3284 2158 3326 esse

493 3355 663 3412 nefas
690 3372 879 3429 quam
911 3357 1249 3414 existimare
1275 3357 1530 3430 alicujus
1564 3374 1808 3415 naevum
1865 3358 2154 3427 criminis,

494 3444 796 3518 praecipue
823 3445 1186 3519 paenitentis,
1218 3446 1386 3518 quod
1413 3463 1539 3503 non
1589 3451 1773 3521 queat
1827 3446 2157 3503 dissolvere

495 3547 783 3589 concessa
806 3536 974 3591 Petro
1009 3550 1047 3591 a
1101 3532 1354 3591 Domino
1397 3535 1604 3595 clavis.
1638 3536 1937 3593 Debemus
1994 3536 2156 3593 enim

495 3624 633 3676 ante
669 3620 877 3677 oculos
897 3621 1113 3678 mentis
1143 3637 1422 3679 revocare
1466 3622 1711 3695 lapsum
1758 3622 1947 3696 ipsius
1978 3621 2155 3695 primi

493 3708 752 3783 pastoris
780 3709 887 3782 qui
923 3710 1072 3766 dum
1098 3710 1444 3781 Magistrum
1472 3712 1738 3783 negavit,
1790 3711 2066 3786 protinus
2092 3716 2157 3768 ut

494 3798 791 3872 paenituit,
817 3814 941 3856 non
964 3799 1159 3857 solum
1184 3800 1464 3872 gradum,
1497 3801 1591 3859 vel
1625 3801 1978 3873 dignitatem
2007 3819 2154 3875 apo-

499 3888 692 3946 stolici
719 3888 997 3947 culminis
1027 3905 1151 3947 non
1182 3891 1402 3964 amisit,
1445 3890 1555 3947 sed
1583 3892 1783 3965 potius
1842 3892 1937 3948 sui
1984 3891 2155 3948 ovilis

494 3977 835 4037 custodiam
862 3979 1125 4037 Christus
1161 3979 1244 4036 illi
1275 3980 1670 4053 postmodum
1701 3981 2036 4039 evidentius
2066 3998 2156 4038 as-

495 4069 772 4140 signavit.
820 4070 994 4137 Quod
1032 4070 1179 4127 nihil
1230 4071 1415 4143 aliud,
1470 4076 1537 4129 ut
1587 4072 1908 4143 credimus,
1967 4089 2155 4145 quam

493 4157 804 4231 lapsorum
833 4160 1133 4217 medicina
1161 4160 1288 4217 fuit.
1335 4160 1588 4220 Proinde
1616 4161 1783 4223 fratri
1811 4165 2018 4219 nostro
2046 4164 2156 4219 Hu-

495 4247 639 4319 goni
688 4247 1199 4307 Antissiodorensi
1244 4250 1506 4323 praesuli,
1567 4253 1687 4309 Deo
1745 4255 1803 4308 et
1826 4251 2003 4309 nobis
2046 4268 2156 4308 sua

494 4341 745 4410 peccata
783 4338 1108 4406 conﬁtenti,
1132 4355 1386 4414 seseque
1442 4341 1808 4414 culpabilem
1856 4341 2150 4410 reddenti,

492 4425 829 4500 plenariam
851 4442 887 4483 a
923 4428 1045 4485 Deo
1075 4428 1389 4501 pollicente
1428 4430 1835 4503 promittimus
1865 4430 2154 4504 consequi
2184 4432 2228 4486 D

493 4515 877 4587 indulgentize
921 4518 1184 4589 veniam,
1216 4519 1553 4576 secundum
1583 4521 1970 4594 sponsionem
2000 4521 2154 4592 ejus-

492 4608 654 4675 dem,
686 4624 810 4682 quo
839 4607 987 4666 dixit
1018 4627 1030 4665 :
1059 4611 1199 4666 Non
1230 4615 1364 4667 veni
1393 4626 1609 4668 vocare
1634 4614 1849 4683 iustos,
1882 4612 1985 4667 sed
2023 4628 2154 4682 pec-

493 4704 725 4757 catores
756 4699 840 4756 ad
856 4701 1271 4769 paenitentiam
1300 4699 1540 4772 (Matth.
1570 4703 1672 4767 1x).
1724 4701 1984 4774 Ideoque
2040 4716 2153 4758 no-

490 4787 586 4844 bis
613 4787 792 4844 debet
841 4788 995 4845 efﬁci
1040 4788 1451 4856 charissimus,
1483 4788 1627 4863 quia
1657 4789 1758 4846 Dei
1785 4789 1995 4847 timore
2027 4807 2152 4848 cor-

491 4879 718 4950 reptus,
750 4881 1007 4950 apparet
1034 4877 1430 4945 humillimus,
1456 4883 1516 4935 et
1535 4876 1680 4952 quia
1707 4878 1771 4936 in
1815 4878 2033 4937 talibus
2063 4897 2153 4938 re-

490 4966 745 5040 quiescit
775 4970 929 5024 Deus
952 4969 1046 5041 (3).

564 5145 641 5218 (2)
670 5146 843 5213 Quod
892 5147 976 5204 ait
1031 5126 1199 5218 Hugo
1261 5145 1741 5215 Flaviniacensis,
1776 5147 2087 5208 Odiioncm
2116 5169 2154 5213 a

495 5218 776 5288 Gregorio
804 5220 873 5276 Vl
900 5219 1284 5277 nominatum
1311 5234 1440 5277 esse
1470 5218 1934 5288 Lugdunensem
1960 5223 2153 5280 archi-

494 5288 867 5370 episcopum,
898 5290 1042 5348 satis
1079 5291 1191 5347 hac
1243 5290 1488 5347 Joannis
1544 5290 1794 5363 epistola
1846 5291 2147 5376 refellitur.

495 5360 718 5417 Deinde
746 5366 977 5418 certum
1005 5367 1097 5418 est
1123 5363 1416 5418 honorem
1434 5362 1597 5418 hunc
1624 5360 1895 5418 oblatum
1917 5364 2147 5418 0diloni

495 5364 718 5417 Deinde
746 5366 977 5418 certum
1005 5367 1097 5419 est
1123 5364 1416 5419 honorem
1434 5364 1597 5418 hunc
1624 5364 1895 5419 oblatum
1917 5364 2151 5423 0diloni

494 5435 637 5509 post
659 5433 1070 5509 Bgrchardum
1123 5434 1644 5509 archepiscopum,
1675 5434 1783 5509 qui
1818 5449 1980 5493 anno
2015 5438 2148 5495 1033

496 5501 661 5561 obiit.
696 5506 1115 5579 Quotempore
1142 5501 1342 5562 adhuc
1387 5501 1636 5565 sedebat
1656 5501 1953 5579 Ioannes.
2005 5510 2149 5565 Rem

495 5579 745 5632 narrant
783 5574 997 5632 Glabei'
1022 5576 1175 5634 libro
1204 5594 1263 5646 v,
1291 5592 1425 5704 calp.
1452 5580 1506 5643 4,
1539 5580 1597 5633 et
1656 5574 1829 5641 Hugo
1859 5577 1921 5633 in
1974 5579 2150 5635 Chro-

495 5644 651 5701 nico.
687 5649 943 5704 Uterque
972 5647 1228 5704 missum
1258 5647 1363 5704 Od'
1392 5647 1491 5704 oni
1521 5644 1851 5704 anontiﬁce
1881 5650 2148 5704 maximo

495 5644 651 5729 nico.
687 5649 943 5729 Uterque
972 5647 1228 5729 missum
1250 5644 1491 5729 0diloni
1521 5644 1851 5729 apontiﬁce
1881 5650 2148 5729 maximo

2267 3178 2475 3230 sancto
2504 3174 2895 3239 Pentecostes,
2924 3171 2986 3227 in
3015 3170 3441 3227 festivitatibus
3470 3179 3716 3229 sanctae
3743 3174 3936 3236 Maria.

2264 3264 2326 3320 in
2356 3262 2641 3320 Natalitiis
2694 3260 3128 3334 apostolorum,
3179 3260 3239 3315 iu
3311 3260 3654 3319 festivitate
3748 3272 3924 3319 sancti

2264 3351 2493 3411 Martini
2534 3356 2591 3407 et
2645 3354 2990 3406 sanctorum
3049 3349 3375 3423 Lamberti,
3429 3351 3678 3418 Albani,
3741 3354 3933 3423 Sergi,

2266 3441 2465 3513 Baebi,
2491 3440 2666 3496 Aurel
2691 3442 2747 3496 et
2775 3439 3044 3508 Justinus,
3071 3438 3133 3494 in
3193 3437 3591 3496 Ordinatione
3647 3440 3937 3510 suifraga-

2261 3548 2520 3593 neorum
2566 3536 2808 3588 tuorum
2854 3529 3284 3603 episcoporum
3335 3534 3402 3586 et
3436 3530 3803 3597 clericorum,
3864 3532 3929 3587 in

2262 3622 2357 3680 die
2441 3619 2663 3679 Natalis
2742 3619 2921 3676 vestri
2994 3622 3053 3676 et
3105 3618 3170 3675 in
3217 3618 3597 3677 Dedicatione
3653 3618 3917 3675 ecclesiae

2263 3717 2494 3769 vestrm.

2334 3824 2586 3878 Crucem
2617 3822 2753 3876 ante
2783 3834 2893 3873 vos
2932 3817 3300 3891 portandam
3329 3816 3687 3874 fraternitati
3728 3822 3921 3873 vestrae

2262 3910 2672 3980 concedimus,
2696 3907 2829 3964 etin
2856 3906 3215 3964 stationibus
3238 3905 3469 3964 festivis
3496 3922 3683 3980 super
3709 3923 3921 3980 equum

2262 3998 2574 4073 equitandi
2601 3995 2903 4054 licentiam
2933 3995 3173 4053 damus.
3206 3997 3276 4052 Et
3304 3995 3352 4050 si
3383 3994 3538 4069 quid
3581 3995 3648 4051 in
3680 3995 3923 4051 Ecclesia

2260 4093 2480 4157 vestra,
2512 4088 2608 4145 vel
2659 4085 3182 4157 suffraganeorum
3231 4090 3578 4141 vestrorum
3630 4084 3922 4149 acciderit,

2260 4178 2429 4251 quod
2452 4175 2749 4249 judicium
2806 4173 3208 4248 apostolicum
3234 4174 3331 4230 vel
3383 4173 3707 4247 apostolici
3756 4174 3924 4245 legati

2261 4268 2643 4341 praesentiam
2659 4269 3066 4338 competenter
3075 4267 3404 4338 expetat,et
3420 4268 3587 4319 tanta
3600 4264 3925 4320 necessitas

2259 4373 2369 4414 vos
2390 4361 2600 4428 urgeat
2626 4360 2692 4411 ut
2715 4358 3062 4427 exspectare
3091 4352 3259 4410 nulla
3281 4355 3514 4409 ratione
3536 4352 3924 4423 valeatis,no—

2262 4452 2385 4504 stra
2408 4448 2537 4502 vice
2559 4444 2899 4509 terminare,
2922 4459 3030 4498 vos
3047 4440 3386 4515 apostolica
3401 4443 3766 4499 auctoritate
3782 4442 3923 4513 judi-

2262 4555 2493 4601 camus,
2525 4540 2758 4593 servata
2787 4540 2990 4590 tamen
3016 4532 3079 4588 in
3106 4533 3244 4599 hoc,
3277 4537 3334 4589 et
3361 4532 3425 4588 in
3476 4547 3673 4605 supra
3704 4533 3920 4606 scriptis

2262 4643 2333 4684 ea
2362 4642 2646 4684 mensura
2669 4640 2793 4698 qua
2818 4629 3222 4681 antecessores
3251 4627 3487 4679 vestros
3506 4638 3656 4678 usos
3677 4640 3813 4679 esse
3831 4639 3921 4696 per

2260 4716 2572 4792 privilegia
2617 4712 3133 4771 sanctissimorum
3169 4716 3631 4769 antecessorum
3708 4720 3920 4768 nostro-
3988 4734 3989 4763 1

2261 4825 2398 4865 rum
2427 4804 2842 4879 cognoveritis.
2872 4806 3139 4871 Quarum
3168 4802 3535 4872 dignitatum
3566 4801 3774 4859 honor
3799 4818 3917 4858 etim

2260 4899 2536 4955 modesta
2546 4901 2795 4954 actuum
2819 4894 3120 4951 vivacitate
3141 4892 3479 4949 servandus
3489 4892 3911 4949 est.Hortamnr

2260 4993 2467 5045 tamen
2482 4990 2548 5042 ut
2574 4984 2628 5042 ei
2649 4988 2866 5041 cuncta
2892 4999 3133 5040 morum
3174 4985 3516 5039 vestrorum
3571 4986 3907 5040 ornamenta

2259 5150 2554 5207 honorem
2579 5145 2844 5204 renuisse
2869 5164 2881 5213 ;
2908 5145 3159 5219 pallium
3185 5148 3389 5201 autem
3412 5148 3473 5200 et
3503 5145 3801 5205 annulum
3816 5158 3907 5219 _a_c_-

2261 5221 2515 5295 cepisse,
2545 5224 2615 5295 ut
2633 5218 2831 5295 futuro
2862 5214 3313 5295 archiepiscopo
3359 5224 3727 5295 reservaret.
3757 5214 3902 5272 Addit
3986 5288 3987 5295 γ

2261 5288 2430 5363 litigo
2455 5308 2527 5348 ea
2559 5288 2817 5347 Cluniaci
2850 5288 2929 5343 ad
2961 5288 3195 5363 aetatem
3223 5302 3400 5363 suam
3424 5294 3675 5363 servata
3695 5303 3832 5363 esse.

2331 5356 2409 5433 (ἕ)
2432 5366 2733 5429 Quantum
2758 5376 2832 5415 ex
2862 5358 3043 5429 gestis
3072 5356 3429 5433 pontificum
3450 5360 3905 5433 {\ntissiodoreno

2261 5427 2421 5511 sitim
2438 5427 2763 5503 intelligere
2790 5427 3140 5511 poesumus,
3154 5427 3386 5511 idcirco
3403 5430 3648 5509 absolvi
3672 5449 3737 5511 se
3760 5431 3907 5510 [iugo

2258 5507 2356 5564 hic
2385 5512 2595 5577 noster,
2616 5500 2654 5561 εἰ
2674 5500 2846 5577 pou't.
2881 5518 3043 5577 max.
3078 5500 3283 5577 voluit,
3322 5501 3475 5573 quia
3502 5508 3737 5577 cumet
3781 5500 3905 5574 epis-

2259 5594 2450 5651 copus
2469 5574 3001 5651 Autissiodorensis
3030 5575 3202 5651 esset,
3235 5576 3292 5651 et
3320 5587 3538 5629 comes
3572 5574 3903 5651 Cabilonen-

2258 5643 2359 5718 sis',
2390 5648 2549 5705 bella
2573 5649 2915 5720 susceperat
2941 5643 3420 5718 confeceratque,
3457 5660 3534 5700 ex
3559 5662 3689 5719 quo
3709 5646 3903 5720 episce-
3984 5643 3985 5715 1

496 5714 747 5797 pallium
775 5714 1155 5776 et‘annulum
1203 5722 1468 5787 testatur,
1523 5714 1820 5792 virimque
1868 5726 2148 5780 sanctum
2255 5714 2373 5799 pus
2397 5720 2710 5779 ordinatus
2738 5714 2947 5775 fuerat.
