3996 6168
29 153 133 208 153

1260 154 1619 215 EPISTOLAE
1658 157 1745 215 ET
1781 154 2215 218 DIPLOMATA.

3317 163 3456 223 H54

29 274 390 340 )nveniant.
417 277 722 348 quatenus
749 280 994 335 auctore
1020 280 1140 335 Deo
1159 284 1324 338 recto
1353 282 1676 357 utrobique
1707 287 1752 341 Α
1792 298 1929 339 rum
1950 288 2008 340 et
2036 283 2389 342 clericorum
2416 288 2781 354 nostrorum,
2806 284 3015 342 sedem
3045 286 3458 362 episcopalem

29 364 206 422 ossis
235 379 368 420 esse
393 363 781 436 conspicuus.

58 456 285 526 Itaque
313 453 437 510 vita
463 457 569 510 tua
596 453 734 510 ﬁliis
761 454 878 511 tuis
918 454 994 512 sit
1021 456 1231 527 regula
1260 476 1273 527 ;
1313 458 1375 515 in
1423 460 1581 533 ipsa,
1632 459 1681 515 si

29 559 116 599 ua
137 542 439 599 tortitudo
469 542 584 599 illis
614 542 833 615 injecta
860 550 971 611 est,
1004 546 1286 617 dirigant,
1338 548 1399 604 in
1431 565 1504 606 ea
1533 550 1681 624 quid

29 632 311 689 uitentur
355 631 672 705 aspiciant,
729 633 790 690 in
850 634 983 708 ipsa
1030 651 1092 691 se
1132 652 1373 710 semper
1401 639 1681 696 conside-

29 722 194 779 mdo
227 721 575 797 proﬁciant,
625 727 694 780 ut
729 729 897 780 tuum
953 730 1091 799 post
1141 729 1348 795 Deum,
1406 728 1683 785 videatur

29 828 127 870 sse
156 812 397 869 bonum
428 813 637 886 quoad
666 813 938 871 vixerint.
976 817 1089 871 Cor
1118 831 1261 887 ergo
1300 833 1499 891 neque
1548 833 1685 892 pro-

29 918 181 977 pera
223 918 365 976 qua
409 903 819 975 temporaliter
866 904 1279 972 blandiuntur,
1333 922 1534 981 neque
1572 907 1683 963 ad-

29 1009 181 1049 ersa
212 992 514 1064 dejiciant,
549 993 656 1049 sed
684 993 983 1067 quidquid
1020 992 1168 1051 illud
1214 995 1412 1064 fuerit,
1470 997 1684 1052 virtute

29 1083 313 1140 tatientia
343 1084 632 1140 vincatur.

70 1173 242 1228 Iram
267 1171 495 1243 judicio
519 1172 774 1242 reirena,
807 1178 864 1230 et
892 1190 1177 1231 mensura
1215 1174 1548 1247 disciplina
1597 1175 1684 1231 sic

37 1265 170 1317 tere
203 1265 269 1316 ut
299 1265 355 1317 et
379 1260 590 1334 culpas
611 1261 813 1333 ferias,
851 1267 909 1319 et
955 1279 992 1319 a
1034 1262 1349 1320 dilectione
1391 1279 1686 1337 persona-

29 1367 137 1407 um
169 1366 331 1423 quas
360 1350 607 1420 corrigis
638 1367 762 1408 non
793 1352 1059 1409 recedas.
1116 1352 1555 1409 Misericordem
1602 1358 1681 1422 te,

34 1444 186 1495 rout
217 1439 408 1495 virtus
427 1440 673 1513 patitur,
704 1441 1078 1515 pauperibus
1110 1441 1347 1513 exhibe,
1378 1441 1686 1516 oppressis

30 1528 286 1586 .efensio
340 1535 445 1586 tua
501 1530 841 1597 subveniat,
883 1531 1364 1606 opprimentibus
1410 1531 1687 1589 modesta

1792 371 1866 428 de
1898 372 2028 428 Ziza
2057 373 2118 429 in
2149 374 2498 445 Nuemburg
2526 374 2848 432 transferre
2893 375 3325 435 concessimus.
3375 382 3460 435 ita

1789 477 1953 518 nunc
1982 476 2228 537 quoque
2255 464 2360 521 tibi
2388 464 2668 538 prasenti
2685 479 2823 519 cum
2841 463 2999 520 clero
3015 468 3119 522 tuo
3148 470 3205 522 et
3231 466 3464 537 dignio-

1788 551 1957 607 ribus
1980 552 2057 609 de
2083 554 2310 626 populo
2354 558 2410 611 et
2461 553 2686 610 nuntiis
2732 553 3001 627 praedicti
3047 553 3459 627 imperatoris,

1790 644 1847 696 et
1878 641 2315 716 archiepiscopi
2359 641 2611 699 consilio
2660 640 3013 698 eorumdem
3065 643 3463 717 archiepisco-

1789 745 2012 802 porum
2042 736 2100 787 et
2118 731 2469 789 clericorum
2491 736 2834 789 nostrorum
2859 730 3085 787 factum
3103 733 3462 805 probamus,

1790 822 1849 873 et
1878 821 2003 874 tam
2036 819 2141 875 tibi
2170 835 2359 893 quam
2388 820 2672 877 omnibus
2703 819 3155 876 successoribus
3184 821 3304 877 tuis
3334 837 3468 894 per-

1791 911 1975 979 petua
2005 908 2325 967 stabilitate
2355 909 2814 966 conﬁrmamus.
2846 908 3019 974 Quod
3049 909 3211 965 enim
3252 926 3466 967 secun-

1792 996 1941 1052 dum
1972 1012 2239 1055 canones
2269 1013 2381 1072 pro
2410 999 2762 1055 necessitate
2792 1014 2951 1072 sape
2997 997 3226 1055 factum
3278 999 3465 1056 fuisse

1790 1083 2069 1155 legimus,
2129 1088 2350 1143 nostris
2409 1102 2653 1161 quoque
2713 1086 3087 1160 temporibus
3146 1088 3276 1144 ﬁeri
3338 1103 3469 1144 non

1792 1175 2210 1247 prohibemus.
2240 1176 2538 1243 Quoniam
2564 1177 2745 1247 igitur
2767 1176 3079 1249 canonice,
3111 1181 3167 1233 et
3195 1193 3471 1234 commu-

1792 1262 1854 1318 ni
1884 1278 2187 1320 consensu
2212 1264 2488 1321 omnium
2518 1264 2597 1320 ad
2624 1280 2781 1338 quos
2813 1263 3123 1333 attinebat,
3157 1265 3319 1323 sedis
3350 1271 3466 1322 tua

1793 1353 2103 1410 translatio
2142 1353 2301 1431 facta
2344 1359 2451 1423 est,
2498 1355 2731 1428 absque
2782 1354 2949 1410 omni
2994 1355 3469 1413 contradictione

1793 1442 2060 1499 universi
2086 1446 2466 1500 successores
2492 1444 2576 1500 tui
2601 1460 2639 1500 a
2668 1444 3148 1515 Nuentburgensi
3178 1444 3363 1513 clero,
3410 1448 3471 1501 et

1792 1532 2022 1606 populo
2061 1533 2379 1607 eligantur,
2412 1538 2592 1607 atque
2622 1533 2700 1589 ad
2728 1533 3011 1590 eumdem
3036 1533 3276 1591 titulum
3294 1550 3472 1605 regu-

30 1618 301 1675 orrectio
329 1618 720 1676 contradicat.
755 1620 980 1677 Nullius
1009 1621 1225 1677 faciem
1268 1625 1476 1677 contra
1510 1620 1684 1692 justi-
1716 1638 1758 1696 Β
1792 1621 1995 1679 lariter
2022 1627 2469 1691 consecrantur,
2501 1627 2559 1679 et
2604 1623 3221 1694 Magdeburgensibus
3267 1624 3469 1681 archi-

29 1712 154 1764 iam
183 1708 465 1783 accipies,
496 1709 734 1765 nullum
760 1714 1128 1783 quarentcm
1153 1711 1318 1782 justa
1360 1710 1683 1783 despicias.

30 1798 300 1856 lustodia
327 1798 390 1854 in
434 1803 489 1855 te
519 1800 817 1872 aquitatis
858 1800 1125 1867 excellat,
1178 1806 1243 1857 ut
1284 1815 1396 1856 nec
1439 1800 1686 1856 divitem

29 1888 284 1945 totentia
310 1904 419 1944 sua
447 1888 680 1961 aliquid
709 1890 875 1962 apud
901 1906 1012 1946 vos
1044 1894 1213 1947 extra
1243 1890 1407 1946 viam
1436 1889 1688 1946 suadeat

30 1978 268 2035 ationis
296 1977 539 2047 audire;
587 1993 699 2035 nec
745 1995 1076 2053 pauperem
1126 1979 1202 2036 de
1252 1996 1316 2036 se
1358 1996 1469 2037 sua
1510 1979 1690 2037 faciat

30 2068 325 2124 mmilitas
348 2068 699 2142 desperare,
731 2074 1028 2142 quatenus
1056 2073 1176 2127 Deo
1202 2070 1524 2127 miserante
1555 2070 1689 2127 talis

32 2157 223 2213 )ossis
249 2157 494 2214 existere
538 2158 785 2231 qualem
835 2175 1006 2215 sacra
1049 2157 1224 2215 lectio
1266 2159 1557 2233 pracipit,
1597 2159 1689 2216 di-

44 2261 165 2302 rens
201 2263 215 2301 :
257 2247 498 2317 Oportet
542 2249 880 2318 episcopum
926 2249 1513 2319 irreprehensibilem
1548 2265 1687 2307 esse.

43 2335 137 2391 ied
169 2335 236 2391 in
260 2336 349 2391 his
374 2336 665 2392 omnibus
697 2337 782 2392 uti
811 2336 1129 2394 salubriter
1171 2338 1416 2412 poteris,
1468 2338 1518 2393 si
1559 2354 1692 2395 ina-

45 2424 273 2491 gistram
319 2425 673 2482 charitatem
710 2425 1026 2493 habueris;
1077 2443 1266 2500 quam
1318 2426 1423 2500 qui
1454 2432 1693 2483 secutus

50 2513 221 2584 uerit,
251 2530 287 2569 a
315 2519 474 2571 recto
500 2514 830 2589 aliquando
861 2516 1095 2572 tramite
1117 2515 1512 2582 nonrecedit.

98 2604 267 2672 Ecce,
297 2603 476 2661 frater
493 2604 867 2673 charissima,
896 2606 1049 2663 inter
1073 2606 1265 2663 multa
1289 2605 1407 2662 alia
1422 2606 1535 2662 ista
1558 2611 1696 2664 sunt

60 2692 366 2764 acerdotii,
398 2694 512 2751 ista
544 2699 685 2751 sunt
711 2693 894 2768 pallii,
948 2700 1005 2753 et
1046 2688 1472 2769 pradictarum
1518 2696 1699 2753 virtu-

59 2800 160 2839 um
194 2799 365 2857 :qua
405 2784 455 2839 si
483 2783 753 2840 studiose
782 2786 1127 2853 servaveris,
1160 2784 1326 2859 quod
1354 2785 1496 2841 foris
1526 2802 1696 2842 acce-

61 2874 192 2930 tlSSB
220 2873 571 2942 ostenderis,
627 2874 785 2930 intus
841 2875 1119 2931 habebis.
1176 2877 1396 2932 Sancta
1444 2876 1697 2933 Trinitas

1795 1712 2118 1785 episcopis,
2149 1726 2415 1785 quorum
2445 1710 2755 1769 diacesim
2785 1712 3093 1769 translatio
3120 1728 3245 1769 non
3296 1729 3471 1770 exce‘

1795 1802 1900 1872 dit,
1930 1807 2140 1875 utpote
2165 1800 2641 1874 metropolitanis
2671 1802 2794 1857 suis
2825 1801 2988 1858 omni
3017 1802 3254 1875 pietatis
3283 1803 3474 1860 devo-.

1794 1892 1953 1948 tione
1982 1890 2101 1946 sint
2128 1889 2405 1961 subjecti.
2440 1893 2559 1947 Hoc
2587 1906 2830 1964 quoque
2857 1891 3304 1947 communicato
3330 1907 3473 1948 con-

1796 1981 1929 2038 cilio
1985 1980 2187 2054 placet
2243 1979 2485 2049 addere,
2533 1980 2700 2054 quod
2745 1979 3004 2037 Ecclesia
3057 1979 3364 2037 Citicensis
3402 1980 3473 2039 in

1794 2072 2094 2128 honorem
2152 2068 2471 2126 beatorum
2523 2069 2938 2143 apostolorum
2986 2070 3137 2126 Petri
3192 2072 3251 2126 et
3303 2070 3474 2127 Pauli

1797 2162 2154 2217 consecrata
2182 2174 2306 2214 non
2340 2158 2708 2215 omnimodis
2736 2158 3092 2231 negligatur,
3124 2158 3229 2214 sed
3252 2157 3314 2213 in
3334 2158 3476 2229 loco

1798 2249 2156 2306 clericorum
2202 2247 2265 2303 in
2318 2246 2666 2319 Nuemburg
2702 2246 3139 2303 transeuntium
3184 2247 3474 2303 monachi

1796 2339 1893 2395 vel
1921 2336 2200 2395 canonici
2230 2336 2684 2405 substituantur,
2716 2336 2821 2409 qui
2850 2336 3138 2405 integrius
3161 2335 3475 2409 stipendiis

1800 2428 2080 2501 ejusdem
2110 2424 2374 2481 ecclesia
2401 2425 2549 2482 inibi
2579 2429 2698 2483 Deo
2730 2424 3012 2495 serviant,
3041 2429 3100 2481 et
3127 2425 3279 2480 sicut
3304 2424 3475 2496 pacis

1800 2517 1904 2574 ﬁlii
1934 2515 2115 2573 matri
2146 2532 2266 2571 suae
2293 2515 2772 2586 Nuemburgensi
2804 2514 3072 2571 Ecclesiae
3115 2515 3178 2571 in
3217 2513 3474 2571 Domino

1803 2622 2043 2681 semper
2070 2604 2285 2661 devote
2316 2604 2621 2661 obediant.
2656 2604 2712 2662 Si
2738 2603 2875 2677 quis
2902 2607 3128 2671 autem,
3168 2602 3335 2676 quod
3365 2602 3478 2659 mi-

1801 2697 1965 2753 nime
2006 2694 2333 2761 credimus,
2386 2692 2703 2751 temeraria
2748 2693 3220 2767 praesumptione
3270 2695 3481 2750 contra

1802 2787 1919 2843 hoc
1949 2788 2224 2841 nostrum
2250 2783 2650 2855 apostolicum
2679 2780 3058 2856 privilegium
3109 2780 3329 2849 venire,
3376 2785 3483 2837 aut

1804 2876 1865 2933 in
1897 2876 2102 2949 aliquo
2133 2872 2428 2931 contraire
2453 2871 2929 2947 prasumpserit,
2957 2887 3066 2927 seu
3092 2870 3347 2929 violator
3385 2886 3484 2927 ex-

65 2962 461 3019 raternitatem
520 2966 691 3019 tuam
744 2963 945 3033 gratia
998 2980 1121 3053 sua
1178 2963 1547 3053 protectione
1591 2964 1699 3021 cir—
1730 2999 1771 3053 ο
1808 2965 2036 3033 stiterit,
2099 2963 2248 3020 sciat
2294 2978 2378 3033 se,
2433 2963 2782 3053 auctoritate
2825 2959 2927 3053 Dei
2967 2958 3403 3035 omnipotentis
3428 2965 3486 3019 et

70 3051 310 3121 umdet;
345 3055 525 3125 atque
555 3050 618 3107 in
650 3051 879 3108 timoris
922 3052 1015 3108 sui
1040 3052 1202 3108 viam
1232 3068 1346 3108 nos
1370 3052 1609 3124 dirigat,
1636 3058 1702 3111 ut

65 3145 171 3198 post
188 3142 320 3198 vita
349 3142 532 3213 hujus
566 3141 1052 3211 amaritudinem,
1098 3142 1177 3198 ad
1206 3147 1492 3199 aternam
1524 3143 1703 3200 simul

67 3231 345 3289 tervenire
371 3230 757 3288 dulcedinem
785 3246 1148 3288 mereamur.

109 3320 407 3394 Scriptum
436 3337 546 3394 per
569 3336 791 3377 manus
819 3320 1005 3391 Sergii
1042 3321 1258 3378 notarii
1285 3320 1606 3391 regionarii
1648 3326 1707 3379 et

71 3410 329 3469 criniarii
357 3414 581 3467 sancta
610 3413 893 3467 Romana
918 3410 1214 3480 Ecclesia,
1251 3426 1458 3467 mense
1483 3412 1706 3469 Janua-

68 3502 141 3575 io,
174 3499 502 3558 indictione
526 3498 739 3573 quinta
766 3499 1024 3557 decima.

810 3590 939 3647 XIX.

66 3688 309 3741 cannas
359 3680 507 3738 XIX
539 3680 735 3739 sedem
784 3682 1177 3751 episcopalem
1232 3682 1377 3739 Ciza
1422 3682 1707 3739 Nunbur-

89 3788 261 3848 gum
319 3773 679 3829 translatam
731 3777 949 3843 rogatu
1002 3771 1377 3829 Hildiwardi
1449 3773 1711 3842 episcopi

90 3861 451 3931 conﬁrmat.

685 3948 884 4021 (Anno
914 3950 1090 4023 1032).

295 4040 512 4113 [MARS],
546 4040 801 4109 Carteia,
830 4043 979 4096 tom.
1009 4042 1137 4112 XIX,
1170 4038 1283 4097 col.
1310 4041 1455 4112 481].

82 4136 362 4192 lamnas
389 4129 735 4203 episcopus,
768 4144 978 4185 servus
1005 4143 1314 4186 servorum
1344 4128 1466 4197 Dei,
1494 4128 1710 4187 dilecto

55 4243 73 4283 ι
106 4220 366 4281 Christo
389 4218 511 4276 ﬁlio
538 4221 909 4277 HILDIWARDO
940 4224 1161 4277 sancta
1201 4218 1711 4290 Nuemburgensis

57 4309 327 4373 eclesia
346 4309 649 4383 episcopo,
676 4314 735 4366 et
764 4308 1050 4365 omnibus
1095 4308 1546 4367 successoribus
1594 4308 1711 4365 tuis

59 4403 405 4476 erpetuam
429 4398 492 4455 in
519 4398 777 4456 Domino
810 4397 1085 4455 salutem.

88 4489 411 4552 Convenit
460 4487 793 4562 apostolico
840 4486 1238 4545 moderamini
1275 4487 1378 4562 pia
1428 4486 1712 4558 religione

63 4575 392 4643 aientibus
423 4576 721 4634 benevola
768 4577 1188 4651 cooperatione
1222 4576 1589 4645 succurrere,
1644 4590 1714 4632 ac

65 4666 433 4733 bsce’ntium
471 4666 691 4724 animis
720 4666 903 4724 alacri
940 4666 1258 4725 devotione
1306 4665 1597 4740 impertiri
1625 4680 1717 4722 as-

77 4773 327 4821 msum.
356 4760 437 4814 Ex
464 4757 581 4815 hoc
604 4756 767 4814 enim
809 4755 959 4813 lucri
987 4757 1369 4831 potissimum
1397 4754 1717 4832 pramium

119 4845 427 4905 conditore
454 4845 731 4903 omnium
760 4846 881 4903 Deo
930 4845 1140 4919 procul
1176 4845 1369 4902 dubio
1418 4859 1719 4918 promere-

103 4952 217 5005 tur,
250 4935 299 4991 si
326 4935 692 4993 venerabilia
716 4934 850 4992 loca
877 4939 1215 5008 opportune
1250 4935 1527 4991 ordinata
1555 4938 1612 4990 et
1641 4933 1721 4990 ad

103 5027 366 5087 teliorem
391 5040 499 5099 per
519 5024 881 5105 vos_fuerint
926 5028 1146 5081 statum
1194 5022 1504 5097 perducta.
1562 5022 1723 5081 Sicut

107 5133 227 5191 go,
261 5114 606 5171 charissime
628 5112 735 5183 ﬁli,
764 5113 870 5170 tibi
901 5112 1134 5169 absenti
1161 5116 1375 5183 rogatu
1401 5112 1506 5169 ﬁlii
1528 5112 1721 5170 nostri

106 5204 546 5267 hristianissimi
575 5203 955 5277 imperatoris
989 5200 1269 5273 Conradi,
1319 5205 1376 5257 et
1408 5202 1720 5259 confratris

111 5296 249 5355 )stri
277 5294 555 5353 Hunfredi
584 5292 1110 5366 Magdeburgensis
1139 5291 1591 5365 archiepiscopi,
1610 5309 1720 5350 nec

119 5402 185 5444 3n
215 5384 450 5441 illorum
493 5384 601 5458 qui
639 5382 1047 5440 hareditatem
1087 5397 1262 5440 suam
1288 5380 1552 5438 ecclesia
1583 5397 1722 5439 con-

121 5474 342 5545 ﬂerunt,
376 5472 654 5529 videlicet
702 5470 1028 5528 Hermanni
1080 5469 1468 5539 marchionis,
1514 5474 1571 5527 et
1596 5485 1724 5542 ger-

128 5561 341 5621 anisui
366 5560 709 5629 Ekkihardi,
761 5566 817 5618 et
862 5560 1125 5617 maxime
1175 5576 1285 5634 pro
1337 5574 1567 5631 magna
1616 5560 1726 5617 uti-

130 5658 219 5716 ate
248 5656 308 5714 et
334 5649 650 5713 securitate
678 5649 955 5711 Ecclesia
978 5654 1095 5714 tua
1120 5648 1369 5713 consilio
1407 5648 1721 5728 episcopo-

1809 3055 1968 3113 beati
1995 3052 2411 3128 apostolorum
2442 3052 2732 3126 principis
2763 3051 2933 3118 Petri,
2965 3066 3038 3107 ac
3088 3055 3297 3108 nostra
3342 3067 3487 3109 ana-

1811 3143 2089 3202 thematis
2116 3141 2359 3199 vinculo
2389 3158 2519 3198 esse
2548 3141 2929 3212 innodatum,
2979 3144 3038 3197 et
3085 3157 3125 3198 a
3161 3155 3349 3212 regno
3381 3141 3487 3198 Dei

1813 3234 2100 3301 alienum,
2131 3236 2312 3306 atque
2340 3246 2479 3287 cum
2508 3230 2664 3287 Juda
2693 3229 2976 3286 traditore
3020 3229 3261 3286 Domini
3294 3229 3488 3287 nostri

1811 3328 1948 3381 Jesu
1979 3321 2191 3382 Christi
2218 3320 2450 3377 socium
2481 3320 2751 3377 futurum
2780 3317 3035 3387 inferno,
3076 3319 3489 3377 excommuni-

1815 3412 2154 3486 cationique
2186 3410 2519 3483 subjaceat,
2563 3410 2758 3467 donec
2814 3408 3172 3482 resipiscens
3220 3406 3304 3466 ad
3352 3408 3489 3466 sati-

1816 3503 2167 3560 sfactionem
2217 3505 2275 3557 et
2317 3515 2653 3572 congruam
2696 3498 3187 3557 emendationem
3229 3503 3488 3557 reverta-

1814 3598 1928 3649 tur.
1983 3592 2094 3659 Qui
2150 3606 2291 3648 vero
2349 3606 2462 3646 suo
2516 3589 2733 3647 intuitu
2779 3592 3018 3646 curator
3054 3594 3113 3646 et
3140 3589 3488 3647 observator

1813 3682 1997 3753 hujus
2024 3680 2210 3737 nostri
2250 3679 2568 3753 apostolici
2614 3678 2910 3753 privilegii
2956 3679 3261 3748 exstiterit,
3312 3679 3490 3737 bene-

1815 3770 2093 3827 dictionis
2147 3769 2424 3840 gratiam,
2472 3769 2786 3841 vitamque
2836 3773 3143 3837 aternam,
3194 3774 3251 3825 et
3285 3769 3493 3826 aterni

1815 3860 1986 3928 regni
2042 3858 2268 3930 gaudia
2313 3873 2351 3915 a
2399 3859 2654 3915 Domino
2710 3856 3019 3929 percipere
3071 3860 3372 3914 mereatur
3426 3857 3489 3913 in

1819 3948 2037 4006 saecula
2068 3946 2452 4005 saeculorum.
2482 3949 2697 4004 Amen.

1819 4129 2097 4199 Epistola
2122 4126 2375 4185 Joannis
2403 4125 2559 4182 XIX
2575 4141 2694 4197 pro
2731 4123 3096 4183 monasterio
3136 4124 3198 4181 S.
3232 4124 3488 4184 Joannis

2474 4216 2838 4287 Angeriaco.

2356 4307 2553 4378 (Anno
2604 4306 2950 4379 1024-1033).

2064 4394 2293 4472 [Gallia
2320 4396 2695 4466 Chn‘stiana,
2726 4398 2872 4451 tom.
2905 4397 2971 4464 ll,
2998 4409 3058 4467 p.
3092 4395 3243 4467 466).

1893 4488 2138 4543 Jousas
2168 4486 2512 4559 episcopus,
2546 4499 2756 4541 servus
2790 4496 3107 4539 servorum
3153 4483 3274 4552 Dei,
3321 4481 3490 4539 urbis

1825 4577 2027 4632 Roma
2055 4574 2315 4632 vicarius
2342 4571 2661 4632 beatorum
2687 4572 2837 4629 Petri
2885 4575 2943 4628 et
2984 4570 3147 4627 Pauli
3194 4570 3495 4644 apostolo~

1824 4679 1982 4736 rum,
2014 4663 2301 4721 omnibus
2327 4662 2795 4738 archiepiscopis
2822 4665 2882 4718 et
2927 4659 3229 4735 episcopis
3272 4658 3492 4717 Galliae

1825 4769 1962 4810 rum
2013 4753 2394 4828 degentibus,
2448 4770 2589 4811 cum
2644 4750 2946 4809 WILLELMO
3000 4749 3283 4822 religioso
3337 4748 3497 4805 duce

1827 4843 2287 4916 Aquitanorum.
2318 4848 2375 4905 et
2404 4847 2695 4904 Gorrneno
2737 4842 2954 4901 comite
3004 4840 3363 4912 Engolisma
3415 4839 3497 4897 eis

1826 4932 2022 4988 vitatis
2053 4933 2493 5002 commoranti;
2544 4949 2655 4989 nec
2696 4947 2821 4988 non
2850 4934 2986 4988 Em
3032 4928 3249 4986 comite
3301 4928 3495 4985 Petra-

1829 5020 2044 5092 gorica
2101 5022 2269 5079 urbis
2324 5022 2586 5095 degenti,
2636 5020 2938 5093 simulque
3012 5018 3148 5076 ﬁliis
3230 5016 3500 5088 Hugonis

1828 5116 2025 5168 castro
2056 5110 2360 5168 Leziniaco
2383 5110 2797 5168 habitantibus
2826 5127 2840 5179 ;
2880 5110 3143 5182 itemque
3192 5111 3495 5164 WiLtsLno

1829 5199 1905 5257 de
1932 5198 2303 5270 Paterniaco,
2334 5203 2393 5256 et
2417 5199 2533 5257 alio
2559 5202 2861 5255 WiLLBon
2893 5199 2969 5256 de
2990 5197 3361 5269 Talamonte,
3384 5212 3497 5270 pa.

1828 5289 1967 5346 riter
2016 5300 2155 5345 cum
2190 5288 2494 5344 WILLELMO
2544 5286 2892 5344 vicecomite
2945 5285 3070 5342 ﬁlio
3118 5284 3364 5343 Kalonis
3421 5284 3497 5342 de

1831 5374 2351 5449 Castello-Oniaco,
2404 5378 2674 5433 Amemco
2731 5374 2807 5432 de
2854 5373 3211 5447 Taleburgo,
3241 5376 3496 5430 WlLLEL-

1832 5484 1906 5525 uo
1922 5467 1997 5525 de
2015 5466 2324 5539 Surgeriis,
2340 5469 2398 5523 et
2414 5469 2685 5533 ALBUXNO,
2711 5464 3117 5538 omnibusque
3133 5462 3494 5533 senioribus,

1830 5558 2241 5617 minoribusve
2268 5555 2602 5633 Aquitania
2639 5554 2911 5633 partibus
2953 5553 3492 5626 commorantibus,

1832 5647 2087 5711 salutem
2113 5647 2527 5711 beatissimam
2549 5661 2688 5706 cum
2705 5641 3123 5706 benedictione
3140 5642 3493 5721 apostolica.
