3998 6176
598 86 734 164 1155

1951 51 2241 155 .IOANNIS
2279 97 2389 153 XIX
2425 97 2650 154 ΡΑΡᾸΞ.

3818 112 3902 171 liful

661 237 964 303 Rogamus
991 244 1099 285 vos
1125 241 1354 296 omnes,
1407 223 1794 299 suprascripti
1853 223 2138 290 seniores,
2189 225 2248 278 et
2282 223 2325 277 A
2358 220 2627 280 divinam
2653 224 3029 282 vocationem
3071 226 3146 282 de
3174 227 3288 284 hac
3314 228 3450 286 luce
3497 229 3899 303 deportaberiiah

592 323 695 397 qui
718 322 815 378 hic
844 319 1087 376 nomine
1136 323 1309 376 tenus
1355 333 1479 374 non
1534 320 1672 372 sunt
1698 315 1896 388 positi,
1945 313 2243 386 vestrique

591 424 986 479 successores,
1018 425 1211 482 usque
1239 408 1302 464 in
1328 411 1686 481 perpetuum
1718 405 2014 462 custodire
2061 405 2245 475 hujus

588 503 806 556 nostra:
832 503 1049 563 textus,
1077 497 1352 554 videlicet
1378 501 1444 552 ut
1473 495 1904 553 monasterium
1943 492 2243 550 sanctissi-

587 589 670 645 mi
699 605 768 646 ac
796 588 1125 646 beatissimi
1163 587 1549 662 praecursoris
1595 591 1654 642 et
1708 585 1986 658 martyris
2035 582 2244 642 Christi

586 679 851 747 Joannis,
885 683 942 735 et
965 677 1322 735 confessoris
1350 676 1582 732 domini
1625 674 1974 742 Reverentii,
2021 674 2244 747 posito-

585 787 722 826 rum
751 770 813 825 in
842 767 975 826 loco
995 768 1100 842 qui
1129 767 1344 825 dicitur
1362 766 1713 838 Angeriaco,
1741 765 1820 822 ab
1848 765 1963 821 hac
1983 779 2244 838 praesen-

585 859 629 916 ti
657 859 752 915 die
782 857 912 916 Kal.
937 859 1242 926 Maiarum,
1270 856 1612 926 defendere,
1645 872 1716 912 ac
1753 855 2012 926 benigne
2042 859 2244 912 tracte-

585 949 657 1006 tis
684 965 823 1005 cum
851 947 1132 1018 religioso
1163 947 1391 1003 domno
1415 945 1728 1018 Aymerico
1759 944 2030 1017 ejusdem
2077 947 2242 1000 Patre

584 1039 719 1105 loci,
751 1052 885 1095 cum
916 1042 1132 1094 cuncta
1153 1042 1390 1094 caterva
1427 1036 1867 1093 monachorum
1916 1051 1952 1091 a
1976 1036 2096 1091 Deo
2129 1033 2244 1089 sibi

585 1129 826 1197 credita,
858 1129 942 1185 ita
966 1128 1256 1197 venerari,
1287 1128 1438 1184 sicut
1459 1127 1631 1184 decet
1655 1129 1716 1182 in
1761 1125 2066 1197 omnibus,
2116 1141 2242 1181 ma-

581 1219 741 1276 xime
793 1223 996 1275 tamen
1049 1234 1159 1291 pro
1213 1233 1284 1274 eo
1335 1217 1502 1290 quod
1553 1216 1828 1286 regulam
1881 1215 2243 1273 sanctissimi

581 1309 767 1364 Patris
795 1305 1090 1364 Benedicti
1113 1306 1525 1364 inviolabiliter
1555 1305 1900 1362 audivimus
1933 1304 2236 1362 custodiri.

583 1400 958 1471 Quapropter
987 1396 1208 1455 obnixe
1236 1412 1556 1470 precamur
1580 1400 1636 1452 et
1659 1395 2062 1469 praecipiendo
2092 1411 2241 1468 prae-

581 1487 836 1559 cipimus
869 1491 932 1542 ut
957 1486 1157 1542 nullus
1188 1486 1262 1542 sit
1284 1486 1362 1543 ab
1401 1486 1514 1541 hac
1562 1486 1713 1541 hora
1756 1485 1998 1540 inantea
2050 1499 2239 1556 usque

2353 313 2582 383 angelis
2612 315 2851 381 sanctis,
2884 321 3170 373 mternam
3210 318 3440 376 habeas
3485 321 3754 393 requiem.
3806 329 3894 391 0a.!

2353 403 2400 458 si
2425 418 2548 459 non
2577 405 2881 476 peregeris
2913 407 3249 464 secundum
3275 409 3445 482 quod
3473 411 3580 466 tibi
3607 427 3706 484 per
3741 430 3886 485 pra-sa;

2352 497 2470 550 tem
2503 493 2820 566 epistolam
2843 497 3306 568 transmisimus,
3345 516 3420 554 cx
3467 501 3788 558 auctoritate
3821 508 3881 562 Fer.”

2353 583 2607 656 apostoli
2634 584 2788 641 scias
2816 589 2869 642 te
2911 601 3039 641 esse
3088 587 3692 657 excommunicatum,
3730 592 3795 647 ita
3821 605 3886 648 at

2352 671 2665 729 ecclesiam
2695 690 2818 730 non
2847 674 3225 746 ingrediaris,
3275 692 3474 751 neque
3524 680 3889 737 communione

2351 762 2630 835 accipias.
2664 763 2820 820 Vale.

3097 859 3248 912 XXII.

2349 942 2600 998 Joannis
2629 944 2776 999 XIX
2788 946 3039 1015 epistola
3067 962 3187 1018 qua
3213 962 3412 1003 omnes
3460 969 3488 996 «
3523 949 3721 1004 bonum
3756 952 3891 1018 facie:-

2424 1037 2506 1087 tes
2539 1054 2566 1081 ››
2593 1035 2816 1090 excitat
2842 1040 2905 1090 ut
2934 1036 2997 1090 in
3041 1037 3475 1092 restituendam
3524 1039 3790 1094 ecclesiam
3822 1040 3890 1094 lle.

2420 1124 2920 1194 galonennensem
2948 1127 3320 1183 incumbant.

2895 1216 3093 1285 (Anno
3127 1219 3470 1289 10244033).

2616 1305 2838 1374 [M.iNSI,
2873 1304 3100 1361 Concil.
3142 1311 3262 1362 tom
3289 1310 3420 1375 ΧΙΧ,
3455 1307 3567 1363 col.
3597 1309 3722 1379 570].

2417 1394 2667 1449 Jomars
2696 1393 3036 1467 episcopus,
3070 1411 3278 1451 servus
3315 1412 3627 1453 servorum
3660 1398 3758 1466 Dei,
3781 1400 3890 1452 omni

2344 1480 2460 1537 bus
2485 1481 2718 1539 bonum
2756 1483 3110 1540 facientibus
3165 1485 3225 1540 in
3286 1486 3550 1542 Ecclesia
3588 1487 3886 1557 Magalonensi.

578 1576 640 1633 in
689 1571 908 1632 saecula
946 1575 1303 1632 saeculorum
1342 1591 1438 1631 res
1483 1574 1750 1649 praedicti
1789 1573 2131 1630 monasterii
2161 1577 2239 1629 te-
2275 1584 2316 1639 Β
2347 1572 2425 1628 ad
2453 1572 2746 1628 honorem
2776 1574 3188 1646 apostolorum
3220 1577 3368 1632 Petri
3391 1576 3703 1632 etdoctoris
3720 1578 3882 1645 gentium

576 1681 810 1721 merare
836 1665 1087 1736 [ausus],
1120 1668 1176 1721 et
1199 1663 1366 1738 quod
1396 1663 1584 1720 absit!
1635 1662 1864 1736 aliquid
1892 1662 2105 1718 exinde
2136 1679 2238 1718 au-

575 1754 726 1811 ferre
779 1759 1126 1827 praesumat,
1181 1753 1296 1809 nisi
1335 1752 1758 1810 tantummodo
1807 1769 1880 1809 ex
1939 1768 2239 1809 consensu

575 1844 846 1914 ejusdem
876 1843 988 1899 loci
1015 1843 1198 1899 Patris
1231 1847 1286 1899 et
1333 1843 1608 1898 omnium
1653 1842 1927 1900 fratrum.
1988 1843 2044 1900 Si
2100 1843 2236 1915 quis

575 1937 777 1989 autem
819 1932 975 1988 hanc
1030 1937 1300 1988 nostram
1349 1932 1742 1988 assertionem
1790 1931 2089 1988 custodire
2135 1947 2238 1988 vo-

574 2021 766 2089 luerit,
793 2020 1013 2078 habeat
1045 2021 1523 2077 benedictionem
1555 2037 1590 2077 a
1619 2021 1758 2077 Filio
1800 2023 1855 2078 S.
1886 2021 2076 2078 Mariae
2107 2025 2163 2077 et
2199 2037 2237 2077 a

573 2125 941 2185 praecursore
967 2111 1239 2182 ejusdem
1268 2111 1503 2166 Domini
1528 2111 1712 2167 nostri
1745 2112 1881 2166 Jesu
1914 2110 2147 2175 Christi,
2179 2116 2236 2166 et

573 2197 886 2254 absolutus
917 2199 1049 2256 sita
1081 2203 1138 2254 Β.
1173 2203 1341 2256 Petro
1367 2199 1662 2272 apostolo,
1696 2204 1753 2256 et
1779 2217 1814 2256 a
1834 2216 1930 2255 me
1957 2199 2234 2271 ejusdem

571 2289 831 2362 pastoris
861 2289 1101 2356 vicario,
1122 2289 1200 2346 ab
1229 2291 1513 2346 omnibus
1544 2296 1930 2363 peccatorum
1959 2290 2234 2370 vinculis,

573 2383 682 2434 etc.
711 2381 826 2434 Vos
851 2384 1054 2436 autem
1083 2379 1276 2436 valete
1308 2385 1363 2436 et
1393 2396 1501 2452 pro
1533 2397 1628 2436 me
1654 2386 1838 2437 orate.

1337 2471 1466 2527 XXI.

667 2557 942 2626 Epistula
969 2560 1221 2616 Joannis
1250 2559 1398 2615 XIX
1415 2574 1596 2629 papae
1625 2560 1707 2616 ad
1736 2561 2123 2617 Guzllelmum

1248 2650 1537 2704 comitem.

1103 2735 1293 2807 (Circa
1351 2751 1449 2792 an.
1515 2738 1691 2808 1030).

567 2823 854 2895 [Histoire
878 2825 1158 2894 generale
1178 2825 1260 2879 du
1285 2825 1644 2896 Languedoc
1669 2831 1813 2882 tom.
1849 2829 1914 2897 ΙΙ,
1942 2828 2221 2885 Preuves.

2347 1659 2511 1716 Pauli
2565 1659 2841 1717 dedicata
2889 1666 2946 1717 et
2996 1662 3358 1733 dedicanda,
3430 1664 3668 1720 salutem
3713 1664 3883 1719 charissi

2345 1765 2534 1820 mam,
2567 1767 2706 1805 cum
2732 1751 3145 1807 benedictione
3172 1753 3508 1826 apostolica
3529 1760 3583 1810 et
3607 1753 3881 1809 absolutione.

2419 1837 2837 1911 Supradictam
2868 1840 3352 1909 Magalonensem
3385 1841 3696 1906 ecclesiam,
3719 1843 3878 1913 peccatis

2345 1927 2738 1996 exigentibus,
2821 1928 2900 1985 ad
2958 1929 3211 1985 nihilum
3259 1930 3573 1986 redactam
3633 1929 3878 1985 audivima.

2344 2016 2505 2072 unde
2530 2016 2704 2073 valde
2730 2017 3024 2083 dolemus,
3071 2018 3215 2090 quia
3263 2019 3654 2077 Ecclesiarum
3693 2016 3878 2073 desolato

2342 2106 2811 2163 Christianorum
2840 2108 3263 2164 detrimentum
3308 2125 3451 2165 esse
3488 2109 3804 2178 dignoscitur.
3831 2106 3879 2160 ΟΣ)

2341 2195 2454 2250 hoc
2505 2195 2752 2267 quidem
2811 2200 2933 2254 tam
2987 2196 3253 2252 Ecclesiae
3304 2198 3656 2272 supradicta:
3693 2200 3878 2270 quamet

2341 2285 2626 2341 omnibus
2665 2285 3051 2343 circumcirca
3076 2286 3442 2358 degentibus
3486 2303 3752 2358 suggerere
3779 2283 3876 2337 volu-

2340 2391 2478 2430 mus
2502 2375 2846 2433 Christianis
2879 2381 2942 2432 ut
2969 2376 3031 2432 in
3059 2377 3494 2434 restauratione
3523 2379 3679 2449 hujus
3708 2372 3874 2432 ecclesia

2338 2464 2610 2522 laborent
2645 2487 2658 2522 :
2689 2470 3070 2538 peccatorum
3099 2483 3370 2540 namque
3400 2485 3629 2525 suorum
3659 2467 3818 2521 veniam
3837 2469 3873 2515 et

2337 2555 2772 2625 indulgentiam
2801 2557 3124 2639 promereri
3169 2573 3205 2612 a
3227 2559 3402 2628 justo
3420 2559 3610 2630 judice
3649 2552 3874 2630 apostolica

2337 2645 2683 2701 auctoritate
2715 2645 3103 2719 spondemus,
3135 2647 3488 2721 quicunque
3515 2648 3583 2703 de
3607 2645 3790 2721 propria
3803 2643 3876 2696 hrr-

2335 2734 2581 2791 reditate
2635 2735 2728 2791 vel
2781 2735 2856 2791 de
2905 2736 3158 2808 propriis
3205 2737 3391 2792 bonis
3419 2737 3708 2794 offerendo.
3741 2729 3874 2789 auide

2333 2822 2636 2880 beneﬁciis
2666 2824 2995 2894 reddendo,
3036 2825 3347 2882 ecclesiam
3402 2826 3750 2899 supradictam
3783 2820 3874 2876 rele-

635 2927 778 2985 pag,
814 2915 934 2983 185,
949 2929 1021 2968 ex
1047 2913 1337 2970 Chronico
1368 2930 1480 2970 ms.
1504 2916 1866 2987 Amymerici
1892 2917 1966 2973 de
1995 2920 2222 2989 Peyrat,
2265 2935 2304 2986 ο
2335 2930 2475 2971 vare
2502 2914 2668 2970 nisus
2697 2914 2890 2970 fuerit.
2916 2917 3063 2970 Nam
3085 2931 3270 2971 unam
3298 2923 3356 2972 et
3378 2916 3613 2972 similem
3631 2909 3872 2968 mercedem

635 2999 910 3058 Biblioth.
941 3001 1214 3073 Colbert].

631 3091 874 3148 JOANNES
896 3091 1236 3164 episcopus,
1253 3108 1458 3150 servus
1485 3110 1794 3151 servorum
1821 3095 1940 3165 Dei,
1973 3095 2222 3154 domino

562 3181 877 3236 GUlLLELMO
910 3180 1168 3253 glorioso
1216 3183 1438 3253 comiti,
1499 3183 1916 3241 charissimam
1967 3185 2220 3243 salutem

559 3272 616 3325 et
640 3269 1038 3343 apostolicam
1067 3271 1568 3329 benedictionem.

628 3359 904 3416 Mittimus
934 3359 1012 3415 ad
1043 3364 1207 3416 tuam
1245 3360 1675 3431 benignitatem
1718 3363 1902 3420 veluti
1955 3364 2034 3420 ad
2083 3365 2219 3422 cha-

554 3446 864 3504 rissimum
906 3448 1119 3518 ﬁlium,
1179 3453 1245 3504 ut
1291 3451 1506 3507 audias
1552 3456 1823 3508 nostram
1861 3453 2217 3511 exhortatio-

553 3549 716 3604 nem,
765 3539 822 3590 et
870 3533 1214 3592 benefacias
1272 3539 1635 3594 monasterio
1695 3541 1886 3596 sancti
1939 3542 2089 3598 Petri
2139 3543 2213 3599 de

552 3623 903 3694 Moyssiaco,
935 3617 1001 3679 ut
1028 3623 1154 3695 ipse
1180 3625 1394 3681 beatus
1423 3629 1646 3696 Petrus,
1675 3629 1780 3700 qui
1811 3634 1898 3685 est
1925 3635 2134 3703 pastor
2157 3637 2215 3690 et

551 3711 808 3767 nutritor
861 3709 1133 3768 omnium
1162 3711 1452 3785 ﬁdelium,
1504 3714 1841 3774 benefaciat
1887 3718 1961 3774 de
1987 3724 2042 3776 te
2072 3737 2211 3778 cum

552 3815 589 3856 a
617 3801 896 3873 praesenti
919 3799 1042 3859 vita
1085 3801 1469 3860 subtraxeris.
1521 3805 1822 3862 Arnaldus
1869 3808 2040 3865 Oddo
2081 3811 2209 3868 vice

549 3905 752 3947 comes
777 3890 1102 3963 Gasconim,
1134 3891 1304 3948 miles
1331 3897 1489 3963 tuus,
1521 3895 1788 3968 possidet
1804 3896 2023 3970 injuste
2051 3901 2206 3959 duas

547 3980 827 4037 ecclesias
891 3997 1027 4055 quin
1079 3983 1376 4055 pertinent
1420 3985 1552 4056 jam
1618 3985 1776 4043 dicto
1841 3991 2205 4049 monasterio

550 4069 747 4126 Sancti
775 4070 924 4127 Petri
948 4090 961 4140 ;
991 4088 1116 4129 una
1144 4077 1235 4129 est
1263 4073 1558 4131 aediﬁcata
1589 4075 1667 4132 ad
1692 4077 1984 4136 honorem
2015 4083 2204 4139 sancti

545 4157 791 4227 Martini,
810 4158 871 4216 in
895 4159 1030 4217 loco
1060 4162 1164 4234 qui
1187 4161 1402 4220 dicitur
1431 4165 1694 4235 Orriolo;
1744 4167 1861 4224 alia
1881 4170 2071 4227 sancti
2104 4173 2204 4229 Sa-

2333 3003 2582 3077 accipiet
2609 3005 2712 3076 qui
2741 3005 2986 3076 propria
3016 3004 3240 3072 offeret,
3273 3011 3328 3061 et
3357 3005 3460 3078 qui
3486 3003 3734 3060 beneﬁcia
3754 2997 3873 3054 eccle-

2334 3093 2568 3150 siastica
2597 3093 2806 3150 reddet
2833 3095 2894 3149 in
2926 3110 3269 3162 commune,
3299 3100 3358 3150 et
3385 3092 3744 3151 benedictione
3773 3085 3873 3160 pari-

2330 3189 2416 3240 ter
2437 3188 2492 3240 et
2522 3184 2898 3240 absolutione
2924 3184 3254 3257 apostolica
3283 3185 3515 3242 fruetur.
3553 3181 3698 3249 Quod
3735 3181 3773 3235 si
3807 3177 3874 3233 ali-

2328 3274 2465 3347 quis
2515 3274 2854 3348 episcopus,
2906 3274 2997 3330 vel
3047 3275 3340 3348 cujusque
3382 3273 3648 3346 dignitatis
3686 3271 3868 3325 honore.

2326 3362 2493 3435 quod
2522 3362 2747 3419 ibidem
2776 3363 3045 3420 ablatum
3084 3363 3276 3432 fuerit,
3321 3380 3490 3438 pravo
3532 3360 3738 3429 ingenio
3777 3357 3875 3412 alie-

2325 3467 2489 3524 nare,
2523 3469 2818 3526 usurpare
2842 3453 2932 3510 vel
2962 3454 3224 3511 vendere
3252 3453 3486 3520 voluerit,
3522 3448 3873 3505 maledictione

2324 3543 2721 3599 anathematis
2751 3543 3121 3616 percellatur,
3164 3543 3526 3614 habeaturque
3547 3541 3811 3592 extraneus
3837 3549 3868 3587 a

2323 3632 2792 3689 Christianorum
2836 3634 3135 3690 consortio
3183 3639 3239 3690 et
3267 3647 3429 3702 regno
3476 3628 3580 3685 Dei.
3615 3626 3722 3681 Hoc
3748 3637 3867 3676 vero

2321 3721 2629 3779 decretum
2659 3721 2887 3779 ﬁrmari
2910 3723 2987 3779 ab
3032 3723 3315 3779 omnibus
3347 3721 3588 3778 volumus
3611 3711 3868 3789 episcopis,

2318 3827 2473 3884 quos
2499 3811 2800 3869 Arnaldus
2831 3812 3186 3881 invitaverit,
3249 3813 3396 3869 sicut
3437 3827 3536 3867 nos
3570 3806 3745 3863 iecisse
3767 3801 3869 3856 inte-

2316 3902 2441 3958 rius
2501 3907 2864 3973 cognoscent
2917 3917 2991 3970 es.
3052 3905 3206 3959 Bene
3258 3902 3465 3960 valete.
3517 3894 3772 3956 Aldericus
3801 3888 3868 3946 Dei

2316 3992 2506 4063 gratia
2534 3992 2919 4049 Vercellencis
2948 3993 3293 4066 episcopus.
3335 3989 3647 4066 Reynaldus
3669 3985 3750 4042 Dei
3781 3996 3866 4050 gra-

2313 4083 2394 4139 tia
2420 4082 2724 4156 Papiensis
2753 4083 3094 4157 episcopus.
3120 4087 3345 4154 Petrus,
3375 4099 3549 4158 quem
3586 4079 3758 4136 dicunt
3791 4070 3867 4143 epi-

2313 4188 2565 4245 scopum
2619 4179 2838 4229 sanctaa
2895 4173 3163 4244 Rufﬁnae,
3243 4173 3611 4230 subscribens
3665 4161 3864 4223 firmavit

543 4245 873 4350 turnini,nin
904 4238 1302 4350 Flamalingis.
1335 4252 1550 4350 Manda
1590 4256 1959 4350 Arnaldo_ut
1988 4260 2199 4320 reddat
2236 4296 2281 4350 Β
2313 4238 2620 4319 Oldericus
2638 4263 2956 4336 episcopus
2976 4238 3418 4320 Aurelianensis
3438 4260 3682 4319 Ecclesia
3697 4259 3867 4350 alia?

544 4339 751 4392 sancto
780 4338 948 4394 Petro
977 4337 1129 4395 duas
1173 4340 1454 4398 ecclesias
1503 4359 1641 4400 cum
1696 4346 1980 4403 omnibus
2027 4351 2204 4421 perti-

539 4425 756 4482 nentiis
805 4426 1064 4497 illarum,
1113 4432 1180 4485 ut
1217 4429 1427 4488 fratres
1475 4440 1917 4492 commorantes
1960 4437 2021 4494 in
2051 4456 2200 4512 prae-

539 4514 700 4572 dicto
750 4517 1115 4574 monasterio
1179 4519 1448 4578 habeant
1499 4523 1575 4578 de
1649 4523 1876 4581 eisdem
1931 4528 2198 4586 ecclesiis

537 4605 704 4678 quod
732 4611 962 4664 rectum
991 4612 1097 4678 est,
1125 4612 1182 4665 et
1207 4615 1452 4684 propter
1484 4616 1651 4669 tuam
1695 4614 1962 4672 animam
2007 4619 2200 4692 quoti-

537 4692 631 4750 die
661 4695 998 4769 supplicent
1023 4698 1259 4755 Domini
1307 4699 1703 4771 clementiam,
1763 4708 1847 4775 ut,
1899 4721 2038 4762 cum
2089 4723 2198 4781 per

2309 4351 2574 4407 mundus
2600 4351 2918 4424 episcopus
2943 4351 3018 4408 de
3042 4352 3261 4409 Rende.
3305 4352 3594 4409 Deodatus
3635 4348 3867 4422 episcopus

2310 4440 2597 4498 Lunensis
2625 4441 2905 4498 ﬁrmavit.
2937 4441 3179 4498 Alcuius
3208 4442 3471 4498 Astensis
3496 4438 3742 4497 ﬁrmavit.
3777 4436 3865 4488 Vau-

2308 4528 2486 4585 dinus
2507 4529 2885 4586 Taurinensis
2914 4529 3191 4588 ﬁrmavit.
3227 4531 3560 4588 Bernardus
3587 4523 3863 4599 Aggenensis

2304 4618 2582 4676 ﬁrmavit.
2621 4620 2921 4677 Deodatus
2968 4620 3291 4695 episcopus
3331 4619 3704 4678 Tholonensis
3738 4615 3866 4670 firma-

2303 4708 2402 4764 vit.
2435 4711 2636 4765 Petrus
2662 4709 2982 4782 episcopus
3007 4710 3390 4767 Massiliensis
3415 4709 3678 4768 ﬁrmavit.

543 4843 3852 4876 ______________________________________________.

1165 4957 1728 5049 EPISTOL/E
1787 4965 2524 5056 DIVERSOBUM
2582 4969 2726 5056 AD
2784 4969 3322 5061 JOANNEM.
3397 5057 3400 5060 .

527 5202 805 5292 Epistota
826 5209 890 5267 S.
915 5205 1244 5292 Gyillelmi,
1281 5212 1522 5292 cogatis
1569 5215 1640 5292 δι
1674 5216 1936 5288 Benigni
1982 5219 2183 5292 Divic-

597 5282 817 5351 nensis,
847 5282 928 5339 ad
949 5283 1242 5340 Joannem
1271 5285 1437 5341 XIX.
1471 5318 1540 5328 ——
1567 5286 1769 5344 Monet
1798 5282 1929 5345 eam
1974 5306 2048 5347 ne
2074 5291 2186 5348 Ec-

598 5354 839 5410 clesium
866 5424 870 5425 ν
893 5353 1625 5425 Constantinopolitanam
1669 5361 2032 5418 Universatis
2083 5378 2184 5418 no-

549 5469 555 5474 .
595 5440 730 5481 men
758 5424 873 5480 sibi
890 5426 1220 5484 attribuere
1235 5424 1537 5496 patiatur.

737 5513 1043 5597 ,(Μεμιμη
1072 5516 1230 5572 Acta
1257 5515 1358 5597 $.5-
1378 5518 1609 5597 .Ben_.ed_.
1632 5519 1771 5597 vel.
1799 5523 1945 5597 39.5).-

553 5643 560 5652 _
598 5583 794 5649 Gratia
821 5583 925 5645 Dei
947 5589 1004 5647 et
1025 5583 1356 5650 reverentia
1377 5586 1539 5653 beati
1574 5591 1724 5655 Petri
1751 5583 1878 5654 sedi
1908 5583 1986 5658 'in
2033 5593 2179 5659 orbe

2301 5152 2594 5205 terrarum
2651 5149 3162 5208 excellentissima;
3220 5153 3466 5228 indepto
3514 5169 3678 5227 papae
3719 5150 3852 5231 tomis

2291 5241 2650 5311 WILLELMUS,
2706 5240 2898 5297 crucis
2947 5242 3159 5299 Christi
3209 5260 3437 5311 servus,
3503 5243 3698 5300 sedem
3727 5230 3852 5308 3υῶθὲ

2292 5344 2427 5384 cum
2461 5329 2748 5402 apostolis
2777 5335 2834 5387 et
2855 5347 3145 5388 coronam
3174 5334 3360 5404 regni.

2361 5419 2618 5490 Magistri
2643 5419 2910 5490 gentium
2931 5420 3104 5478 dictis
3135 5422 3341 5480 instrui
3351 5439 3489 5480 mur
3508 5422 3768 5480 seniorem
3780 5421 3854 5466 που

2287 5507 2748 5581 increpandum.
2789 5509 2956 5567 Idem
3006 5515 3206 5568 tamen
3255 5513 3402 5570 alias
3454 5513 3599 5569 dicit
3628 5530 3640 5566 :
3669 5532 3692 5558 «
3722 5505 3853 5592 Facilis

2289 5612 2428 5663 sum
2453 5597 2769 5676 insipiens,
2797 5615 2908 5665 vos
2935 5615 3033 5663 me
3063 5601 3403 5674 coegistis.»
3425 5602 3652 5663 Idcirco
3666 5595 3800 5672 igitur
3812 5593 3855 5643 ιι·
