3996 6168
117 60 279 114 1157
1419 37 1776 112 ΕΡΙΞΤΟῙΛΕ
1814 53 1824 108 ]

1955 55 2366 122 DlPLOMATA.
3480 93 3620 148 ηδε

103 178 399 240 liationis
448 176 774 285 diligentia
845 181 1172 241 hortamur
1242 196 1634 282 communem
1708 194 1840 280 ves-
1870 182 1919 237 Α
1951 185 2248 259 surripere
2278 195 2643 254 auctoritatis
2686 204 2920 275 vestrae,
2952 205 3371 268 celsitudinem
3419 219 3622 285 petere

111 277 292 330 tram
358 268 787 361 paternitatem
844 276 912 328 ut
985 273 1048 329 in
1103 287 1233 328 uno
1287 270 1602 361 imitemini
1673 268 1840 361 cogi-
1952 274 2140 345 velle;
2173 284 2474 351 quatenus
2519 294 2764 361 accepta
2795 268 3034 351 avobis
3077 295 3314 357 licentia
3343 268 3623 361 ccemete:

113 362 390 419 tationes
421 357 751 449 hominum
797 361 1220 433 pervidentem
1268 359 1592 418 Dominum
1635 359 1842 449 Salva-
1952 364 2110 422 rium
2139 373 2414 427 nostrum
2443 373 2522 429 ad
2567 392 2629 432 se
2660 357 3017 440 transferant
3043 385 3104 442 in
3135 357 3624 449 castellumI‘chi-

110 455 348 516 torem,
385 451 450 503 ut
504 447 723 503 dicatis
771 449 850 504 ad
901 450 1173 524 aliquem
1225 450 1400 506 vobis
1459 447 1838 517 unanimem,

112 537 672 614 quemadmodum
693 543 752 595 et
781 540 911 612 ipse
940 544 1108 597 Petro
1137 557 1150 594 :
1187 563 1214 589 ‹‹
1241 539 1397 606 Quid
1417 538 1626 595 dicunt
1645 537 1844 593 homi-

116 647 244 687 nes
291 629 368 685 de
416 628 572 684 me?
600 652 628 677 »
686 629 746 685 Si
791 646 938 686 vero
989 645 1362 703 responsum
1420 630 1551 701 ejus
1595 645 1668 684 ex
1717 627 1842 682 ﬁde

113 720 333 794 fuerit,
382 718 859 776 animadvertite
907 721 1165 793 qualiter
1213 719 1516 777 sonuerit:
1567 719 1618 774 si
1657 718 1840 786 clare,

118 809 435 867 custodite
493 823 573 864 ne
656 807 1048 878 obfuscetur;
1106 810 1155 865 si
1208 826 1350 866 vero
1392 809 1678 877 obscure,
1735 808 1844 865 lux

1955 455 2026 511 tis
2057 462 2258 515 autem
2299 462 2467 534 quod
2497 464 2544 519 si
2573 467 2677 538 qui
2708 471 3022 543 antiquam
3069 479 3306 535 Patrum
3338 482 3624 539 constitu-

1953 546 2179 604 tionem
2209 556 2444 608 mutare
2469 553 2699 628 volunt,
2729 574 2853 614 non
2877 577 3015 633 quae
3059 566 3182 637 Dei,
3205 568 3312 624 sed
3341 585 3476 642 quae
3513 588 3626 628 sua

1954 641 2114 707 sunt,
2146 646 2430 728 quaerunt
2462 661 2474 711 ;
2507 659 2796 716 rogamus
2835 666 2978 721 ergo
3028 661 3271 728 propter
3317 660 3505 716 Deum
3547 677 3624 717 ne

1954 727 2323 799 concedatis,
2354 735 2410 788 et
2457 749 2570 792 nos
2613 743 2952 810 opportune
2999 727 3356 804 memoriam
3407 749 3626 806 servitii

1952 817 2337 878 habebimus.

122 899 358 956 mundi
403 898 646 956 oranda
678 903 789 966 est,
837 899 1094 972 qualiter
1144 901 1226 958 ita
1258 899 1555 970 fulgeatis,
1588 903 1654 955 ut
1703 899 1841 954 uni-
2745 904 2833 960 lV.

121 991 332 1048 versis
380 991 440 1045 in
496 989 736 1060 gremio
805 989 1078 1047 Ecclesiae
1141 990 1478 1047 constitutis
1539 989 1620 1046 ad
1674 989 1842 1046 viam
1952 984 2230 1053 Epistota
2255 986 2518 1044 Jordani
2543 990 2806 1060 episcopi
2841 994 3270 1054 Lemovicensis
3312 997 3398 1054 ad
3442 998 3632 1059 Bene-

127 1079 578 1136 mandatorum
605 1079 708 1135 Dei
728 1079 1128 1149 gradiendam
1148 1081 1352 1137 lumen
1376 1079 1844 1153 prtebeatis.Sed
2024 1075 2252 1131 dictum
2279 1091 2506 1147 papam
2543 1079 2705 1147 VIII,
2740 1082 2812 1138 de
2832 1100 2952 1140 non
2973 1089 3256 1154 ponendo
3285 1089 3356 1144 S.
3381 1088 3637 1152 Martia-

129 1175 237 1227 est
269 1170 430 1226 fama
461 1169 572 1234 rei,
605 1185 748 1242 quae
780 1185 976 1242 nuper
1005 1170 1170 1244 apud
1201 1186 1306 1227 vos
1340 1171 1574 1240 accidit,
1607 1169 1682 1226 de
1713 1185 1841 1242 qua
2027 1166 2074 1220 li
2101 1167 2163 1221 in
2193 1183 2443 1224 numero
2475 1172 2880 1238 apostolorum
2912 1173 3009 1244 (4).

123 1260 287 1333 quis
317 1259 549 1325 adiens,
576 1259 626 1313 si
655 1274 783 1315 non
807 1259 1542 1327 scandalizantur,noverit
1565 1276 1626 1316 se
1656 1259 1839 1331 longe
2165 1257 2354 1325 [GalL
2389 1257 2612 1315 Christ.
2650 1260 2731 1327 II,
2760 1262 3050 1334 append.,
3082 1279 3226 1337 pag.
3267 1269 3433 1344 161.]

127 1349 225 1405 ab
251 1365 455 1405 amore
477 1363 752 1420 superno
773 1349 1398 1421 disparari.Quoniam
1419 1349 1553 1406 licet
1572 1354 1839 1422 potestas
2023 1346 2258 1401 Domno
2284 1361 2356 1403 ac
2394 1347 2740 1419 venerabili,
2772 1352 2893 1406 Deo
2924 1356 2981 1407 et
3006 1352 3388 1414 hominibus
3413 1361 3650 1447 dilecto,

127 1438 421 1494 Romanii
439 1437 848 1510 imperii,quae
871 1438 1015 1494 olim
1035 1438 1097 1493 in
1115 1439 1258 1495 orbe
1287 1445 1578 1496 terrarum
1595 1456 1840 1496 monar—
1948 1450 2126 1507 papa:
2173 1441 2384 1493 nostro
2433 1441 2758 1507 Bemamcro,
2800 1442 3088 1498 Roaems
3130 1444 3241 1500 Dei
3300 1458 3506 1520 gratia
3550 1437 3656 1524 rei;

119 1529 282 1584 ches
311 1527 520 1597 viguit,
550 1541 717 1581 nunc
744 1542 851 1599 per
879 1526 1117 1583 diversa
1149 1533 1441 1584 terrarum
1482 1529 1617 1584 loca
1648 1529 1828 1584 innu-
1871 1531 1910 1584 Β
1944 1532 2335 1595 Francorum,
2385 1530 2703 1584 Ουιιεωιυε
2747 1528 2872 1585 dux
2929 1532 3422 1614 Aquitanorum,
3453 1555 3648 1609 apem-

119 1617 321 1673 meris
341 1620 587 1686 regatur
618 1615 892 1688 sceptris,
915 1615 1144 1685 ligandi
1171 1616 1646 1691 solvendiquein
1669 1618 1822 1673 coelo
1932 1614 2256 1687 episcopus
2346 1615 2744 1687 Bituricensis,
2823 1619 3338 1694 archiepiscopus
3417 1638 3638 1694 Burde-

120 1712 191 1762 et
217 1707 284 1761 in
307 1710 459 1762 terra
481 1709 752 1778 potestas
773 1704 1067 1760 incumbit
1086 1706 1431 1776 magisterio
1454 1707 1822 1780 Petri.Atque
1931 1705 2212 1775 galensis,
2276 1707 2767 1780 archiepiscopus
2825 1711 3210 1779 Turonensis,
3289 1734 3631 1797 omnesque

116 1796 364 1856 idcirco
406 1795 522 1850 ista
551 1793 844 1861 diximus,
878 1798 944 1850 ut
964 1794 1456 1852 animadvertetis
1499 1813 1623 1852 non
1651 1797 1824 1853 aliter
1931 1809 2141 1849 eorum
2219 1795 2612 1866 suﬂ‘raganei,
2673 1812 2778 1851 nec
2831 1813 2957 1854 non
3017 1804 3366 1861 ISEMBERTL'S
3442 1793 3628 1866 Picta-

127 1889 378 1942 Grtecos
391 1901 582 1958 quam
600 1883 958 1954 cenodoxia,
980 1885 1094 1939 hoc
1111 1885 1278 1956 quod
1296 1886 1640 1942 audivimus
1658 1887 1825 1960 apud

127 1993 257 2031 vos
284 1974 606 2047 requirere,
631 1973 1064 2045 impetravisse.
1092 1976 1170 2028 De
1201 1979 1418 2032 caetero
1445 1992 1691 2049 quoque
1713 1992 1821 2049 op-

137 2073 366 2135 tamus,
393 2065 478 2119 uti
508 2062 917 2120 universalem
937 2062 1107 2119 decet
1130 2065 1473 2136 antistitem,
1495 2083 1602 2122 vos
1624 2066 1822 2122 acrius

129 2156 202 2211 in
252 2154 621 2227 correptione
655 2159 712 2209 et
755 2152 1077 2225 disciplina
1126 2151 1345 2210 sanetae
1376 2161 1433 2212 et
1482 2156 1825 2229 apostolicae

125 2244 421 2303 Ecclesiae
460 2243 680 2316 vigere,
705 2246 1044 2314 mterneque
1093 2248 1150 2298 et
1194 2243 1438 2300 feliciter
1488 2245 1548 2300 in
1596 2244 1824 2302 Christo

125 2334 369 2391 valere.

958 2423 1024 2479 ll.

123 2513 432 2585 Ejusdem
463 2513 545 2570 ad
577 2512 870 2572 eumdem.
903 2543 974 2552 -—
1001 2513 1318 2570 Invenitur
1346 2515 1406 2570 in
1434 2513 1822 2571 Simoniacos.

576 2604 860 2674 [MA31LL.,
895 2602 1036 2658 ibid.
1070 2613 1210 2674 pag.
1243 2605 1391 2675 330.]

213 2693 462 2756 Parcite,
492 2709 722 2765 quaeso,
757 2691 1002 2763 parcite,
1021 2692 1126 2763 qui
1157 2691 1426 2749 dicimini
1457 2694 1548 2749 sal
1582 2698 1748 2750 terrte
1772 2697 1828 2749 et

127 2763 250 2841 lux
281 2763 530 2840 mundi:
553 2780 822 2838 Sufﬁciat
852 2780 1203 2837 hominibus
1238 2783 1367 2853 jam
1399 2783 1584 2839 semel
1632 2783 1826 2840 Chris-

1929 1883 2155 1953 vensis,
2209 1889 2511 1942 ARNALDUS
2554 1887 3100 1956 Petroguoricensis
3137 1893 3411 1962 ;JESOLO,
3475 1900 3616 1965 Roo,

1932 1972 2246 2045 caeterique
2300 1990 2512 2030 eorum
2563 1973 2912 2044 confratres,
2954 1980 3238 2036 Joannes
3291 1983 3616 2056 episcopus

1932 2061 2397 2132 Lemovicensis,
2452 2065 2556 2138 qui
2616 2064 2774 2120 hanc
2848 2065 3119 2124 chartam
3180 2071 3440 2127 scribere
3491 2073 3618 2141 jus-

1933 2152 2024 2219 sit,
2056 2152 2118 2208 hi
2150 2168 2367 2212 omnes
2399 2155 2628 2210 domno
2657 2154 2988 2227 apostolico
3033 2157 3289 2216 salutem
3332 2165 3387 2215 et
3435 2158 3615 2215 dilec-

1935 2238 2180 2295 tionem.

2005 2329 2334 2388 Dominum
2365 2337 2640 2388 nostrum
2681 2335 2882 2390 Jesum
2926 2336 3223 2393 Christum
3277 2337 3501 2392 scimus
3555 2338 3616 2390 et

1934 2419 2238 2476 credimus
2281 2421 2606 2478 duodecim
2652 2422 2766 2478 sibi
2814 2423 3064 2493 elegisse
3108 2426 3438 2498 apostolos,
3481 2421 3612 2494 qui-

1932 2504 2048 2560 bus
2091 2503 2261 2561 dedit
2307 2512 2664 2579 potestatem
2709 2507 2935 2577 ligandi
2978 2515 3157 2582 atque
3199 2507 3512 2573 solvendi;
3540 2520 3614 2560 ex

1933 2593 2158 2666 quibus
2185 2595 2400 2652 cecidit
2427 2613 2587 2652 unus
2619 2596 2864 2654 nomine
2887 2598 3090 2666 Judas,
3120 2599 3181 2656 in
3209 2599 3384 2669 cujus
3410 2595 3613 2650 locum

1935 2683 2131 2739 caeteri
2161 2686 2420 2757 apostoli
2446 2685 2755 2756 elegerunt
2784 2686 2968 2743 alium
3019 2689 3266 2745 nomine
3307 2683 3614 2746 Mathiam,

1935 2779 2001 2829 ut
2027 2773 2386 2831 duodenum
2430 2781 2834 2833 restaurarent
2857 2793 3182 2834 numerum
3211 2796 3226 2844 ;
3259 2776 3322 2831 in
3352 2785 3617 2845 quorum

130 2880 276 2930 tum
307 2872 487 2929 fuisse
517 2871 833 2928 venditum
861 2887 972 2944 pro
1012 2873 1321 2928 communi
1365 2873 1556 2930 salute
1589 2873 1825 2928 univer-
1865 2885 1906 2941 c
1935 2866 2307 2922 CODSOI'tium
2333 2867 2621 2923 DominuS
2644 2872 2846 2923 noster
2867 2868 3018 2924 alios
3048 2864 3438 2942 εθρῐιιδεὶῐιιει
3463 2860 3619 2916 duos

132 2977 376 3018 sorum.
410 2965 539 3017 Jam
570 2961 730 3017 enim
763 2959 989 3030 refugae
1019 2960 1139 3017 veri
1169 2961 1433 3032 luminis,
1467 2961 1598 3018 solo
1628 2962 1828 3018 nomi-

129 3068 220 3108 ne
252 3057 548 3124 pastores,
605 3049 764 3107 ovile
797 3048 1030 3118 Christi,
1059 3050 1182 3106 imo
1228 3051 1504 3108 membra
1534 3051 1709 3117 illius,
1743 3051 1826 3106 vi-

131 3143 282 3198 dete
301 3145 434 3214 post
452 3157 557 3197 vos
584 3157 710 3214 quo
737 3143 902 3195 eunt.
921 3139 977 3196 Si
995 3140 1166 3210 juxta
1193 3141 1418 3197 fontem
1447 3146 1603 3214 tepet
1632 3141 1824 3214 rivqs,

133 3231 202 3286 in
255 3207 658 3303 longinquum
716 3229 896 3286 fetere
945 3207 1090 3285 nulli
1141 3230 1397 3286 dubium
1447 3207 1554 3286 est.
1601 3207 1825 3286 Idcirco

135 3336 294 3377 cura
346 3319 715 3392 quibusdam
771 3317 1052 3374 venditur
1119 3319 1196 3375 ad
1252 3336 1428 3375 suum
1496 3319 1820 3375 interitum.

135 3410 292 3466 Volo
325 3426 433 3466 vos
464 3415 737 3484 pastores
782 3425 852 3466 ac
881 3409 1197 3482 pontiﬁces
1224 3427 1435 3466 omnes
1467 3410 1527 3466 in
1558 3427 1826 3466 commu-

133 3518 222 3557 ne
241 3499 462 3571 judicis
493 3499 752 3556 securim
780 3499 1084 3571 gestantis,
1105 3504 1240 3556 ante
1267 3501 1522 3570 januam
1550 3499 1825 3556 assisten-

140 3590 224 3645 tis
253 3603 571 3645 memores.

935 3683 1025 3734 lll.

133 3768 482 3826 [latinardi
555 3768 789 3826 abbatis
861 3769 1060 3825 sancti
1107 3768 1372 3838 Benigni
1434 3769 1681 3838 epistola
1743 3768 1825 3824 ad

608 3859 902 3915 Joannem
932 3873 1157 3928 papam
1192 3859 1354 3915 XIX.

270 3948 547 4017 [Manum
580 3947 808 4002 Annal.
841 3947 1064 4002 Bened.
1107 3947 1204 4014 IV,
1237 3946 1508 4019 Append.
1546 3947 1694 4017 728.]

217 4037 473 4093 Domino
505 4041 714 4092 sancto
741 4035 919 4092 totius
957 4035 1121 4092 orbis
1153 4036 1466 4105 magistro,
1499 4039 1700 4092 JOANNI
1740 4036 1823 4093 vi-

133 4126 380 4196 delicet,
421 4125 742 4182 universali
787 4141 986 4199 papae,
1031 4130 1086 4181 et
1116 4125 1358 4181 humilis
1391 4125 1582 4182 abbas
1626 4129 1822 4200 potes-

1937 2954 2050 3009 sibi
2097 2953 2293 3026 elegit,
2325 2972 2481 3028 quos
2511 2962 2567 3012 et
2596 2955 2922 3028 discipulos
2973 2959 3240 3025 vocavit,
3275 2969 3349 3010 ex
3395 2949 3620 3026 quibus

1935 3043 2149 3100 beatus
2197 3048 2401 3102 Petrus
2456 3046 2737 3119 princeps
2786 3047 3208 3118 apostolorum
3264 3060 3459 3102 unum
3507 3041 3624 3101 sibi

1937 3134 2112 3204 elegit
2140 3135 2386 3190 nomine
2416 3135 2761 3201 Martialem,
2792 3136 2896 3207 qui
2928 3153 3052 3193 una
3104 3153 3254 3192 cum
3301 3135 3378 3193 ilo
3417 3135 3625 3196 aderat

1935 3228 2072 3278 ante
2110 3224 2491 3296 praesentiam
2551 3224 2786 3280 Domini
2833 3226 3021 3281 nostri
3057 3229 3207 3280 Jesu
3256 3227 3510 3299 Christi;
3565 3233 3623 3287 et

1935 3312 2016 3368 ad
2045 3328 2281 3368 coenam
2311 3317 2367 3368 et
2398 3312 2742 3384 ubicunque
2786 3313 3078 3370 Dominus
3121 3321 3334 3374 noster
3372 3319 3618 3395 aliquod

1935 3400 2058 3455 suis
2089 3401 2375 3474 apostolis
2405 3401 2762 3458 ostendebat
2790 3403 3179 3471 miraculum,
3212 3405 3426 3466 beatus
3466 3414 3614 3469 Mar-

1933 3489 2087 3546 tialis
2131 3507 2270 3545 cum
2322 3492 2378 3546 S.
2425 3492 2594 3546 Petro
2636 3490 2916 3546 interfuit.
2973 3491 3090 3548 Sed
3148 3501 3288 3564 post
3339 3505 3614 3560 sanctam

1933 3579 2170 3635 Domini
2230 3580 2730 3636 resurrectionem
2787 3596 2858 3636 ac
2920 3581 3340 3642 ascensionem
3396 3587 3610 3648 beatus

1932 3670 2226 3738 Martialis,
2253 3669 2359 3742 qui
2385 3669 2494 3726 fuit
2515 3686 2588 3726 ex
2614 3671 2997 3742 septuaginta
3022 3671 3267 3729 duobus
3295 3676 3606 3751 discipulis

1931 3774 2110 3825 unus,
2141 3758 2318 3813 beato
2371 3760 2538 3814 Petro
2593 3758 2977 3825 adhaerebat;
3039 3773 3225 3829 quem
3281 3765 3605 3824 Martialem

1930 3847 2145 3902 beatus
2174 3849 2376 3900 Petrus
2405 3862 2547 3902 cum
2595 3844 2838 3900 duobus
2867 3833 3235 3917 presbyteris
3284 3849 3603 3922 Alpiniano

1931 3940 1988 3993 et
2068 3932 2525 3991 Austricliniano
2603 3933 2888 3990 Gallicam
2965 3937 3204 4003 gentem
3274 3939 3602 4009 praedicare

1930 4023 2278 4080 transmisit.
2352 4021 2437 4078 llli
2506 4038 2650 4078 vero
2719 4021 2828 4078 iter
2907 4027 3244 4096 carpentes,
3312 4032 3651 4089 venerunt'

1931 4114 2166 4183 Elsam;
2221 4112 2304 4169 ibi
2353 4117 2628 4170 mortuus
2682 4116 2770 4167 est
2815 4111 3312 4170 Austriclinianus
3341 4131 3500 4174 unus
3527 4135 3600 4178 ex

132 4216 283 4274 tatis
351 4215 546 4272 Sancti
617 4215 881 4286 Benigni,
937 4231 1078 4271 cum
1149 4220 1268 4272 tota
1342 4216 1804 4286 congregatione
1838 4242 1884 4297 Ι)
1929 4203 2318 4279 presbyteris.
2371 4203 2513 4260 lnde
2568 4201 2767 4297 statim
2797 4203 3012 4258 beatus
3043 4203 3338 4297 Martialis
3361 4207 3601 4266 rediens

135 4308 494 4362 sanctorum
525 4303 727 4360 ﬁdelia
757 4304 1097 4360 orationum
1128 4304 1385 4360 servitia.
1466 4338 1468 4340 τ

219 4398 428 4450 Totum
459 4410 580 4450 non
612 4393 753 4450 latet
779 4393 1077 4450 mundum
1109 4397 1396 4450 Romanae
1443 4394 1683 4451 Ecclsire
1711 4412 1822 4468 pa-

135 4489 371 4541 storem
400 4482 731 4555 apostolica
765 4482 888 4539 vice
929 4483 1009 4539 ita
1038 4482 1226 4552 fungi,
1270 4487 1335 4538 ut
1374 4482 1540 4555 quod
1588 4482 1715 4556 ipse
1761 4485 1823 4540 in

132 4571 512 4631 eclesiastico
568 4571 777 4628 ordine
823 4571 1215 4643 constituerit,
1245 4576 1464 4640 ratum,
1495 4572 1710 4630 stabile
1767 4579 1824 4631 et

132 4655 486 4719 inviolabile
517 4665 898 4734 permaneret
922 4659 982 4715 in
1013 4677 1232 4716 aevum.
1269 4661 1530 4732 Dignum
1557 4677 1699 4732 ergo
1731 4679 1826 4736 est

134 4756 216 4808 ut
245 4749 557 4806 resolutori
584 4749 804 4806 civium
829 4749 1232 4824 philosogiam
1261 4750 1573 4818 virtutum,
1599 4751 1822 4809 scilicet

137 4839 568 4898 discretionem
587 4855 824 4912 semper
837 4838 1059 4896 habeat
1074 4856 1298 4910 secum,
1312 4857 1387 4896 ne
1409 4840 1680 4897 videlicet
1699 4841 1816 4911 ille,

139 4930 247 4988 cui
272 4933 533 5002 potestas
556 4928 943 4986 ecclesiarum
972 4929 1136 4999 data,
1154 4930 1269 4986 hoc
1299 4930 1650 5001 ignoranter
1676 4947 1816 5004 pro-

139 5026 285 5096 pter
311 5036 662 5078 susurrones
692 5020 1030 5088 constituat,
1057 5020 1224 5092 quod
1255 5036 1395 5076 cum
1421 5037 1631 5078 veram
1663 5022 1815 5078 anti-

141 5109 440 5183 quitatem
466 5109 698 5166 uoverit
715 5109 1017 5167 destruere
1043 5124 1168 5165 non
1198 5109 1447 5167 dubitet.
1471 5115 1591 5168 lloc
1614 5116 1815 5170 autem

143 5201 334 5272 patet,
356 5197 489 5254 ideo
513 5203 775 5255 vestram
795 5196 1276 5270 praeoccupando
1296 5196 1512 5255 faciem
1532 5199 1810 5269 dicimus,

144 5287 300 5360 quia
329 5287 600 5344 notitioni
646 5291 865 5344 nostra
895 5287 1274 5345 enucleatum
1302 5291 1410 5358 est,
1433 5289 1658 5346 vicinos
1701 5306 1811 5348 no-

148 5382 308 5436 stros
352 5378 676 5436 canonicos
725 5377 1128 5435 monasticum
1169 5377 1465 5435 honorem
1512 5377 1810 5436 inhiantes

1925 4300 2199 4368 Romam,
2232 4297 2440 4350 sancto
2482 4291 2759 4366 apostolo
2799 4308 2988 4348 unum
3018 4308 3090 4348 ex
3120 4294 3440 4352 comitibus
3475 4300 3598 4356 suis

1932 4391 2240 4442 mortuum
2297 4383 2630 4450 nuntiavit;
2673 4382 2769 4438 cui
2821 4381 3129 4456 apostolus
3179 4384 3305 4440 ait:
3355 4407 3382 4432 ‹‹
3416 4387 3595 4444 Sume

1932 4477 2037 4534 tibi
2064 4475 2352 4534 baculum
2394 4474 2595 4542 istum,
2628 4476 2686 4530 et
2715 4489 2855 4529 cum
2884 4471 3200 4545 pervenias
3245 4472 3323 4529 ad
3352 4489 3590 4546 corpus,

1933 4576 2111 4641 tange
2164 4567 2321 4624 istud
2351 4566 2466 4624 isto
2497 4581 2634 4622 meo
2681 4564 2920 4631 baculo,
2950 4567 3007 4618 et
3049 4561 3144 4618 dic
3179 4580 3191 4617 :
3223 4564 3297 4618 In
3354 4567 3594 4623 nomine

1931 4661 2174 4717 Domini
2191 4660 2382 4715 nostri
2397 4661 2531 4714 Iesu
2554 4655 2784 4714 Christi
2799 4651 3050 4723 surge,A
3060 4652 3590 4725 ustrictiane,Deus

1931 4750 2039 4807 erit
2069 4765 2270 4805 comes
2301 4747 2524 4804 itineris
2556 4745 2657 4801 tui.
2690 4767 2716 4793 ››
2762 4745 2973 4798 Beatus
3011 4741 3285 4798 Martialis
3309 4741 3480 4813 jussa
3530 4745 3585 4801 S.

1931 4838 2186 4914 apostoli
2233 4835 2522 4910 implevit,
2568 4832 2755 4902 tetigit
2782 4845 3000 4902 corpus
3042 4829 3501 4902 Austricliniani,
3533 4838 3591 4892 et

1929 4931 2130 4987 statim
2151 4943 2338 4984 sanus
2368 4926 2612 4982 effectus
2643 4926 2750 4990 est;
2769 4919 2906 4976 inde
2937 4917 3586 4993 proﬁciscentes,vene-

1927 5024 2069 5075 runt
2117 5014 2493 5073 Lemovicam
2542 5011 2856 5067 civitatem.
2911 5005 2996 5061 lbi
3048 5005 3405 5065 invenerunt
3463 5012 3586 5067 Ste~

1926 5109 2201 5182 phanum
2222 5105 2440 5161 ducem
2460 5117 2600 5159 cum
2619 5103 2742 5156 tota
2767 5095 2993 5153 familia
3014 5110 3126 5152 sua
3145 5095 3306 5152 idola
3330 5096 3586 5155 adoran-

1925 5205 2066 5266 tem,
2093 5212 2277 5270 quem
2298 5196 2496 5252 statim
2517 5186 2869 5259 evangelicis
2894 5183 3244 5257 praedicavit
3263 5185 3480 5260 verbis,
3504 5188 3584 5245 ad

1926 5285 2423 5347 Christianitatem
2454 5278 2760 5346 convertit,
2801 5279 2858 5332 et
2885 5289 3025 5331 cum
3054 5277 3178 5331 tota
3204 5274 3432 5332 familia
3473 5291 3585 5335 sua

1923 5375 2265 5452 baptizavit.
2297 5377 2362 5430 In
2403 5389 2475 5430 eo
2505 5374 2706 5430 autem
2735 5363 2958 5440 templo
2986 5363 3092 5422 ubi
3119 5364 3247 5439 ipse
3275 5363 3400 5422 dux
3445 5370 3581 5426 ante

222 5559 304 5634 (4)
327 5561 554 5626 Interea
582 5526 894 5620 Benedicto
921 5572 1084 5635 papa
1106 5556 1409 5632 defuncto,
1440 5558 1705 5637 epistolae
1734 5558 1982 5632 εἰοιιάαηί
2005 5557 2321 5636 respondit
2346 5557 2608 5621 Joannes
2633 5554 2758 5617 XIX.
