3996 6168
415 97 548 188 “59

1427 97 1832 166 GODEHARDI
1864 99 2176 161 EPISCOPI
2202 102 2825 164 HILDESHEIMENSIS

3744 101 3852 165 im

411 235 708 293 adcrabat
727 233 890 290 idola
909 247 1065 290 vana
1085 235 1144 288 et
1165 232 1372 304 surda,
1400 233 1614 289 beatus
1637 230 1914 290 Martialis
1936 244 2073 285 cum
2105 225 2152 282 Α
2181 230 2564 298 Francorum,
2622 230 3035 299 Alvernorum,
3097 219 3484 297 Vasconum,
3529 218 3857 303 Aquitano-

411 325 654 382 duobus
687 323 809 379 suis
837 323 1202 396 presbyteris
1228 323 1545 397 Alpiniano
1577 327 1634 379 et
1661 320 2072 390 Austricliano,

413 415 731 486 adiuvante
762 413 917 470 duce
951 413 1274 486 Stephano,
1303 413 1615 470 basilicam
1645 411 1992 478 construxit,
2020 413 2076 465 et

409 506 471 562 in
501 505 726 560 honore
756 504 819 560 B.
865 504 1149 576 Stephani
1191 504 1369 576 primi
1407 503 1687 575 martyris
1729 501 2027 558 dedicavit
2060 516 2072 568 ;

408 594 492 651 ibi
521 594 726 651 divina
747 593 1070 651 celebravit
1092 594 1396 666 mysteria,
1414 591 1956 663 admonuit,docuit
1976 607 2074 645 us-

406 701 526 757 que
546 684 695 740 dum
711 688 898 740 totam
913 683 1331 752 Aquitanicam
1349 689 1585 754 gentem
1603 681 1747 738 avia
1764 681 1976 737 erroris
1998 679 2076 736 ad

407 789 616 830 veram
645 773 853 843 vitam,
876 787 1013 845 qua:
1037 772 1298 829 Christus
1320 771 1742 844 est,perduxit;
1769 771 1976 826 tandiu
1995 769 2076 825 ibi

410 864 735 919 missarum
792 862 1086 918 solemnia
1143 862 1459 918 celebravit
1505 877 1700 933 usque
1743 861 1891 916 dum
1941 864 2075 916 ante

411 951 612 1024 ipsum
635 950 821 1008 altare
847 951 1304 1024 protomartyris
1327 950 1609 1024 Stephani
1630 949 1838 1016 ﬁnivit,
1859 955 1915 1005 et
1939 966 2076 1004 cum

411 1056 636 1112 magna
659 1039 1012 1112 angelorum
1029 1041 1358 1097 reverentia
1376 1040 1644 1096 animam
1664 1043 1782 1096 Deo
1798 1039 2073 1095 reddidit.

413 1134 540 1187 Dux
582 1145 724 1186 vero
784 1131 1120 1203 Stephanus
1164 1146 1302 1186 cum
1336 1146 1559 1201 magno
1590 1131 1819 1185 honore
1859 1145 2078 1202 corpus

409 1219 566 1275 illius
600 1219 762 1276 foras
805 1219 1101 1276 civitatem
1145 1220 1428 1292 sepelivit,
1456 1220 1516 1275 in
1541 1235 1612 1276 eo
1639 1219 1772 1274 loco
1813 1219 1918 1274 ubi
1948 1219 2078 1291 ipse

411 1315 652 1366 sanctus
681 1309 956 1366 Martialis
1003 1309 1315 1367 ecclesiam
1357 1310 1416 1365 in
1447 1310 1676 1365 honore
1711 1311 1765 1364 S.
1803 1308 1955 1364 Petri
1987 1308 2079 1364 sui

409 1395 679 1469 magistri
709 1397 1046 1455 aedificavit.
1083 1401 1137 1456 S.
1170 1398 1523 1455 Aurelianus
1555 1413 1865 1454 successor
1899 1397 2075 1467 illius,

409 1504 593 1560 quem
622 1488 749 1561 ipse
784 1489 838 1545 S.
891 1488 1166 1545 Martialis
1196 1489 1269 1544 de
1318 1489 1550 1545 inferno
1598 1488 1794 1559 traxit,
1830 1486 2075 1556 Ebulus,

2180 333 2342 385 rum,
2375 335 2512 374 cum
2542 320 2764 392 quibus
2803 337 2913 392 ego
2943 321 3027 376 fui
3055 321 3324 387 locutus,
3361 320 3787 394 comprobant
3823 319 3860 378 ei

2185 409 2547 466 conﬁrmant
2572 412 3017 467 sanctissimum
3069 410 3506 467 confessorem
3564 413 3865 468 Martialem

2183 512 2307 552 non
2335 497 2551 554 debere
2585 500 2787 557 tollere
2829 501 2902 556 de
2933 500 3032 556 illo
3079 500 3219 557 loco
3270 500 3382 556 ubi
3437 501 3651 556 sancti
3694 504 3868 557 Patres

2183 589 2239 640 et
2266 588 2451 643 nostri
2482 594 2885 646 antecessores
2914 607 3052 646 eum
3075 595 3472 663 posuerunt,
3511 595 3572 645 et
3604 606 3732 645 non
3759 607 3869 645 esse

2184 676 2586 748 apostolatum
2634 679 2752 734 nisi
2806 679 3154 735 auctoritate
3216 678 3737 752 comprobatum.

2182 764 2302 820 lem
2357 766 2563 823 dicunt
2617 768 2906 824 rationem
2956 785 2968 823 :
3032 792 3057 817 ‹‹
3112 769 3171 825 Si
3226 784 3348 838 ego
3407 770 3471 824 S.
3535 769 3868 839 Martialem.

2184 854 2289 926 qui
2321 853 2428 910 fuit
2454 872 2526 910 ex
2556 857 2931 928 septuaginta
2960 857 3225 923 duobus,
3255 858 3314 912 in
3354 873 3636 913 numero
3667 874 3872 930 ponam

2185 944 2621 1016 apostolorum,
2650 945 2730 1001 illi
2759 962 2969 1002 omnes
3015 947 3415 1020 septuaginta
3448 946 3622 1002 duos
3674 947 3736 1002 in
3782 965 3872 1002 nn-

2185 1049 2355 1088 mero
2384 1038 2619 1105 ponunt
2644 1035 3074 1107 apostolorum,
3108 1041 3166 1091 et
3209 1034 3319 1090 ubi
3351 1051 3582 1091 eorum
3643 1052 3873 1109 corpora

2187 1123 2573 1194 condiuntur,
2605 1123 2803 1198 ipsum
2833 1124 3033 1181 locum
3066 1141 3178 1197 pro
3209 1126 3587 1198 apostolatu
3617 1131 3829 1182 tenere.

2187 1213 2322 1268 Tibi
2370 1231 2531 1279 vero,
2583 1229 2696 1284 ego
2741 1215 3056 1282 Jordanus,
3114 1215 3228 1271 has
3282 1215 3534 1271 litteras
3591 1223 3769 1272 mitto
3817 1218 3874 1271 de

2186 1309 2357 1376 parte
2388 1304 2636 1360 istorum
2666 1305 3108 1378 praedictorum,
3139 1305 3302 1376 regis
3356 1306 3604 1362 scilicet
3640 1307 3874 1364 Boberti.

2188 1392 2478 1448 Guillelmi
2531 1393 2702 1450 ducis
2747 1395 3206 1467 Aquitanorum,
3261 1396 3872 1468 archiepiscoporum

2187 1483 2482 1551 omnium,
2535 1485 2809 1541 videlicet
2856 1485 3315 1557 catholicorum,
3377 1486 3496 1558 qui
3549 1487 3710 1542 mihi
3753 1503 3873 1542 cou-

407 1577 625 1646 Alicus,
683 1579 1152 1649 Ermogevianus
1193 1578 1431 1650 'aliique
1488 1579 1617 1649 ejus
1698 1593 2076 1633 successores
2115 1587 2155 1640 Β
2185 1573 2487 1629 tradicunt
2533 1591 2609 1630 ne
2654 1581 2926 1631 sanctum
2974 1575 3300 1631 Martialem
3356 1575 3418 1631 in
3478 1593 3756 1632 numero
3796 1593 3875 1648 po

410 1683 600 1739 usque
628 1666 865 1737 triginta
911 1684 1033 1723 sex.
1069 1671 1190 1738 Ego
1221 1683 1360 1723 vero
1406 1667 1698 1741 septimus
1746 1667 1850 1740 qui
1900 1683 2082 1722 vocor

407 1757 725 1826 Jordanus,
757 1758 1032 1813 omnium
1080 1758 1345 1813 intimus.
1381 1757 1449 1812 Hi
1502 1773 1714 1813 omnes
1747 1774 1857 1829 pro
1904 1772 2080 1812 sanc-

409 1846 638 1902 tissimo
679 1846 1018 1902 confessore
1050 1862 1190 1902 eum
1232 1846 1596 1902 habuerunt.
1629 1847 1902 1904 Similiter
1949 1863 2080 1903 om-

408 1950 516 1990 nes
547 1933 799 1990 abbates
830 1935 890 1990 in
921 1936 1051 2006 ejus
1100 1936 1465 1991 monasterio
1495 1936 1838 1991 habitantes
1888 1953 2080 2009 usque

408 2022 470 2079 in
499 2023 861 2080 hodiernum
893 2025 1072 2081 diem.
1111 2029 1220 2081 Iste
1267 2025 1479 2092 abbas,
1513 2025 1617 2098 qui
1645 2041 1808 2081 nunc
1836 2031 1945 2095 est,
1974 2043 2080 2081 no-

407 2113 588 2169 vitate
618 2111 926 2186 deceptus,
957 2115 1239 2188 superbia
1268 2115 1480 2187 elatus,
1511 2116 1673 2171 venit
1719 2117 1797 2172 ad
1824 2133 1940 2183 me,
1975 2109 2080 2189 qui

409 2219 545 2258 sum
588 2202 758 2258 vilior
799 2205 950 2260 meis
998 2205 1496 2271 antecessoribus,
1530 2205 1861 2278 deprecans
1911 2211 1975 2261 ut
2016 2209 2079 2262 in

409 2291 658 2348 consilio
687 2308 846 2361 meo,
880 2297 937 2348 et
983 2293 1044 2348 in
1075 2295 1311 2366 synodo
1359 2294 1807 2351 sanctissimum
1847 2296 2076 2352 confes-

409 2397 606 2437 sorem
635 2379 698 2436 in
729 2398 983 2438 numero
1010 2399 1298 2450 ponerem
1327 2384 1760 2456 apostolorum,
1793 2386 1956 2458 quod
1990 2386 2076 2441 fa-

409 2486 540 2527 cere
566 2471 753 2527 nolui.
779 2471 876 2527 llle
903 2489 1294 2545 perseverans
1327 2473 1517 2539 dictis,
1541 2474 1726 2530 ﬁdem
1755 2491 1942 2547 quam
1968 2476 2075 2532 ha-

406 2560 557 2631 buit,
594 2577 735 2618 cum
782 2562 1103 2618 duodecim
1156 2563 1469 2618 monachis
1507 2563 1662 2619 illius
1707 2566 2072 2635 monasterii,

407 2650 556 2706 mihi
583 2650 857 2724 promisit
883 2656 949 2708 ut
980 2669 1116 2708 cum
1149 2651 1496 2709 auctoritate
1523 2653 1585 2708 in
1630 2654 1794 2710 omni
1827 2655 2073 2710 consilio

407 2755 505 2795 me
544 2738 908 2796 defenderet.
971 2741 1093 2797 Hoc
1134 2741 1326 2798 facere
1393 2757 1515 2797 non
1571 2743 1764 2816 potuit
1819 2743 1880 2798 in
1937 2759 2075 2798 con-

411 2826 543 2881 silio
611 2826 902 2883 Guillelmi
968 2830 1404 2901 Aquitanorum
1489 2831 1658 2887 ducis
1693 2876 1706 2901 ,
1795 2832 2072 2889 audiente

2189 1679 2334 1719 nam
2380 1665 2809 1736 apostolorum.
2842 1669 2924 1722 Tu
2973 1671 3174 1721 autem
3224 1667 3274 1720 si
3325 1683 3535 1722 ausus
3587 1683 3659 1722 es
3709 1667 3874 1722 facere

2190 1755 2359 1827 quod
2413 1771 2536 1810 non
2583 1755 2850 1811 fecerunt
2898 1757 3084 1812 sancti
3142 1756 3222 1811 tui
3270 1763 3718 1813 antecessores
3765 1760 3875 1812 Gre-

2191 1844 2412 1914 gorius,
2467 1845 2756 1911 Clemens,
2800 1845 3159 1913 Bonifacius,
3187 1854 3246 1902 et
3294 1847 3481 1902 multi
3516 1847 3649 1916 alii,
3687 1854 3750 1903 ut
3788 1864 3876 1920 po-

2188 1941 2399 1990 nerent
2448 1935 2821 1991 confessorcs
2872 1936 3022 1992 inter
3072 1936 3413 2009 apostolos,
3464 1937 3520 1992 si
3567 1945 3872 2010 peccatum

2189 2030 2295 2091 est,
2330 2031 2499 2081 tuum
2545 2025 2656 2093 sit;
2690 2041 2803 2095 ego
2847 2042 2946 2082 ero
2991 2026 3145 2082 liber
3192 2043 3229 2082 a
3277 2027 3494 2100 culpa,
3529 2043 3746 2100 neque
3791 2028 3875 2082 ini—

2188 2115 2408 2188 quitas,
2431 2131 2625 2188 neque
2646 2120 2958 2189 peccatum
2983 2132 3183 2172 meum
3213 2135 3226 2185 ;
3253 2117 3588 2172 voluntate
3613 2117 3871 2173 omnium

2187 2205 2623 2277 Aquitanorum
2654 2204 2755 2260 tibi
2779 2205 3154 2273 monstrabo,
3176 2207 3325 2278 quia
3347 2206 3451 2263 ille
3478 2206 3691 2264 abbas
3724 2208 3875 2263 sedn-

2188 2299 2315 2350 ctor
2342 2295 2507 2351 nulla
2537 2294 2652 2351 alia
2684 2311 2869 2350 causa
2896 2295 3009 2351 hoc
3041 2295 3199 2367 facit,
3232 2296 3348 2351 nisi
3394 2297 3556 2369 quia
3615 2298 3749 2353 vult
3787 2299 3872 2352 de-

2188 2389 2411 2440 struere
2440 2386 2643 2440 scdem
2677 2384 3082 2457 episcopalem
3103 2386 3282 2459 primi
3305 2388 3642 2459 martyris,
3668 2393 3727 2444 et
3753 2404 3868 2460 apo-

2189 2474 2472 2530 stolatum
2506 2476 2560 2531 S.
2594 2475 2740 2529 Petri
2771 2474 3060 2531 advilare.
3095 2479 3201 2530 Per
3227 2475 3401 2532 istius
3436 2477 3684 2532 chartae
3715 2476 3864 2550 porti-

2185 2567 2376 2618 torem
2401 2563 2622 2618 litteras
2651 2561 2796 2617 mihi
2827 2563 3012 2634 mitte,
3047 2569 3102 2620 et
3150 2580 3256 2637 per
3306 2565 3533 2620 omnia
3593 2571 3766 2621 tuam
3789 2581 3867 2618 το-

2183 2654 2476 2709 luntatem
2507 2653 2653 2708 mihi
2683 2647 2928 2709 manda.
2966 2657 3086 2724 Ego
3119 2654 3194 2710 ad
3245 2669 3532 2726 praesens
3567 2661 3775 2712 tecum
3797 2654 3864 2709 lo-

2183 2741 2287 2814 qui
2317 2758 2441 2797 non
2473 2746 2697 2814 potero,
2729 2741 2834 2796 sed
2869 2747 3096 2813 quanto
3127 2743 3297 2799 citius
3330 2744 3492 2799 mihi
3529 2745 3648 2801 erit
3678 2761 3857 2818 posse,

2181 2831 2392 2887 limina
2419 2831 2607 2887 sancti
2637 2831 2785 2887 Petri
2820 2831 3021 2887 adibo.

409 2914 860 2988 archiepiscopo
900 2917 1268 2987 Bituricensi,
1312 2918 1635 2977 lsemberto
1694 2921 2067 2987 Pictaviensi,
2099 2943 2151 2997 ρ
2255 2923 2401 2976 Vare
2456 2919 2716 2990 viriliter,
2744 2935 2854 2990 age
2899 2921 3073 2990 jussa
3119 2924 3383 2992 Patrum,
3424 2922 3560 2978 noli
3595 2926 3859 2996 praevari-

409 3002 757 3076 caeterisque
796 3021 1006 3062 eorum
1066 3008 1483 3080 suifraganeis.
1528 3013 1748 3067 Omnes
1808 3011 2073 3085 episcopi

403 3181 1474 3218 m

2183 3026 2338 3066 care.

1739 3345 1910 3398 ANNO
1938 3343 2162 3399 DOMINI
2189 3345 2511 3399 MXXXVIII

789 3530 1788 3758 SANCTUS
1935 3535 3466 3764 GODEHARDUS

1570 3879 1834 3946 EPISCO
1845 3881 1980 3946 PUS
2003 3877 2682 3948 HlLDESHElMENSlS

1303 4127 1585 4235 VITA
1646 4131 1869 4241 SAN
1885 4133 2082 4240 ΟΤΙ
2140 4135 2857 4242 GODEHARDI

805 4357 1103 4429 Auctore
1129 4356 1492 4445 WOLFERO,
1526 4361 1674 4453 ejus
1703 4363 1955 4454 εφαιΙὶ
1982 4371 2046 4434 el
2079 4363 2429 4456 discapulo,
2463 4365 2762 4456 ejusdem
2789 4365 3084 4435 ecclesia:
3109 4368 3434 4437 canonico

1073 4555 1351 4635 (MABILL.
1386 4557 1524 4621 Act.
1559 4557 1818 4638 Bcned.,
1845 4562 1994 4639 VIII,
2026 4562 2166 4639 395,
2192 4580 2269 4627 ex
2300 4565 2438 4630 cod.
2472 4581 2588 4630 ms.
2623 4565 3154 4646 Compendiensi.)

1475 4757 2293 4852 OBSERVATIONES
2348 4761 2773 4852 PRIEVIIE

475 4956 692 5034 Praeter
719 4959 995 5034 sanctum
1016 4956 1468 5034 Bernwardum,
1488 4961 1662 5034 cujus
1681 4962 1873 5020 Vitam
1905 4979 2088 5034 supra
2110 4981 2337 5022 annum
2374 4971 2509 5024 {023
2541 4965 2842 5033 dedimus,
2865 4965 3164 5022 habemus
3184 4965 3302 5022 hoc
3324 4966 3557 5024 saeculo
3589 4969 3836 5026 alterum

406 5028 680 5085 Ecclesiae
709 5030 1073 5086 Germanicae.
1091 5029 1324 5112 lumen,
1357 5033 1524 5159 qluod
1549 5028 1725 5090 nobis
1757 5028 2102 5109 suppeditat
2131 5038 2656 5096 Hildesheimensis
2686 5028 2960 5095 Ecclesia.
2997 5043 3048 5093 ls
3077 5043 3169 5094 est
3197 5038 3632 5107 Godehardus,
3671 5043 3832 5112 cujus

406 5104 538 5156 acta
567 5100 647 5156 ab
673 5106 914 5158 auctore
941 5117 1105 5159 gravr
1129 5108 1187 5159 et
1212 5119 1388 5159 ωσυᾶ
1413 5104 1429 5158 i
1461 5105 1699 5159 scripta.
1735 5108 1963 5159 Surius-
1986 5111 2333 5159 Brouverns.
2367 5126 2438 5159 ae
2463 5111 2706 5159 tandem
2736 5108 3102 5159 Bollandiani
3134 5109 3290 5159 tvnis
3315 5111 3589 5159 edidere-
3635 5116 3715 5159 np
3742 5115 3832 5159 hu-

404 5104 546 5176 acta
558 5100 647 5176 fab
673 5106 918 5176 auctore
941 5101 1105 5172 gravi
1129 5108 1187 5160 et
1212 5119 1347 5176 aequ

1413 5104 1440 5182 i_
1461 5105 1699 5182 scripta,
1735 5104 1963 5182 Surius,
1984 5111 2333 5182 Brouverus,
2367 5126 2438 5167 ac
2463 5111 2708 5167 tandem
2735 5108 3104 5165 Bollandiani
3134 5109 3290 5182 typis
3315 5111 3590 5167 edidere.
3619 5104 3715 5169 De
3742 5104 3836 5169 hu-

397 5171 501 5250 j_us
527 5172 667 5228 Vitas
697 5171 1049 5250 auctoritate,
1071 5190 1250 5250 nemo
1281 5171 1550 5246 ambigit,
1577 5171 1858 5250 quamvis
1884 5171 1959 5235 de
1991 5180 2142 5235 illius
2173 5171 2430 5237 auctOris
2477 5183 2719 5238 nomine
2766 5197 2888 5235 non
2928 5181 2999 5235 sit
3027 5171 3472 5236 una'omnium
3520 5185 3833 5239 sententia.

405 5245 980 5325 Brouverus'quippe
1001 5249 1060 5325 et
1079 5245 1736 5325 Su‘riuseainﬁrnoldo
1762 5250 2002 5325 cuidam
2037 5252 2386 5325 attribuunt,
2420 5269 2488 5309 ex
2522 5253 2641 5308 ﬁde
2675 5252 2948 5325 codicum
2982 5251 3208 5325 aliquot
3235 5268 3382 5306 mss.
3415 5269 3489 5325 ex
3516 5256 3756 5325 quibus
3781 5269 3836 5307 se

403 5328 541 5369 eam
559 5314 941 5394 descripsisse
957 5321 1261 5394 testantur.
1280 5323 1351 5394 At
1372 5318 2080 5394 Bollandiani,c£eterique
2091 5314 2460 5394 recentiores
2485 5325 2800 5380 Woiferum
2822 5323 2952 5391 ejus
2969 5314 3312 5394 Vittérfuisse
3339 5314 3624 5394 prime
3646 5333 3839 5382 aucto-

401 5399 532 5473 rem
563 5385 952 5473 contendunt,
986 5404 1060 5473 ex
1083 5389 1414 5473 antiquiore
1443 5389 1648 5448 codice
1678 5385 2020 5473 Graeciensi-5'
2049 5393 2328 5473 abbatiae.
2357 5385 2955 5473 Prmterea_t_omowV_ll
2995 5393 3122 5473 Maii
3152 5393 3213 5473 in
3244 5385 3626 5473 appendice
3657 5397 3841 5454 alium

400 5456 546 5538 item
575 5456 841 5541 codicem
871 5456 1648 5541 laudant.Bainbergensem
1676 5463 2024 5541 scilicet,ul_)i
2052 5463 2222 5541 idem
2243 5466 2375 5522 Vitae
2401 5474 2609 5524 auctor
2651 5466 2976 5541 llfolferius
3007 5463 3224 5541 diserte
3247 5456 3486 5541 dicitur.
3513 5468 3843 5541 Cui_postec

400 5527 542 5617 riori
569 5529 871 5617 sententias
901 5530 1072 5617 facile
1090 5527 1482 5617 assentimur,
1507 5534 1554 5589 si
1585 5527 1946 5590 concedatur
1974 5535 2132 5617 hanc
2161 5538 2372 5617 Yitam,
2409 5555 2546 5611 qua:
2590 5554 2626 5617 a
2650 5527 3214 5617 Wolieronprimitus
3243 5537 3598 5617 conscripta
3627 5527 3835 5617 fuerat,

398 5601 611 5674 postea
633 5600 712 5662 ab
739 5599 1001 5662 Arnoldo
1025 5601 1306 5664 reiectam
1336 5599 1533 5678 fuisse,
1558 5621 1594 5664 a
1618 5622 1740 5682 quo
1769 5606 2064 5668 nonnulla
2092 5599 2404 5681 miracula,
2427 5599 2562 5685 quae
2590 5609 2654 5669 in
2681 5607 2862 5683 priori
2893 5599 3014 5664 Vita
3049 5599 3579 5681 desiderabantur,
3600 5599 3838 5683 adjecta
