3998 6176
472 145 605 200 1163

1427 137 1481 189 8.
1525 132 1932 190 GODEHARDI
1974 120 2292 182 EPISCOPI
2332 130 2932 192 HIDESHEIMENSIS.

3761 143 3863 199 “Si

463 267 713 325 liaritate
741 269 798 322 et
821 260 1118 334 colloquio
1171 259 1390 333 saepius
1440 253 1670 324 utebar,
1732 258 1807 324 et,
1862 253 1911 309 si
1965 247 2118 309 Deus
2156 250 2203 305 A
2228 267 2336 309 nec
2364 258 2709 329 evangelica
2737 259 2837 317 illa
2862 261 3203 317 Chananaea
3227 260 3688 330 erubuerit,imo
3715 269 3775 319 et
3797 282 3869 333 ga-

465 357 832 431 quandoque
867 351 1236 420 dignaretur,
1298 347 1427 420 ejus
1469 346 1781 419 veriloqua
1838 338 2120 399 relatione

463 448 543 504 ad
569 448 683 502 hoc
710 444 911 516 ipsum
938 439 1291 496 instituebar
1322 456 1336 506 ς
1376 438 1481 511 qui
1510 440 1665 493 certe
1694 435 1747 490 ei
1777 433 1855 490 ab
1882 433 2018 505 ipsa
2034 431 2122 486 in-

462 535 650 591 fantia
671 531 832 588 ﬁdeli
856 528 1187 586 ministerio
1214 544 1451 602 semper
1478 525 1843 591 adhaerebat,
1860 536 2122 594 eumque

461 639 642 679 sacrae
699 618 1047 678 eruditionis
1102 616 1325 676 litteras
1376 617 1609 692 primus
1658 613 2008 680 instruebat,
2065 615 2122 666 et

457 710 666 769 omnia
685 711 815 783 ejus
843 709 1003 766 dicta
1024 713 1083 766 et
1126 708 1285 765 facta
1335 723 1529 781 usque
1582 705 1661 762 ad
1701 701 2119 761 monachicam

458 801 901 876 professionem
926 803 985 856 et
1011 801 1193 856 etiam
1226 799 1305 855 ad
1333 796 1743 872 pontiﬁcalem
1795 791 2120 867 promotio-

457 905 600 947 nem
629 891 757 964 ipse
788 888 1003 945 melius
1033 892 1305 945 noverat.

528 985 582 1036 2.
618 978 734 1038 Sed
763 983 820 1035 et
844 995 956 1050 ego
985 977 1160 1035 solito
1188 978 1399 1050 priscae
1428 974 1782 1032 obedientiaz
1842 988 2027 1037 inore,
2070 969 2115 1025 si

457 1070 605 1143 quid
625 1070 773 1126 forte
798 1069 891 1125 vel
919 1072 1130 1141 aptum
1158 1066 1251 1124 vel
1277 1067 1550 1138 ineptum
1564 1064 1890 1137 compilare
1907 1060 2116 1134 quive-

456 1160 591 1227 rim,
619 1158 815 1231 primo
835 1156 1145 1227 sagacitati
1178 1160 1293 1213 tuae
1327 1154 1537 1211 merito
1591 1151 1967 1209 offerendum
2019 1149 2117 1205 de-

459 1248 636 1315 crevi,
669 1251 734 1303 ut
758 1252 912 1303 certe
942 1263 1049 1320 per
1096 1250 1149 1301 te
1202 1248 1397 1301 errata
1440 1243 1831 1312 corrigantur,
1890 1239 2117 1296 hiantia

460 1335 875 1409 suppleantur,
900 1335 1205 1408 superﬂua
1220 1334 1593 1399 diradantur,
1620 1329 1959 1388 necessaria
1983 1345 2118 1401 sup-

455 1430 779 1498 ponantur,
815 1430 871 1481 et
899 1424 1003 1481 ubi
1033 1423 1418 1489 deviaverim,
1442 1421 1609 1494 quod
1637 1422 1823 1477 fateor
1843 1417 2013 1473 facile
2028 1416 2113 1481 ﬁt,

454 1515 746 1571 stoliditas
776 1529 915 1571 mea
942 1514 1183 1570 veniam
1212 1515 1638 1584 consequatur,
1670 1509 1815 1582 quin
1862 1513 1919 1563 et
1973 1523 2116 1562 con-

2231 342 2359 400 visa
2386 346 2459 403 sit
2485 364 2549 404 se
2581 366 2618 406 a
2644 351 2897 406 Domino
2919 349 3173 405 canibus
3200 353 3559 423 comparari,
3579 368 3699 408 nec
3719 354 3870 411 etiam

2235 434 2482 491 Lazarus
2513 443 2746 511 spretus
2774 456 2811 495 a
2838 439 3019 495 divite
3048 440 3343 496 horruerit
3381 441 3471 495 his
3520 441 3869 512 [ingentibm

2230 524 2562 583 consolari!
2618 532 2763 585 Nam
2820 533 3116 601 quantum
3174 529 3363 584 brutis
3422 530 3869 591 sxcellentiores.

2231 614 2463 672 tantum
2519 616 2977 674 rationabilibus
3038 622 3178 673 sunt
3238 618 3732 691 propinquiores.
3782 624 3869 676 Nec

2229 706 2438 762 saltem
2462 723 2643 780 super
2662 708 2776 764 hoc
2794 707 3065 763 ﬁdelium
3084 707 3339 780 quisque
3360 712 3710 778 moneatur,
3733 714 3869 781 quod

2228 814 2264 853 a
2292 798 2587 869 praedictis
2612 797 2956 855 illusoribus
2987 797 3236 853 fatuitati
3268 814 3414 853 meae
3433 798 3743 869 obiicitur,
3770 815 3867 855 non

2226 886 2434 942 decere
2453 890 2580 943 tam
2605 886 2874 959 prmelari
2903 902 2973 943 ac
2992 886 3243 958 insignis
3271 886 3381 942 viri
3408 887 3591 959 quasi
3620 887 3869 943 inﬁmam

2228 975 2642 1045 genealogiam
2673 980 2750 1045 (-i)
2782 976 3115 1033 diffamare.
3151 975 3255 1032 sed
3288 976 3503 1046 magis,
3540 982 3608 1032 ut
3638 976 3748 1049 ipsi
3776 997 3863 1051 pu-

2230 1070 2372 1135 tant,
2394 1067 2456 1121 in
2485 1066 2729 1122 laudem
2753 1067 2884 1137 ejus
2916 1066 3149 1122 silendo
3181 1066 3373 1121 celare
3402 1083 3414 1120 :
3467 1082 3616 1121 cum
3647 1067 3866 1138 quilibet

2226 1172 2441 1212 sanum
2468 1156 2765 1229 sapientes
2792 1168 2915 1211 non
2945 1156 3098 1212 adeo
3128 1154 3438 1211 attendant
3467 1170 3696 1211 vanam
3717 1172 3861 1226 gene-

2225 1247 2483 1303 rositatis
2508 1247 2881 1319 jactantiam,
2912 1263 3102 1319 quam
3130 1245 3424 1302 utiliorem
3454 1244 3684 1302 divina:
3713 1248 3863 1319 inspi-

2224 1335 2472 1392 rationis
2505 1335 2984 1408 praerogativam,
3015 1334 3238 1408 quibus
3267 1338 3421 1390 certe
3454 1351 3644 1391 nemo
3676 1336 3860 1391 nobilis

2224 1426 2458 1482 videtur
2486 1426 2599 1481 nisi
2619 1442 2803 1499 quem
2832 1426 3022 1481 virtus
3051 1425 3364 1482 nobilitare
3389 1426 3708 1499 probatur,
3746 1443 3856 1481 cum

2199 1515 2513 1588 ~scriptum
2540 1516 2649 1570 sit:
2693 1514 2805 1572 Ubi
2827 1516 3091 1584 Spiritus
3119 1516 3378 1585 Domini,
3398 1516 3491 1570 ibi
3543 1515 3775 1571 libertas
3798 1517 3860 1571 (Il

455 1609 546 1660 ira
570 1604 989 1661 insultantium
1018 1602 1356 1658 irrisionem
1382 1598 1746 1656 auctoritatis
1787 1596 1964 1653 tantae
2016 1595 2116 1651 de-
2158 1608 2197 1666 Β
2227 1608 2364 1662 Cor.
2396 1609 2496 1672 Ill).
2532 1602 2598 1661 Et
2638 1605 2935 1677 propheta
2964 1603 3106 1660 dicit
3154 1623 3168 1660 :
3224 1606 3516 1660 Dominus
3562 1619 3851 1674 pauperem

455 1693 722 1749 fensione
752 1693 1076 1749 muniatur.
1111 1694 1259 1749 Cum
1284 1696 1502 1753 tamen,
1531 1689 1648 1744 Deo
1681 1692 1845 1757 teste,
1865 1703 1976 1760 pro
2000 1686 2113 1741 hoc

455 1784 703 1840 minime
732 1798 1000 1853 movear,
1025 1782 1075 1837 si
1103 1780 1240 1854 quis
1266 1796 1363 1836 me
1391 1779 1598 1836 talium
1629 1777 1819 1833 elatus
1877 1775 2117 1831 irriserit

454 1872 550 1928 vel
572 1871 943 1927 inurbanum
971 1870 1309 1943 quidquam
1340 1868 1635 1924 eonﬂasse
1664 1865 1980 1921 verbosius
2007 1863 2115 1919 ob-

449 1962 675 2033 jecerit,
698 1964 764 2017 ut
804 1964 1039 2016 tantum
1087 1958 1368 2015 studiosis
1415 1963 1473 2014 et
1524 1960 1710 2013 Deum
1768 1953 2115 2011 timentibus

457 2049 789 2123 simplicem
821 2048 1081 2115 veritatis
1141 2047 1498 2104 sententiam
1550 2044 2005 2114 construxerim,
2061 2045 2118 2099 et

455 2140 548 2196 his
574 2139 677 2212 qui
708 2140 877 2209 forte,
912 2138 1160 2211 Spiritus
1184 2136 1417 2193 Domini
1441 2135 1828 2209 inspiratione
1845 2149 2117 2189 annuen—

457 2235 531 2297 te,
564 2234 698 2303 post
726 2230 838 2285 hoc
877 2228 1025 2284 dum
1054 2228 1206 2283 livor
1230 2227 1467 2283 invidiae
1492 2224 1699 2281 nubila
1738 2222 2115 2296 praetendens

458 2319 756 2386 occiderit,
780 2316 1048 2391 praedicti
1078 2316 1353 2373 antistitis
1384 2319 1562 2370 Actus
1584 2318 1640 2369 et
1684 2314 1871 2368 Vitam
1921 2310 2122 2368 condi-

458 2425 580 2480 gna
608 2407 938 2465 reverentia
958 2406 1359 2462 condecorare
1379 2403 1655 2460 noverint
1696 2408 1753 2458 et
1804 2401 2117 2471 voluerint,

458 2514 660 2553 rerum
680 2514 753 2553 ex
782 2501 1124 2570 temporum
1154 2500 1385 2552 certum
1409 2493 1684 2550 ordinem
1723 2490 2116 2565 depinxerim.

461 2590 614 2645 More
646 2586 943 2660 siquidem
974 2585 1299 2656 sagacioris
1329 2584 1516 2651 canis,
1549 2582 1651 2655 qui
1702 2586 2001 2637 annuente
2026 2596 2121 2636 ve-

461 2679 690 2747 natore,
730 2674 826 2731 vel
850 2678 1022 2742 nutu,
1053 2673 1148 2729 vel
1179 2672 1353 2743 signo
1383 2671 1663 2732 emissus.
1684 2671 1807 2725 tota
1833 2668 1928 2723 die
1956 2666 2121 2722 inde-

463 2767 725 2822 sinenter
748 2768 807 2820 et
830 2762 1004 2836 quasi
1032 2759 1478 2831 infatigabiliter
1496 2758 1751 2824 laborat,
1780 2773 1901 2811 non
1916 2760 1982 2811 ut
2008 2755 2122 2810 sibi

464 2853 871 2922 solummodo,
902 2852 1071 2925 quod
1117 2866 1228 2905 nec
1284 2848 1615 2921 praesumit,
1660 2847 1930 2919 praedam
1984 2845 2124 2901 arri-

2223 1697 2372 1766 facit
2407 1701 2459 1752 et
2490 1696 2665 1765 ditat,
2698 1696 2946 1750 suscitat
2986 1693 3060 1750 de
3103 1694 3355 1763 pulvere
3402 1710 3682 1764 egenum,
3736 1696 3854 1751 ριώξ

2223 1792 2483 1842 stercore
2500 1786 2673 1855 erigit
2701 1799 3049 1854 pauperem,
3081 1789 3147 1838 ut
3183 1784 3384 1839 sedeat
3411 1799 3554 1839 eum
3603 1785 3848 1853 praeeipi-

2228 1875 2351 1942 bus,
2381 1879 2435 1931 et
2464 1875 2675 1930 solium
2705 1874 2920 1944 gloriae
2940 1879 3136 1929 teneat
3160 1873 3218 1939 (Ι
3238 1874 3379 1943 Reg.
3404 1873 3488 1943 ιι).
3516 1872 3686 1938 Quod
3703 1873 3757 1928 in
3774 1872 3849 1928 illo

2223 1963 2511 2019 veraciter
2575 1961 2890 2035 impletum
2954 1977 3085 2017 esse
3107 2004 3121 2031 ,
3188 1965 3311 2017 tota
3373 1966 3590 2017 sancta
3668 1960 3808 2016 Eccle
3832 1992 3849 2000 -

2227 2054 2314 2109 sia
2342 2057 2505 2121 teste,
2525 2051 2942 2121 describimus,
2973 2051 3119 2123 quia
3147 2068 3287 2106 eum
3315 2068 3424 2124 per
3461 2052 3600 2108 vias
3627 2067 3662 2107 a
3694 2050 3847 2106 Domi-

2224 2160 2304 2198 no
2325 2143 2652 2199 deductum
2669 2147 2884 2209 rectas,
2913 2141 3049 2196 etin
3071 2145 3397 2213 conspectu
3416 2155 3639 2210 regum
3653 2141 3843 2209 magni-

2225 2231 2492 2300 ﬁcatum,
2552 2247 2689 2287 cum
2740 2229 3110 2304 principibus
3154 2229 3409 2299 gloriose
3438 2229 3781 2293 consedisse,
3805 2235 3844 2283 et

2227 2321 2377 2377 inter
2406 2320 2726 2393 principes,
2751 2318 3109 2391 sapientiam
3136 2317 3403 2374 locutum
3420 2334 3579 2385 esse,
3602 2322 3655 2373 et
3670 2317 3839 2372 solium

2230 2410 2430 2481 gloriae
2461 2410 2702 2466 feliciter
2730 2408 2990 2466 tenuisse
3018 2406 3295 2462 vidimus.
3329 2407 3502 2463 Unde
3540 2411 3597 2462 et
3638 2423 3673 2463 a
3715 2405 3836 2461 nullo

2228 2500 2498 2556 fidelium
2525 2499 2833 2555 dubitatur
2861 2498 3022 2571 quod
3057 2495 3241 2552 modo
3268 2497 3326 2552 in
3355 2501 3701 2552 sanctorum
3720 2494 3828 2550 ordi-

2230 2608 2306 2647 ne
2329 2591 2712 2648 sacerdotum
2738 2602 2943 2644 coram
2970 2587 3200 2645 Christo
3230 2587 3437 2659 procul
3485 2587 3671 2643 dubio
3718 2586 3837 2641 ltela-

2234 2688 2345 2739 tur.
2378 2682 2432 2737 Si
2455 2697 2597 2752 ergo
2621 2680 2751 2751 jam
2778 2678 2991 2735 frivola
3011 2677 3391 2751 loquacitatis
3418 2694 3575 2734 meae
3603 2675 3837 2733 sententia

2234 2773 2387 2828 ultra
2415 2771 2639 2826 licitum
2669 2769 2762 2825 vel
2787 2768 3074 2842 placitum
3096 2767 3567 2823 sermocinando
3583 2765 3837 2840 processit

2233 2862 2399 2934 quod
2430 2865 2583 2916 certe
2604 2858 2888 2915 timiditas
2917 2857 3125 2913 omnia
3151 2856 3332 2912 etiam
3359 2861 3489 2912 tuta
3516 2857 3712 2912 timens
3736 2854 3839 2909 effe-

464 2946 609 3017 piat,
642 2943 748 3000 sed
776 2946 843 2997 ut
863 2939 1131 3013 jubentis
1158 2938 1390 2994 domini
1416 2936 1715 2991 ludicram
1753 2936 2121 2991 voluntatem
2165 2960 2206 3016 α
2234 2951 2329 3018 οη,
2361 2956 2425 3006 ω
2455 2954 2622 3006 pater
2650 2953 2707 3005 et
2735 2947 2945 3004 ἀοοιοιι
2968 2946 3222 3018 egregie,
3248 2948 3357 3017 qui
3388 2948 3503 3002 hoc
3531 2962 3647 3002 non
3685 2944 3839 2999 solum

464 3032 754 3107 perﬁciat,
776 3045 983 3085 rarum
1013 3026 1235 3083 scilicet
1262 3030 1319 3082 et
1336 3024 1643 3081 insolitum
1683 3024 1975 3097 quiddam
2033 3041 2127 3079 ca-

465 3121 708 3196 piendo,
739 3119 900 3175 unde
929 3132 1054 3175 non
1084 3115 1281 3173 solum
1307 3115 1591 3171 dominus
1644 3130 1781 3170 cum
1839 3114 1964 3169 suis
2021 3115 2125 3170 do-

468 3210 725 3268 mesticis
744 3207 1011 3265 festivius
1035 3207 1283 3275 laetetur,
1307 3204 1407 3261 sed
1434 3210 1491 3261 et
1511 3203 1958 3279 superventuris
1978 3204 2125 3259 forte

468 3299 678 3358 amicis
703 3297 972 3355 lautioris
1005 3312 1193 3353 coenae
1211 3294 1560 3368 jucunditas
1589 3299 1919 3350 reservetur
1953 3312 1965 3361 ;
2018 3293 2126 3349 hu-

463 3392 584 3463 jus,
612 3390 884 3462 inquam,
907 3402 1073 3443 more
1100 3402 1197 3441 me
1224 3384 1477 3440 libenter
1504 3383 1778 3439 laborare
1806 3382 2123 3459 proﬁteor,

470 3496 594 3537 non
621 3483 689 3534 ut
710 3476 853 3533 mihi
884 3475 1151 3545 laudem,
1181 3489 1370 3547 quam
1400 3473 1461 3528 in
1486 3473 1601 3528 hoc
1626 3488 1749 3527 non
1770 3484 2002 3527 mereor
2018 3487 2127 3527 nec

469 3571 707 3640 dignor,
730 3566 1045 3640 acquiram
1077 3582 1091 3633 ;
1123 3564 1229 3621 sed
1254 3568 1319 3619 ut
1347 3563 1442 3619 vel
1462 3562 1767 3618 modernis
1794 3561 1883 3617 vel
1928 3566 2127 3635 poste-

468 3658 572 3727 ris,
596 3657 746 3713 sicut
771 3653 1040 3728 praedixi,
1059 3655 1345 3708 aeternam
1366 3650 1514 3721 justi
1540 3649 1895 3705 memoriam
1912 3664 2127 3721 quam-

470 3748 560 3804 vis
585 3744 828 3803 indocili
854 3742 1154 3800 taxatione
1176 3752 1537 3814 proponam.
1572 3741 1767 3804 Quare
1800 3754 1943 3808 ergo
1995 3755 2128 3794 eru-

469 3837 718 3894 bescam
769 3851 867 3891 me
935 3831 1212 3902 canibus,
1258 3829 1361 3904 qui
1400 3832 1556 3885 certe
1609 3829 1901 3900 majorem
1947 3832 2005 3886 et
2031 3844 2132 3885 ex-

473 3927 873 3985 cellentiorem
956 3923 1108 3979 inter
1174 3922 1353 3978 bruta
1403 3918 1707 3988 animalia,
1767 3920 1931 3977 dono
1982 3924 2129 3993 puto

471 4015 786 4084 Creatoris,
847 4012 1215 4070 intellectum
1272 4008 1520 4077 habent,
1599 4007 1937 4080 assimilari,
1984 4023 2130 4065 cum

2234 3039 2502 3113 praedicti
2530 3037 2802 3111 prmsulis
2831 3036 3157 3105 memorias,
3194 3035 3300 3090 sed
3325 3035 3378 3090 ei
3406 3039 3616 3091 nostra:
3641 3030 3839 3105 imperi-

2233 3130 2327 3186 tia
2353 3133 2411 3184 et
2434 3127 2652 3183 debere
2683 3120 2939 3181 crederis
2954 3129 3013 3180 et
3038 3124 3185 3180 velle
3211 3142 3223 3191 ;
3257 3128 3342 3193 tu,
3370 3124 3630 3198 inquam,
3656 3122 3707 3177 in
3742 3135 3839 3192 quo

2235 3223 2397 3275 estet
2413 3214 2791 3289 approbandi
2817 3214 3028 3286 peritia
3069 3217 3126 3269 et
3168 3212 3545 3286 improbandi
3574 3208 3836 3285 polentia;

2234 3306 2641 3382 quoriunlibet
2713 3303 3093 3359 oblocutione
3156 3307 3515 3375 contempta,
3584 3298 3839 3372 sapienter

2234 3395 2555 3470 provideas
2584 3398 2651 3449 ut
2678 3396 2736 3448 et
2782 3391 2984 3464 inepta
3008 3395 3067 3447 et
3084 3389 3318 3447 inutilia
3342 3396 3545 3446 aetema
3573 3384 3834 3443 taciturni-

2234 3491 2353 3543 tate
2375 3483 2752 3558 sepeliantur,
2778 3486 2833 3538 et
2852 3480 3186 3555 profutura,
3205 3482 3441 3536 Domino
3458 3474 3826 3542 donante,sine

2237 3572 2747 3633 adulationisfuco
2768 3570 3164 3644 proferantur.
3185 3570 3326 3636 Quia
3361 3568 3403 3622 si
3448 3564 3576 3637 quid
3608 3579 3641 3617 a
3691 3574 3811 3614 vero

2238 3664 2505 3732 dissidet,
2539 3676 2661 3718 non
2694 3676 2845 3716 meae
2874 3658 3184 3732 imperitiae
3244 3658 3345 3715 sed
3387 3660 3488 3712 tuae
3532 3653 3815 3724 imputatur

2236 3753 2499 3813 incuriae.
2533 3748 2668 3822 Sed,
2696 3751 2745 3806 si
2772 3750 2921 3805 forte
2949 3748 3098 3820 quid
3129 3749 3328 3821 aptius
3354 3746 3477 3814 erit,
3518 3758 3629 3800 non
3666 3753 3787 3796 mea
3812 3755 3826 3804 ',

2240 3846 2349 3903 sed
2368 3849 2473 3901 tua
2500 3858 2641 3917 pars
2669 3839 2796 3909 erit,
2823 3843 2891 3894 ut
2908 3837 3159 3912 quidam
3190 3854 3253 3893 se
3277 3835 3585 3893 humilians
3610 3830 3719 3888 ait:

2381 3969 2451 4026 Si
2476 3967 2622 4040 quid
2649 3966 2724 4023 ab
2744 3980 2846 4022 ore
2855 3964 3081 4035 placet,
3117 3964 3250 4019 laus
3278 3960 3580 4019 monitoris
3605 3955 3721 4014 erit.

475 4176 3811 4229 Μ

1861 4304 2489 4461 PROLOGUS.

543 4616 596 4667 3.
621 4609 771 4676 Quia
794 4605 1142 4678 evangelica
1164 4621 1311 4661 voce
1356 4604 1624 4662 Veritatis
1675 4606 2033 4679 praecipitur,
2063 4611 2129 4663 ut
2167 4616 2206 4670 Ο
2236 4610 2466 4663 storum
2495 4604 2546 4675 ej
2558 4621 2626 4660 us
2656 4599 2970 4675 probabile
2991 4597 3401 4669 magisterium
3438 4600 3627 4652 Deum
3645 4587 3854 4650 timenti-

469 4701 715 4757 lucerna
736 4713 992 4755 accensa
1012 4712 1136 4753 non
1167 4695 1282 4751 sub
1304 4694 1531 4765 modio,
1567 4695 1674 4750 sed
1700 4712 1881 4769 super
1905 4697 2126 4753 cande—

469 4790 709 4847 labrum
734 4788 973 4862 (Matth.
1006 4786 1061 4857 v)
1081 4785 1160 4841 ad
1176 4784 1674 4841 illuminationem
1688 4785 1959 4842 ﬁdelium
1988 4802 2128 4843 con-

469 4879 744 4936 stituatur
759 4896 771 4945 ;
790 4881 847 4934 et
865 4875 1010 4950 quia
1025 4877 1251 4931 secreta
1262 4889 1474 4944 regum
1489 4873 1667 4930 celari
1677 4874 1697 4946 j
1710 4874 2127 4950 ubentur,ope-

467 4984 688 5027 ravero
701 4967 802 5025 Dei
818 4964 1141 5023 revelanda
1160 4964 1323 5032 (Tob.
1338 4964 1442 5034 xu)
1460 4967 1518 5021 et
1536 4964 1983 5035 magniﬁcanda
1992 4966 2013 5038 j
2024 4982 2127 5023 ure

467 5058 718 5132 pandun
726 5062 836 5126 tur,
858 5056 994 5113 ideo
1013 5054 1267 5126 dignum
1281 5056 1340 5109 et
1353 5053 1535 5109 etiam
1551 5054 1878 5124 gloriosum
1899 5055 2129 5128 putavi-

468 5165 604 5205 mus
620 5148 810 5205 Vitam
832 5145 992 5203 beati
1013 5149 1071 5201 et
1082 5142 1411 5200 venerandi
1430 5143 1614 5200 Patris
1626 5144 1811 5201 nostri
1832 5145 2127 5202 Godehar—

469 5238 528 5293 di
547 5236 832 5310 episcopi,
857 5239 1154 5308 quantum
1187 5232 1392 5290 divina
1427 5231 1740 5290 clementia
1789 5233 2123 5304 donaverit,

466 5327 529 5383 in
556 5325 900 5399 exemplum
915 5322 1291 5380 moderniset
1305 5321 1558 5394 posteris
1572 5332 1931 5395 proponere,
1959 5328 2015 5381 et
2027 5338 2124 5395 ge-

538 5495 616 5565 (4)
648 5493 737 5549 Sic
767 5488 1117 5565 Bolla‘ndus,
1139 5488 1713 5565 etquidemur‘ectius
1744 5489 1821 5565 ad
1864 5490 2121 5565 auctoris

469 5558 739 5632 censum,
758 5563 861 5635 qui
878 5560 973 5616 hic
996 5559 1072 5615 de
1097 5562 1151 5613 S.
1169 5558 1505 5635 Go—dehardi
1516 5558 1751 5635 familiae
1763 5560 2120 5635 obscuritate

467 5630 733 5706 loquitur
759 5630 1130 5699 ;'Brouverus
1161 5634 1363 5686 autem
1392 5634 1449 5685 et
1476 5630 1668 5686 codex
1687 5630 2122 5687 nosterhabent

2233 4697 2351 4753 bus
2379 4709 2697 4769 exponere.
2734 4695 2876 4748 Vere
2907 4690 3089 4747 etiam
3117 4687 3444 4745 metuimus
3470 4702 3585 4743 nos
3602 4681 3765 4756 culpa
3782 4692 3857 4733 ne-

2232 4785 2530 4857 gligentiae
2542 4798 2667 4840 non
2683 4797 2905 4850 carere,
2920 4780 2970 4836 si
2988 4778 3291 4853 patiamur
3324 4793 3397 4833 ea
3421 4792 3560 4850 quae
3593 4773 3668 4830 ab
3682 4787 3747 4827 eo
3761 4769 3857 4824 lau-

2235 4874 2460 4931 dabilia
2473 4878 2532 4929 et
2558 4872 2823 4928 vidimus
2840 4867 3254 4927 etaudivimus
3270 4865 3382 4922 sub
3424 4863 3654 4921 silentio
3692 4860 3852 4917 latem-

2236 4966 2425 5031 Quem
2442 4961 2604 5018 enim
2619 4959 2891 5032 Bajoaria
2901 4958 3045 5015 olim
3062 4957 3141 5014 ab
3161 4956 3330 5012 initio
3340 4955 3514 5011 verbi
3524 4952 3626 5010 Dei
3658 4958 3851 5007 vomer?

2235 5052 2489 5120 exculta,
2503 5054 2562 5107 et
2572 5065 2753 5107 sacrae
2766 5048 2906 5104 ﬁdei
2923 5047 3150 5103 semine
3164 5044 3528 5101 sufﬁcienter
3556 5035 3848 5099 fecundam,

2234 5158 2444 5198 verum
2455 5139 2757 5211 religionis
2772 5138 3156 5209 eruditorem,
3174 5134 3349 5192 nobis
3356 5134 3589 5208 quibus
3604 5145 3749 5203 opus
3764 5126 3851 5181 erit

2232 5231 2489 5300 medico,
2521 5229 2884 5287 concedente
2910 5227 3160 5295 Christo,
3210 5224 3584 5291 transmisit;
3628 5235 3733 5276 nos
3781 5216 3850 5270 εδ·

2231 5330 2418 5378 xones
2445 5319 2536 5376 vel
2558 5323 2712 5376 certe
2744 5317 3071 5389 Saxigenae,
3097 5318 3242 5372 etut
3281 5324 3429 5370 vera
3480 5310 3679 5376 nobis,
3734 5300 3845 5378 proh

2232 5488 2523 5542 intimam.
2560 5488 2847 5542 Caeterum
2872 5499 2945 5537 ex
2974 5480 3089 5536 hoc
3118 5479 3252 5536 loco
3279 5478 3542 5550 rejicitur
3572 5467 3851 5550 ςιῖειῐιὶζίίίῗί

2231 5558 2487 5638 aliqum
2508 5555 2917 5638 quorumdam
2972 5552 3283 5638 εεηιεξξξιίθ›
3310 5541 3413 5638 9'93
3434 5541 3848 5638 £94238?

2231 5646 2303 5686 ex
2328 5614 2595 5687 Bavariae
2625 5627 2969 5701 principum
2994 5622 3218 5682 familia
3237 5614 3566 5679 oriundum
3584 5614 3848 5694 putarunt
