3998 6176
191 183 337 242 1165

1812 172 1992 230 VITA.

3483 180 3621 234 1166

180 307 359 363 dolor
389 307 400 361 !
461 306 858 362 insultationis
884 304 1155 360 irrisione
1192 304 1491 373 objicitur,
1524 300 1706 355 verbo
1736 297 1831 353 Dei
1873 310 1916 362 Α
1947 299 2221 370 gloriam,
2250 302 2585 359 domestica
2602 301 2840 359 desidia
2867 299 3226 369 obdurantc,
3258 300 3488 358 silendo
3520 316 3620 358 ne-

180 397 291 452 diu
329 395 747 462 imiomabiles,
806 394 1070 467 periculo
1117 409 1239 449 non
1271 408 1569 461 caremus,
1621 390 1669 443 si
1721 389 1854 459 ejus

1964 389 2265 459 gligimus.

198 552 3610 584 Μ

1412 701 1962 822 lNClPlT
2026 702 2410 824 VITA.

266 942 319 993 αἱ.
352 937 529 1005 Igitur
576 936 1103 1009 septingentesimo
1157 935 1627 1008 quadragesimo
1656 934 1851 1019 primo
1892 938 1933 989 Α
1962 933 2257 1005 jocularia
2304 933 2714 1004 indignatione
2741 949 2803 989 se
2826 933 3186 991 nobiliorem
3219 933 3500 1006 iactitans
3529 950 3623 990 re-

192 1025 623 1082 lncarnatiouis
670 1025 900 1081 Domini
944 1040 1127 1095 anno,
1156 1040 1282 1097 quo
1332 1023 1576 1080 Carolus
1616 1023 1854 1095 primus

192 1115 267 1183 (εἰ)
298 1114 455 1169 lilius
485 1113 715 1186 Pippini
746 1110 944 1185 primi,
974 1112 1077 1169 ﬁlii
1106 1112 1362 1179 Anchisi,
1396 1111 1500 1167 ﬁlii
1526 1111 1852 1177 Arnulfi,ex

190 1203 307 1259 liae
330 1203 449 1259 vita
481 1203 848 1271 ilemigrans,
872 1202 1005 1257 filiis
1027 1202 1151 1257 suis
1172 1201 1619 1257 Carolomanno
1644 1205 1702 1255 et
1732 1200 1858 1272 Pip-

194 1292 337 1363 pino
365 1306 621 1360 regnum
647 1291 1032 1364 reliquit,quo
1053 1291 1231 1345 etiam
1258 1289 1527 1362 sequenti
1555 1304 1717 1345 anno
1746 1288 1855 1343 iste

192 1380 475 1453 Pippinus
504 1381 785 1437 Carolum
838 1383 1119 1450 Magnum
1147 1379 1372 1447 genuit,
1426 1378 1665 1434 initium
1698 1378 1854 1433 Alta-

192 1470 393 1526 hensis
420 1471 493 1542 (6)
526 1469 871 1526 monasterii
907 1487 943 1525 a
973 1469 1189 1526 Christi
1208 1468 1536 1525 cultoribus
1557 1468 1857 1540 sapienter

188 1559 541 1633 inemptum,
597 1564 653 1614 et
679 1558 740 1614 in
768 1558 1054 1628 religione
1080 1558 1449 1613 monachicae
1475 1556 1854 1612 institutionis

189 1648 433 1705 feliciter
462 1653 550 1703 est
578 1646 906 1721 perfectum
938 1652 951 1717 (
964 1653 1038 1711 7),
1064 1651 1200 1702 ante
1229 1647 1707 1703 distributionem
1735 1646 1855 1718 epi-

187 1740 562 1812 scopiorum,
591 1753 726 1811 quae
780 1736 1016 1793 decimo
1045 1742 1187 1809 post
1233 1751 1394 1792 anno
1426 1737 1486 1791 in
1518 1735 1790 1805 Bajoaria
1816 1751 1857 1791 a

192 1834 408 1884 saneto
438 1827 739 1883 Bonifaeio
761 1827 1210 1900 archiepiscopo
1229 1831 1319 1881 est
1346 1826 1599 1891 facta,ex
1619 1824 1857 1881 decreto

193 1916 498 1972 Zachariae
530 1930 701 1990 papae
727 1922 786 1971 et
807 1931 1103 1971 consensu
1136 1914 1363 1986 νὴ)ρὶΒὶ
1392 1914 1568 1983 regis,
1598 1913 1692 1968 cui
1719 1919 1856 1969 ante

193 2008 339 2060 tunc
351 2005 634 2077 temporis
647 2005 961 2060 triennium
978 2005 1153 2058 frater
1165 2001 1515 2057 Caroloman
1525 2015 1637 2054 nus
1650 2000 1855 2054 Romae

197 2096 539 2149 tonsoratus
569 2098 625 2147 et
659 2091 1106 2147 monachizatus
1154 2088 1590 2145 luereditariam
1623 2090 1852 2160 partem

192 2181 362 2247 regni
392 2183 448 2235 et
502 2179 875 2252 proprietatis
918 2178 1162 2243 dimisit,
1219 2177 1468 2250 quando
1510 2175 1855 2233 Willebaldo

192 2268 415 2333 Eistad,
468 2268 678 2323 Joanni
732 2267 1077 2335 Salzehurk,
1139 2267 1480 2322 Eremberto
1524 2266 1853 2335 Frisingge,

184 2356 479 2413 Gaibaldo
513 2356 872 2428 [Garibaldo]
904 2356 1250 2412 Radisbona
1280 2354 1763 2417 commendatur,
1796 2356 1850 2408 et

182 2446 517 2503 Christiana
570 2445 775 2515 religio
818 2445 1041 2501 ibidem
1087 2446 1267 2513 digne
1320 2448 1439 2500 Deo
1495 2444 1852 2500 corrobora-

184 2537 301 2587 tur.
338 2536 401 2586 lu
431 2531 719 2604 priedicto
778 2534 935 2586 certe
966 2530 1243 2585 eirnobio
1302 2529 1598 2584 servimen
1646 2525 1855 2583 Christi

184 2621 268 2675 ab
295 2620 459 2677 initio
509 2619 752 2675 feliciter
797 2619 1112 2687 suecrevit,
1162 2624 1218 2673 et
1270 2630 1378 2689 per
1418 2621 1701 2672 centenos
1739 2616 1857 2670 fere

187 2724 383 2766 annos
413 2711 470 2765 in
499 2708 857 2765 monachico
885 2707 1195 2780 proposito
1210 2705 1591 2762 laudabiliter
1610 2704 1858 2778 profecit

192 2812 382 2870 usque
434 2798 493 2853 in
548 2796 959 2853 detestabilem
1006 2795 1165 2852 illam
1221 2793 1665 2851 dissensionem
1721 2809 1855 2865 qua:

188 2888 373 2959 erepit
396 2888 547 2943 inter
574 2887 941 2942 Ludovicum
990 2885 1411 2957 imperatorem
1444 2884 1637 2940 tilium
1667 2881 1861 2939 Caroli

196 2978 387 3047 Magni
414 2982 470 3033 et
502 2976 654 3032 filios
682 2977 811 3046 ejus
846 2976 1231 3045 Lutlovieum,
1300 2974 1639 3030 Lotliarium
1668 2978 1726 3029 et
1756 2977 1857 3029 Ca-

196 3067 429 3133 rolum;
518 3082 588 3122 ac
656 3065 875 3122 deinde
930 3065 1282 3138 imperatore
1368 3065 1652 3120 defuncto
1708 3064 1861 3119 inter

196 3158 364 3229 ipsos
389 3157 741 3228 fratres,per
759 3154 981 3210 multos
1004 3170 1216 3220 annos,
1245 3159 1309 3209 ut
1338 3153 1623 3209 chronica
1647 3157 1862 3209 testan-

198 3251 315 3311 tur,
340 3245 758 3318 permansit.ln
790 3260 862 3300 ea
890 3259 1034 3313 ergo
1059 3248 1410 3315 tempestate
1440 3242 1705 3299 ecclesiae
1727 3242 1860 3314 plu—

198 3352 291 3389 res
312 3332 1112 3406 despoliabantur,ccenobia
1143 3332 1637 3387 disturbabantur
1662 3350 1673 3386 :
1710 3332 1862 3387 inter

194 3438 333 3496 quis
362 3426 421 3479 et
447 3421 719 3493 ejusdem
749 3421 1081 3477 Altahensis
1108 3420 1380 3477 Ecclesiae
1400 3421 1731 3493 proprietas
1758 3419 1863 3474 ibi-

196 3514 338 3569 dem
367 3530 402 3569 a
429 3512 709 3568 ﬁdelibus
738 3511 1035 3581 eollata,et
1064 3516 1314 3567 eotenus
1341 3509 1860 3575 inconvulsa,diri-

198 3602 493 3674 piebatur,
520 3605 577 3657 et
602 3601 740 3657 huic
771 3600 977 3656 sceleri
1004 3599 1418 3669 militantibus,
1447 3600 1619 3669 juxta
1646 3598 1861 3654 debac—

201 3689 506 3745 chantium
522 3689 905 3757 voluntatem,
938 3687 1343 3743 beneﬁciiimo
1382 3687 1858 3743 maleﬁciicausa

202 3778 595 3835 dividebatur.
631 3778 752 3835 Hac
781 3778 944 3833 enim
974 3778 1323 3833 necessitate
1361 3776 1719 3832 monachica
1750 3776 1860 3832 ibi-

202 3868 342 3926 dem
367 3884 585 3925 norma
630 3867 876 3924 defecit:
909 3866 1023 3922 sub
1051 3866 1261 3937 regula
1314 3870 1517 3921 tamen
1545 3865 1860 3921 canonico-

200 3974 338 4016 rum
362 3958 524 4014 idem
548 3958 719 4014 locus
764 3971 959 4029 usque
1005 3955 1067 4011 in
1099 3961 1371 4027 tempora
1417 3954 1530 4028 piae
1556 3954 1861 4010 memoriis

204 4047 439 4105 Henrici
463 4048 540 4119 (8)
568 4046 760 4116 ducis,
805 4061 990 4118 quem
1028 4048 1238 4117 postea
1271 4043 1693 4116 imperatorem
1718 4043 1865 4099 vidi-

202 4156 363 4208 mus,
388 4137 528 4195 item
551 4153 658 4209 per
685 4140 925 4192 centum
953 4150 1147 4190 annos
1175 4133 1441 4207 perstitit.
1463 4134 1634 4200 Quod
1660 4137 1717 4190 et
1732 4136 1863 4190 Otto

204 4227 340 4300 pius
372 4243 495 4289 rex,
524 4224 681 4281 ﬁlius
707 4224 863 4293 regis
890 4222 1122 4279 Henrici
1153 4221 1638 4296 Saxonii,srepius
1666 4222 1866 4279 decre-

206 4318 289 4374 vit
308 4318 369 4373 in
389 4315 692 4390 aliquibus
710 4313 856 4371 locis
879 4311 1414 4382 redintegrare,sed
1442 4312 1659 4385 plurali
1688 4312 1865 4369 infor-

206 4406 373 4463 tunio
401 4407 700 4470 obstante,
716 4402 993 4463 maxime
1045 4394 1245 4458 tamen
1270 4401 1467 4458 fratris
1510 4401 1601 4457 sui
1631 4402 1864 4459 Henrici

205 4495 378 4553 ducis
429 4495 715 4566 Bajoariei
768 4492 1209 4551 machinatione
1270 4490 1692 4563 praepediente,
1740 4509 1866 4549 non

208 4585 399 4660 potuit
422 4584 727 4656 perﬁcere.
758 4583 868 4649 Qui
896 4585 1049 4639 certe
1078 4580 1194 4635 cibi
1219 4580 1280 4636 in
1308 4579 1505 4653 prima
1555 4581 1740 4651 regali
1769 4597 1865 4638 or-

209 4675 516 4735 dinatione
541 4677 599 4729 in
628 4673 951 4747 praesentia
972 4670 1159 4746 patris
1205 4687 1276 4727 ac
1304 4669 1668 4744 principium
1694 4672 1869 4746 quasi

283 4855 365 4926 (5)
395 4853 503 4926 Hic
519 4857 728 4926 auctor
755 4850 1034 4926 Carolum
1050 4848 1376 4926 Martellum
1406 4850 1670 4923 appellat
1683 4854 1871 4926 ‘Caro-

209 4921 415 4994 lum'l,
467 4924 604 4981 licet
632 4923 794 4980 enim
836 4922 992 4993 regis
1043 4921 1289 4994 nomine
1332 4921 1495 4977 usus
1520 4938 1646 4978 non
1675 4922 1869 4989 fuerit,

1962 1023 2123 1088 stitit,
2153 1027 2212 1078 et
2239 1022 2299 1078 in
2353 1022 2566 1078 eadem
2622 1038 2783 1079 vana
2810 1023 3115 1080 voluntate
3145 1039 3383 1097 semper
3411 1026 3626 1079 contra

1962 1114 2203 1169 fratrem
2234 1127 2439 1182 regem
2491 1110 2773 1184 privatim
2801 1116 2861 1168 et
2885 1110 3160 1181 subdole,
3199 1115 3407 1168 contra
3431 1111 3622 1169 ﬁlium

1961 1200 2117 1269 regis
2195 1201 2566 1257 Ludovieum
2632 1202 2768 1272 [alii
2822 1200 3185 1271 Ludolfum],
3235 1205 3301 1257 ut
3351 1201 3624 1273 Bajoaria

1960 1289 2160 1345 adhuc
2188 1293 2462 1355 testatur,
2497 1288 2733 1362 publice
2762 1288 3033 1363 perstitit.

2143 1379 2447 1435 Praeclarus
2498 1379 2680 1449 igitur
2729 1378 2952 1435 indolis
3004 1393 3176 1452 puer,
3226 1377 3623 1435 Godehardus

1960 1468 2226 1533 nomine,
2248 1469 2421 1539 juxta
2445 1468 2765 1524 Aitabense
2790 1467 3225 1525 monasterium
3251 1483 3329 1524 ex
3351 1466 3621 1539 ejusdem

1966 1557 2235 1613 Ecclesiae
2269 1556 2514 1623 familia,
2563 1556 2625 1613 in
2655 1556 2795 1614 villa
2823 1556 3198 1614 Bithenbach
3218 1556 3495 1613 dimcesis
3520 1558 3627 1612 Pa-

1962 1647 2261 1711 taviensis,
2308 1663 2344 1701 a
2373 1663 2511 1703 vere
2552 1646 2899 1703 Christianis
2950 1646 3065 1719 piis
3112 1650 3172 1703 et
3224 1645 3492 1704 honestis
3520 1660 3627 1718 pa-

1961 1754 2065 1792 ren
2075 1736 2229 1792 tibus
2260 1735 2501 1792 feliciter
2526 1740 2707 1792 natus
2726 1740 2815 1792 est
2836 1740 2896 1792 et
2931 1735 3262 1804 enutritus;
3300 1734 3510 1793 studiis
3537 1734 3627 1791 lit-

1960 1826 2225 1878 teramus
2256 1823 2376 1878 adh
2385 1841 2458 1880 ue
2479 1824 2811 1881 infantulus
2826 1828 3040 1882 contra
3065 1824 3457 1881 intentionem
3474 1838 3626 1896 quo-

1961 1912 2292 1967 dammodo
2350 1917 2667 1985 parentum
2717 1930 2966 1970 suorum
2996 1929 3060 1969 se
3112 1913 3374 1971 tradidit.
3421 1914 3626 1984 [Erant

1963 2001 2183 2056 SCIIOitB
2207 2010 2361 2073 quas
2399 2000 2677 2070 visitavit,
2710 2017 2899 2076 prope
2927 2001 3363 2059 monasterium
3391 2000 3620 2070 Altach,

1960 2094 2125 2145 trans
2147 2090 2373 2145 ﬂumen
2404 2090 2745 2146 Danubium
2769 2091 3027 2163 (9).Cum
3052 2094 3257 2148 autem
3278 2106 3460 2149 mane
3486 2106 3620 2147 sur-

1962 2193 2109 2247 gens
2136 2185 2379 2233 sanctus
2414 2196 2518 2250 per
2552 2177 2743 2247 gratia
2792 2177 3076 2235 visitandi
3105 2178 3347 2236 scholas
3399 2178 3625 2235 veniret

1898 2288 1939 2339 ις
1966 2283 2155 2340 prope
2181 2268 2538 2330 Danubium,
2566 2266 2733 2339 quod
2767 2282 2923 2340 pons
2944 2265 3033 2323 ibi
3058 2282 3185 2324 non
3210 2269 3360 2337 erat,
3391 2270 3457 2322 ut
3481 2282 3623 2338 pos-

1956 2361 2046 2411 set
2098 2356 2347 2411 tluvium
2401 2355 2780 2428 pertransire,
2836 2358 2957 2412 Deo
3008 2354 3213 2423 dante,
3260 2354 3490 2412 vadens
3538 2353 3622 2411 ad

1959 2445 2196 2500 scholas
2229 2449 2332 2500 aut
2355 2444 2493 2499 inde
2516 2444 2753 2501 rediens
2779 2443 3112 2517 quemdam
3135 2443 3354 2517 reperit
3380 2442 3486 2517 qui
3509 2442 3624 2499 sibi

1960 2550 2067 2607 per
2097 2536 2318 2589 flumen
2370 2532 2725 2589 continuum
2754 2538 2813 2589 et
2837 2548 3057 2590 sanum
3105 2531 3364 2607 praebuit
3392 2533 3622 2590 condu-

1959 2629 2169 2688 etum].
2203 2623 2267 2678 ln
2295 2622 2508 2679 eodem
2539 2622 2906 2680 monasterio
2951 2636 3102 2695 puer
3130 2622 3451 2697 praedictus
3474 2622 3621 2679 tide-

1960 2713 2092 2770 liter
2126 2729 2166 2768 a
2196 2712 2546 2785 parentibus
2569 2712 2829 2781 oblatus,
2879 2728 2919 2769 a
2944 2712 3230 2770 fratribus
3280 2713 3496 2770 devote
3528 2728 3624 2768 su-

1964 2808 2221 2876 sceptus,
2272 2802 2540 2859 litteralis
2597 2802 2854 2860 scientiae
2909 2802 3201 2860 haustum
3231 2803 3487 2861 Domino
3532 2801 3626 2859 tri-

1962 2894 2182 2949 buente
2206 2892 2585 2949 laudabiliter
2636 2892 2892 2961 imbibit,
2920 2896 2979 2949 et
3026 2892 3246 2950 divina
3301 2893 3449 2965 legis
3476 2891 3625 2950 noti-

1968 2984 2111 3040 tiam
2134 2998 2246 3056 pro
2265 2983 2520 3055 parvulo
2575 2983 2776 3040 adhuc
2800 2982 2996 3040 {etans
3042 2982 3346 3054 ingeniolo
3373 2982 3626 3041 libenter

1966 3070 2194 3143 accepit
2215 3071 2409 3142 juxta,
2428 3071 2596 3144 quod
2623 3071 2865 3127 dicitur:
2892 3070 3199 3128 Facillime
3228 3071 3496 3141 discitur,
3517 3069 3625 3127 ubi

1964 3160 2217 3232 Spiritus
2248 3160 2349 3215 Dei
2386 3159 2597 3215 doctor
2625 3158 2814 3214 adest.
2845 3158 3058 3231 [Capit
3082 3174 3352 3232 namque
3382 3161 3626 3215 sanctus

1968 3264 2117 3321 puer
2144 3247 2205 3303 in
2236 3248 2526 3319 primmvo
2554 3246 2768 3316 uitatis,
2814 3262 2919 3303 seu
2945 3247 3275 3319 juventuta's
3304 3263 3429 3304 suae
3456 3246 3623 3313 ﬂore,

1972 3337 2256 3393 vanitates
2281 3336 2581 3393 declinare
2639 3339 2819 3409 atque
2841 3336 3112 3394 levitates
3162 3336 3386 3393 evitare
3430 3334 3627 3405 magis

1965 3427 2192 3496 eligens
2216 3427 2434 3498 jugum
2463 3426 2560 3483 Dei
2578 3425 2777 3482 subire
2801 3429 2860 3483 et
2872 3424 3159 3482 virtutum
3180 3424 3446 3484 tramites
3460 3422 3627 3482 adire

1965 3532 2155 3590 quam
2205 3516 2570 3572 vanitatibus
2621 3515 2804 3587 hujus
2860 3513 3093 3583 mundi,
3141 3519 3207 3572 ut
3250 3515 3353 3573 illa
3389 3529 3628 3587 semper

1898 3648 1938 3702 Ο
1966 3606 2193 3702 assolet
2216 3611 2397 3702 aetas;
2425 3605 2724 3679 coepitque
2751 3604 2829 3662 de
2854 3604 3023 3702 bono
3050 3604 3115 3661 in
3135 3604 3374 3702 melius,
3400 3603 3480 3661 de
3504 3620 3627 3702 me-

1965 3695 2095 3751 liori
2148 3695 2210 3751 in
2262 3695 2562 3768 optimum
2612 3708 2737 3751 non
2761 3694 3019 3766 segniter
3065 3711 3131 3751 se
3168 3694 3506 3753 transferre.
3538 3692 3628 3751 Ob

1968 3784 2083 3839 hoc
2106 3799 2343 3856 semper
2374 3782 2601 3839 terebat
2628 3781 2892 3839 ecclesia
2912 3782 3125 3839 limina
3151 3787 3214 3839 ut
3231 3782 3458 3839 ibidem
3481 3782 3634 3838 hau-

1969 3871 2108 3926 riret
2134 3886 2319 3926 sacras
2346 3869 2493 3941 legis
2522 3869 2793 3937 muni-na,
2826 3872 2893 3924 ut
2917 3868 3133 3924 exinde
3156 3872 3424 3925 mentem
3453 3883 3630 3924 suam

1970 3959 2290 4016 inebriaret
2317 3958 2705 4015 sitibundam.
2758 3956 2979 4013 Aderat
3000 3955 3055 4011 ei
3076 3956 3178 4012 Dei
3206 3955 3401 4021 timor,
3428 3954 3631 4027 ipsum

1971 4048 2051 4104 ab
2081 4046 2248 4103 omni
2304 4046 2612 4102 retrahens
2663 4043 2915 4101 lascivia
2942 4042 3205 4116 puerili.-
3238 4042 3331 4101 Sic
3358 4041 3539 4114 igitur
3568 4058 3631 4099 se

1968 4136 2252 4195 omnibus
2277 4134 2565 4207 exhibuit,
2614 4138 2679 4190 ut
2707 4149 3005 4205 organum
3030 4133 3343 4207 quoddam
3376 4132 3629 4207 Spiritus

1971 4226 2161 4284 sancti
2211 4241 2340 4282 esse
2370 4224 2680 4281 verissime
2718 4228 3053 4297 appareret.
3108 4224 3273 4281 Unde
3300 4227 3359 4281 et
3408 4222 3633 4281 factum

1971 4321 2061 4374 est
2086 4320 2153 4373 ut
2179 4315 2242 4372 in
2267 4314 2479 4372 habitu
2506 4313 2798 4383 saeculari,
2832 4329 2955 4387 quo
2980 4313 3131 4371 inter
3158 4314 3468 4386 religiosos
3510 4330 3636 4370 ma-

1972 4405 2175 4474 nebat,
2247 4403 2470 4461 multos
2524 4403 2599 4461 de
2654 4402 2943 4475 religiosis
2998 4403 3059 4461 in
3122 4403 3253 4461 vitae
3327 4401 3635 4461 sanctitate

1971 4495 2272 4570 pelliceret
2296 4492 2619 4552 evidenter.

2047 4587 2257 4642 6.Cum
2282 4587 2485 4641 autem
2502 4584 2733 4641 bonam
2756 4583 3148 4656 moribusque
3167 4577 3434 4637 honestis
3459 4576 3567 4647 huj
3576 4591 3638 4632 u-

1976 4673 2369 4732 smodivitam
2383 4672 2754 4731 laudabilem
2784 4672 2846 4727 in
2864 4671 3025 4728 dicto
3044 4667 3407 4726 monasterio
3424 4663 3639 4721 Altach

1979 4854 2346 4924 chiepiseopo
2367 4852 2539 4924 facta
2564 4857 2670 4924 est.
2699 4852 3009 4924 meantem
3033 4844 3364 4924 Crwciense
3381 4843 3456 4924 in
3483 4842 3643 4924 notis

1979 4912 2601 4981 Bollandi'sic'habet:
2633 4922 2708 4976 A.
2735 4920 2799 4977 S.
2848 4918 3119 4975 Pirmino
3143 4923 3197 4975 et
3229 4917 3467 4973 domino
3501 4912 3643 4969 0di-

209 4984 423 5053 omnia
452 5001 656 5067 tamen
712 4984 1008 5067 itappeﬁes
1038 4992 1239 5067 ipsum
1291 4998 1479 5067 erant,
1522 4998 1595 5067 ut
1617 4984 1870 5067 regnum
1914 4997 1955 5050 D
1984 4997 2118 5053 lene
2142 4996 2294 5051 duce
2316 4994 2680 5067 Bauvarico,
2737 4991 3001 5067 aiiisque
3032 4988 3263 5067 Christi
3312 4984 3644 5067 cultoribus

209 5068 350 5124 ﬁliis
377 5068 500 5123 suis
532 5056 845 5139 reliquerit
858 5056 1078 5121 eodeni
1094 5063 1278 5139 modo
1293 5056 1878 5139 administrandum,
1986 5069 2291 5139 sapienter
2312 5056 2674 5139 inemptum;
2687 5069 2741 5119 et
2771 5063 2863 5139 ιὶηΔ
2884 5056 3167 5139 religiosa
3196 5059 3527 5139 monastiga
3544 5056 3647 5139 jn-

208 5140 411 5195 donec
463 5129 711 5212 tandem
767 5138 1149 5212 exauctorato
1202 5134 1550 5212 _Ch_ilderico,
1598 5129 1881 5212 Pippinus
1987 5129 2293 5212 stitutione
2318 5129 2581 5212 fctio—iter
2606 5129 2687 5191 cst
2712 5129 3072 5212 perfectum,
3104 5136 3245 5212 ante
3273 5129 3647 5212 distributio-

210 5226 440 5293 nomen
472 5209 654 5293 regis,
680 5208 935 5293 quodre
961 5207 1090 5293 jam
1119 5204 1405 5293 habebat,
1435 5204 1781 5293 assumpsit.

1989 5225 2129 5290 nem
2153 5200 2604 5290 episcopiorunm,
2634 5200 2776 5290 qna—at
2795 5200 3020 5290 deo-imo
3042 5200 3180 5273 post
3208 5217 3369 5259 anno
3394 5202 3458 5256 in
3489 5200 3653 5255 Bau-

291 5282 366 5363 (6)
391 5275 812 5363 Monasterium
840 5275 1065 5359 Altabae
1120 5275 1422 5363 inferioris
1448 5278 1509 5363 in
1550 5275 1798 5363 Davaria
1822 5280 1884 5335 in
1993 5275 2227 5363 vagjqp
2253 5275 2463 5363 sancto
2490 5275 2854 5363 Bogtifaeio,‘
2858 5279 2969 5331 etc.

212 5347 571 5427 episcopatu
617 5349 979 5427 Patmeesia
1027 5347 1195 5427 (ἱμοςέ

216 5419 339 5480 sub
368 5419 575 5494 regula
608 5425 664 5480 S.
700 5426 758 5478 P.
798 5426 860 5478 N.
893 5419 1207 5494 Benedicti.

294 5496 370 5565 (‘7)
400 5492 1170 5574 Editihabentfeticiterest
1202 5492 1887 5574 perfeptmnguindecim

1267 5351 1492 5422 perstat
1541 5350 1884 5407 etiamnunc

2064 5348 2228 5421 (St'ls
2277 5354 2370 5405 est
2402 5342 2703 5421 Deurieus
2752 5362 2783 5402 e
2815 5343 3074 5403 Bavariae
3104 5343 3257 5401 duce
3303 5342 3651 5417 imperator,

1997 5418 2306 5478 sanctitate
2333 5418 2597 5476 celebris.

2070 5493 2148 5563 (9)
2177 5491 2300 5548 Hoc
2354 5489 2714 5563 miraculum
2745 5489 2911 5563 deest
2941 5487 3002 5563 in
3028 5491 3395 5563 nostro_m_s.
3428 5481 3658 5563 codice,

217 5558 576 5638 fere'annis,
610 5573 752 5623 ante
776 5558 1253 5638 distributionem
1284 5558 1737 5638 episrppiorum,
1759 5579 1891 5634 qua:
2001 5558 2154 5638 sicut
2178 5568 2235 5619 et
2264 5562 2381 5619 alia
2411 5561 2620 5631 multa,
2651 5577 2787 5634 quae
2816 5560 2938 5616 suis
2966 5558 3114 5616 locis
3140 5558 3534 5616 includuntur
3558 5568 3662 5612 an-

214 5636 358 5711 post
391 5654 617 5697 annum
676 5642 739 5693 in
770 5637 1061 5705 BaJoaria
1119 5650 1155 5691 α
1185 5640 1392 5691 sancto
1416 5636 1735 5705 Bonifacio
1788 5651 1889 5691 ar-

2002 5636 2165 5691 solis.
