3998 6176
279 122 416 175 1169

1895 109 2076 167 νΙΤΑ.

3567 123 3715 180 1170

276 244 378 299 siae
411 241 764 314 episcopum
797 237 1080 292 vidimus.
1119 236 1232 294 Sed
1261 236 1538 293 novellus
1592 251 1766 291 nova:
1803 233 1938 290 reli-
1970 238 2017 290 Α
2057 252 2234 294 usum
2265 241 2530 299 utilitatis
2556 243 2704 299 inibi
2736 247 2855 300 Deo
2908 245 3292 302 servientium
3348 247 3711 304 reformavit-

275 331 475 402 gionis
509 330 620 385 tiro
651 327 973 399 adoptatus
998 325 1258 382 melioris
1287 326 1424 382 vita:
1451 324 1742 392 tirocinio,
1770 328 1836 379 ut
1879 323 1941 378 in

276 419 460 494 priori
485 415 801 491 proposito
833 415 1082 484 solebat,
1114 419 1236 471 toto
1259 415 1456 470 cordis
1476 431 1546 470 ac
1585 413 1804 469 mentis
1854 412 1942 468 af-

274 510 431 564 fectu
453 507 531 563 ad
579 504 878 560 ccelestem
926 504 1132 559 aulam
1156 503 1500 572 anhelabat,
1533 503 1686 559 adeo
1734 506 1800 558 ut
1833 518 1941 558 no-

280 615 388 654 vus
413 598 746 670 praeceptor
768 608 929 648 novo
955 592 1235 661 auditori,
1261 593 1427 665 quod
1448 596 1602 648 certe
1632 592 1694 647 in
1725 591 1943 648 talibus

280 687 588 744 insolitum
607 687 718 753 est,
742 682 1124 740 considerata
1141 683 1273 754 ejus
1296 682 1716 756 probabilitate
1761 682 1941 752 [Bol.,

288 773 603 850 probitate]
632 788 877 828 omnem
904 772 1088 828 divini
1109 773 1280 828 ovilis
1297 788 1506 828 curam
1528 775 1668 845 post
1698 787 1761 827 se
1781 770 1944 844 peni-

281 872 377 921 tus
405 861 876 931 commendaret,
900 877 1161 934 eumque
1180 861 1292 917 sibi
1308 861 1369 916 in
1399 860 1680 934 spiritalis
1731 859 1948 916 exerci-

282 952 710 1010 tiitiliationem
739 950 1120 1020 singulariter
1159 954 1538 1023 praeoptaret.
1575 952 1732 1020 [Erat
1786 949 1946 1004 enim

279 1044 565 1101 charitate
589 1041 871 1109 fervidus,
899 1041 958 1096 in
981 1040 1188 1097 labore
1239 1045 1534 1108 strenuus,
1586 1041 1646 1095 in
1681 1039 1946 1095 oratione

278 1135 550 1199 devotus,
595 1129 980 1186 meditatione
1029 1129 1387 1202 profundus,
1439 1128 1946 1200 contemplatione

285 1238 642 1296 suspensus,
676 1236 926 1292 corpore
948 1220 1259 1288 honestus,
1294 1219 1473 1275 corde
1519 1218 1806 1285 mundus,
1837 1219 1950 1274 sibi

283 1312 528 1382 rigidus,
557 1309 890 1376 defectibus
917 1308 1174 1364 aliorum
1204 1308 1598 1380 compatiens,
1616 1305 1948 1361 humilitate

278 1399 721 1476 praecipuus,in
741 1401 1102 1471 paupertate
1118 1397 1310 1466 laetus,
1335 1401 1391 1452 et
1436 1397 1496 1451 in
1545 1411 1688 1450 vera
1723 1393 1946 1449 nitidus

280 1490 588 1560 castitate]
622 1489 732 1554 Qui
766 1493 968 1544 tamen
1013 1487 1334 1560 praedictus
1375 1487 1568 1542 abbas
1598 1489 1734 1558 post
1779 1484 1951 1539 trien-

278 1579 449 1634 nium
463 1578 555 1634 vel
571 1594 754 1634 causa
765 1577 1143 1647 inﬁrmitatis,
1158 1578 1250 1634 vel
1265 1577 1439 1633 taedio
1451 1592 1609 1632 curre
1624 1573 1946 1641 saecularis,
1981 1591 2022 1644 Β

281 1669 443 1724 idem
477 1668 743 1737 regimen
777 1667 1032 1740 reliquit,
1062 1673 1119 1724 et
1139 1667 1217 1723 ad
1243 1666 1572 1722 secretioris
1594 1665 1726 1720 vita:
1749 1663 1951 1719 solitu-

281 1758 488 1812 dinem
513 1757 573 1811 in
595 1760 922 1828 conspectu
955 1756 1166 1812 interni
1223 1755 1436 1811 Arbitri
1488 1769 1703 1810 vacare
1751 1753 1952 1808 decre-

282 1847 389 1902 vit.

357 1941 408 1991 9.
442 1936 541 1991 His
563 1935 742 1991 etiam
764 1935 978 1991 diebus
994 1939 1494 2008 praememoratus
1520 1933 1804 2004 Bajoariae
1825 1931 1950 1986 dux

285 2026 450 2089 obiit,
484 2025 655 2095 cujus
678 2025 811 2080 loco
830 2025 965 2096 pius
998 2025 1286 2079 Henricus
1315 2023 1472 2078 ﬁlius
1497 2023 1626 2093 ejus
1675 2022 1947 2082 surrexit,

287 2129 409 2168 non
440 2112 624 2184 patris
653 2111 1031 2167 insolentiam
1062 2112 1167 2168 sed
1199 2112 1432 2167 initium
1456 2111 1762 2184 sapientiae
1780 2111 1948 2167 timo-

283 2217 412 2256 rem
445 2200 679 2256 Domini
705 2200 956 2273 pleniter
985 2206 1244 2272 secutus,
1273 2202 1417 2273 quia
1445 2206 1572 2257 erat
1594 2200 1761 2258 omni
1803 2201 1949 2256 litte-

280 2306 485 2345 rarum
514 2289 712 2344 studio
735 2288 1142 2362 principaliter
1169 2290 1457 2357 imbutus,
1490 2295 1548 2345 et
1598 2293 1755 2345 totus
1804 2304 1948 2344 sane

281 2378 400 2434 ﬁde
431 2383 487 2434 et
517 2383 655 2434 actu
678 2378 1023 2434 catholicus.
1052 2380 1162 2444 Qui
1194 2378 1393 2434 statim
1422 2378 1482 2434 in
1513 2378 1699 2434 divini
1750 2378 1947 2433 famu-

278 2467 518 2522 laminis
572 2466 737 2521 cultu
792 2482 1138 2534 succensus,
1184 2467 1691 2539 prtenominatum
1745 2482 1946 2522 caeno-

283 2557 452 2612 bium
511 2557 727 2611 iterum
779 2556 1069 2628 spirituali
1113 2557 1332 2628 privari
1391 2561 1627 2628 pastore
1674 2556 1944 2624 indoluit,

285 2652 339 2702 et
368 2647 651 2702 eumdem
683 2646 1108 2701 Godehardum
1144 2651 1283 2702 tunc
1313 2646 1733 2720 presbyterum
1764 2645 1947 2703 abba-

283 2740 401 2792 tem
423 2736 506 2791 ibi
528 2750 881 2808 praeponere
906 2735 1134 2791 voluit:
1192 2736 1285 2791 cui
1338 2735 1433 2792 ille
1483 2751 1589 2808 per
1635 2735 1946 2791 biennium

279 2826 441 2896 justa
471 2824 611 2880 satis
637 2824 1018 2892 excusatione
1050 2825 1274 2892 restitit,
1307 2825 1450 2897 quia
1501 2825 1707 2881 sedem
1755 2830 1811 2881 et
1856 2824 1943 2880 lo-

285 2931 424 2970 cum
447 2912 706 2987 pastoris
740 2913 832 2968 sui
857 2913 991 2985 ipso
1014 2914 1326 2986 superstite
1357 2930 1650 2986 usurpare
1679 2929 1802 2969 non
1845 2913 1944 2968 de-
1975 2945 2017 3002 ο

281 3003 430 3059 buit.
466 3003 579 3059 Sed
604 3006 932 3075 postquam
954 3002 1146 3058 abbas
1171 3019 1206 3058 a
1227 3003 1507 3058 fratribus
1539 3007 1596 3058 et
1629 3003 1808 3058 etiam
1866 3003 1945 3058 ab

284 3092 582 3166 episcopis
612 3096 862 3147 vocatus
893 3091 1162 3147 revenire
1194 3093 1503 3160 recusavit,
1533 3093 1737 3165 eisque
1765 3092 1944 3148 licen-

285 3183 428 3238 tiam
449 3197 631 3254 quem
663 3180 725 3236 in
754 3180 954 3236 locum
986 3181 1116 3251 ejus
1145 3181 1361 3237 vellent
1389 3181 1744 3238 substituere
1770 3197 1944 3237 man-

282 3271 468 3339 davit;
489 3270 730 3326 tandem
749 3270 1075 3343 episcopali
1093 3273 1440 3328 auctoritate
1457 3277 1513 3327 et
1529 3272 1779 3327 fratrum
1797 3288 1945 3327 una—

282 3362 554 3417 nimitate
578 3361 767 3416 victus
791 3360 952 3416 idem
976 3360 1242 3432 regimen
1255 3362 1427 3432 juxta
1448 3361 1616 3417 ducis
1639 3362 1944 3417 decretum

284 3452 563 3525 suscepit.
595 3451 704 3517 Qui
734 3451 933 3507 statim
963 3451 1022 3507 in
1074 3452 1318 3508 exordio
1375 3469 1495 3508 suae
1550 3453 1945 3525 promotionis

284 3547 476 3597 totum
509 3556 571 3595 se
600 3539 827 3597 Christo
850 3540 1163 3609 vigilanter
1191 3541 1576 3614 mancipavit,
1605 3547 1661 3597 et
1716 3541 1946 3597 distric-

288 3631 495 3686 tiorem
525 3630 816 3700 regularis
866 3629 1000 3685 vita:
1054 3631 1351 3686 tramitem
1403 3648 1543 3687 cum
1586 3632 1944 3688 consociatis

288 3720 402 3775 sibi
433 3719 716 3775 fratribus
748 3719 976 3788 ingredi
1009 3719 1184 3775 anxie
1211 3721 1459 3785 curavit,
1494 3725 1550 3775 et
1581 3721 1642 3774 in
1673 3721 1773 3776 tali
1827 3725 1944 3777 stu-

284 3811 386 3866 dio
414 3827 474 3865 se
505 3809 730 3864 ibidem
761 3824 870 3880 per
910 3813 1044 3864 octo
1101 3825 1293 3864 annos
1332 3809 1735 3866 indesinenter
1786 3826 1947 3866 exer-

286 3901 426 3966 cuit,
459 3904 513 3954 et
536 3903 749 3972 praeter
775 3898 890 3954 hoc
921 3903 1124 3953 tamen
1145 3899 1414 3954 manuali
1438 3899 1643 3955 labore
1664 3900 1944 3972 multipli-

284 4007 418 4046 cem
447 3989 704 4044 fructum
733 4005 802 4044 ac
834 3988 1233 4043 necessariam
1263 3988 1572 4044 utilitatem
1608 3988 1941 4061 acquisivit.

286 4079 397 4146 Qui
428 4084 484 4134 et
511 4079 594 4133 ibi
619 4079 678 4133 in
709 4083 912 4133 monte
940 4077 1230 4149 quodam,
1262 4077 1363 4150 qui
1392 4077 1948 4149 Helinhigeresberg

285 4171 400 4241 (15)
445 4167 677 4234 dicitur,
733 4167 1043 4223 castellum
1091 4166 1336 4222 ﬁrmum
1366 4171 1423 4223 et
1450 4167 1509 4222 in
1541 4184 1612 4224 eo
1633 4167 1944 4224 ecclesiam

285 4256 752 4331 pulcherrimam
784 4255 844 4310 in
865 4256 1156 4312 honorem
1203 4260 1424 4311 sanctae
1478 4257 1684 4313 matris
1736 4256 1945 4314 Christi

287 4347 502 4413 Mariae,
532 4347 593 4400 in
625 4346 796 4415 cujus
856 4345 1114 4416 speciale
1162 4345 1458 4401 servimen
1511 4346 1742 4402 futurus
1793 4350 1940 4416 erat,

287 4454 426 4492 cum
481 4435 830 4490 condecenti
879 4434 1133 4490 aediﬁcio
1171 4435 1519 4500 construxit,
1579 4441 1634 4492 et
1689 4436 1943 4492 circum-

284 4541 549 4597 quaque,
577 4523 840 4579 maxime
869 4524 930 4578 in
962 4523 1115 4579 saltu
1153 4523 1451 4594 Boemico,
1471 4525 1575 4596 qui
1595 4525 1789 4580 eidem
1809 4540 1944 4598 pro-

286 4614 494 4669 vinciae
527 4613 796 4687 proxime
829 4617 1002 4680 astat,
1035 4614 1114 4668 ad
1164 4612 1400 4682 triginta
1453 4619 1510 4669 et
1557 4630 1628 4669 eo
1686 4615 1944 4687 amplius

288 4718 537 4757 mansos
588 4701 792 4757 labore
849 4705 1083 4757 tantum
1136 4717 1432 4756 manuum
1477 4717 1616 4757 cum
1664 4703 1944 4757 fratribus

288 4792 618 4864 apostolico
677 4790 952 4864 exemplo
998 4791 1155 4846 silvis
1209 4795 1265 4846 et
1321 4792 1600 4864 vepribus
1644 4793 1945 4863 erutis,ad

285 4935 388 5007 qui
419 4934 630 5005 procul
661 4934 849 4990 dubio
879 4934 976 4990 hic
1001 4939 1400 5007 memoratur:
1425 4952 1605 4991 nemo
1627 4936 1788 4992 enim
1814 4952 1945 4992 nes-

287 5005 366 5061 cit
395 5008 720 5062 Dietrz’cmn
749 5013 802 5062 et
833 5006 1251 5062 Theodericum
1274 5005 1433 5062 idem
1469 5025 1600 5063 esse
1627 5024 1868 5063 nomen.

363 5079 471 5148 (t3)
503 5079 764 5132 Jacobus
797 5080 1098 5134 Gretserus
1125 5076 1202 5131 ad
1233 5077 1457 5133 calcem
1498 5080 1636 5135 Vitze
1691 5083 1746 5136 S.
1796 5083 1945 5135 Hen-

287 5149 412 5214 rici,
441 5149 500 5203 in
532 5149 682 5204 libro
713 5150 786 5204 de
808 5148 959 5203 divis
990 5148 1545 5216 Bambergensibus,
1575 5153 1739 5206 varia
1765 5150 1950 5206 edidit

290 5219 623 5292 diplomata
649 5221 710 5292 in
743 5220 996 5289 gratian
1051 5219 1397 5292 monasterii
1446 5221 1798 5288 Altahensis,
1854 5221 1947 5276 cui

293 5291 432 5345 tunc
458 5294 513 5346 S.
543 5291 936 5346 Godehardus
969 5295 1240 5362 praeerat.
1266 5291 1546 5353 Quintum
1579 5297 1666 5347 est
1689 5293 1763 5347 de
1809 5293 1950 5348 villa

293 5363 789 5432 Helingersberge
811 5363 1020 5417 datum
1043 5377 1204 5416 anno
1238 5365 1371 5416 1009
1397 5362 1560 5433 apud
1591 5364 1946 5431 Merseburg.

368 5435 476 5504 (16)
510 5435 844 5489 Hersfelclise
870 5434 1298 5489 monasterium
1317 5433 1769 5489 celeberrimum
1797 5434 1952 5490 ordi-

293 5504 388 5580 nis
419 5506 602 5580 nostri
633 5505 694 5580 in
728 5506 955 5580 Hassia,
1001 5505 1101 5560 ubi
1158 5520 1376 5580 corpus
1435 5504 1623 5561 sancti
1675 5505 1955 5578 Wigberti

294 5575 635 5648 depositum
666 5576 792 5634 fuit.

2057 329 2316 412 Interim,
2354 335 2489 387 1002
2517 332 2951 388 lncarnationis
2978 334 3213 390 Domini
3258 351 3439 403 anno,
3497 337 3716 392 nobilis

2054 413 2378 489 imp’erator
2407 422 2538 478 Otto
2567 423 2771 477 tertius
2800 438 2874 478 ex
2899 422 3018 479 vita
3037 422 3152 478 hac
3182 423 3507 480 immatura
3526 429 3716 482 morte

2054 505 2346 576 discessit,
2369 510 2430 565 in
2460 512 2634 583 cujus
2662 528 2918 582 regnum
2940 513 3264 584 praedictus
3290 513 3573 569 Henricus
3594 515 3720 570 dux

2055 597 2222 652 omni
2251 598 2467 669 pietate
2495 601 2850 673 perspicuus
2873 601 3177 657 successit.

2131 689 2214 741 10.
2251 689 2386 743 Erat
2413 688 2472 743 in
2498 689 2598 744 illo
2628 695 2896 762 tempore
2923 691 2986 746 in
3013 691 3398 746 Herveldensi
3446 692 3558 762 (16)
3589 707 3719 746 mo-

2054 775 2315 830 nasterio
2349 778 2536 834 sancti
2561 779 2889 836 Wichberti
2919 781 2980 836 B.
3015 780 3208 836 abbas
3230 782 3343 850 (l7)
3364 779 3721 836 venerabilis

2057 879 2273 933 genere
2327 871 2384 922 et
2430 867 2716 938 dignitate
2769 870 3196 926 memorabilis.
3255 870 3366 936 Qui
3403 874 3627 936 tamen,
3658 874 3721 925 ut

2058 953 2226 1010 salva
2258 956 2384 1025 [al.,
2417 956 2498 1026 in]
2529 973 2676 1028 pace
2702 957 2956 1024 dicatur,
2988 959 3144 1014 ultra
3176 959 3268 1014 sui
3298 957 3590 1031 propositi
3623 973 3719 1012 or-

2059 1041 2264 1098 dinem
2301 1045 2570 1101 humano
2600 1062 2767 1101 more
2790 1046 3100 1118 popularis
3133 1047 3306 1102 fama:
3336 1046 3499 1101 laudi
3522 1047 3714 1102 inten—

2059 1135 2176 1200 tus,
2207 1132 2479 1202 ejusdem
2510 1133 2768 1190 ccenobii
2797 1134 3008 1190 fratres
3040 1134 3185 1190 forte
3241 1135 3568 1206 aliquando
3622 1135 3720 1189 de-

2057 1219 2184 1275 bita
2209 1223 2664 1279 conversatione
2696 1223 2843 1279 fovit
2870 1222 3301 1292 indulgentius,
3331 1223 3412 1278 ita
3441 1227 3507 1278 ut
3554 1239 3720 1278 more

2060 1309 2491 1365 canonicorum
2519 1312 2910 1384 proprietates
2938 1310 3052 1366 sibi
3074 1315 3201 1365 tam
3222 1310 3282 1365 in
3308 1309 3554 1382 privatis
3578 1309 3721 1364 aedi-

2058 1398 2210 1454 ﬁciis
2238 1415 2426 1471 quam
2457 1405 2513 1456 et
2540 1401 2602 1455 in
2627 1401 2819 1473 cquis,
2854 1405 2910 1456 et
2939 1399 3286 1456 cultioribus
3301 1415 3546 1472 quoque
3588 1398 3722 1470 plu-

2062 1488 2228 1543 rimis
2278 1490 2666 1560 vestimentis,
2720 1507 2790 1545 ac
2835 1490 3060 1546 caeteris
3138 1489 3464 1545 mundanae
3521 1487 3723 1558 gloriae

2062 1578 2303 1650 pompis
2327 1579 2716 1649 vindicarent,
2741 1583 2797 1634 et
2824 1579 3124 1634 licentiam
3155 1595 3398 1650 quoque
3426 1577 3608 1632 dandi
3671 1581 3724 1632 et

2062 1667 2394 1739 accipiendi
2443 1685 2584 1724 cum
2641 1668 2851 1724 illicitis
2911 1685 2981 1724 ac
3039 1667 3359 1741 superlluis
3434 1665 3724 1722 conviviis

2062 1757 2410 1830 cae-terisque
2443 1758 2660 1814 talibus
2691 1762 3068 1830 usurparent.
3101 1760 3229 1822 Quo
3259 1755 3479 1812 scilicet
3505 1755 3724 1811 abbate

2060 1847 2303 1903 biennio
2333 1851 2468 1903 ante
2500 1848 2687 1903 finem
2710 1846 2800 1902 sui
2830 1851 3176 1916 aegrotante,
3213 1849 3270 1901 et
3290 1844 3444 1900 ultra
3471 1844 3722 1900 Fuldam

2060 1936 2287 1992 ﬂumen
2316 1936 2378 1992 in
2407 1939 2610 1992 monte
2639 1952 2762 2008 quo
2788 1936 2917 2008 ipse
2949 1933 3382 1990 monasterium
3425 1932 3486 1987 in
3535 1933 3725 1987 bono~

2059 2041 2187 2081 rem
2217 2026 2407 2081 sancti
2426 2025 2576 2082 Petri
2606 2024 2862 2098 apostoli
2889 2023 3237 2095 construxit,
3260 2038 3402 2079 cum
3432 2020 3721 2076 militibus

2060 2131 2129 2170 ac
2161 2115 2388 2171 caeteris
2419 2115 2532 2171 sibi
2557 2114 2952 2171 familiaribus
2979 2113 3267 2183 refrigerii
3295 2112 3535 2168 lenitate
3561 2127 3724 2166 com-

2059 2209 2352 2270 morante,
2406 2204 2616 2260 fratres
2667 2203 3078 2272 indignatione
3130 2201 3387 2274 permoti
3443 2205 3500 2255 et
3545 2199 3722 2272 quasi

2060 2310 2095 2349 a
2123 2298 2292 2366 patre
2318 2293 2662 2365 contempti,
2703 2293 2781 2348 ad
2835 2307 3040 2361 regem
3071 2296 3194 2346 tam
3232 2306 3339 2362 per
3367 2288 3722 2360 semetipsos

2058 2398 2246 2454 quam
2278 2398 2383 2455 per
2403 2382 2625 2438 litteras
2658 2397 2728 2437 ac
2748 2381 2976 2451 legatos
3005 2379 3226 2451 saepius
3253 2378 3526 2433 diversas
3572 2393 3721 2449 que-

2057 2471 2348 2526 rimonias
2371 2470 2658 2542 dirigunt,
2691 2469 2804 2525 sibi
2832 2469 3024 2525 victus
3055 2473 3110 2524 et
3129 2467 3376 2526 vestitus
3435 2467 3722 2538 denegari

2056 2560 2414 2627 necessaria,
2447 2564 2504 2616 et
2532 2559 2647 2615 illis
2677 2575 2817 2615 cum
2847 2557 3073 2614 caeteris
3109 2556 3320 2614 Christi
3349 2555 3720 2628 pauperibus

2058 2649 2478 2718 esurientibus,
2505 2666 2600 2705 res
2626 2647 3061 2705 ecclesiasticas
3091 2663 3198 2719 per
3221 2662 3380 2702 vana
3411 2650 3468 2702 et
3491 2644 3722 2700 inutilia

2057 2756 2303 2813 prorsus
2331 2739 2630 2812 dissipari.
2655 2740 2849 2802 Quam
2880 2753 3091 2793 eorum
3119 2735 3563 2809 querimoniam
3615 2750 3721 2790 rex

2058 2830 2297 2902 sapiens
2317 2829 2493 2885 altius
2522 2846 2710 2902 quam
2740 2829 2858 2902 ipsi
2916 2827 3310 2900 opinarentur
3361 2823 3718 2895 intelligens,

2058 2919 2164 2975 sed
2183 2923 2240 2974 et
2259 2918 2440 2974 vitam
2470 2918 2711 2974 illorum
2740 2935 2863 2974 non
2916 2916 3208 2981 nesciens,
3268 2913 3491 2970 diutius
3545 2913 3719 2969 dissi-

2056 3007 2346 3063 mulando
2373 3006 2595 3063 distulit
2627 3026 2639 3073 ;
2676 3007 2785 3062 sed
2819 3007 2898 3062 ad
2939 3009 3316 3078 postremum
3363 3002 3719 3076 importuni-

2056 3101 2172 3153 tate
2202 3113 2410 3152 eorum
2432 3095 2697 3152 devictus
2713 3095 3060 3150 modiﬁcato
3084 3108 3361 3148 sermone
3379 3091 3711 3163 respondit,

2056 3186 2306 3242 libenter
2331 3201 2393 3241 se
2422 3189 2657 3257 patrem
2684 3200 2916 3251 eorum,
2942 3183 2988 3238 si
3015 3182 3117 3237 Dei
3134 3181 3296 3237 dono
3324 3179 3713 3248 convaluerit,

2056 3276 2131 3332 de
2181 3275 2404 3331 talibus
2462 3272 2962 3340 admoniturum;
3021 3271 3114 3326 sin
3171 3285 3311 3325 vero
3369 3268 3600 3335 obierit,
3627 3269 3713 3323 eis

2055 3364 2178 3420 imo
2208 3367 2264 3420 et
2290 3363 2402 3418 sibi
2428 3363 2488 3418 in
2528 3361 2938 3436 praeponendo
2997 3363 3239 3433 pastore
3282 3357 3346 3413 in
3395 3356 3613 3412 divinis
3661 3360 3718 3412 et

2054 3453 2338 3510 humanis
2363 3452 2726 3524 sapientium
2757 3450 3004 3508 consilio
3049 3451 3220 3520 juxta
3271 3447 3549 3504 timorem
3601 3450 3716 3503 Do-

2054 3543 2200 3599 mini
2231 3541 2641 3615 provisurum.

2129 3639 2211 3690 11.
2245 3637 2315 3689 At
2346 3636 2680 3688 memorato
2706 3631 2926 3688 abbate
2985 3629 3167 3702 paulo
3219 3631 3361 3701 post
3411 3626 3713 3695 defuncto,

2054 3723 2407 3796 prtedictum
2446 3721 2871 3778 Godehardum
2928 3720 3012 3775 eis
3068 3723 3302 3791 patrem
3359 3717 3719 3786 gubernato-

2053 3827 2301 3884 remque
2343 3811 2773 3882 episcoporum
2831 3807 3082 3862 consilio
3135 3805 3483 3877 praeposuit,
3533 3820 3716 3875 quem

2055 3898 2234 3954 etiam
2277 3902 2343 3952 ut
2392 3898 2452 3952 in
2497 3895 2782 3952 omnibus
2841 3894 2924 3949 eis
2973 3894 3146 3963 juxta
3177 3891 3452 3946 timorem
3482 3889 3753 3944 Domini-

2056 3992 2114 4044 et
2166 3986 2589 4042 monachicam
2652 3983 3003 4052 religionem
3071 3978 3410 4052 provideret
3474 3977 3719 4033 solerter

2055 4073 2434 4148 praemonuit.
2471 4073 2581 4138 Qui
2610 4071 2750 4128 illuc
2776 4085 2883 4142 per
2907 4068 3272 4139 Willegisum
3326 4065 3720 4139 archiepisco-

2054 4181 2203 4239 pum
2232 4161 2575 4236 perductus,
2605 4165 2659 4217 et
2685 4177 2794 4234 per
2818 4176 2958 4216 eum
2987 4159 3190 4230 etiam,
3222 4158 3374 4215 sicut
3409 4160 3529 4214 Deo
3579 4172 3714 4228 gra-

2057 4255 2167 4311 tias
2188 4252 2412 4326 optime
2433 4255 2706 4319 noverat,
2740 4250 2822 4306 ad
2862 4248 3364 4306 benefaciendum
3420 4247 3717 4321 sapienter

2057 4344 2404 4411 instructus,
2437 4341 2498 4396 in
2547 4340 2746 4414 primo
2778 4339 3042 4396 adventu
3089 4337 3312 4409 gratias
3342 4336 3560 4392 divinae
3588 4335 3714 4408 pie-

2054 4434 2159 4490 tati
2187 4432 2466 4498 referens,
2526 4431 2777 4503 ejusque
2829 4427 3215 4485 directionem
3267 4427 3327 4482 in
3384 4423 3714 4498 praeteritis,

2052 4521 2448 4596 praesentibus
2472 4524 2530 4576 et
2552 4518 2766 4576 futuris
2796 4518 3040 4576 sollicite
3087 4531 3384 4589 quaerens,
3437 4511 3712 4584 primitus

2054 4612 2138 4669 eis
2177 4612 2350 4684 juxta
2403 4609 2677 4681 regulare
2734 4610 3103 4682 praeceptum
3156 4603 3400 4659 duriora
3447 4604 3504 4657 et
3549 4616 3718 4674 aspe-

2053 4702 2212 4758 riora
2240 4700 2530 4757 mandata
2571 4697 2908 4772 proposuit,
2964 4693 3268 4750 licentiam
3323 4691 3407 4747 eis
3460 4689 3539 4746 ad
3586 4706 3718 4763 pre-

2055 4808 2152 4849 ces
2182 4789 2648 4862 metropolitani,
2682 4791 2785 4843 aut
2814 4800 3018 4841 secum
3069 4784 3197 4838 haec
3243 4779 3585 4836 celebrandi
3614 4782 3720 4836 aut

2127 4937 2252 5017 ς17)Δ
2273 4936 2364 4992 Sic
2382 4933 2576 5017 hujus
2606 4932 3097 5017 abbatishn‘qmep
3127 4926 3351 5017 iuncod.
3385 4929 3592 5017 nostro
3619 4941 3717 4980 ex-

2054 4998 2352 5082 primitur,
2382 4998 2717 5082 Brouverus
2746 5007 2801 5082 et
2831 4999 3098 5082 Bolland.
3157 4998 3553 5082 ‘Bergfwld-qm
3599 5013 3718 5078 .ap-

2099 5078 2282 5150 ellant
2313 5068 2549 5150 {codex
2582 5072 2956 5150 Greeciensis,
2987 5074 3054 5126 ut
3083 5073 3250 5125 notat
3269 5068 3712 5150 ‘Henscb‘eniu’s,

2113 5140 2505 5210 ernhardu-m,
2539 5163 2674 5216 quae
2694 5140 3242 5216 videtur'germana
3269 5140 3461 5216 lectio.
3489 5140 3716 5216 Etenim

2061 5218 2420 5276 Chronicum
2476 5210 2837 5273 Saxonicum
2890 5210 3002 5270 ms.
3062 5213 3218 5268 hanc
3269 5210 3605 5268 Godehardi
3654 5210 3717 5264 in

2060 5288 2479 5346 Herveldensis
2562 5285 2906 5343 monasterii
2961 5284 3228 5354 regimen
3283 5282 3718 5338 institutionem

2060 5361 2330 5435 ipsismet
2356 5359 2706 5435 hUjUS__Vlt£B
2736 5357 2953 5435 ve_rbis_
2970 5355 3264 5435 referens,
3308 5354 3715 5435 Βθνηζιαςίιεῖη

2062 5423 2334 5492 dbbatem
2365 5423 2629 5503 appellat
2661 5449 2674 5498 ;
2708 5429 2896 5486 codex
2916 5427 3133 5484 Bodec.
3161 5426 3224 5482 in
3241 5425 3512 5499 Append.
3549 5423 3697 5481 Boll.

2063 5447 2334 5492 abbatem
2365 5447 2629 5560 appellat
2661 5449 2664 5485 :

2063 5505 2246 5564 habet
2267 5505 2439 5563 Ben’n
2488 5504 2664 5560 eri-us.
