3996 6168
377 174 506 230 1171

1304 168 1361 222 S.
1405 163 1820 221 GODEHARDI
1878 156 2181 214 EPISCOPI
2224 157 2865 215 HILDESHEIMENSIS.

3696 161 3832 214 H‘ii

371 312 499 372 quo
526 295 739 353 vellent
763 291 1093 349 discedenti
1124 289 1464 346 contribuit.
1497 288 1606 355 Qui
1649 286 1848 342 statim
1879 299 2027 338 una-
2061 285 2107 336 Α
2141 280 2309 372 petiit
2339 281 2420 336 ab
2448 281 2666 338 abbate
2704 286 2768 339 ut
2790 287 2928 339 ante
2949 280 3407 372 professionem
3456 280 3678 372 liceret
3728 280 3839 336 sibi

374 386 613 443 nimiter
641 380 965 455 conspirati
992 378 1172 436 simul
1201 395 1435 448 omnes,
1467 378 1675 450 paucis
1706 380 1905 431 tamen
1937 387 2030 425 se-

371 475 642 532 nioribus
671 473 766 528 vel
789 469 1058 544 puerulis
1086 467 1560 535 remanentibus,
1621 463 1868 533 egressi,
1926 476 2034 533 per

369 565 609 620 diversa
637 562 774 620 loca
795 559 956 617 varie
977 562 1119 616 sunt
1144 557 1404 630 dispersi
1431 575 1443 625 ;
1468 572 1623 630 quos
1654 561 1852 611 tamen
1889 566 2030 625 pos-

369 659 465 711 tea
494 651 719 710 saniori
744 649 1017 720 consilio,
1043 647 1469 705 eteorumdem
1491 662 1595 719 qui
1618 644 2033 700 remanserant

367 747 524 800 certe
548 741 912 800 industriam
941 740 1072 811 ejus
1123 753 1194 794 ac
1245 736 1772 794 mansuetudinem
1825 731 2029 787 intelli-

367 833 638 905 gentiam
672 829 917 899 auxilio,
949 825 1251 901 quosdam
1282 825 1476 892 citius,
1534 823 1831 896 quosdam
1890 836 2030 875 vero

368 924 580 993 serius,
602 937 760 995 pene
790 933 1003 976 omnes
1033 918 1111 973 ad
1137 917 1292 973 ovile
1313 915 1632 981 revocavit,
1663 929 1885 986 eosque
1917 911 2029 965 sub

367 1013 481 1068 levi
496 1012 648 1084 jugo
678 1007 889 1066 Christi
919 1006 1113 1072 facile,
1145 1005 1398 1062 Domino
1457 1004 1852 1073 gubernante,
1899 1017 2031 1056 coa-

368 1100 641 1157 dunavit.
665 1097 975 1156 Civitatem
1004 1110 1148 1151 vero
1174 1094 1373 1168 ipsam
1396 1097 1453 1148 et
1477 1091 1823 1148 claustrales
1856 1090 2031 1145 coha-

368 1188 689 1245 bitationes
716 1202 752 1244 a
775 1184 1094 1258 superﬂuis
1124 1188 1181 1239 et
1207 1182 1423 1256 ineptis
1451 1181 1726 1254 pluribus
1770 1178 2032 1234 mditiciis

366 1271 523 1333 illico
553 1275 853 1350 purgavit,
885 1277 944 1330 et
971 1273 1029 1330 in
1080 1271 1451 1341 condignam
1500 1269 1869 1326 monachicm
1927 1284 2030 1322 nc-

367 1365 655 1423 cessitatis
686 1363 1107 1421 habitudinem
1131 1362 1383 1417 honeste
1410 1360 1774 1429 reformavit,
1806 1364 1863 1414 et
1891 1374 2029 1413 cum

362 1452 512 1510 inibi
567 1452 822 1509 inventis
875 1455 933 1507 et
988 1448 1233 1507 aliunde
1295 1448 1608 1522 acquisitis
1635 1447 1915 1504 fratribus
1968 1446 2028 1502 in

364 1541 580 1599 eodem
610 1540 891 1597 coenobio
918 1555 1031 1613 per
1058 1543 1291 1611 septem
1322 1553 1518 1593 annos
1552 1540 1668 1592 Deo
1697 1536 1876 1605 digne
1919 1536 2028 1590 ho-

2144 371 2390 425 Rouiau)
2410 374 2625 441 petere,
2658 376 2715 426 et
2742 370 3158 445 apostolorum
3190 368 3411 425 Christi
3443 368 3843 439 aliorumque

2144 462 2491 514 sanctorum
2525 459 3009 517 intercessionem
3043 474 3159 530 pro
3187 461 3523 514 transacta:
3558 457 3707 513 vitae
3747 457 3848 515 de-

2140 545 2248 603 viis
2280 552 2337 603 et
2363 563 2474 620 pro
2502 564 2676 605 novas
2706 549 2981 619 ingressu
3036 563 3336 619 quaerere.
3395 548 3538 613 Quo
3596 545 3847 618 permit-

2142 640 2318 701 tente,
2376 636 2420 692 it
2475 641 2532 693 et
2578 637 2731 693 redit
2778 637 3145 709 tandemque
3197 640 3339 692 ante
3396 634 3604 693 altare
3653 638 3847 691 sancti

2139 725 2401 782 Mauricii
2430 726 2542 795 (21)
2572 725 2881 795 cingulum
2907 726 3244 797 deponens,
3269 729 3466 796 caput
3494 729 3559 781 et
3574 723 3849 781 barbam

2146 814 2418 881 totondit,
2446 820 2504 871 et
2532 815 2687 871 facta
2705 815 2779 870 de
2811 831 2974 870 more
3032 815 3321 887 petitione
3385 818 3739 886 susceptus
3781 831 3847 870 ac

2096 908 2107 915 ‘
2140 903 2491 975 aliquandiu:
2519 904 2868 974 regulariter
2894 904 3211 977 probatus,
3239 905 3319 960 ab
3338 905 3571 959 eodem
3592 911 3848 975 pastore

2142 994 2487 1049 monasticae
2519 994 2651 1049 vita:
2680 994 2948 1050 habitum
2981 998 3073 1049 est
3096 993 3380 1066 adeptus.

2220 1084 2301 1139 13.
2331 1086 2545 1139 Verum
2573 1089 2709 1156 post
2738 1090 2941 1141 votum
2980 1083 3382 1156 professionis
3426 1097 3567 1138 non
3633 1083 3847 1138 imme

2142 1188 2277 1228 mor
2306 1188 2431 1228 sum
2460 1189 2645 1244 quam
2692 1173 3170 1245 praeseripsimus
3220 1173 3560 1244 pactionis,
3627 1172 3845 1227 adiens

2142 1261 2428 1318 abbatem
2449 1261 2750 1319 licentiam
2775 1262 2918 1334 petit
2944 1262 3206 1333 patriam
3234 1268 3491 1334 repeten
3527 1262 3588 1327 Si,
3636 1268 3701 1316 et
3760 1262 3842 1317 lo-

2140 1365 2278 1405 cum
2301 1366 2486 1421 quem
2518 1351 2830 1422 pepigerat
2862 1351 3034 1419 juxta
3083 1350 3438 1425 condictum
3499 1350 3842 1406 incolendi.

2141 1438 2314 1503 Quod
2343 1438 2481 1510 pius
2538 1442 2704 1497 Pater
2753 1439 2986 1495 interim
3029 1439 3358 1505 consensit,
3420 1438 3661 1495 nolens
3702 1456 3840 1495 eum

2138 1526 2442 1585 obstinata
2470 1527 2936 1584 contradictione
2958 1528 3036 1584 ab
3059 1528 3283 1583 atfectu
3298 1528 3609 1600 quamvis
3625 1527 3842 1600 iniquo

363 1631 630 1688 minibus
700 1629 1082 1687 laudabiliter
1155 1627 1529 1683 ministravit.
1595 1624 2029 1682 Commendata
2069 1638 2107 1693 Β
2138 1615 2476 1686 Pl‘Ohibel'e,
2504 1616 2695 1672 donec
2721 1616 2946 1673 ratione
2991 1615 3258 1672 dictante
3309 1614 3524 1672 illicita
3585 1614 3841 1686 cupien-

364 1725 506 1777 sunt
533 1719 587 1776 ei
615 1724 673 1776 et
693 1719 811 1776 alia
841 1718 965 1777 duo
995 1717 1382 1786 monasteria,
1424 1718 1758 1784 Degarensc
1787 1719 1844 1768 ct
1900 1716 2026 1769 Cre-

362 1824 569 1866 mense
598 1809 709 1881 (18)
735 1823 872 1881 quae
898 1807 1029 1881 pari
1055 1821 1301 1879 quoque
1347 1804 1653 1872 diligentia
1697 1804 1757 1861 in
1817 1802 2024 1858 Christi

364 1898 685 1954 servimine
716 1896 1094 1967 gubernavit.

439 1991 503 2042 12
533 1985 750 2042 Iisdem
779 1984 1154 2058 temporibus
1184 1982 1367 2038 fuitin
1398 1982 1733 2051 Thuringize
1755 1983 2024 2055 partibus

362 2073 992 2148 quidamvirnobilis,
1036 2072 1325 2142 dignitate
1371 2076 1429 2128 et
1479 2072 1703 2127 meritis
1758 2072 2020 2136 illustris,

360 2164 607 2220 nomine
638 2163 976 2220 Guntherus
1004 2163 1135 2234 (19),
1166 2160 1271 2227 qui
1298 2176 1411 2234 pro
1442 2161 1669 2217 delictis
1694 2161 2022 2232 juventutis

360 2251 781 2322 ingemiscens,
810 2255 866 2307 et
889 2250 1267 2307 considerata
1296 2249 1637 2319 diligentius
1664 2256 1862 2306 actum
1889 2268 2022 2306 suo-

359 2357 496 2399 rum
528 2341 816 2415 qualitate
844 2340 1060 2397 faciem
1088 2339 1323 2397 Domini
1364 2340 1425 2394 in
1448 2340 1823 2397 confessione
1874 2357 2021 2413 prie-

358 2431 628 2498 veniens,
661 2429 767 2486 sed
797 2430 1056 2503 proprias
1086 2428 1368 2485 diﬂldens
1393 2429 1777 2486 imbecillitati
1809 2446 2019 2503 corpo-

358 2520 442 2576 ris
459 2524 516 2576 et
539 2518 726 2576 animi
758 2518 1156 2591 [Herveldiam
1172 2518 1249 2574 ad
1266 2533 1493 2574 novum
1519 2519 1801 2575 abbatem
1820 2520 2018 2589 digne,

358 2613 426 2666 ut
440 2612 651 2683 postea
678 2608 893 2682 patuit,
925 2608 1274 2682 paenitendo
1304 2607 1557 2664 accessit
1611 2609 1786 2675 eique
1843 2626 2022 2664 omne

359 2702 656 2773 secretum
677 2697 877 2755 cordis
900 2712 972 2755 ac
991 2697 1314 2754 voluntatis
1336 2713 1458 2752 suae
1483 2698 1751 2753 funditus
1768 2699 2018 2771 aperuit.

358 2788 548 2852 Quem
580 2786 775 2843 abbas
804 2787 963 2857 juste
994 2786 1055 2842 in
1088 2789 1208 2842 Deo
1232 2786 1570 2852 timoratus,
1601 2786 1831 2842 blanda
1878 2803 2020 2843 con-

358 2875 652 2932 solatione
667 2879 725 2931 et
744 2876 1050 2945 condigna
1075 2874 1257 2931 etiam
1280 2875 1621 2947 provisione
1632 2876 2019 2947 poenitentem

2137 1709 2255 1761 tem
2287 1705 2559 1762 animum
2596 1705 2887 1777 paulatim
2940 1709 3145 1777 posset
3198 1704 3503 1774 mitigare.
3561 1704 3840 1759 Venienti

2134 1794 2316 1862 igitur
2364 1795 2442 1851 ad
2496 1793 2699 1851 locum
2752 1794 2991 1862 Gelinge
3049 1793 3306 1856 dictum,
3356 1800 3415 1851 et
3469 1793 3839 1866 disponenti

2136 1885 2520 1940 necessitates
2565 1884 2788 1939 ibidem
2843 1884 3384 1950 commanentium,
3438 1900 3517 1939 ex
3575 1883 3838 1938 occultis

2137 1974 2443 2030 tentatoris
2467 1973 2717 2044 insidiis,
2742 1976 2883 2042 Deo,
2916 1977 3160 2029 utcerte
3204 1973 3543 2037 credimus,
3598 1972 3687 2029 ad
3741 1989 3837 2026 ex-

2133 2064 2402 2137 emplum
2426 2065 2584 2122 beati
2612 2065 2723 2120 Job
2749 2064 3147 2136 permittente,
3179 2065 3374 2123 multa
3432 2071 3501 2120 et
3549 2064 3728 2122 varia
3784 2065 3837 2119 ei

2133 2159 2521 2211 occurrerunt
2552 2154 2957 2223 incommoda,
2986 2170 3096 2226 pro
3122 2154 3349 2226 quibus
3374 2154 3538 2210 dum
3565 2154 3707 2226 ipse
3727 2156 3837 2208 scr

2134 2243 2463 2300 licetantra
2488 2244 2853 2316 paupertatis
2885 2260 2955 2301 ac
2984 2243 3209 2299 laboris
3244 2243 3525 2301 insolens
3577 2242 3664 2299 ad
3723 2242 3831 2298 ab.

2134 2332 2340 2390 batem
2373 2336 2595 2405 saepius
2626 2334 2985 2406 queritaudo
3013 2334 3385 2403 confugeret,
3416 2334 3701 2405 ejusque
3718 2349 3829 2405 pro

2136 2424 2358 2480 talibus
2388 2424 2704 2481 consilium
2735 2430 2791 2481 et
2818 2424 3109 2481 auxilium
3169 2423 3348 2480 anxie
3408 2425 3821 2496 perquireret.

2135 2514 2421 2569 sollicitus
2454 2517 2619 2570 Pater
2649 2514 3095 2571 fluctuationem
3118 2513 3337 2570 mentis
3353 2514 3497 2582 ejus
3512 2514 3823 2585 profunde

2136 2602 2533 2674 prospiciens,
2563 2608 2620 2659 et
2647 2602 3112 2659 subsecuturatn
3142 2601 3288 2657 forte
3319 2600 3533 2657 cordis
3560 2602 3823 2658 mutabi-

2131 2691 2382 2763 litatem,
2402 2692 2778 2758 vehementer
2824 2691 3277 2763 pertimescens,
3336 2689 3585 2748 blanda
3644 2691 3820 2748 inter-

2132 2782 2284 2837 dum
2342 2780 2749 2836 consolatione
2799 2785 2855 2836 et
2912 2777 3275 2852 suaviloqua
3326 2781 3820 2837 oommonitione

2134 2870 2480 2926 maestitiam
2504 2870 2634 2939 ejus
2674 2870 3000 2939 mitigans;
3061 2869 3365 2926 interdum
3417 2886 3601 2933 vero,
3650 2872 3819 2940 juxta

358 2963 641 3036 suscepit,
673 2967 733 3020 et
753 2963 833 3019 ad
859 2962 1285 3021 monachicam
1343 2979 1533 3035 usque
1584 2964 2018 3036 professionem
2048 2992 2089 3047 ρ
2132 2960 2509 3033 Apostolum,
2570 2959 2900 3029 arguendo,
2945 2958 3352 3029 obsecrando,
3406 2959 3818 3032 increpando,

357 3050 755 3109 saluberrima
807 3052 900 3109 sui
938 3050 1427 3116 commonitione,
1480 3054 1731 3109 Domino
1799 3068 2016 3127 coepe-
2130 3053 2493 3121 opportune,
2566 3049 2905 3121 importune
2972 3052 3286 3105 nutantem
3339 3050 3480 3119 ejus
3538 3050 3817 3106 animum

353 3143 543 3213 rente,
575 3139 883 3197 convertit.
910 3140 1022 3208 Qui
1051 3139 1273 3212 statim]
1294 3140 1372 3197 ad
1393 3141 1631 3214 penitus
1674 3142 2019 3198 abdicanda
2130 3139 2434 3207 castigans
2467 3140 2557 3209 (ιΙ
2588 3140 2732 3194 Tim.
2764 3154 2840 3201 Iv,
2864 3140 2921 3207 2)
2950 3138 3029 3195 ad
3058 3138 3220 3194 viam
3254 3137 3472 3196 salutis
3527 3154 3677 3197 eum
3733 3155 3817 3195 re-

351 3245 735 3304 quaaeunque
762 3234 903 3287 sunt
931 3229 1155 3301 seaculi,
1176 3229 1569 3303 multiplicem
1605 3248 1729 3287 sum
1777 3232 2019 3288 haeredi-
2127 3230 2346 3285 ducere
2373 3229 2622 3295 studuit,
2654 3227 2819 3300 quod
2849 3234 3047 3285 tamen
3079 3228 3282 3285 adhuc
3311 3229 3644 3287 modicum
3678 3246 3813 3299 pro-

354 3318 490 3375 tatis
503 3319 931 3394 proprietatem
948 3332 1138 3392 quam
1153 3324 1517 3392 acceperata
1538 3321 2019 3391 progenitoribus
2130 3318 2282 3374 fecit.
2346 3318 2459 3375 Sed
2488 3335 2627 3374 cum
2658 3318 2718 3373 in
2752 3318 2863 3374 hac
2917 3317 3301 3376 altercatione
3348 3319 3585 3390 smptus
3631 3318 3811 3374 lueta-

355 3412 563 3465 saneto
582 3407 940 3465 Vuichberto
956 3423 1097 3464 cum
1113 3422 1413 3464 consensu
1431 3408 1740 3465 thl‘edllm
1768 3426 2018 3465 suorum
2128 3413 2351 3475 rentur,
2379 3412 2436 3463 et
2483 3407 2545 3463 in
2593 3406 2946 3475 huiusmodi
2986 3406 3259 3465 molestia
3298 3407 3499 3463 ambo
3538 3409 3803 3463 crebrius

353 3498 532 3554 ﬁrma
553 3497 871 3554 traditione
890 3496 1212 3567 delegavit,
1242 3496 1518 3569 primitus
1535 3504 1735 3555 tamen
1769 3500 1883 3554 sub
1912 3504 2020 3555 tes-
2130 3498 2535 3566 fatigarentur,
2607 3496 2686 3552 illi
2753 3498 2965 3554 iterum
3028 3496 3299 3567 quadam
3376 3497 3479 3551 die
3511 3513 3625 3551 sua:
3674 3496 3788 3550 sol-

355 3586 517 3641 tibus
538 3588 896 3641 testamento
916 3589 1131 3658 pactus
1154 3589 1212 3640 et
1257 3586 1596 3641 monachus
1645 3588 1838 3643 factus
1887 3604 2018 3643 mo-
2127 3587 2449 3643 licitudinis
2504 3585 2813 3658 querelam
2868 3585 3227 3653 suggerenti,
3299 3586 3395 3642 vir
3454 3587 3549 3642 Dei
3588 3584 3783 3640 debito

355 3672 705 3741 nasterium,
764 3672 932 3746 quod
988 3673 1231 3743 Gelinge
1289 3674 1404 3745 (20)
1458 3674 1693 3741 dicitur,
1746 3677 1938 3732 victus
1964 3683 2021 3733 ct
2124 3678 2364 3749 justitire
2384 3676 2508 3733 zelo
2533 3682 2867 3748 permotus,
2892 3681 3182 3746 tergente,
3212 3675 3799 3748 utaiunt,pulmoue

355 3762 607 3820 vestitus
638 3762 831 3835 gratia
854 3762 984 3837 ipse
1029 3762 1380 3836 possideret,
1442 3779 1514 3819 ac
1571 3764 1851 3823 fratribus
1904 3768 2019 3823 illic
2129 3766 2438 3839 respondit
2469 3784 2482 3821 :
2518 3769 2621 3821 aut
2650 3768 2710 3820 in
2736 3764 3039 3836 promissa
3066 3764 3431 3820 obedientiie
3488 3763 3806 3822 stabilitate

357 3853 588 3911 Christo
615 3852 1009 3910 servientibus
1038 3867 1243 3909 secum
1272 3852 1412 3909 inde
1440 3856 1782 3912 necessaria
1826 3857 2020 3929 provi-

354 3943 539 4000 deret.
574 3942 687 4001 Sed
717 3942 911 4000 abbas
940 3941 1224 4016 prudenti
1249 3946 1622 4014 pertractans
1650 3945 1898 4001 consilio
1917 3946 2022 4002 ho-

355 4033 506 4091 mini
531 4034 765 4091 noviter
774 4048 1064 4091 converso
1084 4032 1267 4089 talem
1286 4032 1628 4106 pactionem
1650 4034 1708 4090 in
1730 4035 1827 4091 via
1848 4053 2021 4093 man-

356 4123 638 4179 datorum
664 4121 766 4177 Dei
790 4120 1060 4178 maximo
1086 4119 1349 4178 futuram
1363 4137 1491 4177 esse
1505 4123 1790 4193 periculo,
1812 4128 1869 4179 et
1884 4124 2021 4195 plus

356 4210 498 4267 inde
526 4224 635 4282 per
651 4209 779 4266 dies
805 4209 1025 4267 animas
1054 4210 1223 4266 nasci
1248 4210 1635 4287 dispendium
1663 4228 1850 4285 quam
1890 4229 2020 4269 cor—

2134 3859 2250 3911 Deo
2298 3855 2572 3912 devotius
2602 3855 2863 3924 serviret,
2892 3860 2994 3910 aut
3022 3860 3177 3909 certe
3207 3855 3287 3909 ad
3310 3855 3557 3911 solitam
3608 3852 3807 3909 saeculi

2130 3944 2453 4001 vanitatem
2483 3943 2714 4015 laqueis
2744 3944 2957 4000 iterum
2988 3946 3225 3999 Satanae
3254 3943 3549 4009 irretitus,
3572 3943 3810 4014 abjecto

2130 4033 2363 4100 habitu,
2446 4032 2681 4088 rediret.
2750 4033 2837 4089 Ad
2908 4048 3095 4103 quam
3155 4048 3367 4088 vocem
3431 4032 3808 4105 stupefactus

2133 4122 2371 4178 auditor
2398 4121 2722 4187 intremuit,
2751 4126 2807 4176 et
2832 4121 3049 4179 erroris
3089 4121 3183 4181 sui
3235 4123 3619 4179 nimietatem
3679 4136 3808 4177 sero

2132 4212 2377 4269 tandem
2391 4213 2848 4283 perhorrescens
2861 4211 3154 4279 ingemuit
3170 4213 3303 4283 (22).
3322 4212 3493 4267 omni
3519 4212 3806 4284 praedicta

358 4298 523 4373 poris
543 4303 609 4355 ut
621 4298 881 4400 putabat
899 4298 1524 4400 subsidium‘,.interim
1554 4300 1723 4357 illum
1767 4303 2021 4375 provida
2052 4346 2094 4400 υ
2134 4301 2410 4375 pactione
2440 4301 2619 4398 corde
2654 4306 2822 4399 tenus
2847 4300 3054 4397 oblita,
3094 4306 3177 4400 ει.
3204 4306 3325 4357 tota
3378 4302 3476 4370 cuj
3490 4318 3804 4373 uscuuquc

359 4390 562 4445 mente
583 4386 663 4444 ab
691 4386 956 4460 incoepto
988 4388 1304 4460 suspendit
1328 4392 1386 4445 et
1409 4387 1564 4445 laico
1592 4389 1799 4446 habitu
1822 4391 2019 4455 adhuc

359 4491 541 4533 nsum
571 4476 652 4534 ad
680 4476 1003 4535 Altahense
1033 4478 1467 4535 monasterium
1489 4484 1694 4534 secum
1722 4480 2020 4551 perduxit.

362 4567 589 4624 Ibidem
639 4568 731 4626 vir
777 4566 1102 4641 prtedictus
1161 4567 1343 4625 corde
1401 4572 1575 4623 tenus
1621 4574 2023 4641 compunctus

434 4690 548 4762 (18)
574 4688 720 4747 Boil.
758 4691 1080 4763 Tegerense
1125 4695 1185 4763 e_t_
1228 4687 1633 4763 Chremsense.
1697 4691 2023 4763 Utrumque

362 4757 544 4834 etiam
562 4776 727 4817 nunc
758 4757 1034 4834 superest
1058 4760 1254 4834 ordini
1272 4757 1660 4834 Benedictino
1690 4757 2020 4834 addictum.

362 4832 634 4889 Primum
664 4830 974 4904 Teger‘nse,
994 4830 1179 4904 vulgo
1207 4846 1243 4904 ᾳ
1262 4830 1413 4904 lacu
1436 4830 1636 4887 vicino
1657 4831 1931 4904 dictum,
1962 4834 2021 4890 in

363 4904 615 4985 Bavaria
640 4900 1155 4985 superiori,‘cujiis
1180 4901 1374 4985 abbas
1400 4900 1555 4984 inter
1564 4902 1878 4985 principes
1918 4904 2024 4985 im:

363 4974 512 5048 perii
531 4972 736 5032 locum
761 4972 999 5048 habuit,
1031 4972 1094 5048 ut
1122 4977 1284 5046 patet
1313 4988 1385 5028 ex
1410 4972 1718 5048 privilegio
1744 4972 2025 5048 lIudovici

364 5043 426 5119 iv
448 5061 612 5119 anno
643 5049 773 5103 1321
792 5044 948 5119 dato
982 5043 1280 5119 ;_altérum
1306 5043 1525 5119 veroin
1565 5044 1802 5119 Austris
1855 5062 2027 5119 supe-

363 5117 505 5189 riori
536 5115 1233 5189 Crmmimterpdictum,
1261 5116 1342 5171 ob
1370 5116 1762 5189 tediticiorum
1798 5115 2026 5189 magni-

365 5188 690 5257 ﬁeentiam,
722 5192 859 5256 etc.,
901 5186 1377 5245 celeberrimum.
1422 5188 1785 5244 Monasterio
1833 5186 2033 5246 sancti

370 5260 609 5327 Quirini
629 5260 792 5330 quod
817 5261 997 5317 situm
1022 5265 1107 5317 est
1138 5260 1353 5330 inloco
1382 5259 1490 5330 qui
1516 5261 1868 5316 nominatur
1925 5263 2027 5317 Te-

367 5333 588 5401 grime,
622 5329 776 5388 duos
800 5346 1049 5387 mansos
1076 5329 1243 5386 dedit
1298 5332 1353 5388 S.
1395 5329 1694 5386 Henricus
1743 5330 1887 5401 imp.
1950 5332 2027 5385 ad

369 5403 671 5475 potionem
703 5403 1125 5475 Chunignndas
1154 5417 1277 5458 suae
1308 5401 1659 5475 conjugiset
1708 5402 1837 5459 Gott
2013 5432 2021 5456 ι

369 5472 626 5547 abbatis,
653 5474 828 5547 cujus
845 5472 1119 5547 diploma
1159 5472 1541 5547 λίπω-1019,
1566 5472 1799 5541 datum,
1842 5474 2029 5531 edidit

369 5546 671 5604 Gretserus
700 5543 778 5602 ad
808 5543 1033 5602 calcem
1059 5546 1195 5602 Vitae
1223 5547 1277 5602 S.
1311 5543 1565 5602 Henrici.

438 5617 552 5689 (19)
583 5620 663 5675 De
692 5617 993 5675 Gunthero
1023 5617 1330 5688 agendum
1355 5616 1512 5676 infra
1527 5616 1605 5673 ad
1628 5632 1859 5675 annum
1881 5619 2015 5673 1045

2133 4388 2504 4447 incommodi
2584 4388 2965 4460 querimonia
3042 4388 3266 4446 abolita
3335 4390 3414 4447 ad
3480 4389 3803 4447 Altahense

2133 4478 2610 4546 monasterium,
2694 4476 2795 4532 ubi
2864 4482 3007 4533 tunc
3090 4478 3201 4532 sub
3270 4479 3550 4549 ejusdem
3623 4479 3804 4535 Patris

2133 4584 2299 4651 cura,
2368 4572 2431 4625 ut
2488 4568 2549 4623 in
2610 4568 2799 4636 gratia
2859 4567 3133 4625 omnium
3187 4566 3427 4639 loquar,
3493 4567 3801 4637 singulare

2134 4689 2235 4745 ubi
2272 4689 2461 4744 Vitam
2491 4689 2620 4759 ejus
2649 4688 3087 4744 exhibebimus.

2206 4762 2320 4832 (20)
2341 4759 2601 4832 Gellinge
2643 4761 3093 4832 nionasterium,
3146 4761 3311 4832 quod
3364 4760 3508 4815 olim
3571 4766 3706 4816 erat
3744 4762 3797 4816 in

2133 4831 2431 4899 'l‘uringia.
2463 4831 2887 4899 IhiArnoldus,
2928 4836 2984 4887 S.
3043 4831 3381 4888 Godehardi
3430 4833 3494 4888 in
3554 4833 3797 4889 Hersfel-

2133 4903 2307 4959 densi
2336 4902 2622 4971 regimine
2646 4919 2973 4968 successor,
3007 4902 3150 4958 obiit
3174 4919 3338 4958 anno
3367 4905 3490 4958 1031
3532 4921 3609 4958 ex
3636 4907 3799 4960 Lam-

2134 4974 2304 5030 berto
2337 4973 2858 5041 Scafnaburgensi.

2207 5048 2318 5115 (21)
2349 5045 2438 5099 Sic
2472 5044 2735 5100 Bolland.
2762 5046 2854 5100 cui
2885 5044 3175 5100 consentit
3210 5045 3337 5101 Vita
3391 5046 3586 5101 sancti
3644 5050 3799 5102 (jun-

2136 5117 2304 5174 theri.
2340 5116 2537 5171 Codex
2567 5121 2766 5172 autem
2798 5122 3001 5172 noster
3025 5132 3164 5171 cum
3216 5120 3520 5173 Brouvero
3568 5123 3631 5173 et
3673 5117 3800 5174 aliis

2135 5203 2280 5243 mss.
2308 5191 2366 5242 S.
2395 5188 2624 5244 Mariae.

2210 5259 2321 5330 (22)
2353 5259 2547 5315 Codex
2579 5258 2792 5315 Bodec.
2825 5257 2988 5330 apud
3020 5258 3164 5315 Bell.
3215 5260 3274 5315 in
3336 5258 3616 5330 Append.
3674 5258 3798 5317 Maii

2136 5329 2309 5386 addit
2335 5348 2346 5384 :
2378 5331 2495 5386 δέκα
2525 5336 2576 5385 et
2606 5332 2762 5385 hanc
2783 5329 3020 5385 causam
3037 5332 3136 5400 pio
3158 5329 3514 5400 imperatori
3530 5332 3799 5389 Ηνηηρο

2131 5428 2148 5470 ,ι
2177 5418 2240 5457 ..ν
2261 5404 2528 5457 ordinem
2559 5402 2741 5458 abbas
2773 5408 2955 5456 totum
2982 5404 3261 5457 secretius
3294 5404 3624 5471 inlimaril,
3663 5409 3796 5467 etc.,

2133 5489 2269 5545 quae
2324 5472 2622 5545 habentur
2669 5473 2731 5527 in
2781 5472 2912 5545 ipsa
2970 5473 3252 5545 Guntheri
3302 5473 3426 5528 Vita
3464 5472 3546 5528 ab
3578 5475 3795 5529 eodem

2136 5543 2385 5616 Wolt'ero
2423 5544 2673 5616 hujusce
2702 5543 3037 5599 Godehardi
3089 5546 3224 5600 Vitze
3277 5544 3567 5616 scriptore
3611 5547 3791 5613 edita,

2136 5632 2324 5691 quam
2353 5615 2509 5674 infra
2535 5615 2724 5673 habes
2752 5616 2831 5672 ad
2858 5631 2955 5671 an.
2992 5619 3148 5672 1045.
