3996 6168
188 103 340 161 H73

1830 96 2011 151 VITA.

3537 104 3682 157 1174.

183 224 384 281 divini
414 222 612 281 cultus
643 223 908 278 studium
943 223 1224 296 fervebat,
1258 240 1320 280 se
1365 222 1643 290 contulit;
1672 225 1729 276 et
1753 219 1867 274 illic
1902 220 1948 273 A
1985 221 2105 275 tum
2141 218 2454 292 placuerit,
2483 221 2543 277 in
2577 222 2769 279 t‘mem
2798 221 2947 280 vita:
2977 241 3104 283 sute
3140 227 3203 284 in
3234 228 3440 287 debito
3468 228 3679 298 emptae

186 313 483 370 fratribus
512 311 851 368 humillime
882 313 1206 385 subjectus,
1242 318 1298 370 et
1330 313 1390 369 in
1422 328 1609 369 sacrae
1642 309 1872 379 religio-

185 403 287 461 nis
314 401 687 458 dictrictione
715 400 969 474 pleniter
994 402 1054 457 in
1083 402 1246 457 brevi
1270 407 1537 475 tempore
1565 398 1753 456 divini
1779 414 1872 452 ro-

184 490 270 546 ris
302 489 608 546 infusione
638 490 985 557 instructus,
1014 489 1166 546 ultra
1196 490 1468 561 regulare
1499 491 1871 562 praeceptum

188 584 387 637 semet
417 580 601 636 etiam
631 578 892 652 praelatis
921 578 1363 636 admirantibus
1396 578 1622 636 afﬂixit.

268 727 354 780 14.
398 723 594 779 Tertio
641 738 910 795 namque
963 739 1086 778 suae
1138 722 1545 779 conversionis
1592 735 1774 787 anno,
1809 720 1873 776 in

190 812 487 885 prmdicto
538 810 812 867 Boemieo
843 810 1000 867 saltu
1029 827 1299 868 eremum
1329 812 1514 884 petiit,
1546 810 1607 865 in
1640 826 1763 881 qua
1793 811 1873 865 ad

196 901 444 968 triginta
468 904 695 972 septem
717 902 832 972 (23)
858 914 1052 955 annos
1079 900 1138 955 in
1170 900 1367 955 studio
1395 903 1617 955 sanctae
1640 897 1867 967 religio-

196 991 298 1046 nis
326 996 384 1046 et
409 990 470 1045 in
496 1005 736 1044 summa
773 989 1058 1045 veraciter
1105 989 1471 1045 districtione
1522 990 1874 1060 spontancae

196 1080 593 1153 paupertatis,
620 1094 760 1133 cum
789 1078 900 1133 sibi
925 1079 1454 1134 commanentibus
1482 1078 1644 1133 vixit.
1675 1092 1875 1132 anno-

193 1186 279 1225 na
322 1169 586 1241 denique
636 1184 848 1223 eorum
888 1172 1012 1224 erat
1044 1168 1297 1240 simplex
1338 1175 1395 1224 et
1438 1167 1700 1235 modica,
1734 1167 1873 1233 agili

190 1257 402 1313 studio
434 1259 547 1329 (24)
578 1274 613 1313 a
642 1273 781 1327 rege
814 1257 1104 1327 Ungarico
1135 1262 1190 1312 et
1219 1257 1293 1312 de
1329 1256 1608 1312 Itohemia
1632 1260 1690 1311 et
1712 1257 1876 1312 Polo-

188 1347 297 1402 nia
348 1362 462 1401 nec
509 1362 632 1401 non
683 1350 740 1401 et
787 1345 1009 1400 caeteris
1052 1346 1300 1401 diversis
1342 1344 1661 1421 provinciis
1694 1346 1874 1401 simul

190 1453 337 1493 cum
372 1436 591 1495 vestitu
621 1435 996 1508 conquisita:
1032 1434 1105 1490 de
1152 1439 1317 1507 potu,
1351 1440 1416 1491 ut
1445 1435 1731 1491 omnibus
1760 1452 1871 1492 no-

193 1532 326 1583 tum
360 1533 473 1597 est,
505 1525 649 1581 nihil
695 1541 945 1598 prorsus
978 1524 1062 1579 ibi
1090 1524 1203 1580 nisi
1231 1525 1359 1581 sola
1409 1540 1568 1597 aqua
1598 1525 1871 1583 habeba-

191 1622 310 1683 tur,
346 1618 409 1671 et
435 1614 567 1688 ipsa
596 1613 778 1669 etiam
803 1613 1140 1685 hospitibus
1170 1612 1251 1670 ad
1282 1614 1726 1683 sufficientiam,
1759 1616 1872 1672 fra-

190 1705 393 1761 tribus
440 1719 580 1758 vero
629 1703 707 1758 ad
758 1717 1108 1758 mensuram
1156 1701 1436 1759 dabatur.
1472 1706 1620 1759 Nam
1649 1702 1871 1761 litteras

189 1792 454 1849 omnino
501 1790 679 1847 frater
702 1790 799 1846 ille
830 1791 942 1845 nisi
970 1794 1204 1847 tantum
1240 1791 1528 1859 Psalmos,
1562 1808 1687 1848 non
1717 1792 1869 1849 didi-

194 1882 296 1953 cit,
359 1884 417 1936 et
475 1883 677 1935 tamen
725 1894 971 1934 omnem
1028 1878 1322 1935 rationem
1385 1883 1442 1935 et
1506 1878 1869 1937 intellectum

200 1969 530 2039 Evangelii,
582 1969 748 2036 Legis
793 1972 852 2024 et
898 1967 1331 2041 Prophetarum
1384 1972 1440 2024 et
1482 1969 1870 2026 historiarum

196 2075 448 2135 quoque
479 2075 552 2114 ex
577 2058 788 2114 crebra
832 2057 1085 2113 fratrum
1118 2056 1405 2115 relatione
1438 2062 1495 2114 et
1524 2059 1702 2115 etiam
1752 2060 1873 2117 avi-

193 2149 368 2204 diore
398 2148 567 2204 verbi
596 2148 698 2204 Dei
729 2147 1109 2204 exauditione
1162 2146 1511 2205 mirabiliter
1562 2151 1828 2225 percepit
1855 2169 1869 2219 ;

190 2238 354 2295 adeo
384 2243 451 2293 ut
475 2238 802 2311 smpissime
833 2237 1188 2294 obscuriora
1217 2240 1327 2310 (25)
1360 2237 1632 2309 mysticae
1664 2240 1866 2297 intelli-

190 2327 414 2398 gentiae
464 2327 764 2384 interdum
804 2326 1090 2398 jocando,
1125 2327 1427 2383 interdum
1470 2345 1613 2384 vero
1657 2330 1869 2386 admo-

190 2416 405 2473 nendo
458 2416 838 2492 stupentibus
908 2415 1282 2472 auditoribus
1336 2416 1644 2488 proferret.
1698 2419 1870 2484 Quod

188 2524 310 2563 nos
361 2506 609 2579 quidem
657 2504 762 2579 qui
818 2520 958 2560 eum
1006 2504 1359 2561 familiarius
1408 2505 1711 2573 novimus,
1764 2507 1872 2564 fre-

188 2601 455 2670 quenter
478 2594 845 2661 audivimus,
879 2593 1179 2666 praecipue
1208 2598 1409 2650 tamen
1449 2609 1591 2649 cum
1621 2596 1680 2653 in
1714 2613 1870 2653 sum-

190 2701 300 2740 ma
369 2700 483 2740 sua
536 2683 871 2749 festivitate,
922 2682 983 2737 in
1048 2682 1353 2743 nativitate
1408 2682 1629 2739 scilicet
1682 2686 1869 2741 sancti

188 2774 446 2831 Joannis
499 2774 776 2846 Baptistae
830 2771 1106 2845 specialis
1165 2772 1255 2833 sui
1297 2772 1555 2846 patroni,
1608 2776 1870 2832 sermoni

190 2864 246 2935 ej
258 2880 332 2918 us
363 2863 692 2927 adtuimus,
720 2878 846 2937 quo
873 2861 933 2917 in
977 2861 1290 2934 capitulari
1318 2861 1630 2918 collatione
1657 2863 1871 2920 eodem

193 2952 296 3007 die
329 2951 541 3009 fratres
572 2967 716 3006 suos
746 2949 1151 3006 admonebat:
1183 2950 1332 3006 dum
1363 2965 1467 3005 eos
1499 2950 1573 3006 de
1600 2952 1871 3023 ejusdem
1905 2937 1944 2991 C

195 3041 388 3105 Patris
424 3042 543 3103 vita
587 3045 643 3096 et
694 3040 992 3108 moribus,
1023 3039 1185 3096 victu
1215 3043 1271 3095 et
1319 3039 1499 3095 etiam
1550 3041 1784 3109 vestitu,
1817 3046 1875 3100 et

195 3131 491 3208 operibus
521 3130 597 3187 ad
629 3128 1002 3209 paupertatis
1051 3146 1172 3184 suae
1224 3128 1478 3184 Domino
1528 3132 1645 3184 Deo
1691 3130 1873 3203 placi-

196 3226 332 3277 tam
378 3219 758 3277 tolerantiam
798 3216 1145 3274 instruebat.
1181 3219 1397 3272 Verum
1429 3215 1587 3272 enim
1632 3217 1789 3286 dico,
1819 3222 1874 3273 ct

198 3326 414 3366 coram
462 3311 581 3364 Deo
629 3323 754 3364 non
797 3306 1073 3375 mentior,
1122 3305 1266 3379 quia
1312 3319 1524 3360 omnes
1573 3320 1725 3378 pene
1768 3305 1871 3378 qui

200 3400 459 3457 aderant
507 3399 703 3455 eidem
743 3396 1027 3463 sermoni,
1062 3395 1141 3451 ad
1178 3394 1549 3451 uberrimam
1578 3393 1873 3468 lacryma-

198 3505 343 3545 rum
368 3488 725 3545 effusionem
756 3486 919 3543 dono
948 3484 1051 3539 Dei
1082 3490 1223 3541 sunt
1248 3482 1613 3555 complmcti.
1638 3484 1875 3540 .tssedit

204 3580 289 3636 ibi
321 3578 675 3636 venerabilis
705 3576 899 3634 abbas
930 3574 1270 3632 Altahensis
1312 3574 1687 3630 Ratmundus
1733 3591 1872 3632 cum

206 3666 485 3742 pluribus
539 3667 631 3722 sui
686 3663 946 3723 coenobii
999 3661 1280 3719 fratribus
1337 3665 1394 3716 et
1445 3660 1573 3717 aliis
1627 3660 1873 3732 insuper

208 3756 410 3813 multis
451 3754 811 3828 hospitibus,
844 3756 1057 3825 praeter
1108 3767 1220 3806 nos
1263 3765 1417 3824 quos
1469 3749 1530 3804 in
1578 3748 1872 3804 canonico

204 3844 420 3905 habitu
448 3843 586 3899 illuc
612 3841 844 3911 ingredi
873 3839 1081 3909 religio
1108 3838 1314 3909 vetuit,
1347 3855 1502 3911 quos
1535 3842 1735 3895 tamen
1763 3836 1874 3893 fra-

204 3939 368 3992 trum
401 3932 768 3990 familiaritas
799 3935 857 3986 et
887 3929 1147 3985 maxime
1197 3927 1432 3984 abbatis
1478 3925 1715 3983 licentia
1760 3925 1871 3980 cir-

205 4039 597 4099 cumquaque
627 4022 705 4079 ad
736 4020 1044 4090 fenestras,
1078 4018 1497 4075 concionatore
1536 4017 1871 4085 ignorante,

204 4113 488 4171 clanculo
520 4109 852 4168 collocavit.
888 4111 1025 4164 Erat
1053 4107 1234 4174 enim,
1267 4110 1332 4163 ut
1359 4105 1433 4161 de
1465 4110 1672 4161 sancto
1702 4107 1876 4160 Rene-

203 4204 371 4261 dicto
400 4203 849 4274 dicitur,,quem
875 4202 1015 4272 post
1040 4201 1227 4253 Deum
1259 4195 1375 4252 vita
1399 4199 1455 4251 et
1480 4193 1751 4253 moribus
1781 4210 1872 4250 se-

205 4293 530 4368 quebatur,
564 4294 622 4346 et
646 4289 896 4349 scienter
922 4287 1163 4345 nescius
1187 4289 1244 4341 et
1270 4285 1569 4358 sapienter
1596 4282 1872 4340 indoctus
1897 4285 1949 4353 D

211 4386 293 4457 (S.
326 4384 499 4438 Gnec.
528 4385 569 4437 Ι.
603 4397 663 4449 11,
692 4380 1025 4449 Βίιιιορον.⁷
1059 4392 1194 4449 cap.
1228 4375 1286 4447 ι).

1903 1576 1945 1628 Β

288 4512 373 4562 15.
408 4508 620 4562 Beatus
637 4503 815 4573 igitur
836 4500 1227 4557 Godehardus
1249 4498 1417 4555 senio
1444 4500 1500 4554 et
1526 4497 1733 4555 labore
1744 4498 1872 4569 jam

211 4598 410 4653 fessus
433 4600 492 4651 et
519 4594 697 4651 etiam
721 4591 898 4649 taedio
941 4590 1247 4649 saacularis
1280 4603 1438 4644 cura:
1463 4587 1744 4659 repletus,
1772 4603 1875 4644 an-

211 4691 436 4743 nuente
462 4699 601 4755 rege
632 4680 1050 4749 Herveldense,
1077 4679 1346 4748 regimen
1376 4676 1587 4733 illustri
1610 4676 1739 4733 viro
1769 4682 1874 4732 Ar-

211 4774 399 4832 noldo
420 4789 531 4829 suo
550 4772 717 4845 prius
742 4787 814 4827 eo
832 4770 948 4826 loci
967 4768 1315 4841 praeposito,
1339 4772 1399 4823 et
1419 4766 1739 4824 Bertholdo
1762 4769 1876 4837 (26)

211 4880 389 4938 (eque
404 4860 727 4919 venerabili
744 4876 855 4916 suo
864 4857 1203 4932 primicerio
1222 4860 1562 4926 Dagarense
1575 4871 1879 4912 commen-

212 4954 401 5023 (lavit,
435 4952 635 5025 sicque
665 4950 744 5007 ad
775 4949 988 5005 Altaha
1014 4946 1319 5013 remeavit,
1351 4946 1477 5013 ubi,
1514 4946 1563 5002 si
1596 4948 1715 5002 Deo
1747 4950 1879 5002 tan-

288 5154 405 5223 (23)
444 5151 608 5208 Idem
634 5150 824 5207 codex
851 5152 909 5205 et
927 5145 1266 5213 Bomberg.,
1290 5145 1482 5215 ferme
1508 5145 1758 5221 triginta
1778 5158 1883 5199 sea:

216 5240 534 5369 ωἴέῧδῇα
562 5293 744 5349 iidem
789 5307 933 5369 mss.
963 5288 1089 5369 alii,
1122 5294 1253 5344 erat
1298 5288 1475 5369 uaria
1520 5287 1690 5369 vazjo
1729 5292 1886 5369 certe

217 5357 437 5423 studio.
466 5368 750 5434 Brouver,
783 5367 839 5419 et
869 5361 1004 5417 cod.
1031 5358 1360 5434 Compend.
1386 5357 1561 5428 infra,
1588 5359 1884 5427 Ungarico

219 5442 294 5495 de
323 5440 555 5495 Bochin
582 5443 635 5493 et
668 5432 903 5491 Peliam
934 5440 986 5490 et
1019 5432 1268 5489 ueteris.

292 5513 409 5581 (25)
450 5508 593 5567 Cod.
622 5507 966 5575 Bamberg.,
992 5516 1054 5561 ut
1079 5516 1511 5573 nonnunquam
1538 5500 1887 5557 obscuriora

222 5597 489 5654 quaeque.

1981 305 2282 375 religionis
2314 307 2515 363 studio
2547 325 2952 383 perseverare
3000 313 3282 372 decrevit.
3316 315 3480 372 Idem
3518 312 3680 369 enim

1982 395 2417 453 monasterium
2448 398 2622 453 omni
2653 399 3015 475 devotione,
3048 408 3111 460 ut
3153 404 3245 460 vel
3282 405 3463 461 hodie
3505 401 3589 457 ibi
3614 401 3684 457 li-

1982 490 2142 559 quet,
2168 485 2466 541 adornare
2500 488 2817 558 studebat,
2853 489 3021 549 libris
3055 494 3273 551 scilicet
3298 498 3354 550 et
3383 489 3685 567 pretiosis-

1984 573 2152 628 simis
2184 574 2556 643 missalibus,
2599 576 3004 650 indumentis,
3040 582 3392 654 caeterisque
3418 576 3602 635 variis
3629 580 3688 633 et

1986 662 2230 718 utilibus
2260 663 2684 721 ecclesiasticis
2715 671 3127 738 ornamentis;
3161 671 3427 726 maxime
3452 671 3687 737 tamen,

1985 751 2152 823 quod
2204 755 2259 806 et
2294 751 2517 825 ubique
2551 756 2947 814 notissimum
2986 763 3097 829 est,
3128 757 3430 831 plurimos
3479 754 3546 809 in
3595 770 3695 812 eo-

1986 842 2126 896 dem
2160 840 2437 896 coenobio
2470 841 2690 901 fratres
2723 847 2977 906 scientia
3020 853 3081 904 et
3116 846 3397 903 moribus
3430 842 3700 907 illustres

1985 930 2286 1000 cnutrivit,
2341 947 2496 1004 quos
2550 939 2767 1005 postea
2816 937 2971 994 inter
3014 937 3259 993 diversa
3307 938 3712 1004 monasteria

1985 1024 2184 1077 Patres
2216 1025 2271 1075 et
2299 1020 2579 1077 doctores
2612 1025 2770 1095 regis
2799 1042 2871 1083 ac
2920 1027 3362 1100 episcoporum
3410 1028 3722 1101 petitione

1983 1108 2336 1198 dispertivit.
2373 1109 2487 1166 Sed
2521 1127 2665 1169 cum
2691 1114 2822 1184 jam
2852 1115 2916 1171 in
2954 1114 3293 1184 laboriosa,
3333 1116 3490 1176 sibi
3522 1126 3731 1198 tamen

1986 1198 2228 1305 placita,
2260 1197 2505 1305 illasua
2549 1201 2752 1274 quiete
2784 1219 2893 1276 per
2923 1203 3142 1258 decem
3177 1218 3395 1261 annos
3448 1208 3527 1275 in
3553 1220 3735 1305 huju_

1985 1287 2197 1385 smodi.
2235 1288 2432 1385 studio
2481 1296 2789 1385 pausaret,
2824 1296 3078 1385 totaque
3118 1292 3335 1385 cordi_S_
3367 1287 3739 1385 intentigge

1983 1377 2043 1431 in
2074 1375 2318 1445 regione
2350 1375 2626 1434 vivorum
2682 1379 2943 1435 Domino
2994 1378 3237 1452 placere
3268 1382 3338 1439 di
3351 1399 3551 1457 uran
3580 1375 3728 1467 ᾖδξξ

1984 1466 2297 1556 turnisque
2352 1467 2625 1539 suspiriis
2680 1472 3069 1541 praeoptaret,
3109 1469 3408 1533 mirabile
3472 1466 3715 1556 tandem

1986 1554 2295 1615 somnium
2342 1556 2507 1624 vidit,
2542 1558 2791 1630 utipse
2844 1558 3034 1613 nobis
3089 1560 3317 1633 saepius
3368 1566 3699 1650 inﬁniavit,

1981 1651 2119 1719 post
2148 1662 2336 1718 quam
2367 1651 2522 1703 certe
2553 1646 2857 1703 visionem
2905 1662 2974 1702 se
3005 1648 3083 1704 de
3126 1650 3243 1708 hoc
3284 1662 3533 1718 mundo
3563 1646 3689 1735 quo

1985 1740 2139 1791 Deus
2158 1737 2422 1808 jusserit,
2457 1736 2773 1792 obiturum
2802 1752 2928 1791 non
2955 1736 3261 1798 dubitavit
3289 1744 3431 1814 (27).

2058 1828 2142 1881 16.
2187 1826 2462 1892 Quadam
2492 1825 2678 1895 igitur
2706 1827 2902 1892 nocte,
2931 1830 3003 1883 ut
3034 1844 3273 1903 semper
3300 1846 3410 1904 per
3435 1836 3679 1905 triginta

1974 1915 2107 1985 jam
2134 1931 2327 1971 annos
2357 1910 2690 1980 consuevit,
2720 1916 2861 1984 post
2893 1916 3162 1987 primam
3202 1924 3439 1978 tantum
3477 1923 3675 1979 noctis

1981 2004 2244 2077 quietem
2276 2004 2597 2060 ecclesiam
2648 2001 3019 2076 ingrediens,
3052 2007 3409 2080 psalmodiee
3440 2011 3669 2066 caeteri-

1984 2110 2133 2166 sque
2161 2094 2379 2150 talibus
2412 2092 2627 2149 ofﬁciis
2676 2090 2962 2164 intentus,
2994 2099 3427 2168 pernoctabat;
3479 2098 3586 2154 sed
3615 2103 3673 2157 et

1984 2188 2120 2255 post
2144 2184 2473 2240 matutinas
2500 2182 2562 2237 in
2582 2181 2847 2252 incorpto
2867 2180 3112 2241 decreto
3142 2187 3488 2258 perstabat;
3515 2188 3671 2258 jam-

1981 2288 2098 2343 que
2132 2289 2351 2329 aurora
2394 2272 2741 2335 irradiante,
2776 2270 3017 2328 modice
3046 2274 3387 2335 dormitans
3419 2275 3668 2332 cubicu-

1979 2360 2106 2419 lum
2136 2362 2399 2432 intravit,
2434 2370 2624 2433 seque
2656 2373 2836 2430 super
2866 2375 3197 2419 scamnum
3239 2368 3473 2422 tantum
3501 2363 3668 2421 incli-

1979 2467 2134 2507 nans
2183 2450 2537 2523 hujusmodi
2591 2446 2899 2506 somnium
2946 2450 3119 2508 vidit.
3153 2457 3304 2511 Nam
3348 2453 3507 2511 oliva
3535 2456 3666 2527 pul-

1979 2542 2137 2596 chrte
2182 2539 2639 2610 magnitudinis,
2670 2536 2753 2593 ibi
2782 2536 2846 2593 in
2890 2538 3200 2599 claustrali
3247 2544 3400 2601 atrio
3441 2544 3661 2617 stabat,

1979 2635 2036 2685 et
2064 2630 2319 2703 putabat
2359 2647 2423 2686 se
2472 2629 2587 2684 sub
2631 2625 2847 2683 eadem
2879 2628 3098 2691 arbore
3143 2632 3416 2690 lectionis
3462 2634 3661 2691 studio

1981 2719 2206 2787 sedere,
2225 2724 2281 2775 et
2313 2719 2391 2776 ad
2422 2736 2483 2774 se
2509 2716 2813 2793 quasdam
2838 2719 3154 2788 graviores
3181 2726 3239 2778 et
3262 2722 3505 2792 ignotas
3532 2739 3662 2796 per-

1983 2825 2167 2871 sonas
2202 2810 2503 2876 accedere,
2537 2824 2674 2880 quae
2706 2822 2767 2861 se
2811 2824 2850 2864 a
2878 2822 3020 2878 rege
3044 2809 3149 2867 illo
3174 2811 3396 2869 missas
3429 2829 3657 2870 assere-

1980 2903 2129 2965 rent,
2160 2904 2224 2954 ut
2248 2899 2528 2955 eamdem
2557 2895 2781 2952 olivam
2824 2895 3152 2956 suifossam
3204 2901 3321 2958 sibi
3362 2901 3426 2958 in
3458 2903 3658 2972 regale

1983 2988 2280 3045 servimen
2321 2987 2636 3043 deferrent.
2672 2990 2787 3042 Nec
2815 3002 3011 3057 mora,
3044 2993 3111 3047 ut
3155 2990 3268 3049 sibi
3312 2991 3654 3065 videbatur,

1981 3094 2217 3133 secures
2245 3083 2300 3133 et
2327 3075 2580 3132 fossoria
2609 3074 2903 3149 arripiunt
2927 3090 3189 3150 eamque
3220 3095 3467 3139 summa
3497 3080 3655 3136 festi-

1980 3164 2218 3219 natione
2267 3164 2594 3236 exstirpare
2642 3163 3033 3219 contendunt.
3068 3164 3184 3220 Sed
3212 3170 3443 3237 quanto
3466 3166 3649 3223 altius

1977 3253 2297 3321 infodiunt,
2340 3258 2502 3311 tanto
2554 3251 2897 3308 densiorem
2943 3252 3221 3311 radicum
3268 3254 3651 3311 tenacitatem

1980 3344 2309 3407 inveniunt.
2346 3342 2515 3408 Quod
2560 3341 2675 3415 ipsi
2703 3340 3000 3412 videntes,
3033 3340 3430 3399 festinationis
3462 3358 3652 3400 causa

1979 3434 2237 3493 admotis
2267 3432 2577 3490 securibus
2603 3431 2836 3488 radices
2867 3431 3130 3489 secando
3159 3431 3512 3505 praecidunt,
3540 3432 3650 3488 sic-

1979 3541 2097 3597 que
2143 3522 2412 3579 evulsam
2469 3520 2749 3578 arborem
2802 3536 3011 3577 secum
3059 3519 3399 3577 auferentes
3455 3518 3649 3576 disce-

1980 3614 2151 3685 dunt,
2182 3620 2237 3671 et
2268 3615 2487 3683 statim,
2524 3618 2587 3669 ut
2617 3612 2975 3684 aestimabat,
3004 3607 3079 3669 ex
3119 3611 3327 3668 relicta
3372 3608 3649 3667 radicum

1980 3703 2272 3759 densitate
2301 3704 2622 3758 innumera
2651 3706 2707 3757 et
2738 3700 3011 3773 speciosa
3050 3699 3309 3769 virgulta
3335 3714 3648 3754 succreve-

1980 3795 2140 3861 runt,
2166 3807 2303 3865 qua:
2333 3791 2511 3846 etiam
2546 3794 2733 3845 totum
2762 3788 2984 3844 atrium
3014 3802 3126 3841 sua
3153 3784 3647 3857 multiplicatione

1980 3879 2377 3951 repleverunt,
2407 3878 2491 3933 ita
2521 3882 2586 3932 ut
2614 3881 2671 3932 et
2698 3874 2918 3945 vulgus
2957 3872 3177 3930 diversi
3206 3888 3386 3928 sexus
3415 3875 3473 3926 et
3501 3876 3645 3927 aeta-

1982 3968 2052 4023 tis
2079 3966 2393 4024 accesserit
2414 3970 2472 4022 et
2500 3966 2575 4022 de
2604 3964 2820 4021 iisdem
2848 3961 3114 4019 fructetis
3140 3959 3441 4034 plantaria
3468 3959 3647 4032 plura

1981 4055 2239 4113 avellens
2279 4070 2383 4127 per
2430 4069 2572 4111 rura
2620 4057 2677 4107 et
2727 4049 2992 4124 compita
3034 4047 3541 4111 disseminaverit.
3571 4048 3648 4104 At

1981 4143 2077 4199 ille
2107 4143 2396 4214 evigilans
2432 4140 2750 4199 ecclesiam
2800 4138 3001 4198 statim
3044 4137 3304 4208 intravit,
3332 4140 3648 4211 totumque

1982 4250 2134 4304 sese,
2165 4233 2490 4304 cogitatum
2540 4247 2722 4293 suum
2759 4230 2824 4291 in
2852 4228 3107 4286 Domino
3132 4228 3392 4307 jactans,
3425 4226 3647 4287 divinas

1982 4323 2309 4383 clementiae
2357 4321 2637 4383 attentius
2691 4318 3160 4386 commendavit,
3207 4317 3355 4392 quia
3401 4331 3464 4373 se
3509 4319 3649 4393 post

1980 4413 2144 4470 idem
2175 4412 2478 4470 somnium
2521 4411 2936 4468 discessurum
2981 4408 3199 4467 certius
3240 4407 3355 4479 (28)
3385 4408 3645 4469 aestima.-

1980 4504 2102 4563 bat.
2137 4503 2309 4570 Quod
2339 4506 2542 4561 tamen
2582 4500 2825 4578 sapiens
2874 4498 3132 4572 quisque
3176 4495 3294 4553 alia
3339 4493 3646 4551 evidentem

1981 4593 2337 4668 portendere
2359 4595 2632 4666 patenter
2657 4588 2946 4659 intelligit,
2979 4587 3084 4660 qui
3112 4581 3505 4668 multiplicem
3534 4582 3643 4668 do-

1983 4665 2183 4735 ctrinae
2228 4665 2384 4735 illius
2414 4676 2905 4737 numerositatem
2954 4669 3198 4729 sollicite
3240 4665 3641 4742 perpenderit,

1982 4772 2037 4824 et
2087 4767 2202 4825 illic
2248 4768 2309 4825 in
2338 4766 2553 4840 prioris
2600 4762 2904 4833 religionis
2951 4759 3226 4818 exercitio
3264 4756 3558 4828 relictam,
3588 4759 3646 4813 et

1982 4861 2192 4932 postea
2238 4855 2461 4929 ubique
2508 4870 2615 4927 per
2661 4853 2901 4911 diversa
2949 4850 3134 4909 divini
3176 4848 3326 4911 roris
3356 4847 3646 4920 dogmata

1984 4946 2298 5005 salubriter
2321 4943 2678 5015 dispersam.

2058 5140 2169 5210 (26)
2207 5137 2408 5193 Codex
2439 5134 2782 5210 Graeciensis
2800 5133 2994 5210 habet
3014 5149 3033 5210 :_
3051 5130 3433 5210 Panchardo.
3452 5130 3520 5185 In
3535 5145 3647 5210 no-

1989 5201 2109 5268 stro
2139 5201 2340 5281 autem
2365 5206 2705 5281 exemplari
2722 5204 2922 5281 prima
2950 5202 3144 5259 solum
3172 5202 3355 5281 hujus
3382 5201 3648 5281 nominis

1988 5284 2179 5340 littera
2206 5272 2638 5345 B.habebati1r,
2662 5272 2812 5335 sicut
2835 5280 2892 5332 et
2911 5288 3095 5347 supra
3119 5289 3229 5347 pro
3253 5272 3548 5347 Arnoldo,
3572 5275 3643 5347 ᾼ.

2065 5290 2179 5337 tera
2207 5290 2264 5336 Β.
2284 5290 2638 5345 habebatur,
2662 5290 2812 5335 Sicut
2835 5290 2892 5332 et
2911 5290 3095 5402 stupra
3119 5290 3229 5347 pro
3253 5290 3548 5343 Ανηοιαο,
3572 5290 3643 5331 Α.

2065 5354 2187 5430 (27)-
2210 5350 2840 5430 Βεωὼθιεεηλίηςορῑρτι⁸
2858 5363 2936 5430 qu
3054 5346 3213 5430 sede
3233 5417 3263 5430 η
3284 5345 3394 5402 hoc
3420 5345 3647 5402 mundo

1995 5422 2393 5483 transiturum
2424 5422 2751 5478 certissima
2780 5422 3002 5476 visione
3024 5422 3285 5488 putavit.

2067 5497 2178 5567 (28)
2217 5492 2447 5565 Bamb.,
2479 5493 2641 5567 quia
2668 5491 2992 5567 secundum
3041 5490 3201 5567 illud
3245 5488 3539 5545 somnium
3586 5503 3648 5547 se

1993 5562 2132 5627 inde
2158 5562 2555 5624 discessurum
2584 5564 2758 5622 citius
2787 5562 3168 5621 existimavit.
