3996 6168
496 181 632 236 H75

1425 186 1481 242 S.
1525 187 1930 243 GODEHABDI
1976 186 2282 243 EPISCOPI
2322 187 2987 253 HILDESHEIMENSIS.

3699 220 3778 271 illi

569 309 652 360 17.
696 305 1197 379 Quandoquidem
1247 307 1408 364 beati
1464 310 1574 366 viri
1626 311 1739 383 (29)
1783 310 1976 368 Vitam
2028 325 2152 366 non
2184 313 2233 366 Α
2263 311 2386 368 rius
2418 322 2656 372 vacaret
2684 322 2739 374 et
2768 317 2991 391 fragilis
3019 322 3152 379 vitae
3175 322 3355 380 tinem
3384 325 3438 383 in
3466 330 3607 387 solita
3629 334 3783 395 dilecta-

490 394 738 468 propria
788 395 1054 467 scientia,
1081 412 1219 469 quae
1249 402 1405 454 certe
1452 399 1620 456 nulla
1672 405 1777 469 est,
1806 399 1913 457 sed
1955 399 2156 457 divina

492 484 807 541 clementia
836 484 1094 559 favente,
1128 486 1205 542 ab
1235 489 1483 545 exordio
1513 491 1804 547 hactenus
1831 506 1937 564 per
1966 490 2156 546 multa

485 572 820 630 laudabilia
873 575 1313 649 descripserim,
1348 579 1569 649 gratias
1616 598 1727 654 pro
1777 581 1924 637 scire
1954 580 2156 637 condi-

488 666 643 732 gnas
669 664 866 720 eidem
895 664 1224 722 clementiae
1254 667 1466 737 refero,
1489 670 2158 743 tuumque,venerande

485 755 677 821 Pater,
712 754 1027 825 auxilium,
1054 771 1242 828 quem
1272 772 1308 813 a
1354 756 1473 814 ﬁne
1522 775 1714 831 usque
1769 759 1830 816 in
1876 758 2059 816 ﬁnem
2096 760 2157 816 in

487 841 778 897 omnibus
808 846 865 898 et
893 841 955 897 in
983 842 1099 898 hoc
1148 844 1449 917 praecipue
1488 847 1729 916 negotio
1774 846 2156 916 eruditorem,

488 929 869 986 defensorem
920 936 1437 1006 correctoremque
1485 935 1782 1007 praeelegi,
1834 941 2027 1007 tuum,
2076 936 2162 992 in-

489 1036 702 1092 quam,
738 1020 943 1092 tuique
991 1020 1277 1077 similium
1329 1023 1619 1080 auxilium
1664 1030 1720 1081 et
1760 1026 2161 1083 interventum

492 1107 572 1163 ad
603 1109 789 1162 Deum
819 1107 1098 1180 imploro,
1132 1113 1199 1165 ut
1229 1110 1513 1184 deinceps
1543 1113 1778 1184 majora
1804 1118 1861 1171 et
1883 1114 2161 1171 laudabi-

490 1195 641 1250 liora
672 1194 828 1250 illius
863 1194 1188 1252 directione
1220 1197 1345 1253 sine
1385 1199 1685 1257 mendacii
1714 1202 1850 1259 fuco
1876 1202 2163 1259 veraciter

493 1287 550 1339 et
578 1298 842 1354 congrue
871 1284 1238 1342 describam.
1273 1290 1445 1343 Anno
1492 1289 1672 1360 igitur
1699 1296 1840 1364 post
1868 1292 2163 1348 incarnati

491 1372 672 1428 Verbi
701 1372 798 1428 Dei
829 1373 1186 1446 mysterium
1220 1380 1377 1448 1022,
1398 1370 1568 1449 regni
1589 1396 1732 1437 vero
1760 1381 1993 1437 domini
2014 1384 2162 1437 Hen-

489 1462 596 1518 rici
648 1462 936 1533 vigesimo
984 1464 1201 1537 primo,
1242 1467 1477 1540 imperii
1522 1474 1723 1527 autem
1762 1487 1945 1541 nono,
1977 1471 2163 1528 felicis

491 1550 797 1609 memorite
830 1553 940 1625 (30)
969 1554 1370 1611 Bernwardus
1401 1559 1759 1616 venerabilis
1794 1565 2013 1633 nostra:
2055 1564 2161 1617 Ec-

493 1639 684 1696 clesiae
715 1640 964 1698 antistes
995 1658 1067 1698 ex
1096 1643 1211 1699 hac
1234 1644 1355 1701 vita
1376 1645 1455 1701 ad
1484 1652 1839 1721 perpetuam
1860 1648 2158 1720 migravit,

496 1729 670 1800 cujus
701 1734 856 1786 certe
886 1731 1084 1787 obitus
1106 1736 1293 1788 totam
1322 1735 1629 1804 regionem
1659 1738 1923 1794 maxime
1953 1738 2164 1795 contri-

493 1818 684 1873 stavit.
720 1821 857 1875 Erat
880 1819 1061 1887 enim,
1096 1825 1160 1876 ut
1190 1822 1529 1880 festinando
1571 1842 1817 1882 omnem
1855 1827 1990 1884 vitae
2033 1828 2162 1900 ejus

491 1906 806 1962 historiam
836 1912 1265 1978 transcurram,
1287 1911 1351 1967 in
1378 1918 1592 1970 cuncto
1623 1914 1838 1970 divinae
1871 1916 2163 1973 servitutis

494 2001 716 2052 sanctae
747 1995 945 2052 studio
980 1997 1138 2068 juste
1169 1998 1429 2055 fervidus
1460 2007 1517 2059 et
1557 2003 1620 2059 in
1668 2009 1790 2061 tota
1832 2006 2163 2062 mundanae

494 2084 760 2141 utilitatis
797 2085 1118 2155 sagacitate
1155 2089 1456 2160 sapienter
1499 2093 1806 2165 providus,
1839 2100 2047 2152 contra
2074 2112 2163 2152 re-

494 2170 682 2227 belles
727 2177 783 2228 et
824 2173 1138 2231 induratos
1181 2177 1313 2247 jure
1346 2193 1610 2251 severus,
1642 2196 1785 2252 erga
1814 2182 2163 2240 obedientes

494 2264 551 2314 et
580 2260 888 2316 modestos
917 2261 1023 2318 rite
1052 2270 1430 2334 mansuetus,
1455 2267 1517 2322 in
1544 2267 1942 2342 eleemosynis
1972 2275 2030 2327 et
2049 2270 2161 2327 mi-

492 2348 789 2406 seratione
821 2352 1195 2425 compatiens
1240 2359 1297 2410 et
1322 2355 1551 2427 largus,
1579 2358 1814 2429 vigiliis,
1838 2360 2081 2431 jejuniis
2108 2365 2165 2418 et

495 2438 873 2495 orationibus
929 2442 1348 2500 convenienter
1403 2445 1683 2504 intentus.
1743 2450 2163 2506 Monasterium

494 2525 609 2597 (3|)
662 2532 936 2584 nostrum
990 2530 1193 2604 itaque
1250 2532 1437 2604 libris,
1470 2534 1677 2603 serico,
1729 2553 1899 2601 auro,
1951 2554 2161 2609 argen-

494 2620 575 2683 to,
618 2618 894 2688 gemmis,
944 2619 1194 2691 picturis
1242 2621 1493 2696 aliisque
1533 2625 1943 2683 ecclesiasticis
1991 2644 2163 2685 orna-

494 2705 713 2759 mentis
744 2705 1021 2777 pluribus
1062 2708 1342 2767 decenter
1369 2711 1691 2783 redimivit,
1722 2714 1968 2772 clericos
1997 2716 2162 2772 auxi-

492 2791 675 2848 liante
706 2794 825 2850 Deo
857 2794 1078 2851 multos
1110 2803 1167 2853 et
1194 2798 1373 2855 etiam
1398 2799 1460 2855 in
1489 2800 1694 2858 divino
1722 2803 1958 2861 servitio
1990 2805 2161 2862 utiles

495 2881 794 2938 cnutrivit.
858 2885 1203 2942 Venerabile
1251 2889 1540 2962 templum
1607 2892 1799 2948 sancti
1863 2893 2160 2951 Michaelis

495 2971 739 3043 proprio
769 2971 977 3029 labore
1017 2980 1424 3034 constructum
1457 2996 1690 3053 suaque
1718 2982 2061 3041 haereditate
2104 2989 2161 3042 et

496 3059 895 3133 acquisitione
943 3062 1303 3123 sufﬁcienter
1333 3067 1603 3126 dotatum
1631 3070 1693 3126 in
1736 3074 2158 3130 monachicam

494 3148 849 3219 religionem
890 3152 1010 3207 Deo
1045 3157 1434 3212 consecravit.
1470 3157 1689 3214 Turres
1717 3176 1861 3217 vero
1895 3162 2160 3218 munitis-

494 3237 684 3299 simas
716 3243 773 3295 et
805 3240 984 3297 etiam
1035 3242 1401 3301 honoriﬁcas
1451 3263 1588 3303 cum
1619 3249 1957 3307 adhaerente
1983 3267 2158 3308 muro

490 3326 551 3383 in
584 3328 855 3385 orientali
884 3334 941 3387 et
968 3332 1323 3390 occidentali
1354 3340 1524 3408 parte
1554 3343 1776 3395 nostrae
1803 3338 2078 3413 civitatis,
2096 3341 2158 3398 in

490 3418 803 3476 tuitionem
823 3420 1044 3477 civium
1075 3426 1424 3482 construxit.
1452 3427 1741 3484 Ecclesias
1772 3430 1993 3487 multas
2018 3449 2157 3488 cum

489 3507 669 3562 variis
720 3512 778 3564 et
821 3508 1067 3565 utilibus
1116 3512 1379 3568 aediﬁciis
1428 3530 1536 3587 per
1574 3516 1843 3574 diversas
1871 3520 2159 3594 episcopii

492 3599 687 3650 curtes
717 3596 1058 3666 aedificavit,
1082 3604 1140 3655 et
1160 3601 1326 3656 omni
1356 3618 1603 3674 prorsus
1628 3606 1987 3678 pontiﬁcalis
2017 3625 2157 3682 pro-

491 3681 737 3737 visionis
779 3684 1089 3742 honestate
1132 3686 1194 3742 in
1237 3687 1457 3746 divinis
1499 3697 1555 3748 et
1601 3692 1885 3750 humanis
1916 3681 2158 3755 solerter

490 3769 840 3841 invigilavit.

565 3863 648 3916 18.
694 3862 913 3919 Eodem
958 3867 1228 3938 tempore
1256 3866 1583 3941 imperator
1621 3874 1861 3932 Gruona
1886 3876 2153 3946 sedebat,

489 3953 544 4008 et
592 3957 1027 4022 praemoratum
1076 3954 1364 4012 abbatem
1411 3957 1583 4016 solito
1637 3977 1875 4035 semper
1923 3964 2156 4038 pietatis

488 4054 657 4094 more
711 4056 919 4097 secum
969 4042 1253 4101 habebat.
1314 4046 1675 4107 Adveniente
1732 4050 1912 4121 igitur
1958 4054 2155 4127 legato

488 4141 630 4182 cum
681 4127 795 4183 hac
848 4130 1092 4202 lugubri
1148 4133 1466 4206 legatione,
1524 4138 1852 4213 imperator
1914 4142 2154 4201 fidelem

490 4213 702 4271 Christi
758 4218 969 4291 suique
1023 4222 1319 4291 amicum,
1377 4226 1680 4298 condigno
1745 4245 2001 4289 mterore
2055 4233 2154 4290 de—

488 4301 671 4373 ﬂevit,
712 4309 769 4360 et
808 4306 975 4378 piam
1017 4308 1148 4379 ejus
1196 4312 1466 4370 animam
1513 4316 1633 4374 Deo
1687 4322 1745 4375 et
1791 4322 2010 4379 sanctis
2052 4323 2154 4380 Dei

2191 1674 2231 1728 Β

2188 3028 2229 3080 C

2202 4356 2205 4363 ‘
2226 4362 2231 4369 ι

487 4391 716 4462 angelis
778 4394 981 4454 debita
1046 4404 1621 4462 commemoratione
1686 4411 2148 4470 commendavit.
2182 4384 2228 4439 Β

486 4481 709 4539 Deinde
759 4483 1044 4544 abbatem
1093 4495 1321 4548 secreto
1370 4494 1687 4568 soliloquio
1735 4500 2033 4574 convenit,
2076 4503 2153 4559 ei-

484 4587 604 4644 que
676 4588 799 4630 suae
883 4576 1210 4636 voluntatis
1299 4597 1590 4639 arcanum
1654 4585 1728 4641 de
1802 4588 2152 4664 episcopatu

485 4659 759 4731 ejusdem
808 4665 965 4722 sedis
1013 4669 1265 4739 aperuit.
1317 4670 1424 4726 Cui
1455 4672 1653 4729 statim
1692 4673 1787 4730 ille
1825 4659 1888 4732 in
1934 4659 2147 4740 faciem

483 4749 710 4821 restitit,
741 4757 797 4810 et
826 4770 889 4810 se
917 4755 1238 4825 indignum
1280 4762 1446 4815 tanto
1489 4777 1559 4817 ac
1603 4762 1705 4819 tali
1734 4764 1933 4823 ofﬁcio
1962 4773 2018 4824 et
2045 4769 2151 4827 ho-

481 4853 628 4895 nore
657 4844 985 4916 respondit.
1012 4846 1202 4911 Quem
1226 4846 1369 4904 item
1390 4849 1653 4925 itemque
1679 4869 1749 4910 ex
1774 4855 2151 4917 abundantia

483 4928 679 4986 cordis
708 4931 982 4990 devotius
1004 4934 1338 4994 admonuit.
1370 4938 1467 4996 Ille
1488 4957 1629 4998 vero
1658 4942 1720 5000 in
1750 4950 1947 5021 coepta
1976 4963 2150 5006 excu-

483 5018 711 5077 satione
757 5022 1006 5081 tirmiter
1048 5027 1323 5099 perstitit,
1354 5027 1582 5101 dicens,
1615 5039 1770 5093 certe
1819 5018 1883 5093 se
1912 5038 2148 5111 majora

481 5121 667 5166 onera
691 5109 1033 5170 divitiarum
1055 5114 1135 5172 ob
1159 5116 1276 5172 hoc
1303 5118 1606 5191 rejecisse,
1630 5128 1696 5181 ut
1723 5126 1832 5181 soli
1864 5129 1983 5184 Deo
2004 5109 2147 5185 libe-

556 5219 670 5308 (_2j9:)
702 5217 1049 5308 llicnincipit
1091 5224 1358 5306 secunda
1390 5243 1541 5308 pars
1572 5228 1708 5308 Vitae
1733 5232 1928 5308 sancti
1958 5234 2144 5308 Gode-

479 5283 690 5371 hardi,‘
722 5283 1065 5371 scilicet‘de
1124 5296 1254 5367 ejus
1308 5283 1702 5371 episcopatu,
1728 5283 2139 5363 iﬁiJnﬁiﬁis

481 5356 615 5441 ch:
639 5362 696 5414 et
716 5361 894 5441 apud
910 5356 1303 5441 Brouverum,
1326 5356 1431 5424 ubi
1449 5356 1633 5441 hujus
1650 5356 2141 5434 duEeFi'iBitiEﬁ

480 5426 735 5522 adferte.
754 5426 978 5522 verba.
1029 5436 1227 5519 Αηηρ,
1257 5426 1619 5522 e’tcphveligti
1650 5426 2138 5522 BQAEEEIE

479 5497 623 5577 dam
634 5503 735 5577 _ad
756 5505 1137 5575 Defensorem
1165 5497 1524 5569 inscribitur.
1550 5497 2013 5576 Is’aiite'm—i—ilius1
2015 5497 2139 5577 53x1

480 5572 775 5667 2329262.
828 5572 923 5633 δαί
966 5578 1228 5667 Ρῖίξηᾶω
1275 5585 1509 5656 partem
1559 5572 2137 5667 nuncupavi—(nte;

480 5642 609 5707 ejus
647 5642 895 5703 lectione
924 5642 1104 5721 patet.
1275 5642 1298 5656 ’
1500 5642 1521 5681 έ

2262 417 2381 474 que
2413 402 2524 459 sibi
2554 412 2904 481 paupertate
2935 411 3198 468 securius
3240 422 3589 488 exspectaret.
3617 425 3787 499 Impera-

2264 495 2357 548 tor
2384 509 2527 551 vero
2554 513 2661 569 per
2688 499 3003 572 episcopos
3032 502 3229 559 cordis
3254 504 3379 575 ejus
3413 505 3649 567 duritiam
3668 495 3787 572 emol-

2264 580 2368 638 lire
2393 585 2657 650 tentavit.
2685 603 2910 661 eosque
2934 589 3006 645 de
3037 589 3253 647 talibus
3282 591 3441 649 illum
3463 598 3718 656 convenire
3735 620 3791 659 ro-

2267 671 2461 743 gavit;
2494 674 2556 730 in
2584 691 2846 748 quorum
2867 677 2962 734 ille
2982 679 3279 754 colloquio
3309 681 3467 740 solita
3490 685 3670 745 ﬁducia
3689 695 3793 748 resti-

2266 759 2352 831 tit,
2385 764 2442 817 et
2474 780 2537 819 se
2570 765 2814 823 tandem
2845 766 2893 822 si
2922 768 3032 824 hoc
3062 773 3264 827 tamen
3294 772 3518 829 nomine
3554 775 3722 847 dignus
3742 781 3792 835 eis

2267 849 2587 924 videretur,
2621 855 2812 913 donec
2862 857 3209 916 Radisbona
3252 866 3353 917 aut
3391 864 3600 921 Patavia
3622 874 3791 939 vacaret,

2274 939 2374 995 ubi
2404 957 2527 997 non
2577 944 2690 1000 sibi
2735 946 2843 1003 sed
2887 947 3006 1003 suis
3042 953 3273 1006 tantum
3296 951 3556 1023 prodesse
3581 957 3736 1026 possit.
3755 958 3792 1012 li

2268 1028 2509 1086 beatius
2555 1038 2899 1106 exspectare
2942 1037 3154 1094 retulit.
3186 1037 3392 1111 Sicque
3419 1039 3609 1097 ibidem
3648 1059 3725 1116 per
3749 1051 3794 1101 to

2269 1119 2394 1172 tam
2422 1118 2875 1179 hebdomadam
2923 1123 2995 1180 de
3036 1125 3151 1182 hoc
3190 1126 3339 1183 inter
3362 1144 3456 1183 eos
3483 1146 3635 1186 causa
3654 1136 3792 1187 tracta-

2269 1203 2469 1277 batur,
2502 1208 2609 1264 sed
2632 1208 2728 1266 ille
2759 1227 2994 1284 semper
3020 1211 3081 1267 in
3111 1212 3322 1270 eadem
3351 1232 3467 1272 suae
3494 1218 3729 1274 sententia:
3748 1226 3793 1275 te-

2271 1294 2531 1352 nacitate
2559 1297 2946 1356 renitebatur.

2346 1439 2432 1492 t9.
2473 1438 2737 1495 Tandem
2788 1440 2848 1496 in
2880 1442 3098 1513 Vigiliis
3141 1445 3327 1501 sancti
3363 1445 3583 1502 Andreae
3607 1448 3790 1521 apostoli.

2269 1541 2408 1597 qua:
2452 1530 2593 1584 tunc
2639 1528 2701 1585 in
2732 1531 2943 1603 quinta
2991 1532 3139 1589 feria
3169 1540 3302 1589 ante
3331 1534 3620 1591 Adventum
3642 1537 3791 1591 Domini

2269 1620 2613 1687 evenerant,
2656 1617 2799 1673 item
2856 1621 3158 1676 somnium
3213 1620 3353 1677 vidit
3399 1622 3546 1695 quod
3589 1628 3691 1679 tunc
3729 1624 3791 1677 soli

2269 1701 2639 1776 imperatori,
2689 1712 2900 1779 postea
2946 1726 3087 1765 vero
3133 1715 3191 1766 et
3240 1710 3405 1766 nobis
3452 1711 3729 1782 gratulando
3763 1720 3792 1765 et

2270 1790 2453 1848 etiam
2481 1792 2878 1867 lacrymando
2910 1799 3128 1871 saepius
3164 1800 3459 1856 intimavit.
3488 1801 3677 1873 Aspexit
3696 1801 3790 1855 enim

2269 1879 2334 1936 in
2363 1881 2595 1938 visione
2620 1890 2755 1957 post
2786 1887 2992 1943 solitas
3024 1892 3343 1944 nocturnas
3373 1889 3573 1958 vigilias
3594 1906 3646 1944 ac
3662 1905 3791 1961 prece:

2270 1971 2618 2040 matutinas,
2670 1977 2734 2029 ut
2786 1974 2896 2031 sibi
2954 1977 3285 2047 videbatur,
3335 1979 3392 2033 in
3441 1977 3569 2033 atrio
3612 1978 3790 2049 ejusdem

2270 2059 2554 2129 ecclesiae,
2606 2061 2667 2117 in
2730 2079 2854 2136 qua
2900 2071 3038 2138 post
3093 2067 3352 2122 triduum
3407 2069 3513 2122 Deo
3552 2079 3790 2121 consecran

2270 2146 2387 2203 dus
2418 2154 2562 2217 erat,
2593 2150 2844 2208 nimiam
2875 2159 3027 2210 certe
3057 2155 3485 2211 multitudinem
3526 2154 3647 2210 inter
3676 2169 3718 2208 se
3738 2159 3789 2207 tu-

2271 2236 2672 2295 multuantem
2714 2247 2772 2297 et
2798 2242 2873 2298 de
2901 2244 3208 2318 episcopio
3247 2243 3788 2300 Hildenesheimensise-

2269 2324 2360 2382 rio
2391 2333 2853 2387 concertantem.
2882 2335 3043 2389 Tunc
3075 2334 3322 2390 accessit
3349 2333 3421 2390 ad
3456 2349 3573 2388 eum
3597 2332 3642 2387 in
3665 2330 3787 2385 media

2270 2415 2654 2474 multitudine
2685 2435 2822 2475 cum
2845 2420 3101 2493 pulchra
3126 2422 3447 2497 puellarum
3468 2428 3672 2483 caterva,
3691 2434 3784 2491 qua-

2269 2503 2416 2560 dam
2469 2510 2748 2564 matrona
2802 2510 3182 2579 venerabilis,
3232 2511 3391 2568 vultu
3442 2516 3491 2566 et
3535 2509 3693 2565 habitu
3723 2507 3783 2560 mi-

2266 2593 2497 2662 rabilis,
2527 2599 2585 2651 et
2634 2597 3013 2670 apprehensa
3056 2617 3246 2657 manu
3292 2602 3413 2673 ejus
3457 2598 3520 2654 de
3562 2594 3782 2670 frequentia

2266 2682 2582 2740 turbarum
2631 2701 2771 2742 eum
2821 2687 2884 2743 in
2931 2688 3215 2745 eamdem
3244 2688 3523 2745 ecclesiam
3548 2682 3781 2743 introduxit.

2266 2775 2324 2827 et
2352 2775 2590 2829 extenta
2637 2773 2846 2832 dextra
2891 2784 3040 2833 nutu
3088 2782 3316 2834 tantum
3347 2793 3470 2833 eum
3496 2776 3559 2832 ad
3583 2772 3778 2843 agendam

2267 2865 2404 2917 ante
2430 2863 2783 2920 cruciﬁxum
2810 2865 3051 2922 veniam
3085 2867 3393 2923 admonuit
3413 2867 3539 2938 (32);
3566 2862 3780 2929 statimtu

2266 2948 2399 3022 ipso
2453 2967 2515 3007 se
2558 2951 2636 3008 ad
2681 2967 2887 3025 preces
2936 2954 3285 3023 inclinante,
3312 2956 3431 3028 ipsa
3476 2969 3586 3008 cum
3621 2950 3779 3004 circum-

2270 3039 2566 3096 stantibus
2592 3041 2753 3098 clara
2778 3058 2923 3099 voce
2958 3047 3074 3100 Deo
3107 3045 3188 3102 ita
3209 3044 3445 3118 psallere
3467 3040 3634 3113 coepit:
3658 3036 3778 3092 Iniun-

2268 3126 2344 3183 de
2374 3128 2718 3186 unctionem
2758 3136 2926 3188 tuam
2973 3132 3240 3190 clemens
3268 3132 3469 3190 nostris
3495 3127 3705 3185 sensibus.
3726 3118 3776 3176 .td

2266 3232 2456 3289 quam
2486 3234 2694 3275 vocem
2727 3219 2855 3293 ipse
2881 3237 2916 3276 a
2954 3238 3174 3279 somno
3220 3221 3487 3293 evigilans
3520 3222 3562 3273 et
3600 3211 3773 3305 ejusdetn

2264 3306 2515 3363 visionis
2561 3311 2848 3382 mysterio
2878 3317 3283 3385 cumpunctus
3314 3309 3579 3368 ecclesiam
3609 3302 3770 3398 inlati?w

2265 3398 2323 3451 et
2351 3410 2558 3452 coram
2588 3395 2774 3454 altare
2824 3398 3057 3455 Domini
3108 3404 3427 3473 prostratus
3465 3395 3626 3450 Liviae
3640 3387 3766 3461 pietati

2266 3500 2327 3540 se
2355 3501 2649 3558 suamque
2680 3487 2971 3544 visionem
3019 3487 3472 3546 commendavit.
3496 3480 3758 3573 FactaJauteItI

2265 3572 2362 3629 die
2392 3573 2814 3646 imperatorem
2842 3578 3125 3635 secretius
3156 3577 3437 3640 convenit.
3458 3580 3506 3630 et
3526 3571 3750 3658 ωειιιιεξωέ

2267 3662 2593 3735 pertinacia
2643 3665 2917 3737 remissa,
2947 3666 3198 3724 visionis
3244 3667 3294 3723 ei
3333 3665 3518 3722 seriem
3551 3654 3708 3744 aperuit.
3724 3648 3760 3697 εί

2267 3752 2514 3808 tandem
2564 3768 2626 3809 se
2669 3753 2888 3811 divinae
2919 3753 3417 3828 praedestinationi
3456 3756 3508 3840 et
3538 3742 3761 3840 elusum?

2267 3840 2517 3897 consilio
2565 3856 2636 3897 ac
2690 3825 2981 3901 voluntati
3028 3846 3447 3903 obsecuturum
3482 3830 3667 3894 devovit.
3697 3825 3763 3919 Nec

2267 3944 2461 3998 mora,
2494 3929 2708 3988 eodem
2739 3931 2836 3988 die
2866 3932 3111 3990 diliculo
3143 3935 3330 3991 clerus
3377 3932 3544 3986 noster
3563 3932 3659 3977 cum
3678 3908 3766 3967 mlh“

2266 4017 2348 4075 tia
2379 4018 2655 4076 advenit:
2705 4022 2928 4093 quibus
2973 4023 3123 4080 dum
3177 4025 3478 4096 imperator
3501 4024 3631 4069 suum
3652 4010 3765 4057 seel?”

2267 4111 2416 4177 tum,
2444 4107 2568 4164 imo
2596 4108 2871 4166 divinum
2900 4112 3207 4170 decretum
3231 4106 3511 4174 intimavit,
3526 4104 3617 4158 tota
3636 4099 3764 4183 00’“?

2267 4197 2635 4298 unanimitas
2680 4204 3007 4310 gratanter,
3035 4205 3221 4259 Deum
3257 4193 3543 4310 laudae-(‘1?

2266 4287 2550 4359 quamvis
2602 4287 2800 4362 primo
2847 4290 3011 4364 quod
3049 4307 3162 4348 nec
3195 4290 3396 4347 mirum
3424 4273 3755 4376 anhelitu":

2266 4352 2345 4433 ob
2374 4352 2809 4450 ignotam'ejus
2834 4352 3039 4451 vitam,
3062 4381 3158 4438 vel
3178 4381 3347 4437 etiam
3369 4376 3438 4432 ob
3463 4366 3663 4427 auditam
3678 4352 3767 4408 om“

2258 4466 2589 4537 juventutis
2620 4467 2750 4539 ejus
2790 4468 3157 4527 nimietatem
3198 4470 3272 4526 ad
3302 4472 3505 4536 tempus
3525 4452 3768 4577 fxmim

2262 4559 2392 4577 ---ι
2428 4555 2653 4577 Λευ,
2706 4558 2813 4577 ι-.-
3019 4560 3072 4577 ..
3218 4559 3517 4577 .,,__----.....
3706 4570 3713 4577 ,

2262 4559 2395 4612 rent
2425 4555 2658 4629 sibique
2705 4558 2820 4615 tale
2849 4559 3073 4633 aliquid
3108 4550 3553 4634 pertimescerent.

2260 4661 2405 4702 vero
2459 4646 2555 4702 die
2605 4648 2669 4704 in
2724 4648 2907 4705 natali
2961 4649 3230 4723 Apostoli
3283 4643 3640 4738 cumnsllmﬂl0

2260 4732 2573 4809 plebisque
2625 4736 2886 4809 tripudio
2941 4718 3137 4795 eidem
3189 4729 3476 4813 pastoralis
3515 4733 3623 4813 cur?
3663 4718 3750 4813 “in?

2260 4797 2599 4894 menda‘tur,
2630 4797 2737 4899 qui
2785 4827 3063 4900 proxima
3103 4825 3390 4887 Dominica
3428 4797 3763 4928 Adﬁeﬂ‘ﬁg

2258 4913 2402 4970 mini
2433 4914 2511 4971 ab
2537 4887 2807 4972 Aribone
2840 4918 3290 4990 metropolitano
3329 4900 3624 4977 Magontiaco
3644 4887 3739 4951 dig“

2260 5004 2378 5059 Deo
2407 5009 2811 5061 consecratur.

2323 5133 2413 5187 20.
2459 5130 2571 5188 Sed
2602 5134 2804 5188 tamen
2834 5132 2894 5188 in
2926 5132 3058 5206 ipso
3085 5131 3339 5206 ejusdem
3360 5113 3577 5180 honoris,
3601 5094 3755 5215 strati

2323 5236 2437 5310 (30)
2475 5239 2676 5296 Sancti
2728 5241 3065 5297 Bernwardi
3094 5241 3275 5296 Vitam
3317 5225 3545 5303 superius
3575 5203 3748 5284 θιδέδω

2323 5324 2384 5342 ιι
2418 5310 2490 5342 οτι
2524 5326 2748 5342 ann-1m
2789 5316 2918 5342 man
2976 5329 3096 5342 πηη
3130 5326 3277 5342 ...ηηη
3302 5318 3419 5342 onm
3447 5294 3619 5342 nbllSSe
3640 5280 3748 5342 eique

2248 5294 2386 5364 mus
2415 5294 2494 5366 ad
2521 5294 2758 5369 annum
2779 5294 3098 5385 1623,1160
3114 5294 3277 5389 anno
3302 5294 3423 5382 cuin
3447 5294 3621 5407 οϋιιςςεῖ
3640 5294 3748 5399 εζξέ

2250 5379 2670 5407 n...a..1.....,l..__
2724 5383 3076 5407 -.--A--..:-._.-
3138 5381 3295 5407 ..-ι-..η
3343 5381 3504 5407 ιγιοιιιη
3555 5372 3603 5407 es

2250 5379 2677 5439 Godehardum
2722 5372 3079 5439 successisse
3138 5379 3297 5439 nobis
3343 5373 3506 5428 visum
3555 5372 3603 5413 es

2249 5451 2881 5559 Sllgllliuttsfnnogtnntnm
2928 5532 3102 5559 ιτηηηι
3130 5518 3410 5559 Δηιιιοαίηη]
3436 5487 3745 5559 cathedraleﬂl;

2320 5524 2425 5595 (3t)
2464 5526 2885 5583 Monasterium
2928 5532 3104 5583 vocat
3130 5522 3414 5582 ecclesiam
3436 5522 3747 5601 οίιιιιυυέωᾜ

2320 5598 2431 5625 mm
2472 5595 2531 5625 ιλ
2566 5601 2657 5625 ..-ι
2708 5602 2771 5625 ..ι
2803 5597 3082 5625 εηηιεηηιλ
3118 5604 3341 5625 ,ιη-πωπω
3382 5572 3684 5625 mverentlam

2472 5595 2675 5722 [dtest,
2708 5602 2774 5655 ut
2800 5597 3086 5655 inclinato
3115 5604 3341 5667 corpore
3382 5588 3547 5639 Γθνθτθ

2367 5682 2384 5720 1
2429 5680 2527 5722 ere
2558 5710 2571 5722 .

2246 5665 2571 5724 exhiberet.
