3998 6176
239 216 382 278 1177

1859 203 2042 258 νιΤΑ.

3532 221 3667 274 H78

234 317 363 389 ipse
391 315 646 389 putavit,
692 312 889 370 oneris
938 284 1125 378 initio,
1151 311 1328 383 justis
1373 327 1409 367 a
1449 313 1588 377 Deo,
1648 314 1715 365 ut
1746 324 1899 387 vere
1933 311 1979 362 A
2015 309 2238 383 cipum,
2273 314 2516 385 Osdago
2546 320 2764 373 octavo
2794 323 2931 389 post
2960 316 3272 374 Altfridum
3297 324 3513 378 nostra:
3570 326 3671 379 Ec-

236 405 521 475 creditur,
555 401 983 477 praedestinata
1012 416 1135 457 non
1188 399 1374 455 defuit
1434 402 1698 455 tentatlo.
1757 400 1903 452 Nam

234 491 430 548 isdem
465 491 595 561 ejus
626 493 1007 546 consecrator
1033 487 1213 545 Aribo
1239 487 1452 543 eodem
1485 487 1581 542 die
1610 489 1747 542 ante
1769 485 1906 540 mis-

236 596 442 636 sarum
468 577 764 634 solemnia
796 577 1076 634 secretius
1104 593 1244 633 eum
1274 593 1414 633 cum
1432 575 1729 650 episcopis
1762 590 1905 629 con—

237 669 418 738 venit,
451 667 627 741 eique
656 668 718 723 in
752 665 1316 724 Gandersheimensi
1347 667 1462 737 (33)
1510 664 1645 721 loco
1684 669 1741 720 et
1793 663 1904 719 cir—

243 757 603 831 cumjacenti
651 756 942 813 territorio
1000 772 1245 813 omnem
1303 754 1667 829 pontiﬁcalis
1726 752 1904 810 ofﬁcii

243 847 652 922 provisionem
695 845 882 903 banni
933 847 1024 902 sui
1074 844 1523 918 interpositione
1577 842 1900 919 prohibuit.

245 939 435 1004 Quem
461 936 707 1010 quidem
736 936 1010 993 bannum
1036 936 1162 1009 ipse
1195 952 1318 991 sua:
1352 934 1742 1008 simplicitatis
1779 949 1905 989 mo-

239 1043 302 1082 re
332 1042 441 1082 nec
472 1024 837 1099 approbavit
865 1041 973 1082 nec
1004 1023 1263 1092 retinuit,
1318 1023 1423 1079 sed
1455 1024 1652 1080 statim
1685 1023 1761 1079 ad
1790 1022 1903 1077 im—

240 1119 606 1188 peratorem,
639 1114 717 1171 ab
751 1130 823 1170 eo
847 1112 1233 1170 solummodo
1263 1112 1664 1185 patrocinium
1690 1111 1750 1167 in
1782 1110 1906 1166 tali-

242 1202 356 1259 bus
376 1219 674 1276 quazrens,
708 1202 995 1275 confugit.
1028 1201 1140 1268 Qui
1166 1200 1481 1257 confestim
1513 1200 1907 1273 archiepisco-

242 1308 323 1366 po
354 1308 493 1347 cum
542 1291 824 1348 fratribus
855 1290 1223 1347 familiariter
1261 1289 1571 1358 accercito,
1631 1294 1687 1345 et
1733 1287 1905 1344 dissi-

248 1380 475 1437 mulata
504 1381 701 1438 cordis
758 1381 849 1436 sui
908 1380 1201 1451 molestia,
1262 1379 1424 1435 hune
1482 1395 1711 1435 novum
1770 1394 1909 1433 con-

249 1472 476 1526 ﬂictum
496 1470 703 1527 banno
737 1469 929 1526 soluto
984 1468 1283 1542 sapienter
1338 1467 1707 1541 paciﬁceque
1758 1467 1909 1523 dire-

247 1560 375 1616 mit.
401 1560 472 1616 Et
496 1559 579 1615 sic
609 1558 897 1632 praedicta
923 1558 1369 1615 consecratione
1400 1556 1597 1613 festive
1652 1556 1909 1615 celebra-

2014 398 2206 454 clesiie
2237 403 2544 477 episcopo,
2579 407 2843 462 veritatis
2873 406 2921 462 ei
2955 412 3011 463 et
3046 407 3285 477 justitite
3339 427 3479 466 voce
3532 413 3671 469 resi-

2014 492 2197 544 stente
2228 490 2513 564 disperiit,
2555 496 2803 566 quando
2836 495 2935 551 vix
2961 496 3209 552 obtentu
3233 497 3389 566 regis
3422 500 3668 574 ejusque

2016 577 2219 632 matris
2248 576 2548 638 licentiam
2580 584 2659 639 ab
2686 585 2898 641 eodem
2948 585 3234 658 episcopo
3274 586 3547 655 obtinuit,
3607 595 3672 646 ut

2012 666 2095 725 ibi
2121 667 2182 723 in
2212 671 2390 727 natali
2422 674 2609 729 sancti
2643 677 2811 731 Lucae
2839 676 3218 747 evangelistae
3244 676 3496 734 missam
3526 679 3672 735 cele-
3730 679 3736 687 ’

2011 755 2212 813 braret
2240 760 2748 836 archiepiscopus,
2779 768 2833 820 et
2878 765 3176 839 przedictze
3233 766 3470 839 Sophiae
3514 767 3671 824 vela-

2013 846 2237 903 tionem
2270 849 2445 905 simul
2473 868 2609 908 cum
2642 870 2713 909 eo
2744 862 2988 925 ageret;
3020 855 3094 911 de
3127 856 3352 935 caeteris
3381 874 3524 913 vero
3581 874 3675 914 ve-

2011 935 2207 993 landis
2227 937 2786 1010 virginibus,noster
2806 945 3024 1017 praesul
3041 962 3153 1001 suo
3165 946 3297 1017 jure
3312 946 3667 1019 provideret.

2013 1028 2152 1081 Post
2179 1042 2377 1098 pauca
2396 1029 2682 1101 priedicto
2716 1032 2951 1101 Osdago
2981 1035 3093 1104 (37)
3124 1035 3405 1109 episcopo
3462 1035 3671 1092 defun-

2013 1120 2127 1183 cto,
2152 1121 2208 1171 et
2229 1116 2500 1187 Gerdago
2531 1119 2709 1175 etiam
2749 1121 2923 1176 nobis
2954 1122 3160 1191 electo,
3211 1130 3268 1179 et
3322 1129 3459 1197 post
3498 1125 3668 1181 bien-

2012 1204 2183 1261 nium
2221 1204 2411 1275 iinito,
2440 1208 2725 1264 dominus
2760 1211 3155 1266 Bernwardus
3183 1213 3379 1280 regius
3420 1214 3671 1287 capella-

2014 1310 2129 1349 nus
2158 1295 2438 1352 eamdem
2465 1296 2671 1353 sedem
2698 1298 2973 1368 obtinuit,
3005 1316 3186 1372 quem
3229 1301 3389 1357 idem
3444 1303 3671 1358 archie-

2014 1385 2300 1458 piscopus
2332 1388 2724 1455 consecravit,
2760 1388 2869 1445 sed
2892 1406 3072 1462 super
3096 1390 3308 1446 eadem
3328 1391 3674 1463 repetitione

2015 1489 2261 1546 prorsus
2291 1475 2558 1542 obticuit,
2592 1476 2784 1532 donec
2814 1477 3066 1534 domina
3094 1478 3391 1549 Gerberga
3423 1481 3536 1551 (38)
3566 1479 3675 1535 ab—

2014 1562 2240 1620 batissa
2288 1564 2643 1621 venerabilis
2696 1583 2925 1622 novum
2993 1569 3452 1636 monasterium,
3508 1569 3676 1641 quod

248 1653 328 1715 ta,
382 1648 662 1704 eamdem
712 1648 873 1703 diem
934 1646 996 1702 in
1034 1646 1244 1703 timore
1276 1646 1379 1703 Dei
1404 1646 1767 1702 exsultantes
1790 1644 1908 1700 laeti
1939 1669 1978 1723 Β
2015 1650 2151 1723 ipsa
2179 1656 2314 1723 post
2342 1651 2690 1708 incendium
2717 1653 3067 1723 construxit,
3090 1654 3277 1711 voluit
3309 1655 3674 1723 consecrari;

249 1741 634 1811 peregerunt,
668 1742 723 1794 et
749 1736 831 1794 ita
851 1736 913 1793 in
942 1752 1090 1810 pace
1121 1753 1299 1793 suum
1332 1740 1697 1793 conventum
1719 1735 1907 1791 solve-
1942 1736 1949 1745 ‘

249 1832 408 1884 runt.

308 1916 398 1971 ‘21.
441 1919 568 1971 Non
594 1931 736 1986 ergo
792 1915 985 1983 vobis,
1040 1931 1076 1971 o
1125 1915 1397 1986 lectores,
1452 1914 1907 1971 incommodum

248 2008 345 2059 vel
382 2004 757 2060 fastidiosum
809 2004 1080 2061 videatur
1137 2003 1187 2058 si
1239 2004 1544 2075 hujusmet
1596 2003 1906 2059 conflictus

247 2093 502 2163 initium,
536 2093 705 2149 vobis
737 2097 892 2148 certe
921 2093 983 2148 in
1029 2092 1281 2165 posteris
1336 2092 1770 2160 necessarium,
1826 2090 1905 2146 al-

247 2182 361 2237 tius
392 2181 760 2237 necessitatis
792 2197 975 2236 causa
1004 2185 1327 2253 repetatur.
1364 2181 1619 2247 Quidam
1647 2181 1771 2236 dux
1801 2184 1905 2238 Sa-

241 2270 496 2326 xonicus
528 2269 812 2325 [.uitolfus
854 2271 1098 2326 nomine
1130 2286 1270 2326 cum
1302 2287 1412 2326 sua
1464 2271 1720 2341 conjuge
1780 2270 1907 2327 Oda

246 2361 373 2431 [al.,
408 2358 575 2431 Yda],
606 2375 746 2415 cum
779 2358 1027 2415 consilio
1054 2364 1111 2415 et
1130 2360 1369 2416 licentia
1398 2361 1588 2417 sancti
1644 2361 1907 2416 Altefridi

248 2449 357 2520 (34)
384 2447 581 2521 quarti
610 2453 831 2504 nostrae
860 2448 1131 2504 Ecclesia:
1158 2448 1424 2522 episcopi
1452 2452 1701 2505 Romam
1723 2448 1907 2522 petiit,

244 2543 303 2596 et
327 2556 363 2595 a
388 2538 567 2595 beato
601 2537 805 2608 Sergio
836 2554 1001 2611 papa
1030 2537 1313 2610 reliquias
1348 2544 1695 2595 sanctorum
1762 2554 1911 2611 prae-

248 2627 449 2683 sulum
473 2627 772 2684 Anastasii
806 2631 861 2683 et
920 2626 1202 2683 lnocentii
1254 2627 1605 2700 impetratas
1657 2628 1910 2682 domum

245 2716 473 2773 detulit.
504 2717 567 2771 1n
590 2732 853 2790 quorum
873 2715 1102 2771 honore
1138 2716 1569 2772 monasterium
1602 2721 1660 2771 et
1715 2732 1913 2771 emno-

248 2805 417 2861 bium
449 2804 750 2876 virginum
780 2806 977 2879 primo
1020 2803 1082 2859 in
1132 2805 1661 2878 Brunesteshusen,
1693 2805 1910 2861 deinde

248 2900 467 2968 quarto
490 2886 630 2968 post
660 2910 820 2951 anno
849 2894 912 2950 in
943 2893 1372 2950 Gandersheim
1424 2896 1754 2951 construxit
1786 2914 1798 2950 :
1856 2900 1912 2951 et

2018 1740 2123 1796 sed
2150 1740 2293 1813 quia
2322 1740 2454 1812 ipsa
2484 1741 2722 1798 detenta
2751 1742 3091 1799 infirmitate
3113 1760 3183 1799 ea
3209 1744 3524 1816 providere
3552 1759 3676 1800 non

2014 1828 2217 1896 valuit,
2247 1829 2543 1901 praedictae
2593 1832 2828 1903 Sophim
2888 1831 3175 1903 spirituali
3220 1837 3374 1888 certe
3432 1832 3567 1888 ﬁliae
3606 1848 3676 1889 ac

2015 1919 2195 1974 etiam
2244 1917 2406 1989 nepti
2463 1919 2619 1973 hanc
2665 1921 3151 1990 procurationem
3207 1920 3674 1976 commendavit.

2016 2009 2155 2070 Quae
2183 2005 2381 2061 statim
2408 2007 2580 2062 solito
2613 2024 2777 2062 more
2805 2009 3119 2081 proprium
3149 2009 3502 2082 episcopum
3534 2024 3677 2065 con-

2016 2095 2274 2168 tempsit,
2307 2095 2830 2169 archiepiscopum
2861 2098 2935 2152 ad
2970 2098 3109 2154 talia
3136 2099 3463 2154 honorifice
3506 2115 3678 2155 voca-

2016 2184 2116 2252 vit,
2149 2184 2253 2255 qui
2285 2184 2498 2239 itcrum
2530 2201 2639 2256 pro
2672 2186 3021 2254 hujusmodi
3052 2186 3331 2241 suasione
3354 2186 3505 2257 juris
3525 2186 3675 2242 obli-

2017 2276 2130 2339 tus,
2165 2272 2447 2327 eumdem
2473 2272 2674 2327 locum
2701 2273 2982 2328 invadere
3010 2274 3325 2343 festinavit,
3375 2274 3479 2328 sed
3530 2289 3679 2345 prae-

2018 2361 2162 2415 sulis
2193 2362 2377 2416 nostri
2428 2361 2631 2416 litteris
2684 2362 3088 2417 commonitus
3138 2361 3382 2417 distulit.
3416 2366 3561 2416 Item
3590 2361 3678 2416 in-

2018 2449 2256 2518 vitatur,
2316 2449 2578 2521 itemque
2622 2450 2990 2505 auctoritatis
3045 2451 3178 2520 jure
3232 2450 3553 2523 repellitur.
3587 2449 3676 2505 Ad

2020 2538 2252 2594 tertiam
2284 2554 2421 2592 vero
2448 2538 2857 2594 invitationem
2892 2538 3379 2610 archiepiscopus
3409 2538 3546 2594 illuc
3576 2538 3680 2596 ad-

2020 2626 2196 2695 venit,
2256 2625 2567 2681 ecclesiam
2624 2632 2685 2681 ut
2735 2626 2987 2698 putabat
3029 2626 3459 2696 dedicaturus;
3511 2625 3677 2699 quod

2021 2720 2174 2771 certe
2200 2715 2251 2769 ei
2281 2715 2608 2784 Eggiardus
2633 2714 3034 2771 Sleswicensis
3082 2714 3400 2789 episc0pus
3428 2731 3562 2771 vere
3611 2714 3679 2769 ﬁ-

2021 2804 2169 2860 delis
2198 2808 2419 2859 nostrae
2451 2803 2722 2859 Ecclesia:
2745 2804 2920 2871 filius,
2953 2804 3054 2859 illo
3071 2822 3209 2860 eum
3239 2804 3396 2860 clero
3417 2822 3454 2861 a
3473 2809 3678 2860 nostro

2021 2894 2269 2949 domino
2298 2893 2539 2962 missus,
2574 2893 3012 2966 Scripturarum
3044 2894 3390 2949 auctoritate
3438 2894 3682 2949 interce-

251 2984 497 3040 easdem
518 2984 689 3040 villas
718 3001 859 3040 cum
913 2983 1226 3056 adjacente
1276 2984 1587 3054 territorio,
1633 2992 1690 3041 et
1746 2985 1911 3041 omni
1946 3018 1986 3071 ρ
2020 2984 2123 3056 pit.
2154 2986 2287 3037 Post
2310 2983 2529 3037 multas
2558 2988 2760 3038 autem
2785 2988 2841 3038 et
2861 2984 3058 3039 varias
3084 2983 3432 3054 hujusmodi
3452 2982 3682 3055 discep-

248 3088 360 3129 sua
378 3073 722 3130 haereditate
760 3073 899 3130 illuc
931 3073 993 3128 in
1026 3072 1336 3129 utilitatem
1382 3074 1609 3131 Christo
1656 3074 1911 3130 militan-

250 3161 397 3217 tium
427 3161 693 3232 contulit,
725 3165 783 3217 et
825 3161 1013 3217 tiliam
1068 3177 1244 3217 suam
1302 3162 1747 3219 Hathamudam
1780 3163 1907 3234 |a(.,

251 3251 673 3316 Hademutam]
707 3250 1081 3307 abbatissam
1119 3250 1202 3306 ibi
1222 3251 1486 3324 primam
1543 3252 1757 3307 eodem
1789 3252 1909 3324 epi-

250 3355 435 3413 scopo
457 3340 771 3397 ordinante
798 3340 1120 3396 constituit.
1157 3339 1370 3413 Sicque
1393 3344 1583 3397 totum
1607 3341 1768 3397 idem
1800 3346 1907 3397 ter-

248 3428 622 3486 ritoriumab
648 3428 815 3485 initio
861 3444 1099 3502 semper
1151 3429 1230 3484 ad
1288 3429 1907 3486 Hildenesheimeuses

249 3518 566 3593 episcopos
580 3535 689 3593 per
710 3519 1000 3576 ducentos
1016 3519 1420 3592 quadraginta
1442 3521 1550 3592 (35)
1567 3536 1760 3577 annos
1783 3537 1910 3593 per-

250 3608 444 3677 tinuit,
470 3613 527 3666 et
553 3609 754 3665 nullus
770 3609 1143 3680 Magontinus
1169 3609 1388 3682 praesul
1407 3610 1745 3683 quidquam
1768 3610 1909 3666 inde

253 3697 347 3753 vel
371 3698 483 3754 sibi
512 3698 605 3754 vel
635 3714 759 3754 sua;
793 3698 1063 3754 Ecclesiae
1094 3698 1435 3770 vindicavit,
1475 3699 1668 3755 donec
1717 3717 1753 3755 a
1807 3702 1914 3755 Ra-

250 3788 414 3843 bano
443 3787 841 3843 duodecimus
863 3787 1192 3858 Willegisus
1244 3788 1742 3860 metropolitanus
1801 3793 1910 3845 Ma-

251 3877 597 3948 gontiacam
625 3876 975 3933 cathedram
1001 3875 1217 3932 insedit
1249 3895 1262 3945 ;
1293 3877 1380 3932 vir
1426 3881 1579 3933 certe
1632 3878 1692 3932 in
1746 3879 1912 3933 omni

250 3966 547 4023 catholica
575 3965 794 4040 pietate
819 3964 1169 4039 praeclarus,
1204 3964 1309 4021 sed
1364 3966 1424 4021 in
1464 3965 1579 4020 hoc
1632 3965 1760 4021 solo
1788 3972 1912 4022 tan-

250 4062 381 4113 tum
407 4055 738 4129 periculose
760 4056 1133 4125 temerarius,
1160 4057 1264 4128 qui
1293 4056 1601 4122 suadente,
1634 4061 1697 4111 ut
1721 4056 1914 4129 impu-

247 4161 328 4201 ne
354 4144 662 4201 veritatem
689 4144 925 4217 loquar,
957 4143 1206 4200 domina
1234 4144 1455 4217 Sophia
1483 4160 1683 4198 sorore
1723 4144 1911 4217 impc-

248 4233 465 4288 ratoris
495 4232 722 4288 Ottonis
755 4231 925 4300 tertii,
959 4248 1095 4304 quae
1115 4231 1362 4302 juvenili
1385 4233 1674 4303 jactautia
1718 4238 1775 4289 et
1819 4248 1914 4301 ge-

248 4322 410 4379 neris
440 4322 727 4418 dignitate
757 4321 912 4418 elata
931 4338 973 4418 a
998 4320 1286 4418 Palligero
1333 4321 1441 4394 (36)
1474 4326 1702 4378 tantum
1731 4322 1913 4379 velari
1945 4364 1988 4418 Β

251 4410 507 4483 gestivit,
541 4416 598 4467 et
626 4410 909 4467 eumdem
931 4409 1135 4466 locum
1176 4410 1288 4465 sibi
1328 4427 1619 4483 usurpare
1650 4413 1910 4467 tentavit.

252 4502 398 4567 Quae
423 4504 627 4556 tamen
651 4499 1018 4556 machinatio
1038 4498 1099 4555 in
1130 4504 1455 4573 conspectu
1483 4499 1638 4569 regis
1681 4506 1737 4556 et
1757 4502 1915 4573 prin-

327 4644 437 4715 (33)
470 4642 685 4715 Quanti
732 4642 862 4715 jam
907 4641 1125 4715 fuerint
1164 4640 1415 4715 excitati
1445 4641 1763 4715 tumultus
1804 4659 1914 4715 pro

244 4712 666 4786 jurisdictione
723 4712 803 4786 _in
891 4712 1466 4786 Gandersheimensi
1502 4712 1912 4786 umonastei'io,

302 4802 444 4858 nam
473 4784 959 4858 archiepiscopus
993 4784 1374 4858 moguntinus
1403 4784 1514 4839 sibi
1563 4789 1770 4841 contra
1813 4786 1914 4858 jus

251 4802 444 4911 cauam
473 4802 959 4858 archiepiscopus
994 4802 1374 4854 mogununus
1403 4802 1514 4839 SlDl
1563 4802 1770 4841 contra
1813 4802 1914 4856 Jlls

310 4856 784 4913 ildesheimensis
800 4856 1081 4929 episcopi
1102 4855 1442 4929 arrogabat,
1471 4860 1672 4929 patet“
1687 4873 1758 4929 ex
1789 4857 1915 4929 Vita

254 4928 445 4984 sancti
503 4926 1223 4999 Bernwardfubi'etiam
1292 4926 1559 4999 episcopi
1592 4927 1913 4983 Hildeshei-

250 4999 482 5055 mensis
498 4999 598 5070 jus
627 5002 783 5055 recte
806 4997 1182 5066 stabilitur,et
1214 4997 1346 5054 tota
1361 4997 1917 5055 haec—controversia

253 5071 451 5126 fusius
476 5072 812 5143 exponitur.

328 5143 441 5213 (34)
471 5139 752 5198 Altiridus
779 5139 1066 5197 successit
1091 5139 1325 5213 libboni
1354 5143 1673 5197 Remorum
1726 5142 1914 5198 archi-

255 5209 543 5286 episcopo
568 5213 627 5270 in
658 5213 1008 5286 episcopatu
1040 5209 1547 5286 liildesheimensi.
1583 5213 1693 5286 Qui
1754 5213 1917 5286 Ebbo

254 5281 757 5356 e‘sede'Remen'si
781 5281 1003 5356 eje'ctus
1029 5282 1108 5356 ob
1141 5281 1273 5353 conj
1284 5283 1618 5356 urationem
1640 5285 1703 5356 in
1731 5284 1917 5356 Ludo-

254 5355 458 5428 vicum
490 5356 657 5415 Pium
691 5351 1047 5428 aliquandiu
1073 5353 1231 5409 hanc
1253 5351 1564 5428 ecclesiam
1587 5355 1918 5428 i'exit.Ql)iit

256 5426 545 5483 Altfridus
575 5443 738 5483 anno
764 5425 889 5496 9‘75,
922 5425 1000 5497 ad
1016 5439 1459 5497 quemannum
1486 5425 1614 5496 ejus
1648 5425 1917 5496 Elogium

257 5499 462 5554 saeculi
493 5516 545 5554 Iv
570 5504 738 5571 parte
772 5494 1387 5571 secunda:e_did_imus.

331 5571 443 5642 (35)
478 5566 820 5642 legendum
849 5566 1261 5642 proculdubio
1293 5572 1525 5642 centum
1551 5568 1920 5637 quadragin-

260 5638 346 5709 ta,
387 5638 511 5713 non
538 5638 701 5713 enim
726 5638 928 5713 plures
958 5638 1100 5695 anni
1126 5638 1204 5713 ab
1234 5652 1395 5713 anno
1417 5640 1518 5713 _856
1549 5654 1670 5710 quo
1708 5653 1918 5694 mona-

259 5707 510 5769 sterium
538 5707 1111 5769 Gandérsheimense
1132 5709 1211 5767 ab
1231 5707 1479 5778 Altfrido
1509 5707 1921 5767 constructum

2024 3073 2294 3139 tationes,
2328 3071 2539 3126 eadem
2574 3088 2757 3127 causa
2789 3072 3033 3127 tandem
3064 3073 3144 3128 ab
3188 3073 3484 3147 episcopis
3513 3089 3679 3128 com-

2022 3159 2494 3234 provincialibus
2576 3177 2765 3232 usque
2834 3160 2893 3215 in
2965 3162 3343 3233 praesentiam
3430 3160 3678 3216 Romani

2021 3249 2321 3323 pontiﬁcis
2342 3250 2454 3320 (39)
2486 3249 3070 3321 comperendinatur.

2091 3433 2180 3487 2'2.
2216 3430 2325 3488 Sed
2362 3446 2432 3485 eo
2462 3435 2729 3502 tempore
2761 3429 2895 3502 pius
2924 3432 3056 3485 Otto
3116 3428 3320 3484 tertius
3355 3428 3681 3501 imperator

2021 3522 2101 3578 ad
2131 3521 2432 3577 Christum
2464 3519 2757 3589 migravit,
2792 3519 2963 3589 cujus
2992 3517 3146 3588 loco,
3180 3523 3244 3574 ut
3282 3522 3680 3591 praenotatum

2021 3616 2126 3679 est,
2159 3610 2448 3666 Henricus
2476 3609 2535 3665 in
2566 3624 2818 3679 regnum
2849 3608 3108 3672 intravit,
3131 3607 3235 3680 qui
3258 3607 3458 3663 statim
3482 3606 3680 3662 natale

2023 3701 2212 3757 sancti
2241 3699 2533 3756 Laurentii
2562 3699 3008 3754 Patherbrunne
3053 3698 3391 3763 celebravit,
3442 3698 3545 3754 ubi
3575 3696 3680 3753 do-

2021 3790 2185 3845 mina
2208 3787 2523 3859 Cunigund
2555 3788 2819 3857 regalem
2850 3803 3138 3843 coronam
3184 3787 3467 3858 percepit.
3528 3788 3681 3840 Prae-

2021 3880 2179 3933 dicta
2209 3877 2385 3933 etiam
2420 3877 2719 3945 Gerberga
2750 3875 3343 3929 Gandershcimensis
3374 3873 3682 3928 abbatissa

2024 3967 2244 4022 saeculo
2275 3971 2572 4037 exempta,
2608 3964 2830 4037 Sophia
2845 3962 2895 4017 ei
2919 3962 3245 4016 succedens
3268 3961 3437 4016 solito
3466 3960 3680 4015 iterum

2024 4071 2189 4111 more
2220 4054 2443 4109 ibidem
2474 4053 2721 4108 obtentu
2760 4051 3123 4123 principum,
3171 4047 3407 4103 licentia
3450 4047 3681 4103 domini

2024 4142 2367 4201 Bernwardi
2424 4158 2459 4197 a
2517 4140 2802 4209 Palligero
2860 4137 3255 4194 benedicendi
3320 4136 3677 4209 impetravit.

2026 4234 2247 4291 Deinde
2277 4248 2469 4288 novus
2496 4248 2597 4286 rex
2626 4229 2888 4303 primum
2912 4228 3003 4284 sui
3040 4228 3284 4284 honoris
3332 4244 3560 4284 annum
3619 4228 3680 4284 in

2024 4324 2221 4380 natale
2252 4320 2481 4377 domini
2522 4319 2709 4375 Palidi
2734 4318 3055 4388 inchoavit,
3084 4319 3185 4374 ubi
3214 4334 3419 4374 coram
3448 4335 3519 4374 eo
3576 4334 3683 4390 per

2025 4413 2323 4487 principes
2355 4410 2574 4483 saepius
2626 4409 2786 4465 dicta
2841 4407 3263 4482 episcoporum
3294 4408 3392 4464 lite
3440 4408 3683 4463 recitata

2025 4503 2202 4560 corde
2230 4508 2402 4558 tenus
2430 4498 2702 4565 indoluit,
2732 4502 2789 4554 et
2820 4499 2898 4554 ad
2925 4498 3090 4554 illam
3137 4497 3471 4553 sedandam
3522 4511 3680 4565 saepe

2024 4646 2151 4707 fuit,
2176 4645 2253 4700 ad
2276 4643 2549 4713 Willegisi
2580 4646 2814 4698 aetatem
2840 4641 3241 4713 intercessere.

2095 4716 2294 4790 (36)]d
2314 4722 2403 4772 est
2421 4706 2891 4790 archiepiscopo.
2922 4710 3222 4779 Bamberg
3249 4712 3451 4764 tamen
3478 4706 3680 4775 habet,

2025 4785 2111 4845 ab'
2131 4785 2435 4858 Adalgero
2467 4785 2702 4842 tantum
2729 4785 3017 4908 episcopo.
3244 4849 3255 4860 .
3416 4849 3425 4860 ,
3645 4847 3656 4859 ο

2096 4860 2210 4908 (37)
2238 4864 2408 4908 Anno
2438 4859 2562 4908 989.
2592 4860 2657 4908 ut
2675 4855 2754 4908 ha
2801 4857 2930 4908 etur
2950 4868 3011 4906 in
3043 4850 3333 4907 Chronico
3366 4848 3656 4904 Hildesbei

2096 4860 2210 4931 (37)
2236 4848 2408 4931 Anno
2438 4859 2562 4931 9789,
2592 4860 2657 4931 ut
2675 4848 2934 4931 habetur
2950 4851 3011 4906 in
3043 4849 3334 4931 Chronico
3366 4848 3684 4931 Hildesbei-

2025 4919 2214 4986 mensi
2248 4929 2410 4988 apud
2444 4919 2821 4981 Franciscum
2852 4924 3287 4988 Quercetanum
3320 4925 3464 4976 tom.
3490 4921 3579 4985 Ill,
3609 4919 3684 4973 de

2027 4990 2417 5073 scriptoribus
2444 4995 2710 5051 Historiae
2739 4998 3117 5049 Francorum.
3184 4992 3498 5047 Bruschius
3555 4990 3685 5116 efjus

2027 5073 2257 5128 obitum
2280 5069 2357 5125 ad
2388 5083 2616 5124 annum
2649 5069 3000 5135 sequentem
3030 5063 3226 5135 refert,
3250 5079 3331 5135 eo
3374 5062 3539 5135 quod
3594 5077 3685 5116 or-

2026 5086 2257 5128 ODltum
2280 5086 2357 5125 au
2388 5086 2616 5124 annum
2649 5086 3000 5128 sequentem
3030 5086 3226 5127 rerum,
3260 5086 3331 5118 eo
3374 5086 3539 5128 quuu
3569 5086 3688 5116 iur-

2030 5082 2257 5128 obitum
2280 5082 2357 5125 ad
2388 5083 2616 5124 annum
2649 5082 3000 5137 sequentem
3030 5082 3226 5127 reteri,
3260 5082 3331 5118 eo
3374 5082 3539 5135 quoa
3569 5082 3683 5116 Ior-

2030 5143 2204 5198 tassis
2230 5139 2536 5209 Gerdagus
2568 5138 2688 5209 hoc
2712 5136 2846 5207 ipso
2902 5150 3063 5209 anno
3118 5133 3299 5209 fuerit
3331 5133 3642 5209 ordinatus
3670 5150 3683 5199 ;

2028 5213 2133 5269 sed
2165 5202 2453 5281 Osrlagus
2470 5202 3017 5281 circa‘ﬁu'emanni
3049 5208 3151 5281 98_9
3183 5203 3347 5269 obiit,
3366 5209 3438 5281 _et
3453 5202 3687 5281 _Gerda-

2028 5301 2141 5355 gus
2175 5274 2689 5355 menselanuario
2723 5276 2870 5355 anni
2886 5280 2989 5355 999
3019 5276 3328 5355 ordinatus
3359 5274 3485 5355 fuit.

2100 5356 2205 5425 (38)
2266 5352 2585 5425 Gerberga,
2646 5349 2706 5403 in
2761 5347 2893 5404 cod.
2954 5347 3293 5425 Baniberg.,
3347 5346 3688 5425 Ger_b_irgﬁa;

2028 5417 2263 5493 Bamb,
2296 5417 2735 5493 Gerbui‘c,gerat
2766 5434 2936 5473 soror
2984 5419 3209 5493 Ottonis
3265 5417 3533 5493 secundi,
3580 5418 3685 5471 So-

2028 5497 2169 5571 phia
2201 5488 2402 5571 autem
2430 5493 2559 5571 ejus
2583 5490 2706 5545 ﬁlia
2732 5495 2787 5545 et
2809 5488 3361 5571 sorornottoni‘s‘lll.

2102 5570 2209 5646 (39)
2241 5566 2387 5646 Editi
2407 5560 2543 5646 post
2562 5577 2772 5618 vocem
2798 5562 3099 5646 pontiﬁcis
3125 5560 3381 5646 "addunt
3431 5560 3685 5646 impera-

2028 5630 2307 5711 torisque,
2336 5630 2475 5692 (θῑῖιί
2507 5649 2719 5690 verum
2753 5637 2840 5688 est
2868 5649 2941 5687 ex
2966 5632 3091 5688 Vita
3124 5634 3179 5688 S.
3218 5630 3575 5687 Bernwardi.
