3998 6176
421 204 561 257 “79

1359 197 1413 252 S.
1457 192 1865 251 GODEHARDI
1909 188 2220 245 EPISCOPI
2260 187 2901 247 HILDESHEIMENSIS.

3712 189 3845 243 ηεο

418 325 806 396 interceptam
869 320 1309 376 dedicationem
1361 318 1624 375 ecclesiae
1687 312 2079 373 Gandershei-
2106 315 2152 367 Α
2184 310 2399 367 fectivo
2426 313 2672 385 gemitu,
2702 308 2819 369 Deo
2848 313 3253 369 indesinenter
3300 310 3691 385 supplicavit.
3753 312 3844 366 Se-

418 413 663 478 mensis,
696 408 953 465 collectis
978 408 1281 464 nonnullis
1301 408 1622 482 episcOpis,
1654 408 1715 463 in
1736 404 1936 473 vigilia
1952 402 2081 474 Epi-

420 503 656 581 phaniae
682 500 912 556 Domini
936 499 1236 555 celebrare
1267 499 1599 587 destinavit.
1638 498 1775 554 Illuc
1792 511 1934 565 ergo
1957 498 2079 549 sta-

420 597 545 647 tuto
566 588 970 660 advenientes,
994 592 1051 645 et
1076 585 1484 644 dedicationis
1501 587 1766 644 ofﬁcium
1796 585 2082 640 inchoan-

419 684 530 749 tes,
556 678 715 734 intus
746 693 919 733 sacro
945 676 1234 750 mysterio
1259 681 1520 750 peracto,
1552 692 1655 731 rex
1687 690 1825 730 cum
1855 671 2082 745 episco-

416 769 511 841 pis
536 772 593 824 et
623 766 984 840 primatibus
1023 770 1159 822 ante
1191 765 1349 822 fores
1380 765 1459 821 ad
1486 764 1783 839 populum
1837 775 2078 835 proces-

420 858 513 925 sit,
543 857 647 912 ubi
675 858 838 927 [cum
869 855 1250 925 Moguntinus
1280 854 1774 928 metropolitanus
1791 866 1914 906 una
1941 864 2080 903 cum

420 948 551 1002 aliis
581 945 879 1019 episcopis
910 946 1265 1015 advenisset,
1298 949 1356 1000 et
1380 942 1772 1000 dedicationis
1816 939 2081 996 oﬂicium

421 1040 920 1101 consummasset,
962 1035 1244 1105 domnus]
1271 1034 1597 1103 Willegisus
1630 1033 1740 1104 (40)
1796 1028 2083 1100 archiepi-

421 1143 642 1198 scopus
672 1126 916 1199 publico
946 1141 1221 1180 sermone
1253 1124 1647 1180 aestimatione
1698 1138 1809 1176 sua
1837 1119 2079 1191 culpam

419 1215 752 1288 professus,
780 1215 899 1286 juri
928 1221 984 1270 et
1026 1214 1359 1286 repetitioni
1415 1213 1689 1284 ejusdem
1738 1200 1853 1266 loci
1910 1209 2083 1280 [prae-

422 1310 586 1361 sente
618 1321 753 1375 rege
786 1311 840 1360 et
868 1305 1070 1361 multis
1100 1304 1458 1377 primatibus
1502 1303 1643 1372 suis]
1699 1297 2083 1356 abrenuntia-

420 1396 523 1465 vit,
554 1400 611 1451 et
640 1398 700 1450 in
732 1395 1136 1451 testimonium
1167 1395 1349 1467 hujus
1370 1390 1905 1449 abrenuntiationis
1930 1388 2084 1443 feru-

419 1486 541 1542 lam
573 1486 975 1560 episcopalem
1004 1486 1253 1541 domino
1287 1480 1664 1549 Bernwardo,
1686 1486 1748 1537 ut
1775 1484 1989 1554 postea
2018 1479 2081 1533 in

424 1576 1019 1632 Frankenevordensi
1040 1576 1292 1632 concilio
1324 1575 1552 1642 claruit,
1582 1589 1787 1628 coram
1816 1570 1973 1626 clero
2025 1572 2083 1624 et

2186 400 2508 474 metipsum
2539 407 2740 459 autem
2771 405 2831 459 in
2863 402 3260 460 sanctimonia
3289 401 3454 457 solita
3482 405 3543 456 et
3566 400 3846 472 inprimi-

2187 494 2283 546 tus
2318 496 2512 564 coepta
2542 492 2843 549 bonorum
2861 509 3114 566 operum
3139 491 3486 548 assiduitate
3498 505 3637 545 non
3655 489 3843 545 solum

2186 585 2358 635 caute
2389 582 2723 649 custodivit,
2760 582 2869 638 sed
2898 582 3078 639 etiam
3105 581 3381 651 religiose
3440 578 3657 635 dietim
3711 594 3841 649 aug-

2186 670 2495 743 mentavit,
2526 672 2585 727 in
2616 672 2828 743 vigiliis
2868 677 2924 729 et
2947 670 3343 737 orationibus,
3376 686 3445 725 ac
3473 668 3774 725 continua
3796 675 3844 723 et

2187 764 2340 815 certe
2366 761 2464 816 vix
2497 761 2765 818 credibili
2812 762 3184 836 jejuniorum
3230 758 3741 833 frequentatione,
3793 765 3840 813 et

2186 846 2530 917 largissima
2554 851 3075 923 eleemosynarum
3099 849 3464 923 profusione,
3490 852 3556 903 et
3602 847 3665 901 in
3697 863 3844 901 sum-

2188 953 2289 993 ma
2310 939 2488 994 totius
2516 939 2703 995 divini
2730 941 2957 996 timoris
2992 939 3299 1010 gravitate,
3326 952 3522 1010 usque
3560 936 3625 992 in
3647 935 3833 1001 ﬁnem,

2188 1025 2403 1100 Spiritu
2463 1033 2670 1084 sancto
2720 1029 3165 1096 corroborante,
3224 1024 3658 1100 perseveravit.
3725 1024 3839 1077 Fuit

2187 1130 2350 1182 ergo,
2375 1120 2438 1171 ut
2464 1117 2631 1173 nulla
2646 1134 2892 1191 prorsus
2915 1117 3143 1174 virtutis
3167 1118 3217 1187 ej
3230 1134 3297 1171 us
3313 1113 3693 1189 panegyrica
3707 1129 3838 1185 prm-

2129 1217 2140 1231 '
2191 1205 2531 1277 termittam,
2563 1208 2806 1277 regibus
2833 1214 2889 1263 et
2927 1206 3291 1281 primoribus
3331 1209 3389 1261 et
3431 1202 3738 1259 formidini
3788 1207 3833 1256 et

2186 1292 2401 1349 honori
2432 1313 2444 1362 ;
2479 1296 2704 1352 caeteris
2732 1313 2889 1363 vero,
2913 1296 3235 1369 unicuique
3266 1292 3612 1349 secundum
3659 1307 3734 1357 se,
3778 1291 3833 1344 ti-

2188 1383 2342 1438 mori
2373 1385 2593 1456 pariter
2623 1391 2678 1441 et
2704 1386 2916 1453 amori,
2947 1402 3057 1460 pro
3090 1384 3316 1441 cunctis
3346 1382 3581 1439 scilicet
3608 1381 3708 1436 rite
3732 1379 3831 1434 sol-

2187 1471 2403 1541 licitus,
2438 1480 2495 1530 et
2517 1476 2578 1530 in
2602 1476 2832 1532 Christo
2889 1475 3173 1531 omnibus
3218 1473 3422 1530 omnia
3480 1472 3699 1541 factus,
3740 1468 3831 1524 soli

2189 1564 2425 1617 tantum
2466 1563 2577 1619 sibi
2610 1565 2808 1633 gravis
2831 1570 2886 1620 et
2915 1569 3188 1620 austerus
3217 1561 3478 1636 perstitit
3502 1564 3565 1615 et
3617 1574 3826 1632 parcus.

421 1663 649 1737 populo
679 1664 1059 1719 condonavit.
1096 1663 1600 1736 Archiepiscopus
1626 1675 1784 1725 vero,
1842 1659 1956 1714 hac
1983 1656 2080 1712 lite
2115 1671 2159 1728 Β
2192 1651 2544 1708 Caenobium
2577 1670 2754 1709 suum
2786 1654 3069 1727 pastorali
3098 1669 3241 1709 cura
3289 1652 3603 1725 sapienter
3651 1647 3829 1717 guber-

425 1755 653 1822 sedata,
681 1755 1001 1827 praesulem
1019 1759 1290 1810 nostrum
1312 1754 1478 1810 omni
1500 1754 1730 1808 honore
1757 1755 1813 1805 et
1835 1749 2084 1804 Charita-

426 1849 479 1899 te
508 1844 683 1909 ultra,
715 1844 917 1917 quoad
950 1844 1110 1913 vixit,
1144 1843 1366 1909 dilexit,
1400 1847 1456 1897 et
1484 1842 1543 1896 in
1568 1844 1773 1896 nostro
1806 1837 2083 1894 coenobio

425 1933 787 1987 fraternitate
806 1932 1136 1987 honorifice
1158 1933 1470 2005 acquisita,
1499 1946 1802 1985 summam
1819 1927 2083 1982 dilectio-

426 2037 565 2076 nem
592 2026 649 2077 et
676 2022 808 2076 loco
838 2025 895 2075 et
922 2022 1202 2077 fratribus
1231 2022 1510 2094 providit.
1542 2021 1649 2086 Qui
1695 2006 1926 2092 quinto,
1979 2032 2083 2089 po-

428 2116 555 2167 stea
584 2126 745 2167 anno
769 2111 984 2184 plenus
1015 2110 1247 2167 dierum
1275 2100 1329 2167 et
1372 2111 1673 2166 honorum
1730 2108 1908 2164 etiam
1940 2122 2083 2178 ope-

426 2217 562 2255 rum
588 2200 665 2256 ad
698 2200 997 2256 Christum
1020 2201 1317 2270 migravit,
1352 2200 1525 2271 cujus
1555 2214 1961 2255 successorem
1992 2199 2085 2251 Er-

428 2288 825 2345 kambaldum
860 2289 1166 2345 Fuldensis
1199 2289 1457 2344 coenobii
1480 2288 1645 2362 prius
1678 2287 1962 2342 abbatem
1984 2284 2088 2340 do-

429 2378 629 2433 minus
654 2379 1073 2441 Bernwardus,
1105 2379 1229 2436 Kal.
1258 2378 1492 2451 Aprilis,
1526 2376 1835 2447 Magontiae
1875 2391 2085 2430 conse-

428 2468 633 2524 cravit.
669 2469 779 2535 Qui
808 2468 1033 2525 ibidem
1064 2485 1285 2525 novem
1313 2484 1505 2524 annos
1544 2466 1894 2540 prmsidens,
1925 2464 2085 2521 ordi-

426 2562 699 2615 natorem
733 2575 934 2625 suum,
963 2558 1480 2629 consanguinitate
1501 2557 1679 2613 etiam
1707 2555 1819 2611 sibi
1840 2554 2085 2628 propin-

425 2663 639 2721 quum,
671 2646 873 2703 debita
892 2648 1204 2703 devotione
1224 2646 1534 2721 percoluit,
1563 2651 1621 2702 et
1645 2645 1719 2700 de
1741 2644 2087 2717 supradicta

427 2737 830 2793 controversia
859 2738 1108 2793 omnino
1139 2736 1439 2793 conticuit.
1475 2735 1617 2791 Huic
1649 2739 1850 2791 autem
1907 2733 2086 2788 Aribo

425 2825 625 2892 regius
645 2825 993 2898 capellanus
1032 2825 1333 2893 successit,
1394 2840 1576 2898 quem
1633 2822 1956 2896 imperialis
1985 2837 2089 2877 an-

427 2912 553 2966 nuli
581 2912 766 2980 dono,
793 2913 956 2983 regio
986 2929 1173 2981 more,
1205 2914 1636 2985 praesignatum
1694 2910 2086 2966 Bernwardus

428 2999 747 3074 episcopus
776 3001 852 3056 ad
882 3000 1211 3075 principale
1240 3001 1423 3057 altare
1447 3004 1791 3075 praenotataa
1823 2999 2085 3055 Gander-
2115 3020 2157 3074 ο

429 3089 781 3146 sheimensis
809 3091 1071 3147 ecclesiae
1104 3092 1546 3165 praesbyterum
1574 3090 1888 3155 ordinavit,
1914 3089 2086 3163 eique

431 3180 602 3236 Verbi
632 3181 752 3251 Dei,
783 3186 839 3238 et
866 3182 1053 3238 banni
1086 3182 1276 3239 sancti
1301 3182 1454 3238 Petri
1501 3180 1867 3250 auctoritate,
1923 3180 2084 3251 ejus-

429 3268 566 3325 dem
598 3270 799 3327 altaris
829 3277 885 3327 et
914 3273 1094 3328 etiam
1124 3271 1239 3328 loci
1269 3271 1362 3327 vel
1417 3270 1892 3342 circumjaceutis
1920 3269 2082 3324 terri-

431 3359 559 3414 torii
584 3360 1059 3434 usurpationem,
1092 3361 1490 3429 invasionem,
1522 3360 1617 3414 vel
1674 3359 2085 3431 repetitionem

429 3452 659 3504 astante
690 3449 1047 3523 imperatore
1077 3466 1216 3505 cum
1246 3449 1560 3522 episc0pis,
1582 3447 1820 3521 publice
1846 3447 2083 3503 interdi-

428 3536 529 3592 xit.
564 3538 626 3591 In
647 3538 829 3610 hujus
858 3539 1045 3593 banni
1072 3538 1398 3594 vindictam
1424 3539 1517 3593 ille
1548 3542 1756 3592 nostro
1781 3537 1935 3592 Patri
1992 3537 2084 3591 in-

430 3624 559 3681 tulit
588 3627 973 3682 tentationem
1001 3627 1373 3700 praedictam.
1408 3630 1542 3683 Erat
1565 3631 1765 3684 tamen
1788 3630 1851 3681 ut
1874 3626 2085 3681 verita-

430 3719 547 3771 tem
577 3731 701 3772 non
726 3717 1116 3781 occultemus,
1144 3717 1304 3772 idem
1332 3717 1818 3790 archiepiscopus
1868 3732 2084 3786 genere

429 3810 484 3861 et
504 3804 812 3876 dignitate,
845 3810 903 3863 et
925 3806 1224 3879 probabili
1248 3806 1429 3863 etiam
1481 3822 1721 3861 morum
1771 3806 2082 3878 gravitate,

429 3911 583 3967 vere,
619 3896 726 3954 sed
748 3896 808 3953 in
833 3897 947 3954 hac
978 3900 1213 3953 tantum
1248 3896 1571 3952 temeritate
1598 3911 1742 3966 erga
1772 3912 1884 3951 nos
1915 3900 2083 3968 parte

428 3985 767 4061 culpabilis.
802 3986 938 4042 Hinc
968 4002 1110 4059 ergo
1139 3986 1320 4057 hujus
1352 3985 1663 4042 conﬂictus
1710 3985 2082 4041 abbreviatio

428 4075 562 4130 ideo
588 4076 683 4131 hic
716 4076 1059 4146 adnotatur,
1093 4081 1155 4131 ut
1185 4075 1607 4150 subsequentis
1638 4075 2085 4149 disceptationis

429 4161 504 4217 de
542 4163 755 4219 eodem
824 4165 1385 4221 Gandersheimensi
1442 4166 1729 4221 territorio
1779 4165 1992 4221 veritas
2032 4170 2087 4221 et

428 4250 582 4306 ratio
609 4251 825 4308 clarius
856 4259 1273 4325 cognoscatur.

2190 1740 2376 1808 navit,
2404 1744 2461 1797 et
2490 1741 2740 1799 fratrum
2780 1743 3106 1799 commoda
3127 1742 3189 1797 in
3220 1742 3380 1796 victu
3400 1744 3462 1796 et
3492 1738 3723 1805 vestitu,
3742 1753 3827 1790 cre-

2192 1828 2450 1903 terisque
2477 1830 2819 1903 indigentiae
2872 1833 3155 1888 humanae
3201 1828 3589 1894 necessariis,
3640 1826 3827 1897 saepius

2193 1917 2479 1987 adauxit;
2511 1936 2666 1992 quos
2695 1920 2874 1976 etiam
2918 1919 2993 1975 ad
3052 1934 3238 1974 sacras
3282 1915 3597 1986 religionis
3651 1914 3821 1970 obser-

2194 2007 2458 2062 vantiam
2489 2007 2833 2080 apostolica
2863 2007 3172 2078 arguendo
3193 2010 3250 2063 et
3278 2003 3683 2071 obsecrando,
3703 2001 3823 2056 mul-

2194 2094 2585 2170 tipliciterque
2611 2098 3020 2168 informando,
3053 2096 3356 2153 conduxit.
3388 2097 3654 2149 Juvenes
3697 2106 3818 2164 quo-

2193 2201 2311 2257 que
2339 2190 2396 2241 et
2419 2202 2660 2259 pueros,
2692 2204 2846 2260 quos
2866 2187 3015 2243 inibi
3038 2187 3215 2242 bonae
3244 2184 3467 2240 indolis
3522 2188 3580 2239 et
3614 2179 3819 2254 sapidos

2194 2274 2440 2346 invenit,
2472 2292 2580 2349 per
2596 2277 2837 2333 diversa
2866 2276 3208 2333 scholarum
3239 2274 3437 2330 studia
3485 2273 3817 2343 circumqua-

2194 2380 2313 2437 que
2369 2366 2717 2439 dispertivit,
2768 2384 3030 2441 quorum
3087 2371 3239 2422 certe
3268 2369 3487 2439 postea
3544 2361 3816 2418 servimine

2195 2453 2429 2509 variam
2455 2470 2525 2510 ac
2555 2455 2945 2529 multiplicem
2977 2472 3099 2511 suae
3122 2454 3381 2510 ecclesiae
3442 2451 3735 2508 utilitatem
3769 2446 3811 2502 in

2195 2542 2467 2612 lectione,
2497 2545 2810 2619 scriptura,
2844 2550 2901 2601 et
2920 2545 3172 2619 pictura,
3192 2560 3261 2599 ac
3286 2542 3513 2616 plurali
3537 2538 3808 2597 honestiori

2196 2630 2482 2687 clericalis
2517 2632 2695 2688 ofﬁcii
2752 2634 3088 2707 disciplina,
3154 2630 3542 2704 conquisivit.
3595 2629 3807 2684 Thesau-

2197 2736 2331 2776 rum
2363 2722 2751 2778 nihilominus
2778 2722 3268 2791 ecclesiasticum,
3299 2736 3491 2793 quem
3541 2717 3677 2775 inibi
3723 2731 3807 2769 nu-

2196 2825 2503 2866 merosum
2536 2812 2778 2883 invenit,
2808 2816 2928 2868 tam
2983 2812 3262 2868 decenter
3310 2826 3505 2884 quam
3530 2814 3586 2864 et
3634 2804 3808 2862 utiliter

2196 2900 2526 2973 ampliavit,
2551 2905 2608 2956 et
2655 2900 2956 2974 quidquid
3007 2900 3066 2956 in
3116 2898 3380 2956 aediﬁciis
3439 2890 3805 2953 ecclesiasticis

2195 3006 2316 3045 non
2345 2990 2541 3045 solum
2571 2990 2916 3063 principalis
2944 3006 3066 3044 suae
3097 2988 3365 3055 civitatis,
3396 2986 3504 3042 sed
3529 2990 3581 3040 et
3601 2985 3655 3039 in
3701 2979 3802 3037 aliis

2193 3095 2317 3135 suae
2343 3079 2697 3151 provisionis
2726 3079 2872 3134 locis
2925 3079 3190 3133 dirutum
3236 3077 3332 3134 vel
3391 3081 3707 3132 veteranum
3733 3083 3802 3123 re-

2192 3167 2363 3240 perit,
2390 3171 2581 3222 totum
2602 3183 2843 3221 summa
2875 3166 3170 3222 celeritate
3201 3165 3544 3231 distrahere,
3584 3172 3798 3216 renova-

2193 3274 2256 3312 re
2284 3262 2340 3312 et
2369 3255 2681 3312 meliorare
2707 3255 3023 3311 festinavit.
3059 3260 3208 3310 Inter
3232 3270 3368 3327 quae
3396 3260 3581 3309 tamen
3623 3245 3795 3305 omnia

2193 3346 2616 3418 baptismalem
2671 3345 3005 3412 ecclesiam,
3057 3360 3246 3418 quam
3305 3343 3480 3399 felicis
3528 3334 3790 3395 memoriae

2196 3436 2465 3503 Otuinus,
2510 3435 2781 3491 decimus
2809 3439 3013 3490 noster
3042 3434 3311 3505 antistes,
3341 3433 3394 3488 in
3422 3432 3620 3486 honore
3661 3439 3781 3477 san-

2195 3530 2301 3581 ctaa
2332 3525 2523 3581 Mariae
2553 3525 2861 3596 sanctique
2884 3524 3199 3597 Epiphanii
3226 3519 3475 3596 episcopi,
3519 3527 3676 3587 quem
3702 3508 3769 3561 de

2193 3615 2373 3688 Papia
2400 3615 2653 3685 civitate,
2688 3615 2782 3670 Dei
2818 3615 2999 3683 dono,
3032 3618 3347 3687 patronum
3368 3606 3523 3665 nobis
3554 3597 3767 3697 adduxit

2196 3705 2323 3776 (41),
2356 3705 2415 3759 in
2439 3704 2680 3761 australi
2706 3709 2874 3777 parte
2904 3708 3122 3759 nostra;
3180 3700 3434 3760 ecclesiae
3477 3691 3777 3755 construxit,

2195 3796 2360 3850 senio
2418 3801 2575 3850 certe
2602 3800 2659 3850 et
2712 3793 3073 3864 negligentia
3116 3793 3429 3867 delapsam
3455 3785 3627 3849 diruit,
3652 3784 3701 3836 et
3734 3778 3783 3833 in

2194 3885 2407 3940 eodem
2434 3884 2568 3940 loco
2616 3883 3053 3939 monasterium
3108 3884 3431 3938 honestum
3474 3880 3531 3934 in
3574 3870 3791 3947 prtetitu-

2192 3976 2312 4033 lato
2334 3978 2580 4045 honore,
2603 3976 2799 4049 primo
2822 3992 2944 4031 suae
2975 3975 3367 4031 ordinationis
3424 3985 3590 4035 anno,
3620 3960 3793 4021 funda-

2193 4066 2293 4133 vit,
2318 4070 2532 4139 quarto
2563 4065 3027 4134 consummavit,
3059 4069 3117 4120 et
3167 4063 3393 4119 ibidem
3446 4050 3798 4128 congregatio-

2194 4173 2334 4213 nem
2364 4157 2718 4212 canonicam
2745 4156 2934 4230 pluris
2963 4172 3106 4213 sane
3135 4155 3382 4211 honoris
3413 4160 3469 4210 et
3491 4144 3728 4208 utilitatis
3752 4142 3798 4197 in

2194 4247 2294 4302 Dei
2326 4246 2535 4301 timore
2565 4245 2947 4310 coadunavit,
2981 4260 3168 4319 quam
3223 4241 3561 4300 concambii
3607 4236 3686 4292 sui
3730 4247 3802 4286 ac-

498 4341 587 4394 23.
613 4342 825 4395 Beatus
856 4323 1037 4411 igitur
1058 4342 1450 4397 Godehardus
1475 4342 1858 4414 pontificatus
1882 4342 2084 4398 infulis
2118 4381 2159 4434 D
2195 4334 2903 4434 quisitione..su.fiic-ienter
2930 4334 3246 4434 vestivit‘et
3297 4333 3485 4434 panvit,
3540 4323 3806 4434 abunda?

430 4429 751 4485 decoratus
786 4445 982 4487 nonas
1026 4431 1368 4487 Decembris
1408 4432 1849 4488 Hildenesheim
1902 4432 2085 4488 adve-

427 4519 534 4588 nit,
562 4534 896 4592 omnesque
925 4518 987 4574 in
1018 4536 1127 4575 suo
1149 4519 1414 4575 adventu
1443 4519 1809 4590 gratulantes
1839 4520 2081 4577 invenit.

429 4607 537 4671 Qui
557 4624 698 4663 mox
729 4612 796 4663 ut
825 4608 1079 4667 coenobii
1113 4609 1299 4665 nostri
1323 4609 1673 4679 religionem
1698 4614 1944 4669 eatenus
1987 4625 2085 4668 ra-

430 4696 807 4766 tionabiliter,
834 4697 952 4754 Deo
971 4698 1212 4767 gratias,
1241 4702 1655 4754 conservatam
1678 4698 2088 4767 agnovit,con-

427 4781 643 4850 dignas
664 4781 819 4838 illico
848 4782 1065 4839 divinae
1091 4782 1457 4840 miserationi
1486 4782 1696 4838 laudes
1717 4783 2087 4855 persolvens,

427 4869 594 4927 omni
623 4886 757 4929 eam
787 4870 1121 4929 devotionis
1150 4871 1344 4931 studio
1374 4871 1684 4944 ampliare,
1713 4870 1853 4926 etin
1900 4870 2087 4928 divini

428 4959 622 5017 cultus
664 4959 940 5017 exercitio
998 4960 1399 5017 condecorare
1454 4961 1684 5030 sategit.
1740 4960 2087 5017 Forinsecus

427 5065 590 5117 vero,
617 5049 691 5103 de
718 5049 981 5119 generali
1003 5050 1141 5105 cieri
1167 5055 1224 5106 et
1248 5050 1455 5122 populi
1482 5050 1916 5119 gubernatione
1937 5050 2088 5122 epis-

426 5137 623 5213 copali
674 5138 1081 5212 speculatione
1130 5139 1375 5195 solerter
1425 5138 1775 5211 invigilavit,
1804 5156 1914 5212 pro
1963 5155 2086 5212 qua

426 5228 604 5283 etiam
635 5228 731 5285 die
751 5244 820 5285 ac
844 5232 1038 5298 nocte,
1068 5229 1234 5288 omni
1262 5229 1397 5286 vitae
1430 5245 1553 5285 suae
1592 5233 1884 5302 tempore,
1915 5230 2084 5285 inde-

496 5371 605 5443 (40)
638 5373 781 5439 Qum
810 5371 1036 5429 ansulis
1062 5371 1427 5429 clauduntur
1455 5387 1527 5427 ex
1577 5370 1707 5428 solo
1737 5372 1871 5428 cod.
1908 5374 2084 5430 Bam-

425 5441 596 5510 berg.
626 5443 943 5501 habentur.

497 5514 606 5587 (41)
637 5515 726 5587 Ob
759 5514 1212 5587 translationem
1243 5513 1469 5587 scilicet
1525 5513 1654 5587 ejus
1715 5514 1984 5587 corporis
2014 5530 2085 5569 ex

422 5584 694 5658 Papiensi
716 5585 863 5641 urbe
884 5585 945 5640 in
971 5584 1561 5657 Hildesheimensem,
1576 5585 1710 5658 ipso
1729 5584 1963 5658 Otv'vino
1983 5603 2087 5640 cu-

420 5660 610 5723 rante,
643 5656 866 5715 factam
895 5671 1058 5712 anno
1087 5660 1211 5727 963,
1244 5658 1417 5726 cujus
1440 5656 1848 5713 translationis
1900 5656 2093 5713 Histo-

2198 4430 2437 4497 temque
2468 4424 2582 4480 illic
2612 4424 2671 4479 in
2704 4423 2970 4479 futurum
2993 4423 3071 4479 ad
3095 4422 3239 4479 talia
3265 4420 3673 4478 sufficientiam
3695 4425 3807 4467 con-

2194 4514 2459 4571 donavit.

2268 4606 2357 4659 24.
2390 4601 2734 4661 Miraculum
2750 4600 2928 4671 igitur
2946 4602 3232 4675 primum,
3247 4600 3417 4673 quod
3439 4615 3546 4673 per
3563 4610 3693 4653 eum
3710 4605 3813 4660 δι’δ-

2197 4692 2278 4748 tia
2300 4690 2509 4747 Christi
2534 4690 2666 4762 ipso
2694 4706 2803 4745 suo
2833 4690 3032 4763 primo
3063 4706 3227 4746 anno
3279 4685 3669 4745 ordinationis
3713 4693 3812 4735 sum

2196 4781 2434 4848 fecerat,
2453 4780 2514 4835 in
2540 4795 2708 4846 spem
2730 4784 2787 4836 et
2803 4780 3092 4850 gaudium
3113 4779 3404 4835 lectorum
3431 4779 3528 4834 hic
3544 4774 3733 4833 merito
3750 4769 3813 4824 in-

2198 4869 2636 4945 terponendum
2658 4870 2893 4943 opinor,
2907 4869 3094 4943 quod,
3109 4871 3242 4949 ipsa
3260 4869 3531 4937 veritate,
3546 4880 3674 4943 quae
3690 4863 3813 4949 Deus

2197 4966 2304 5029 est,
2329 4964 2472 5019 teste
2493 4974 2616 5017 non
2638 4958 2911 5030 mentior,
2935 4958 3014 5015 ab
3038 4946 3169 5031 ipso
3195 4958 3445 5031 quidem
3484 4969 3670 5029 usque
3697 4952 3747 5007 in
3765 4946 3811 5001 ﬁ-

2197 5067 2335 5105 nem
2366 5048 2602 5121 penitus
2631 5048 2909 5117 celatum,
2943 5048 3048 5105 sed
3077 5065 3112 5104 a
3140 5048 3298 5105 clero
3318 5052 3376 5104 et
3397 5045 3625 5122 populo
3647 5037 3813 5117 quiin'

2198 5141 2458 5195 tererant
2470 5137 2866 5207 divulgatum.
2898 5137 3121 5193 Eodem
3153 5152 3316 5193 anno
3342 5137 3530 5193 Aribo
3563 5124 3810 5199 archiepi‘

2198 5244 2416 5302 scopus
2445 5228 2866 5301 imperatorem
2894 5227 2957 5287 in
2983 5230 3352 5287 Pentecostes
3374 5223 3722 5297 Magontiam
3745 5216 3811 5272 in-

2198 5371 2348 5427 riam
2373 5370 2557 5429 edidit
2587 5373 2937 5427 Itrouverus.
2970 5370 3111 5427 Vide
3142 5374 3199 5426 et
3222 5368 3517 5437 Bolland.,
3549 5366 3641 5422 die
3658 5361 3810 5437 gua-

2198 5442 2744 5524 nunariui..‘Hodie‘que
2775 5443 2954 5524 hujus
2982 5441 3169 5524 sancti
3200 5433 3809 5524 viri‘reliquireilildes-

2198 5513 2401 5573 hcimii
2414 5506 2729 5579 habentur,
2745 5506 2924 5569 sedin
2941 5512 3192 5569 ecclesia
3217 5513 3427 5569 cathed
3436 5506 3811 5579 rfdiﬂonasle-

2199 5586 2353 5642 rium
2369 5602 2504 5641 vero
2521 5585 2685 5657 quod
2706 5576 2801 5641 hic
2814 5588 3201 5657 memoratur,
3216 5588 3518 5657 occupant
3534 5585 3717 5638 Patres

2200 5657 2426 5715 cietatis
2444 5647 2604 5726 Jesii,
2639 5659 2702 5713 ut
2727 5659 3061 5715 Brouverus
3076 5660 3133 5713 et
3150 5647 3561 5717 Hensclienius
3579 5647 3811 5713 monent
