3998 6176
219 186 348 245 0181

1826 173 2017 234 ἮΤΛ.

3504 195 3642 254 H82

215 307 440 374 vitavit,
474 306 579 366 ubi
605 305 920 364 concilium
951 305 1225 375 generale
1255 301 1638 371 coadunavit,
1660 300 1722 356 in
1749 315 1875 373 quo
1909 303 1957 359 Α
1988 299 2160 358 Sulza
2183 300 2418 360 dicitur.
2445 305 2578 370 Qua
2599 303 2695 363 ille
2726 311 3012 379 spectata,
3042 314 3099 366 et
3138 310 3410 374 illusione
3458 317 3642 376 etiam

211 397 638 468 episcoporum
667 393 917 450 consilio
945 392 1119 466 plura
1147 409 1283 465 quas
1313 392 1700 452 deviavcrant
1747 404 1872 446 cor-

209 485 380 554 rexit,
412 483 714 556 prweipue
740 487 942 540 tamen
990 484 1264 540 Ottonem
1313 481 1592 538 comitem
1642 479 1716 534 de
1766 479 1874 534 Ha-

211 573 492 632 merstein
541 577 599 630 et
655 571 1109 642 Irmengardam
1173 571 1366 630 illicite
1422 573 1874 628 eommanentes

212 678 490 736 separare
517 661 831 736 disposuit.
862 662 1030 728 Quod
1060 665 1262 720 tamen
1308 660 1548 733 penitus
1588 659 1874 732 perficere

211 769 332 810 non
363 751 556 826 potuit
576 752 719 826 quia
747 751 843 810 ille
873 768 939 808 se
959 751 1176 825 partim
1202 751 1384 819 regali
1408 748 1869 822 timore,partim

213 841 540 915 episcopali
569 840 1036 900 commonitione
1076 845 1381 914 utcunque
1423 838 1716 906 correxit;
1771 837 1872 898 illa

213 947 354 986 vero
385 930 620 1003 publice
650 930 888 988 bannos
917 931 1343 1002 praevaricans,
1393 928 1618 986 ibidem
1658 929 1757 997 jus
1787 926 1868 981 le-

207 1036 488 1093 gemque,
523 1024 588 1078 ut
609 1021 703 1076 vel
730 1020 907 1076 hodie
937 1019 1136 1089 claret,
1171 1020 1436 1076 funditus
1467 1018 1740 1092 perdidit.
1779 1016 1867 1074 Ad

205 1109 366 1166 idem
388 1109 708 1166 concilium
738 1109 958 1182 praesul
985 1114 1187 1166 noster
1215 1114 1271 1166 et
1300 1109 1612 1182 imperiali.
1635 1113 1694 1164 et
1715 1124 1866 1181 pon-

206 1199 405 1256 tificali
435 1199 744 1256 vocatione
777 1199 1089 1269 allegatus,
1111 1200 1364 1272 pulchra
1393 1199 1530 1255 eleri
1569 1204 1628 1255 et
1647 1197 1867 1254 militiai

205 1288 558 1360 frequentia,
591 1289 699 1344 etsi
725 1305 848 1344 non
881 1293 1114 1361 sponte,
1144 1289 1464 1346 comitatus
1506 1288 1607 1346 illo
1649 1303 1865 1361 prope-

207 1377 396 1446 rabat,
427 1383 484 1434 et
520 1377 791 1451 quadam
839 1377 935 1433 die
985 1377 1044 1434 in
1107 1393 1265 1451 pago
1313 1377 1419 1450 qui
1479 1377 1868 1447 Longingaha

203 1467 436 1533 dicitur,
463 1467 636 1538 juxta
673 1467 1028 1540 praedictum
1087 1467 1396 1524 castellum
1447 1469 1706 1534 Gruona,
1762 1465 1868 1524 ubi

201 1556 304 1612 Dei
333 1557 523 1626 gratia
552 1561 608 1614 et
628 1557 851 1614 electus
882 1561 938 1612 et
965 1562 1354 1613 consecratus
1391 1562 1498 1624 est,
1527 1557 1634 1614 iter
1657 1573 1866 1632 carpe-

1981 387 2356 478 phantastica
2410 409 2535 466 qua
2581 393 2758 453 bruta
2817 397 2988 470 plebs
3043 399 3377 460 terrebatur
3413 405 3640 478 audita,

1977 477 2256 536 eamdem
2312 481 2600 556 paludem
2657 486 2926 542 secundo
2980 487 3071 544 sui
3128 489 3422 548 adventus
3477 510 3639 554 anno

1977 580 2116 623 cum
2147 583 2321 626 cruce
2351 575 2409 628 et
2433 571 2697 646 reliquiis
2728 579 3076 634 sanctorum
3099 576 3338 645 invasit,
3389 585 3445 636 et
3466 581 3638 639 habi-

1977 653 2264 714 tationem
2291 675 2464 718 suam
2494 661 2715 718 ibidem
2744 664 2989 737 aptavit,
3030 669 3088 722 et
3134 666 3196 723 in
3242 667 3444 726 medio
3491 671 3643 742 peri-

1976 743 2112 800 culo
2137 747 2462 805 oratorium
2485 749 2548 806 in
2574 751 2802 808 honore
2830 754 3022 812 sancti
3049 756 3306 828 apostoli
3336 758 3641 816 Bartholo-

1975 833 2112 888 ωειεί
2139 834 2414 893 fundavit
2445 839 2577 910 (t2).
2595 843 2723 907 Quo
2755 845 3146 917 consequenti
3171 862 3333 904 anno
3361 864 3641 906 consum-

1973 928 2138 980 mato
2167 929 2224 981 et
2248 925 2465 1004 dicato,
2496 945 2674 986 omne
2698 931 3046 992 diemonum
3086 936 3450 1010 phantasma
3477 939 3637 995 exin-

1974 1012 2050 1067 de
2076 1012 2345 1072 funditus
2371 1017 2734 1092 exstirpavit,
2781 1025 2838 1076 et
2887 1024 3168 1081 eumdem
3215 1026 3416 1084 locum
3445 1028 3636 1088 omni-

1972 1101 2090 1156 bus
2121 1106 2656 1175 commorantibus,
2691 1109 2784 1164 vel
2811 1111 3270 1172 advenientibus
3298 1121 3562 1189 gratum,
3580 1123 3639 1176 et

1973 1190 2100 1248 sine
2125 1193 2394 1265 qualibet
2423 1197 2744 1254 tentatione
2772 1198 3164 1258 habitabilem
3197 1203 3472 1264 reddidit.
3527 1207 3634 1263 Ubi

1973 1280 2419 1340 xenodochium
2471 1284 2680 1342 Christi
2736 1285 2797 1346 in
2843 1289 3248 1363 receptionem
3297 1308 3636 1367 pauperum

1973 1369 2308 1438 aediﬁcavit,
2353 1373 2520 1445 quod
2569 1375 2736 1432 omni
2781 1375 3066 1434 humana:
3106 1378 3445 1450 indigentiae
3477 1399 3638 1439 com-

1974 1459 2258 1516 moditate
2287 1461 2632 1531 abundans,
2661 1464 2824 1522 ﬁdeli
2853 1465 3095 1524 cuidam
3123 1484 3234 1526 suo
3285 1470 3638 1545 presbytero

1977 1549 2358 1621 Rernwardo,
2389 1551 2562 1622 cujus
2587 1553 2682 1608 hic
2707 1569 2930 1610 nomen
2959 1571 3068 1628 pro
3098 1557 3240 1613 ﬁdei
3266 1559 3478 1615 merito
3504 1560 3637 1631 jure

199 1646 322 1704 bat.
357 1648 424 1704 Et
448 1647 693 1716 contigit
718 1645 800 1702 ibi
833 1646 893 1702 in
921 1645 1060 1703 villa
1104 1647 1437 1720 quamdam
1488 1646 1797 1704 mulierem
1827 1664 1864 1707 n
1899 1655 1948 1713 Β
1973 1638 2389 1710 interponitur.
2445 1643 2926 1710 commendavit;
2989 1662 3096 1718 per
3147 1649 3362 1707 Christi
3413 1665 3636 1708 nomen

200 1733 414 1806 spiritu
453 1733 772 1792 immundo
809 1735 1036 1806 vexari,
1075 1739 1134 1792 et
1159 1751 1196 1791 a
1223 1735 1573 1808 parentibus
1610 1735 1701 1794 vel
1726 1751 1861 1808 pro-

200 1823 444 1896 pinquis
465 1839 574 1896 per
602 1823 880 1879 ecclesias
911 1823 989 1880 ad
1023 1829 1366 1882 sanctorum
1394 1825 1722 1896 patrocinia
1756 1825 1862 1880 cir-

198 1911 506 1968 cumduci.
537 1911 649 1977 Qui
681 1911 828 1968 dum
867 1927 1094 1968 novum
1138 1911 1488 1984 episcopum
1535 1912 1861 1970 adventare

199 1999 340 2056 illuc
368 2007 788 2071 cognoverant,
822 2001 880 2056 in
909 2017 1227 2056 occursum
1259 2001 1312 2056 ei
1345 2007 1552 2058 saneta
1580 2003 1710 2072 ejus
1737 2001 1860 2074 cpi-

197 2088 378 2148 nione
407 2089 692 2155 ﬁduciati,
725 2088 902 2144 simul
932 2105 1070 2144 cum
1100 2089 1340 2148 inﬁrma
1369 2091 1595 2148 eoneite
1643 2107 1858 2163 prope-

190 2176 430 2236 rabant.
467 2177 816 2234 lmmundus
846 2192 988 2234 vero
1019 2177 1282 2249 spiritus,
1313 2178 1444 2251 ipsa
1465 2195 1674 2236 eorum
1707 2180 1858 2236 festi-

188 2264 433 2320 natione
464 2263 827 2334 pavefactus,
855 2280 962 2337 per
989 2281 1059 2320 os
1086 2264 1339 2324 inﬁrmae
1387 2267 1565 2324 anxio
1595 2267 1857 2326 clamore

183 2369 315 2426 quo
342 2353 658 2410 duceretur
677 2353 1004 2420 inquisivit.
1052 2355 1157 2411 Cui
1205 2373 1345 2416 cum
1388 2357 1653 2414 dicerent
1689 2359 1855 2430 quod

184 2443 250 2500 in
283 2457 604 2500 occursqu
637 2442 976 2500 Godehardi
1005 2445 1272 2516 episcopi
1305 2447 1634 2502 traheretur
1664 2447 1855 2502 horri-

183 2531 308 2588 fico
334 2531 532 2590 statim
575 2531 804 2601 mugitu
855 2537 914 2588 et
955 2532 1184 2590 ululatu
1223 2534 1402 2606 erepit
1447 2535 1859 2592 miserabiliter

184 2621 496 2690 refragari,
524 2625 602 2694 et,
643 2637 718 2680 ne
745 2622 822 2678 ad
853 2621 1206 2694 episcopum
1261 2623 1506 2696 veniret,
1559 2624 1703 2696 ipsis
1753 2625 1857 2698 qui

181 2726 324 2766 eam
351 2709 656 2766 ducebant
675 2709 1033 2766 mirantibus
1048 2711 1269 2784 pariter
1293 2716 1350 2767 et
1372 2713 1854 2784 pavescentibus,

183 2799 484 2862 reluctari.
508 2799 744 2869 ejulans
774 2804 831 2855 et
849 2799 1184 2856 vociferans
1207 2801 1634 2862 Godehardum
1658 2819 1720 2861 se
1745 2819 1855 2860 nec

180 2888 398 2946 audire
428 2904 539 2946 nec
578 2903 756 2960 posse
789 2887 1009 2944 videre.
1070 2892 1133 2944 In
1187 2905 1258 2944 eo
1311 2890 1654 2958 certamine,
1707 2891 1852 2951 dum

181 2976 432 3034 inﬁrma
461 2994 497 3034 a
527 2977 809 3034 ﬁdelibus
837 2977 955 3034 ﬁde
981 2983 1037 3035 et
1067 2994 1195 3050 spe,
1221 2983 1287 3035 ut
1312 2994 1447 3035 vere
1491 2981 1700 3054 patuit,
1744 2982 1853 3038 fer—
1893 3009 1934 3064 ο

181 3065 466 3122 ventibus
492 3065 857 3135 trahebatur,
889 3065 1130 3139 spiritus
1173 3071 1374 3124 autem
1423 3083 1688 3141 nequam
1732 3074 1855 3126 tota

177 3153 466 3212 violentia
493 3153 898 3212 reluctabatur
945 3172 957 3210 :
1013 3155 1277 3224 tandem,
1339 3159 1456 3212 Deo
1487 3157 1728 3226 gratias,
1761 3159 1852 3214 fu-

181 3249 329 3310 gato
353 3243 630 3302 daemone
655 3243 870 3300 mulier
891 3243 1196 3312 liberatur,
1251 3250 1309 3300 et
1355 3247 1431 3302 ad
1481 3247 1672 3304 virum
1731 3247 1850 3317 llei,

180 3333 289 3390 ubi
321 3331 439 3390 sub
463 3332 732 3406 quadam
759 3333 973 3390 arbore
1021 3333 1307 3399 refrigerii
1339 3336 1527 3399 gratia
1559 3337 1850 3406 consedit,

182 3437 339 3478 sana
369 3422 548 3478 corde
605 3427 662 3478 et
717 3438 968 3494 corpore
1027 3423 1390 3496 perducitur.
1447 3425 1556 3490 Qui
1603 3426 1853 3496 cognitis

183 3511 391 3578 rebus,
419 3511 628 3568 timore
667 3510 888 3584 pariter
930 3515 988 3567 et
1033 3512 1256 3582 gaudio
1299 3519 1719 3586 compunctus,
1768 3515 1852 3572 la-

181 3616 470 3672 erymans
494 3601 713 3669 gratias
743 3599 962 3660 divinre
991 3601 1191 3673 pietati
1233 3601 1292 3657 in
1332 3601 1546 3658 faciem
1597 3607 1856 3676 prostra-

187 3696 285 3748 tus
308 3690 437 3760 jure
466 3689 764 3762 persolvit,
793 3689 1106 3762 eidemque
1136 3706 1350 3748 manus
1375 3691 1693 3764 imponens
1715 3709 1850 3748 eam

183 3778 599 3836 benedictione
629 3779 848 3850 pariter
875 3783 933 3835 et
961 3793 1134 3850 prece
1159 3778 1221 3834 in
1257 3778 1371 3834 fide
1401 3779 1776 3846 confortavit,
1797 3786 1854 3837 et

182 3867 484 3926 valentem
512 3867 637 3924 imo
664 3872 722 3924 et
749 3867 1110 3937 gaudentem
1139 3884 1276 3923 cum
1323 3869 1726 3936 gaudentibus
1775 3870 1852 3925 ci-

181 3956 359 4014 vibUs
388 3961 444 4014 et
475 3955 684 4012 amicis
706 3956 931 4012 remisit
957 3975 970 4024 ;
1027 3957 1232 4029 sicque
1262 3957 1370 4012 iter
1397 3957 1562 4030 quod
1591 3962 1855 4030 coeperat

178 4046 430 4120 peregit.
466 4046 630 4102 Unde
659 4063 798 4102 eum
825 4062 1038 4102 omnes
1067 4047 1168 4118 qui
1195 4063 1330 4102 eum
1363 4063 1435 4102 eo
1477 4047 1883 4104 comitaban-‘

183 4141 280 4193 tur
309 4135 571 4208 amplius
603 4141 660 4192 et
685 4135 975 4194 amabant
999 4140 1056 4191 et
1087 4135 1397 4206 timebant,
1443 4136 1616 4208 cujus
1645 4153 1847 4192 coram

185 4229 308 4285 Deo
361 4225 471 4282 tale
509 4225 792 4282 meritum
849 4224 1314 4296 cognoscebant,
1372 4225 1594 4298 quibus
1650 4232 1850 4284 tamen

181 4317 266 4386 [et
317 4320 440 4372 tam
517 4314 869 4388 parentibus
952 4313 1163 4387 puellae
1229 4330 1416 4387 quam
1498 4320 1554 4370 et
1611 4315 1702 4372 his
1745 4318 1847 4388 qui

184 4420 396 4462 secum
443 4405 633 4475 erant]
700 4420 880 4478 super
929 4403 1045 4460 hoc
1099 4403 1255 4460 facto
1310 4403 1462 4459 seria
1502 4404 1849 4462 auctoritate

181 4493 484 4550 silentium
537 4493 788 4561 indixit;
875 4493 983 4550 sed
1062 4509 1173 4550 nec
1244 4507 1405 4560 aegra
1455 4509 1590 4565 quae
1641 4494 1846 4558 sensit,

181 4599 299 4641 nec
352 4582 527 4642 turba
575 4598 712 4655 quae
771 4582 1034 4640 salutare
1089 4581 1448 4640 miraculum
1499 4582 1693 4652 vidit,
1758 4599 1849 4638 re-

183 4671 372 4730 ticuit.

391 4759 527 4812 Erat
550 4756 730 4812 etiam
760 4756 823 4811 in
852 4755 1122 4812 orientali
1151 4761 1318 4830 parte
1345 4755 1592 4811 civitatis
1634 4761 1851 4812 nostra)

181 4839 362 4916 palus
395 4841 692 4912 horrifica,
725 4845 781 4897 et
807 4841 1418 4897 circummanentibus
1445 4839 1693 4895 omnino
1725 4840 1853 4913 plu-

181 4924 296 4984 rali
325 4924 638 4983 formidine
658 4925 866 4995 invisa,
899 4941 969 4980 eo
995 4925 1158 4997 quod
1187 4926 1290 4991 ibi,
1335 4929 1393 4981 ut
1423 4924 1849 4998 opinabantur,

181 5015 310 5066 tam
341 5009 675 5066 meridiano
699 5025 882 5082 quam
916 5014 1210 5066 nocturno
1234 5015 1498 5086 tempore
1544 5008 1849 5068 illusiones

179 5099 487 5170 quasdam
514 5097 827 5154 horribiles
859 5097 951 5153 vel
976 5096 1253 5152 audirent
1281 5096 1370 5152 vel
1397 5097 1682 5164 viderent,
1713 5115 1848 5170 quae

180 5201 224 5241 α
255 5186 413 5242 fonte
435 5186 778 5256 salsuginis,
810 5184 913 5260 qui
942 5184 1168 5240 ibidem
1197 5183 1257 5240 in
1291 5184 1487 5239 medio
1539 5185 1848 5257 bulliebat,

258 5293 373 5363 (42)
417 5292 510 5365 His
543 5292 710 5348 locus
733 5296 942 5365 postea
973 5289 1173 5365 seaculi
1212 5306 1289 5345 xu
1335 5288 1512 5365 initio
1555 5293 1852 5365 Praemon-

181 5360 582 5436 stratensibus
639 5360 832 5422 cessit.
892 5361 1186 5418 beneﬁcio
1234 5360 1516 5430 Bruuingi
1560 5360 1846 5436 episcopi,

182 5451 262 5488 ex
288 5435 604 5490 Brouvero.

256 5507 375 5576 (43)
415 5506 730 5575 Bamberg.
766 5504 848 5562 sic
874 5503 1098 5562 habet:
1147 5504 1218 5560 Ut
1270 5504 1358 5560 ita
1414 5502 1736 5576 diligenter
1785 5506 1848 5576 in

178 5573 521 5648 pauperum
553 5573 703 5634 card
733 5576 1072 5642 desudaret,
1111 5576 1262 5648 sicut
1297 5573 1556 5648 pro/iac
1603 5575 1732 5648 ipsa
1763 5575 1852 5629 di-

181 5645 562 5717 spensatione
589 5651 708 5705 Dee
739 5649 1030 5706 rationem
1056 5646 1304 5705 reddere
1327 5645 1602 5717 deberet;
1629 5646 1692 5702 in
1732 5661 1848 5722 quo

1969 1744 2106 1786 eum
2134 1728 2500 1802 frequentius
2527 1732 2857 1793 terribiliter
2877 1735 3206 1805 obtestans,
3257 1743 3320 1795 ut
3349 1739 3458 1810 (43)
3511 1755 3635 1796 non

1967 1817 2162 1874 solum
2189 1818 2304 1876 illic
2335 1823 2873 1893 eommorantibus,
2932 1825 3036 1880 sed
3089 1830 3148 1882 et
3201 1827 3431 1884 cunctis
3485 1828 3633 1886 forte

1966 1907 2450 1974 adventantibus,
2507 1909 2700 1966 victus
2755 1915 2812 1966 et
2871 1913 3120 1970 vestitas
3164 1915 3508 1972 necessaria
3552 1917 3633 1976 ita

1965 1996 2385 2054 convenienter
2448 1999 2832 2070 provideret,
2925 2001 3097 2058 sicuti
3155 2019 3265 2076 pro
3316 2005 3430 2062 hac
3498 2005 3629 2078 ipsa

1965 2102 2076 2142 sua
2123 2086 2570 2159 dispensatione
2620 2088 2740 2144 Deo
2796 2094 3092 2148 rationem
3150 2092 3399 2149 reddere
3451 2095 3630 2152 debe-

1961 2179 2070 2233 ret.

2033 2269 2122 2320 26.
2165 2265 2484 2332 Quoddam
2515 2271 2716 2323 tamen
2743 2267 2949 2325 talium
2979 2285 3202 2338 genus,
3246 2271 3381 2326 illos
3413 2271 3630 2330 scilicet

1961 2353 2068 2427 qui
2093 2354 2187 2409 vel
2213 2355 2589 2426 monachico,
2620 2355 2714 2412 vel
2741 2357 3055 2422 canonico,
3083 2358 3178 2413 vel
3201 2359 3383 2417 etiam
3423 2362 3626 2417 Graeco

1963 2441 2174 2498 habitu
2206 2457 2310 2516 per
2338 2443 2612 2510 regiones
2641 2449 2698 2500 et
2726 2460 2913 2514 regna
2951 2445 3318 2514 discurrunt,
3375 2463 3530 2520 quos
3573 2453 3629 2509 et

1965 2530 2222 2586 Platonis
2251 2546 2418 2586 more
2447 2532 2860 2606 Peripateticos
2891 2533 3194 2592 irridendo
3241 2537 3628 2604 cognomina-

1963 2618 2066 2685 vit,
2095 2617 2251 2690 illos,
2277 2618 2548 2692 inquam,
2580 2636 2826 2692 prorsus
2853 2622 3278 2696 exprobrando
3309 2625 3483 2698 quasi
3533 2643 3629 2685 ex-

1964 2706 2311 2764 secrabatur
2343 2725 2355 2762 :
2388 2723 2544 2782 quos
2595 2713 2794 2766 tamen
2840 2715 3084 2784 propter
3135 2726 3357 2768 nomen
3412 2713 3622 2772 Christi

1963 2795 2129 2868 quod
2150 2795 2584 2869 proﬁtebantur
2615 2799 2951 2858 necessaria
2982 2801 3411 2859 sustentatione
3439 2802 3626 2860 biduo

1962 2885 2056 2941 vel
2086 2884 2346 2942 maxime
2374 2886 2571 2944 triduo
2622 2887 3068 2956 consolabatur,
3117 2889 3322 2964 sicque
3361 2892 3626 2964 prtebitis

1963 2974 2382 3032 calceamentis
2415 2976 2506 3032 vel
2539 2977 2828 3046 vestibus,
2861 2994 2964 3034 eos
2993 2994 3069 3036 ne
3099 2994 3311 3036 cursus
3355 2980 3446 3036 sui
3495 2981 3626 3039 soli-

1961 3068 2087 3118 tum
2119 3063 2608 3123 obliviscerentur
2629 3065 2934 3122 discedere
2981 3066 3354 3124 hortabatur.
3406 3066 3624 3142 Aliqui-

1959 3151 2075 3208 bus
2099 3167 2238 3210 vero
2269 3169 2407 3210 cum
2439 3169 2510 3210 eo
2549 3154 2772 3210 diutius
2817 3171 3170 3230 permanere
3225 3155 3622 3228 cupientibus,

1959 3239 2122 3296 illam
2152 3241 2414 3309 Gregorii
2445 3241 2504 3298 in
2537 3241 2785 3312 Dialogo
2814 3241 2935 3314 (lib.
2969 3259 3027 3310 ιι,
3060 3259 3112 3300 c.
3141 3243 3228 3314 t3)
3272 3242 3625 3300 sententiam

1959 3329 2182 3384 ironice
2207 3328 2448 3402 objecit,
2480 3329 2792 3404 quomodo
2825 3331 3070 3388 stultum
3098 3331 3386 3388 viatorem
3425 3331 3505 3390 ad
3535 3346 3628 3390 sa-

1960 3435 2062 3476 cra
2092 3419 2224 3476 loca
2265 3425 2690 3494 properantem
2743 3421 3022 3478 inimicus
3063 3437 3171 3498 per
3217 3422 3625 3478 conviatorem

1961 3525 2158 3578 suum,
2187 3513 2244 3564 et
2262 3525 2369 3582 per
2385 3509 2563 3570 fontis
2583 3510 2677 3566 vel
2694 3511 2845 3584 prati
2867 3510 3300 3580 amoenitatem,
3333 3511 3424 3568 vel
3444 3510 3624 3572 etiam

1959 3598 2229 3655 ciborum
2261 3598 2662 3666 dulcedinem,
2689 3599 2942 3676 decepit.
2999 3600 3303 3658 Interdum
3341 3605 3546 3658 autem
3587 3617 3626 3660 8.

1959 3687 2084 3746 suis
2119 3687 2529 3755 familiaribus,
2564 3689 2732 3763 quod
2761 3706 2870 3746 nec
2895 3691 2948 3747 ei
2987 3690 3362 3765 displicebat,
3417 3691 3627 3750 admo-

1958 3777 2138 3842 nitus,
2163 3779 2326 3852 quod
2354 3778 2504 3834 inter
2529 3779 2675 3836 tales
2697 3782 2915 3851 smptus
2941 3781 3060 3836 veri
3090 3780 3189 3836 Dei
3236 3780 3415 3840 amici
3463 3779 3625 3836 inve-

1958 3867 2245 3938 nirentur,
2276 3867 2423 3922 illud
2450 3867 2648 3925 statim
2683 3867 3026 3939 Hieronymi
3072 3867 3393 3924 ridiculum
3442 3884 3627 3940 appo-

1960 3955 2096 4025 suit,
2123 3955 2267 4027 quia
2291 3955 2612 4012 mendaces
2638 3955 2867 4012 faciunt
2896 3961 2960 4012 ut
2993 3955 3264 4012 veridicis
3295 3955 3394 4010 vix
3423 3955 3627 4012 creda-

1959 4047 2071 4100 tur.
2107 4043 2347 4116 Siquos
2375 4048 2574 4100 tamen
2607 4042 2815 4099 talium
2841 4044 2901 4100 in
2942 4044 3042 4103 Dei
3069 4043 3231 4100 cultu
3270 4043 3365 4102 vel
3415 4043 3623 4102 timore

1958 4131 2202 4190 stabiles
2247 4132 2513 4203 agnovit,
2563 4133 2674 4188 hos
2725 4133 2834 4205 (44)
2877 4133 3162 4192 nimirum
3213 4133 3492 4210 privatim
3523 4151 3627 4208 po-

1961 4223 2072 4280 tius
2097 4238 2284 4296 quam
2310 4221 2568 4294 publice,
2595 4223 2763 4295 quod
2813 4227 2870 4279 et
2917 4223 3029 4298 ipsi
3073 4225 3402 4295 malebant,
3448 4225 3509 4285 in
3551 4226 3624 4282 iis

1963 4327 2100 4385 quae
2131 4310 2210 4367 ad
2245 4313 2430 4366 Deum
2459 4311 2759 4386 pertinent
2781 4311 3109 4370 adamavit.
3170 4313 3282 4370 Sed
3339 4319 3394 4372 et
3446 4331 3628 4390 super

1963 4399 2376 4474 delinquentes
2405 4404 2461 4456 et
2490 4399 2704 4455 noxios
2727 4399 2882 4460 mira
2909 4407 3036 4460 erat
3067 4402 3447 4460 miseratione
3465 4403 3624 4460 mitis

1959 4493 2016 4543 ct
2039 4487 2352 4560 placabilis
2387 4505 2398 4542 :
2431 4488 2512 4546 ita
2541 4493 2620 4556 ut,
2650 4488 2698 4546 si
2720 4489 2973 4563 quilibet
2995 4490 3198 4547 talium
3230 4489 3623 4548 confessionis

1957 4583 2015 4634 et
2042 4578 2403 4652 pmnitentize
2431 4578 2622 4647 gratia
2650 4579 2728 4636 ad
2759 4596 2898 4636 eum
2922 4581 3318 4650 confugerint,
3335 4577 3624 4636 ctdelieta

1957 4667 2041 4723 eis
2070 4673 2351 4742 prompta
2379 4667 2690 4726 clementia
2741 4669 2943 4724 statim
2991 4667 3322 4736 indulserit,
3379 4671 3436 4723 et
3479 4666 3624 4735 vigi-

1956 4757 2101 4812 lanti
2153 4772 2296 4812 cura
2350 4757 2454 4821 eis,
2509 4773 2585 4811 ne
2643 4756 2886 4812 ulterius
2941 4755 3001 4810 in
3059 4755 3197 4810 talia
3253 4755 3620 4810 necessitatis

1959 4863 2140 4904 causa
2170 4846 2497 4902 inciderent
2525 4845 2824 4917 [prudenti
2856 4844 3105 4900 consilio
3150 4844 3492 4914 correxerit,
3543 4847 3622 4916 et]

1957 4948 2200 4988 omnem
2272 4929 2690 4986 sufﬁcientiam
2773 4929 2834 4984 in
2896 4933 3205 5002 posterum
3264 4927 3621 5001 protulerit,

1958 5031 2123 5074 more
2173 5014 2419 5088 quidem
2489 5017 2546 5069 et
2599 5011 2875 5084 exemplo
2950 5012 3138 5068 sancti
3214 5012 3305 5070 sui
3384 5013 3621 5084 patroni

1959 5100 2178 5156 Nicolai
2227 5097 2516 5174 episcopi,
2566 5097 2670 5170 qui
2727 5096 3248 5168 eleemosynarum
3301 5113 3452 5152 auro
3483 5140 3496 5164 ,
3565 5101 3623 5154 et

1959 5177 2566 5254 virginum’incestus,
2600 5186 2656 5236 et
2683 5181 2869 5254 patris
2890 5195 3099 5236 earum
3129 5180 3422 5254 inopiam,
3449 5185 3507 5238 et
3533 5183 3619 5238 to;

1961 5292 2086 5346 loco
2103 5290 2331 5344 cunctis
2363 5287 2763 5360 quaerentibus
2789 5287 3068 5357 prodesse
3097 5288 3306 5354 voluit,
3359 5289 3621 5346 maxime

1959 5373 2156 5417 tamen
2188 5360 2279 5416 his
2326 5359 2470 5430 quos
2526 5375 2641 5413 non
2693 5359 3057 5414 discursores
3107 5366 3160 5414 et
3194 5360 3470 5416 illusores
3501 5376 3621 5417 esse

1959 5437 2362 5574 "Oiliiiviiiinn,
2391 5501 2688 5574 hesiomni
2725 5502 2944 5571 a/fectu
2984 5502 3216 5571 fovens,
3262 5500 3505 5570 publice
3545 5518 3618 5560 ac

1957 5572 2240 5648 privatim
2273 5589 2466 5630 secum
2501 5572 2731 5629 habuit.
