3998 6176
456 200 589 253 1183

1390 198 1444 253 S.
1488 198 1897 254 GODEHARDI
1938 195 2253 251 EPISCOPI
2294 193 2939 252 HILDESHEIMENSIS.

3741 201 3853 257 H85

451 320 567 377 tius
624 320 860 376 familiae
911 318 1322 375 detestabilem
1380 319 1606 376 ademit
1656 319 1991 387 infamiam,
2051 321 2108 374 et
2137 318 2186 371 A
2216 315 2627 388 apostolorum
2685 316 2958 389 tendens,
3014 315 3163 373 feria
3212 316 3387 373 tertia
3437 322 3571 374 ante
3634 322 3853 378 (laenam

451 407 856 483 quorumlibet
884 424 1223 480 pauperum
1246 408 1321 464 ad
1356 426 1416 465 se
1438 425 1686 482 quoquo
1715 409 1899 465 modo
1929 407 2108 481 perti-

452 498 720 554 nentium
749 495 848 568 pia
879 496 1195 553 clementia
1224 498 1453 554 sedavit
1473 498 1883 569 indigentiam.
1904 498 2106 569 Hujus,

449 588 720 663 inquam,
751 586 1024 659 exemplo
1052 587 1277 660 praesul
1323 592 1527 643 noster
1567 587 1877 657 satagebat
1898 587 2110 659 inopes

449 674 673 747 ubique
699 691 936 748 semper
964 676 1279 746 consolari,
1338 678 1431 733 cui
1490 682 1547 734 et
1604 677 1767 747 cordi
1817 682 1944 734 erat
1971 693 2110 734 cum

450 763 667 819 talibus
697 763 975 837 colloqui,
1009 781 1148 821 cum
1176 766 1259 822 eis
1289 765 1658 823 ludiﬁcando
1684 770 1740 823 et
1765 766 1944 823 etiam
1970 782 2111 823 con-

449 853 712 909 vivando
734 854 1058 925 jucundari

520 948 609 999 27.
652 946 733 999 Eo
764 943 943 999 etiam
982 960 1165 1012 anno,
1217 948 1370 1001 certe
1426 962 1461 1001 a
1519 946 1827 1003 Nativitate
1878 944 2111 1002 Domini

457 1036 610 1104 1024,
640 1034 755 1107 piae
786 1034 1092 1090 memoriae
1121 1036 1402 1091 Henricus
1434 1037 1776 1109 imperator,
1793 1035 2113 1092 ordinatio-

450 1124 545 1177 nis
575 1124 697 1177 su’ae
728 1138 894 1179 anno
935 1127 1023 1190 23,
1077 1123 1155 1178 ad
1215 1124 1515 1180 Christum
1574 1125 1883 1197 migravit;
1942 1126 2113 1196 cujus

451 1212 677 1285 quippe
708 1212 905 1268 obitus
936 1218 1121 1269 totam
1169 1213 1603 1270 Christianismi
1652 1215 1936 1284 laetitiam,
1980 1231 2114 1288 quae

453 1299 565 1356 sub
596 1316 667 1355 eo
698 1299 917 1368 ﬂoruit,
947 1300 1176 1357 ﬂebiter
1206 1303 1603 1359 conturbavit.
1653 1304 1756 1361 Cui
1785 1304 2114 1360 succedens

450 1388 541 1445 vir
594 1388 813 1444 nobilis
859 1394 914 1444 et
973 1394 1251 1445 strenuus
1302 1391 1635 1460 Conradus,
1683 1392 1947 1465 primum
1988 1408 2113 1447 suae

453 1478 743 1534 felicitatis
772 1479 1086 1534 annumin
1121 1479 1321 1534 Natale
1383 1480 1614 1535 Domini
1669 1481 1874 1537 Mindze
1920 1481 2113 1537 initia-

452 1568 570 1636 vit;
618 1568 756 1623 inde
805 1573 940 1640 post
999 1569 1395 1640 Epiphaniam
1446 1570 1861 1626 Hildeneshein
1908 1570 2111 1626 venit:

2218 404 2454 461 Domini
2485 408 2740 462 Romam
2768 405 2926 462 felici
2952 405 3347 479 prosperitate
3396 406 3671 475 gaudens
3703 408 3853 466 intra-

2216 493 2318 564 vit,
2342 498 2400 550 et
2426 494 2488 550 in
2531 499 2738 552 sancta
2784 495 3252 551 Resurrectionis
3300 495 3527 552 Domini
3570 497 3671 552 die
3715 515 3856 556 coro-

2216 599 2362 639 nam
2384 584 2710 657 imperialis
2748 584 2997 641 honoris
3029 601 3065 640 a
3093 584 3273 640 beato
3300 587 3525 641 Joanne
3577 589 3856 660 apostolo-

2215 689 2352 728 rum
2407 673 2628 729 vicario
2686 673 2945 744 gloriose
2994 674 3278 747 percepit.
3322 673 3465 731 Inde
3506 675 3571 730 in
3612 677 3860 748 proxima
3958 726 3959 731 η

2219 762 2528 819 Dominica
2575 778 2916 833 regressus,
2975 779 3044 819 ac
3092 778 3350 836 pervasa
3410 763 3857 840 circumquaque
3958 762 3959 807 ἶ

2217 851 2569 925 potestative
2599 868 2671 909 ea
2699 852 2962 923 regione,
2989 852 3050 908 in
3079 867 3232 926 pace
3259 851 3627 925 repatriavit,
3654 859 3710 910 et
3736 858 3858 911 nati-
3958 850 3959 915 Ῠ

2218 940 2461 996 vitatem
2488 940 2679 996 sancti
2707 940 2954 996 Joannis
2980 940 3257 1013 Baptistae
3289 940 3601 1014 Imbripoli
3627 941 3733 1014 (49)
3774 958 3859 999 no-

2219 1046 2327 1085 vus
2358 1030 2684 1102 imperator
2715 1029 3053 1100 celebravit,
3085 1029 3188 1086 ubi
3232 1034 3290 1086 et
3317 1030 3607 1086 defuncto
3636 1031 3696 1086 in
3723 1031 3857 1087 bona

2223 1123 2525 1174 senectute
2556 1119 2804 1175 Henrico
2835 1119 2988 1175 duce
3016 1118 3327 1191 Bajoariaa,
3347 1118 3472 1174 ﬁlio
3505 1135 3621 1175 suo
3639 1120 3857 1177 domino

2224 1208 2475 1264 Henrico
2533 1208 2817 1264 eumdem
2858 1209 3168 1276 ducatum,
3233 1208 3586 1282 principum
3638 1209 3853 1277 delectu,

2222 1298 2688 1354 commendavit.

2292 1393 2380 1445 29.
2425 1390 2506 1443 Eo
2534 1388 2677 1443 item
2708 1403 2868 1443 anno
2898 1387 3081 1443 Aribo
3130 1388 3510 1458 Magontinus
3558 1391 3854 1445 Francono-

2222 1477 2395 1532 vordi
2442 1476 2765 1533 concilium
2818 1477 3036 1550 synodi
3093 1476 3478 1547 coadunavit,
3542 1478 3853 1551 praesidente

2223 1568 2580 1640 imperatore
2635 1584 2774 1624 cum
2830 1568 3127 1641 episcopis
3167 1568 3377 1638 viginti
3424 1568 3645 1641 tribus,
3686 1570 3741 1624 in
3760 1586 3852 1643 quo

452 1657 531 1712 ibi
588 1657 766 1712 etiam
820 1656 1143 1729 praedictus
1204 1657 1380 1711 Aribo
1438 1659 1947 1731 archiepiscopus,
2013 1659 2117 1732 qui
2148 1677 2187 1731 Β
2224 1657 2437 1712 iterum
2468 1657 2715 1713 beatum
2740 1657 2933 1712 virum
2955 1657 3377 1713 Godehardum
3400 1657 3479 1713 de
3511 1658 3725 1732 saepius
3743 1674 3854 1731 prae-

452 1747 683 1802 vivente
721 1745 1079 1819 imperatore
1119 1746 1246 1816 jam
1293 1762 1400 1817 per
1457 1746 1747 1802 biennum
1794 1747 2114 1817 obmutuit,

453 1836 666 1890 iterum
724 1835 967 1889 inventa
1018 1835 1331 1890 occasione
1393 1835 1636 1891 beatum
1695 1836 2117 1893 Godehardum

456 1940 638 1994 super
668 1923 1076 1977 Gandersheim
1108 1923 1435 1996 inquietare
1466 1925 1665 1997 coepit,
1698 1942 1885 1998 quam
1917 1931 2118 1982 tamen

457 2013 586 2084 ejus
613 2012 1120 2068 machinationem
1152 2030 1346 2068 novus
1379 2030 1481 2069 rex
1512 2014 1839 2087 primatum
1871 2016 2118 2072 consilio

456 2101 709 2157 diremit.
738 2102 949 2173 Sicque
980 2118 1082 2156 rex
1113 2106 1428 2174 peragrata
1459 2104 1892 2176 compendioso
1914 2105 2119 2160 itinere

460 2191 737 2253 Saxonia,
805 2191 1313 2263 quadragesimali
1385 2198 1651 2265 tempore
1703 2210 1810 2266 per
1868 2193 2121 2249 Thurin-

458 2280 639 2351 giam,
672 2280 1107 2353 Franciamque
1141 2283 1338 2353 [B0d.,
1381 2283 1802 2353 Frankoniam]
1834 2283 1894 2339 in
1921 2284 2122 2354 Bajoa—

455 2371 608 2426 riam
640 2387 1015 2443 progressus,
1047 2372 1457 2443 Reginesburg
1485 2374 1931 2446 (Bemersburg)
1980 2389 2120 2429 san-

458 2466 618 2516 ctum
644 2461 871 2516 Pascha
901 2462 1227 2516 honorifice
1258 2462 1523 2529 feriavit;
1573 2468 1629 2519 ct
1650 2480 1720 2520 ea
1751 2468 1952 2521 aestate
1983 2480 2120 2536 par-

461 2554 545 2611 tes
575 2550 882 2627 Bajoarim,
941 2550 1189 2617 Sueviae,
1240 2556 1295 2606 et
1342 2552 1808 2608 Karentinorum
1839 2569 1978 2608 cum
2011 2553 2121 2608 cir-

460 2639 923 2710 cumjacentinm
946 2638 1669 2710 provinciarumterminis
1696 2642 2121 2713 pertransiens,

460 2727 728 2784 Natalem
753 2727 985 2783 Domini
1019 2728 1214 2783 Leodii
1237 2728 1576 2796 celebravit,
1628 2731 1706 2785 ad
1757 2731 2121 2786 Puriﬁcatio-

460 2833 600 2873 nem
629 2833 767 2871 vero
797 2821 1015 2871 sanctae
1046 2818 1236 2872 Maria:
1266 2822 1546 2886 Augusta:
1571 2820 1825 2885 mansit;
1850 2820 1988 2875 inde
2018 2820 2124 2876 iter

463 2923 641 2960 suum
669 2906 745 2960 ad
777 2911 974 2977 partes
1005 2906 1180 2960 Italiae
1221 2905 1434 2962 direxit
1466 2926 1478 2969 ;
1520 2914 1576 2963 et
1624 2909 1967 2980 proximum
2018 2913 2123 2966 Pa-

464 2993 609 3084 scha
638 2992 910 3047 Vercellis
936 3008 1223 3084 prospere
1254 2993 1595 3064 celebravit,
1621 3001 1677 3052 et
1703 2997 1784 3053 ita
1814 2999 2125 3068 contiguas
2154 3032 2195 3084 C

464 3083 935 3155 circumquaque
965 3083 1238 3153 regiones
1268 3084 1327 3139 in
1353 3101 1512 3141 novo
1542 3087 1707 3157 regio
1734 3087 1947 3145 decore
1987 3089 2125 3144 visi-

462 3171 663 3234 tando,
700 3171 1059 3244 peragravit.
1107 3173 1295 3228 Tertio
1352 3190 1594 3247 quoque
1648 3193 1757 3231 suo
1806 3193 1967 3233 anno
2012 3179 2126 3249 (45)

464 3259 686 3333 praesul
715 3265 918 3316 noster
957 3263 1210 3316 Montem
1266 3262 1607 3335 speciosum
1658 3264 1719 3319 in
1771 3264 2128 3321 occidentali

463 3354 631 3423 parte
662 3349 912 3406 civitatis
941 3350 1197 3405 incolere
1253 3353 1450 3423 erepit,
1506 3369 1689 3424 quem
1736 3354 1945 3425 quinto
1991 3360 2128 3426 post

464 3454 626 3504 anno
654 3439 820 3495 titulo
873 3456 941 3494 ac
992 3440 1221 3494 nomini
1272 3442 1457 3496 sancti
1497 3441 1756 3497 Mauricii
1785 3444 2006 3498 summi
2036 3443 2128 3499 sui

462 3527 700 3599 patroni
731 3527 964 3582 dicavit.
994 3528 1317 3583 Ecclesiam
1343 3529 1519 3584 etiam
1549 3530 1865 3602 pulchram
1892 3532 1952 3586 in
1987 3532 2125 3587 Hol-

463 3613 679 3668 thusen
710 3615 823 3685 (46)
852 3614 913 3668 in
946 3614 1173 3669 honore
1207 3615 1393 3670 sancti
1416 3617 1713 3672 Benedicti
1746 3618 1982 3674 abbatis
2001 3635 2128 3675 mo-

463 3701 729 3757 nachicae
761 3704 1190 3758 conversationi
1225 3709 1430 3775 aptam
1452 3705 1767 3773 dedicavit,
1793 3712 1850 3762 et
1879 3707 2128 3765 circum-

462 3807 708 3864 quaque
737 3808 845 3864 per
873 3792 1155 3866 episcopii
1189 3792 1277 3848 sui
1312 3793 1631 3850 terminum
1662 3794 1940 3852 basilicas
1972 3798 2125 3853 mul-

462 3886 553 3937 tas
579 3881 673 3937 vel
700 3881 831 3954 ipse
859 3881 1123 3938 studiose
1150 3882 1487 3951 aediﬁcavit,
1522 3883 1612 3937 vel
1656 3884 1733 3939 ab
1775 3885 1903 3940 aliis
1943 3886 2124 3943 fideli-

459 3971 577 4027 bus
608 3971 815 4028 Christi
846 3976 1220 4027 constructas
1253 3976 1555 4042 gratanter
1584 3976 1704 4029 Deo
1736 3978 2122 4033 consecravit.

532 4066 620 4115 28.
666 4064 746 4116 Eo
776 4066 1043 4133 tempore
1068 4062 1389 4134 praedictus
1415 4062 1595 4118 Aribo
1635 4064 2124 4139 archiepiscopus

462 4149 524 4203 in
552 4148 751 4203 natale
797 4151 983 4205 sancti
1033 4150 1287 4222 apostoli
1343 4151 1592 4207 Matthaei
1650 4153 2127 4223 Sclimggenstad

462 4236 574 4306 (47)
614 4236 934 4292 concilium
987 4238 1261 4307 generale
1316 4238 1744 4311 episcoporum
1805 4241 2126 4298 duodecim

463 4324 803 4393 concivit,iu
835 4341 957 4396 quo
988 4325 1307 4398 praesulem
1334 4333 1605 4383 nostrum
1633 4346 1813 4401 super
1843 4317 2127 4403 praedicto

462 4412 1023 4469 Gandersheimensi
1046 4415 1335 4470 territorio
1366 4416 1602 4488 publice
1621 4421 1917 4487 convenit,
1939 4437 2126 4493 quam

464 4508 661 4560 tamen
691 4502 991 4580 synodum
1028 4503 1390 4560 unanimitas
1450 4506 1701 4562 fratrum
1748 4508 1807 4563 in
1860 4509 2124 4565 futurum

462 4608 692 4648 annum
723 4591 1294 4663 comperendinavit.
1324 4597 1441 4650 Rex
1474 4600 1674 4650 autem
1703 4597 1898 4653 natale
1929 4599 2126 4654 Domi-

460 4680 523 4736 ni
567 4680 785 4737 festum
840 4684 1054 4752 [porcae
1109 4683 1222 4753 (48)
1267 4682 1558 4751 initiavit;
1613 4683 1752 4740 inde
1801 4686 1878 4740 ad
1920 4686 2128 4744 limina

536 4877 649 4945 (45)
691 4876 920 4943 Bamb.,
955 4878 1129 4947 regni
1155 4878 1253 4931 sui
1281 4893 1459 4933 anno.

536 4948 646 5017 (46)
689 4948 893 5004 Diruto
925 4947 1058 5003 licet
1088 4949 1475 5013 monasterio,
1510 4965 1732 5004 nomen
1778 4950 1946 5006 locus
1994 4954 2127 5009 reti-

462 5019 593 5091 nuit
620 5019 697 5074 ad
731 5019 1032 5087 Visurgim
1062 5018 1335 5091 ﬂuvium,
1350 5020 1630 5076 undecim
1662 5022 1890 5078 circiter
1918 5025 2126 5081 millia-

462 5088 630 5145 ribus
659 5090 1025 5145 Germanicis
1052 5090 1282 5146 distans
1314 5088 1349 5146 a
1380 5091 1608 5146 civitate
1635 5093 2127 5152 Hildesheimensi

462 5177 670 5216 versus
700 5161 1091 5218 occidentem.

533 5232 650 5302 (47)
692 5231 931 5289 Celebre
958 5238 1044 5287 est
1075 5234 1505 5288 monasterium
1560 5234 1639 5289 ad
1678 5239 1936 5293 Magnum
1977 5238 2128 5294 inter

462 5303 800 5358 Hanoviam
831 5308 888 5358 et
915 5303 1544 5373 Aschaﬂ‘emburgum.

536 5374 647 5447 (48)
688 5375 917 5447 Iporea,
954 5391 1060 5429 seu
1100 5377 1417 5447 Eporedia,
1474 5392 1635 5432 nunc
1680 5383 1879 5434 autem
1940 5382 2123 5446 lvrea,

556 5405 647 5446 το)
688 5405 917 5446 ιμυιεα,
955 5405 1060 5429 acu
1104 5405 1417 5447 DPUI‘UUIG,
1474 5405 1635 5432 uuuu
1680 5405 1879 5434 auwm
1940 5405 2123 5446 ivred,

464 5405 610 5499 urbs
667 5450 769 5518 est
807 5446 1167 5518 episcopalis
1215 5447 1275 5501 in
1323 5447 1548 5502 ﬁnibus
1600 5448 1971 5506 Salassorum
2014 5456 2126 5507 sub

463 5515 771 5589 metrepoli
804 5515 1150 5572 'l‘aurinensi
1182 5518 1259 5573 ad
1292 5518 1535 5574 Duriam
1568 5519 1838 5576 ﬂuvium.

539 5588 893 5668 (49);Mirum
922 5592 1040 5668 “est
1094 5593 1389 5668 quantum
1425 5591 1533 5668 hic
1561 5590 1729 5668 locus
1769 5593 2126 5666 scriptorum

465 5656 707 5724 ingenia
730 5658 978 5714 torserit.
1010 5656 1214 5713 Surius
1242 5659 1305 5714 in
1342 5661 1526 5717 veteri
1555 5662 1811 5720 editione
1840 5656 2126 5737 reposue-

2225 1746 2509 1802 ventilata
2535 1762 2720 1802 causa
2749 1762 2917 1802 more
2945 1762 3056 1802 suo
3107 1745 3500 1819 inquietavit;
3558 1747 3642 1802 ibi
3681 1747 3852 1820 praesul

2226 1840 2428 1892 noster
2456 1836 2721 1905 tandem,
2775 1851 3016 1892 summa
3062 1836 3322 1904 veritate,
3381 1852 3527 1909 quae
3583 1840 3724 1892 Deus
3771 1842 3851 1903 est,

2228 1925 2547 1981 miserante
2597 1924 2818 1998 pariter
2872 1930 2930 1980 et
2981 1925 3328 1996 adjuvante,
3369 1925 3753 1998 episcopatus
3786 1926 3850 1979 sui

2228 2014 2653 2088 proprietatem
2685 2030 2865 2087 super
2888 2017 3081 2070 totum
3112 2013 3693 2071 Gandersheimense
3728 2014 3852 2070 terri-

2231 2104 2471 2169 torium,
2505 2103 2847 2159 testimonio
2878 2108 3106 2176 septem
3136 2103 3591 2177 episcoporum,
3618 2105 3711 2177 qui
3737 2121 3850 2176 prae-

2231 2193 2453 2248 dictam
2484 2193 2826 2266 pactionem
2856 2193 2916 2248 in
2947 2192 3379 2250 Gandersheim
3409 2197 3469 2249 et
3505 2194 3791 2249 audierant
3812 2202 3851 2247 et

2231 2282 2524 2350 viderant,
2553 2282 2839 2338 canonice
2870 2282 3142 2350 detinuit,
3185 2282 3405 2338 scilicet
3449 2285 3722 2339 Brunone
3761 2285 3850 2337 Au-

2232 2371 2499 2440 gustensi
2528 2371 2945 2435 concionante,
2977 2370 3297 2426 Wernhero
3326 2372 3746 2442 Argentinense
3771 2371 3846 2425 de-

2232 2464 2527 2526 cernente,
2557 2458 2689 2531 ipso
2720 2474 2863 2515 vero
2892 2458 3357 2531 Metropolitano,
3383 2474 3535 2515 vere
3558 2460 3745 2526 invito,
3757 2474 3843 2513 ver-

2230 2547 2293 2602 bi
2324 2546 2424 2601 Dei
2449 2546 2655 2602 hanno
2685 2546 3042 2603 afﬁrmante.
3099 2547 3166 2602 Hi
3210 2546 3372 2604 enim
3419 2555 3599 2605 erant
3631 2547 3838 2621 episcopi

2232 2636 2335 2708 qui
2367 2636 2585 2691 seniori
2622 2640 2826 2692 nostro
2872 2653 3049 2692 suum
3097 2636 3533 2706 testimonium,
3579 2637 3732 2694 sicuti
3768 2651 3841 2692 au-

2232 2724 2467 2780 dierant
2492 2729 2549 2780 et
2574 2724 2866 2792 viderant,
2893 2725 3300 2797 praebuerunt,
3333 2725 3396 2782 id
3435 2733 3527 2783 est
3553 2731 3731 2783 Bruno
3754 2730 3840 2779 Au-

2236 2813 2534 2885 gustensis
2564 2813 2903 2887 episcopus,
2936 2814 3314 2870 Everhardus
3341 2815 3722 2888 [Ebehardus]
3762 2816 3841 2867 Ba-

2236 2902 2658 2973 venbergensis
2711 2902 3057 2976 episcopus,
3097 2903 3481 2961 Meinhardus
3531 2903 3845 2961 Werciburb-

2238 2992 2435 3061 gensis
2466 2990 2981 3063 [Wirzburgensis]
3003 2991 3343 3066 episcopus,
3366 2994 3728 3050 Meinwercus
3742 2993 3847 3046 Bar-

2236 3080 2729 3136 therbrunnensis
2761 3079 3309 3154 [Paderbornensis]
3342 3082 3670 3156 episcopus,
3714 3082 3842 3151 Sige-

2236 3169 2440 3225 bertus
2472 3168 2790 3225 Mindensis
2815 3168 3154 3243 episcopus,
3208 3170 3610 3227 Hildewardus
3647 3175 3746 3237 (50)
3781 3168 3845 3223 Ci-

2227 3257 2425 3313 'zensis
2446 3257 2787 3329 [Citizensis]
2818 3258 3160 3331 episcopus,
3194 3261 3393 3316 Bruno
3411 3257 3842 3328 Mersburgensis.

2307 3350 2395 3403 30.
2438 3346 2690 3402 Pulchra
2721 3347 2883 3403 enim
2909 3351 3036 3403 erat
3062 3347 3146 3403 ibi
3190 3352 3249 3404 et
3276 3347 3678 3405 rationabiliter
3708 3344 3843 3401 ordi-

2234 3442 2377 3494 nata
2406 3442 2531 3494 tam
2558 3438 2776 3508 regalis
2822 3454 3011 3511 quam
3061 3444 3119 3495 et
3160 3438 3503 3512 episcopalis
3545 3436 3838 3492 consessio.

2235 3530 2386 3582 Nam
2415 3527 2478 3582 in
2504 3527 2779 3583 orientali
2796 3532 2965 3601 parte
2996 3531 3133 3584 ante
3163 3528 3354 3597 altare,
3394 3524 3829 3596 archiepiscopus

2235 3615 2415 3670 Aribo
2461 3632 2599 3671 cum
2649 3616 2772 3672 suis
2813 3616 3214 3688 suffraganeis
3254 3615 3541 3674 Wernhero
3585 3610 3820 3681 Argenti-

2233 3720 2439 3773 nense,
2458 3708 2731 3761 Brunone
2748 3699 3835 3777 Augustense,MeinwerchoPatherbru-

2233 3794 2792 3863 nense,Everhardo
2808 3795 3327 3865 Bavenberbense,
3344 3789 3690 3865 Meginhardo
3707 3791 3841 3844 Wer-

2236 3884 2658 3954 ciburhgense,
2699 3885 3057 3941 Godehardo
3089 3884 3672 3947 Hildenesheimense,
3700 3882 3849 3935 Bran-

2236 3974 2382 4046 thop
2417 3973 2928 4047 Halverstadense,
2949 3974 3223 4046 Wiggero
3254 3973 3849 4045 Nerdense,Hazecone

2234 4062 2686 4118 Wormaciense
2703 4063 3063 4120 consedit.ln
3080 4063 3439 4121 occidentali
3455 4079 3589 4120 vero
3605 4065 3755 4135 parte
3767 4058 3852 4113 iur

2234 4156 2476 4225 perator
2496 4151 2787 4219 consedit,
2821 4156 2929 4208 eta
2954 4153 3176 4209 dextris
3201 4154 3334 4225 ejus
3362 4153 3697 4224 Bilegrimus
3730 4146 3851 4221 (pm-

2236 4240 2463 4311 grinus]
2497 4240 2754 4297 Coloniae
2783 4241 3292 4316 archiepiscopus,
3331 4259 3475 4299 cum
3504 4241 3614 4298 sibi
3640 4236 3853 4295 subditis

2239 4329 2543 4398 Sigeberto
2565 4329 2884 4398 Mindense,
2945 4330 3220 4401 Sigifrido
3268 4330 3718 4403 Mimigardense
3753 4327 3858 4397 flio-

2235 4418 2629 4489 nasteriensi],
2661 4420 2941 4476 Bennone
2972 4421 3343 4493 Trajectense
3367 4440 3381 4489 ;
3407 4438 3447 4477 a
3477 4419 3718 4477 sinistris
3736 4417 3861 4471 Hun-

2236 4507 2424 4563 fridus
2441 4508 3038 4582 Parthenopolitanus
3068 4510 3651 4582 [Magdeburgensis]
3678 4504 3862 4565 archie

2235 4598 2537 4671 piscopus,
2572 4613 2711 4653 cum
2751 4598 2873 4654 suis
2906 4598 3285 4656 Hildewardo
3309 4600 3863 4669 Citizense,Brunone

2234 4686 2701 4757 Mersburgense,
2730 4687 2985 4745 Luizone
3016 4688 3521 4759 Havelbergense,
3547 4684 3863 4747 Theoderico

2234 4890 2326 4941 rat
2355 4886 2685 4954 Herbipoli.
2715 4888 2851 4944 Mss.
2885 4890 3087 4943 autem
3116 4888 3279 4945 varie
3307 4888 3567 4957 habent,
3610 4884 3862 4945 Imbrotis,

2233 4958 2574 5026 Imbripolis
2606 4962 2661 5012 et
2689 4959 2753 5012 in
2776 4959 3215 5027 Bripoliﬂaud
3244 4959 3511 5016 dubium
3538 4961 3686 5027 quin
3713 4960 3862 5027 leget}

2234 5029 2380 5083 dum
2411 5028 2482 5083 sit
2509 5029 2838 5114 l‘m‘bripolt'.
2852 5029 3030 5114 unico
3060 5030 3467 5114 verbo,_quam
3494 5028 3708 5114 urbem
3730 5032 3861 5114 Brol‘r

2239 5115 2410 5154 verus
2439 5104 2609 5170 putat
2639 5095 2765 5156 esse
2796 5100 3029 5182 Verlam
3063 5095 3334 5183 Saxon’ig’e
3380 5104 3691 5176 oppidum
3720 5121 3730 5164 :
3775 5095 3860 5175 Βοὲ

2233 5169 2451 5226 landus
2495 5176 2696 5246 autem
2743 5175 2957 5246 asserit
3001 5188 3131 5246 esse
3170 5176 3577 5246 Ratisponam
3607 5173 3857 5230 celeberrr

2235 5258 2400 5317 mam
2428 5241 2659 5317 urbem,
2702 5243 2902 5317 aitque
2931 5242 3098 5317 apud
3127 5241 3408 5317 antiqubs
3439 5249 3739 5303 Teutones
3762 5251 3859 5297 voc“

2234 5315 2447 5387 Regem
2478 5313 2735 5387 imbrem
2768 5313 3038 5370 indicari.
3071 5313 3294 5387 veruni
3316 5315 3455 5373 licet
3485 5319 3650 5373 hanc
3681 5321 3860 5387 etymo-

2236 5384 2791 5459 logiam_improbet
2818 5389 3019 5459 noster
3046 5386 3356 5459 Adolphus
3382 5390 3692 5459 Overham
3722 5384 3772 5442 in
3791 5396 3861 5437 n0-

2240 5456 2308 5529 tis
2340 5455 2417 5509 ad
2450 5455 2638 5529 vitain
2673 5459 2727 5513 S.
2758 5457 3083 5524 Meinverci,
3114 5455 3524 5529 ignvectissime
3555 5467 3751 5515 tamen
3774 5467 3867 5529 pm

2236 5526 2342 5602 hat
2369 5528 2759 5602 Ratisponam
2790 5529 3009 5602 saepius
3038 5528 3424 5602 Imbripolem
3448 5531 3685 5587 dictam
3708 5526 3863 5602 fuisse.

2308 5598 2422 5675 (50)
2465 5598 2590 5675 Sub
2617 5615 2688 5654 eo
2715 5598 3096 5675 episcopatus
3119 5598 3416 5658 Citi'zensis
3449 5602 3636 5659 sedes
3659 5598 3867 5660 Neobur

2238 5684 2386 5738 gum
2406 5670 2698 5727 translata
2722 5670 2830 5727 est.
