3998 6176
220 177 249 251 τι
267 173 363 230 185

1844 155 2028 219 VITA.

3516 178 3651 232 1186

225 298 537 355 Misnense.
573 298 632 350 In
658 292 904 350 australi
936 297 1137 348 autem
1166 291 1349 365 plaga
1388 287 1654 363 episcopi
1710 290 1881 343 Ram-
1918 291 1965 342 A
1994 288 2242 362 mulque
2269 307 2305 347 a
2332 291 2489 348 clero
2512 297 2567 348 et
2598 293 2824 367 populo
2854 294 3288 366 indulgentiam
3317 299 3429 356 sibi
3459 316 3493 356 a
3536 303 3653 357 Deo

226 388 470 442 brectus
502 382 922 439 Werdunensis
951 377 1700 453 [Virdunensis],Rodulfus
1726 376 1888 431 Fleu-

224 471 943 543 vizensis[Sleswicensis]
978 473 1106 542 (51),
1159 469 1450 527 Hildolfus
1505 470 1885 533 Mantuanus,

226 561 547 620 Reinoldus
575 560 979 631 [Reginoldus]
1035 557 1493 629 Aldebergensis
1527 554 1883 612 assiderunt.

228 657 291 709 ln
322 648 650 723 aquilonali
682 648 859 705 etiam
886 648 1137 705 abbates
1189 646 1519 703 Richardus
1549 642 1886 714 Fuldensis,

229 738 616 797 Beimboldus
645 737 1016 809 [Regimbold
1027 739 1116 809 us]
1135 732 1657 797 Loresheimensis,
1684 731 1886 788 Arnol-

231 830 326 885 fus
356 826 784 885 Herveldensis.
820 826 1138 883 Gcrbertus
1164 825 1543 897 Moguntinus
1565 839 1702 879 cum
1760 820 1889 877 aliis

230 919 409 976 etiam
457 918 586 990 ejus
641 916 867 974 ordinis
902 918 1008 989 (52)
1054 920 1282 990 septem
1330 914 1650 975 affuerunt,
1688 910 1891 967 subse-

228 1024 423 1081 quens
457 1006 637 1064 etiam
668 1005 886 1063 Natalis
915 1006 1147 1062 Domini
1170 1005 1386 1061 festum
1410 1004 1734 1077 imperator
1753 1004 1891 1057 Leo-

228 1096 310 1152 dii
340 1095 695 1163 celebravit;
724 1096 949 1152 Pascha
968 1111 1108 1151 vero
1140 1093 1499 1168 Aquisgrani
1540 1092 1748 1149 festive
1806 1092 1886 1146 fe-

227 1185 422 1252 riavit,
450 1184 555 1241 ubi
586 1188 644 1242 et
670 1183 827 1240 ﬁlius
853 1184 982 1256 ejus
1016 1182 1301 1239 Henricus
1357 1181 1572 1253 regalis
1628 1178 1890 1236 nominis

230 1290 518 1331 coronam
547 1290 584 1331 a
608 1273 928 1344 Bilegrimo
959 1272 1431 1346 archiepiscopo,
1489 1269 1627 1327 cleri
1671 1267 1888 1341 plebis-

231 1380 346 1437 que
376 1362 662 1420 electione
688 1361 1014 1419 honoriﬁce
1059 1360 1343 1435 percepit.
1380 1362 1459 1416 Eo
1483 1375 1644 1415 anno
1675 1359 1888 1413 iterum

232 1452 410 1508 Aribo
438 1444 746 1525 synodum
794 1467 971 1507 suam
1000 1450 1245 1507 Geizlice
1277 1447 1547 1515 concivit,
1596 1447 1670 1502 ad
1702 1461 1891 1519 quam

230 1540 370 1597 item
398 1541 696 1597 seniorem
743 1545 1021 1597 nostrum
1078 1539 1504 1596 Godehardum
1561 1536 1892 1609 inquietan-

230 1630 378 1686 dum
399 1630 609 1700 legatis
640 1633 697 1686 et
725 1629 957 1702 scriptis
986 1629 1241 1685 vocavit.
1272 1630 1401 1694 Quo
1451 1626 1544 1682 ille
1591 1626 1673 1681 ire
1725 1623 1894 1680 dissi-

233 1720 498 1786 mulans,
530 1719 934 1775 venerabilem
966 1719 1163 1775 virum
1192 1717 1539 1774 Tadilonem
1593 1715 1891 1771 decanum

231 1808 422 1864 nostri
450 1808 709 1864 cuanobii
748 1824 886 1864 cum
918 1807 1198 1863 fratribus
1229 1806 1471 1862 obviam
1502 1805 1552 1861 ei
1584 1804 1760 1874 misit,
1789 1802 1893 1875 qui

234 1913 376 1953 eum
403 1897 730 1953 honoriﬁce
785 1914 859 1953 ex
910 1901 1078 1970 parte
1131 1896 1380 1951 senioris
1425 1893 1763 1961 salutando,
1817 1891 1893 1947 de

235 1986 543 2058 praeteritae
576 1986 794 2060 synodi
822 1986 1174 2042 difﬁnitione
1204 1984 1597 2051 commonuit,
1626 1987 1683 2038 et
1701 1982 1893 2055 plura-

232 2074 273 2130 li
327 2075 675 2131 altrinsecus
743 2074 1164 2131 auctoritatum
1249 2072 1562 2128 collatione
1622 2070 1888 2142 profusa,

232 2162 652 2235 episcoporum
683 2160 922 2229 auxilio,
951 2176 1091 2216 eum
1114 2159 1192 2215 ab
1222 2157 1353 2232 ipsa
1378 2159 1725 2232 repetitione
1751 2163 1891 2213 tunc

231 2250 656 2307 tantummodo
678 2250 1068 2323 compescuit.

300 2344 384 2395 31.
423 2339 701 2412 Sequenti
730 2355 974 2413 quoque
1002 2338 1392 2394 nihilominus
1423 2354 1606 2409 anno,
1640 2338 1892 2410 impera-

234 2434 359 2485 tore
394 2430 596 2487 Pallidi
625 2429 1008 2498 consedente,
1048 2428 1371 2502 praedictus
1403 2428 1892 2501 archiepiscopus

233 2517 459 2574 ibidem
491 2517 726 2590 synodo
751 2517 979 2584 habita,
1030 2516 1339 2589 querelam
1393 2520 1600 2571 contra
1646 2516 1892 2572 beatum

236 2606 435 2662 virum
492 2610 785 2680 praesente
852 2607 1212 2679 imperatore
1266 2604 1542 2678 incaepit;
1610 2605 1714 2660 sed
1757 2609 1897 2679 post

231 2695 423 2752 multa
452 2701 510 2752 et
537 2695 705 2752 varia
734 2694 1238 2768 disceptationum
1292 2692 1610 2766 colloquia,
1650 2694 1746 2749 vix
1771 2696 1897 2750 tan-

235 2783 378 2839 dem
408 2783 486 2839 ab
516 2782 813 2856 episcopis
841 2782 1247 2839 commonitus
1277 2781 1517 2838 destitit.
1554 2781 1675 2837 Hoc
1715 2783 1894 2837 etiam

234 2888 398 2929 anno
427 2874 623 2928 Bruno
653 2876 934 2942 Augustae
966 2871 1217 2928 civitatis
1248 2871 1567 2945 episcopus
1603 2871 1767 2943 obiit,
1801 2870 1897 2927 cui

237 2964 404 3035 Eppo
435 2960 738 3058 successit.
772 2962 1131 3017 Wernherus
1188 2961 1390 3058 etiam‘
1421 2960 1896 3058 §trazburgensis
1935 3002 1976 3058 α

234 3051 455 3124 praesul
482 3049 832 3119 sustollitur,
864 3055 1000 3123 post
1028 3067 1212 3124 quem
1252 3050 1668 3106 Willehelmns
1691 3050 1900 3106 subro-

233 3145 429 3212 gatur.
472 3139 748 3196 Proximo
777 3156 1024 3213 quoque
1052 3155 1214 3212 anno
1240 3138 1567 3212 imperator
1596 3139 1899 3208 Mersburg

238 3232 628 3286 Pentecosten
657 3229 1002 3301 celebravit,
1052 3229 1159 3284 ubi
1205 3227 1521 3301 praedictus
1574 3228 1754 3283 Aribo
1802 3243 1899 3284 ar-

234 3317 676 3392 chiepiscopus,
711 3323 767 3375 et
790 3318 989 3374 senior
1015 3321 1220 3374 noster
1244 3316 1633 3373 Godehardus
1657 3317 1808 3373 inter
1836 3333 1899 3372 se

231 3407 490 3466 invicem
519 3424 701 3482 super
721 3408 1005 3465 diuturna
1066 3424 1277 3464 eorum
1330 3406 1759 3480 disceptatione
1815 3424 1901 3463 re-

233 3497 532 3554 conciliati
556 3502 714 3553 sunt.
749 3501 897 3553 Nam
930 3497 1055 3571 ipse
1085 3496 1583 3569 metropolitanus
1628 3497 1738 3569 (53)
1796 3498 1901 3553 Pa-

232 3592 385 3643 trem
416 3586 840 3659 Godehardum
868 3590 1093 3642 secreto
1122 3601 1327 3642 coram
1358 3584 1656 3658 episcopis
1686 3601 1899 3642 conve-

236 3676 344 3743 nit,
374 3692 557 3749 seque
588 3691 769 3748 super
797 3675 912 3731 hac
947 3674 1232 3748 parochia
1282 3691 1510 3731 errasse
1554 3674 1899 3731 conﬁtendo

238 3765 549 3835 nuntiavit,
567 3770 623 3821 et
648 3779 894 3820 omnem
920 3764 1244 3821 fraternam
1272 3763 1758 3834 satisfactionem,
1793 3764 1899 3819 sed

236 3860 295 3913 et
323 3854 397 3911 de
428 3854 726 3928 praeterita
754 3854 853 3911 lite
882 3857 1238 3927 perpetuam
1270 3853 1752 3919 taciturnitatem,
1785 3853 1899 3908 sub

238 3961 381 4001 vero
401 3944 612 4001 Christi
645 3948 703 4000 et
734 3942 1005 4000 Ecclesia:
1028 3942 1388 4013 testimonio,
1433 3942 1728 4015 promisit,
1758 3941 1899 3997 sibi-

236 4050 355 4108 que
386 4033 588 4108 priora
608 4036 803 4090 errata
832 4036 1077 4106 propter
1098 4035 1283 4088 Deum
1310 4030 1527 4087 remitti
1559 4030 1901 4103 suppliciter

235 4122 420 4197 petiit.
450 4122 613 4179 Istud
664 4138 806 4194 ergo
855 4121 953 4178 hic
1000 4120 1289 4177 veraciter
1345 4119 1713 4190 inscribitur,
1759 4119 1902 4192 quia

236 4213 373 4287 ipso
403 4212 652 4269 domino
684 4211 1041 4269 Godehardo
1079 4209 1242 4266 idem
1281 4210 1501 4284 saepius
1553 4210 1614 4266 in
1646 4226 1755 4266 suo
1788 4225 1904 4265 ser-

238 4319 419 4359 mone
444 4301 683 4376 publice
712 4305 1095 4375 protestante,
1145 4316 1357 4356 verum
1388 4316 1516 4356 esse
1544 4299 1901 4372 comproba-

240 4398 354 4450 tur.
379 4396 460 4449 Εο
492 4407 655 4449 anno
711 4394 1014 4448 Unwanus
1081 4389 1569 4463 archiepiscopus
1624 4392 1898 4446 Hamma-

238 4483 556 4555 burgensis
583 4482 748 4553 obiit,
792 4482 1020 4539 Liebizo
1048 4480 1349 4538 successit.
1396 4480 1618 4538 Deinde
1647 4481 1902 4554 impera-

242 4580 335 4633 tor
364 4574 636 4631 Natalem
664 4572 874 4629 Christi
901 4571 1351 4630 Patherbrunne
1381 4570 1517 4641 egit,
1549 4570 1730 4627 Aribo
1781 4588 1902 4627 me-

242 4663 657 4737 tropolitanus,
689 4662 751 4717 in
790 4666 997 4718 sancto
1025 4661 1121 4718 die
1152 4660 1303 4717 inter
1322 4660 1651 4717 missarum
1682 4659 1900 4716 solem-

242 4754 343 4811 nia
368 4752 612 4827 publico
643 4768 920 4809 sermone
949 4751 1176 4820 habito,
1208 4750 1511 4807 licentiam
1541 4750 1621 4806 ab
1650 4750 1904 4823 impera-

244 4850 367 4901 tore
397 4847 453 4900 et
484 4842 882 4900 confratribus
910 4846 1161 4898 Romam
1198 4840 1489 4914 pergendi
1516 4839 1763 4910 rogavit,
1823 4840 1900 4896 si-

315 5004 429 5075 (51)
462 5003 574 5075 Hic!
595 5002 756 5075 solus
786 5019 859 5075 ex
886 5000 1040 5056 Italis
1066 5000 1257 5057 adfuit
1282 5001 1421 5075 huic
1447 5000 1718 5075 concilio,
1751 5000 1906 5075 sicut

243 5080 300 5132 et
325 5071 836 5131 Francofordiensi
867 5088 1028 5127 anno
1064 5076 1218 5139 1007,
1253 5072 1355 5128 ubi
1383 5074 1598 5129 erectio
1623 5071 1902 5128 Bamber-

245 5146 445 5217 gensis
461 5147 895 5218 episcopatusa
928 5143 1256 5199 Germaniae
1281 5142 1576 5218 episcopis
1589 5143 1905 5218 conﬁrma-

246 5214 305 5298 ta
326 5214 1009 5298 fuitzﬂpudUghell‘um,
1044 5218 1247 5298 tomol
1280 5214 1455 5298 Italiae
1487 5214 1702 5298 sacris,
1752 5214 1904 5298 μοι·

247 5290 405 5363 phus
427 5286 770 5363 dicit_ur,qui
792 5287 1033 5363 natione
1057 5290 1386 5363 Germanus
1406 5286 1725 5363 Ecclesiam
1749 5289 1904 5342 Man-

245 5356 500 5417 nuatam
523 5359 601 5416 ab
622 5356 783 5415 anno
810 5362 941 5413 1007
962 5357 1039 5413 ad
1066 5360 1198 5411 1014
1223 5356 1679 5426 administravit,
1699 5372 1906 5412 mona-

247 5432 394 5488 chos
425 5430 839 5489 Benedictinos
865 5429 927 5484 in
967 5426 1278 5484 ecclesiam
1311 5425 1500 5482 sancti
1546 5425 1791 5482 Andreae
1821 5428 1906 5481 in-

246 5502 442 5571 duxit,
462 5518 534 5559 ac
552 5500 985 5559 monasterium
1016 5499 1216 5555 multis
1238 5498 1415 5554 bonis
1436 5497 1831 5569 locupletavit.

346 5574 436 5631 52)
468 5577 687 5631 Omnes
719 5572 857 5629 editi
888 5570 1113 5626 habent
1141 5585 1264 5627 sex.

346 5579 411 5629 52
468 5577 687 5631 Omnes
719 5576 857 5629 editi
888 5576 1113 5626 habent
1141 5585 1264 5627 sex.

321 5576 437 5718 (53)
462 5645 667 5703 Bamb.
699 5643 902 5713 habet,
935 5644 1123 5713 Cujus
1143 5642 1451 5699 dilationis
1482 5641 1735 5697 termino
1780 5646 1909 5696 tan-

1992 375 2297 449 impetrari
2329 380 2671 452 postulavit.
2731 382 2943 455 Sicque
2993 390 3129 457 post
3180 387 3652 449 Puriticationem

1995 472 2215 523 sancta:
2247 470 2438 525 Mariae
2468 470 2576 526 iter
2596 488 2937 543 assumens,
2995 476 3245 531 Romam
3297 477 3457 532 adiit.
3514 479 3653 533 Inde

1994 571 2135 609 vero
2161 556 2520 627 digrediens,
2547 565 2761 616 octavo
2794 561 2931 617 ldus
2958 563 3172 635 Aprilis
3212 565 3289 620 ah
3321 565 3332 619 !
3364 565 3476 620 ah!
3512 566 3656 621 obiit

1995 659 2156 699 anno
2186 646 2578 704 ordinationis
2608 667 2733 706 sua:
2765 655 2849 719 11,
2874 652 3103 707 cunctis
3136 657 3289 709 certe
3342 654 3655 709 Catholicis

1994 732 2205 789 merito
2235 733 2468 804 ﬂebilis,
2497 738 2641 810 quia
2660 738 2720 795 in
2753 742 2919 796 omni
2941 741 3344 798 ecclesiastica
3374 742 3657 813 religione

1994 827 2120 877 erat
2148 839 2281 878 vere
2301 823 2645 882 laudabilis.
2666 829 2769 885 Cui
2794 830 2875 885 vir
2897 830 3149 905 simplex
3177 837 3232 887 et
3254 837 3447 888 rectus
3467 832 3658 889 Bardo

1995 912 2103 983 (54)
2136 911 2460 968 Herveldiae
2493 914 2682 972 abbas
2711 920 3013 987 successit,
3038 920 3162 993 qui,
3194 924 3312 977 Deo
3343 921 3658 977 manifeste

1994 1001 2379 1073 provehente,
2410 1003 2575 1059 brevi
2608 1005 2684 1061 ad
2712 1006 2949 1062 culmen
2981 1026 3235 1065 summie
3272 1010 3655 1083 perfectionis

1998 1090 2236 1146 feliciter
2268 1092 2577 1164 processit.
2614 1094 2793 1164 Cujus
2822 1096 3054 1169 pietatis
3087 1098 3205 1153 vita
3236 1104 3292 1155 et
3339 1105 3507 1156 actus
3560 1099 3657 1155 hic

1997 1179 2231 1252 plenius
2266 1180 2401 1237 idco
2429 1198 2552 1238 non
2577 1182 3004 1253 inscribuntur,
3038 1186 3199 1257 quia,
3234 1191 3352 1243 Dco
3412 1188 3652 1257 gratias,

1997 1268 2310 1339 Maguntiie
2344 1286 2453 1342 pro
2486 1271 2814 1328 sanctitatis
2843 1290 2964 1327 sua:
2990 1274 3212 1329 meritis
3239 1277 3390 1331 inter
3416 1281 3657 1349 aposto-

1995 1355 2140 1412 licos
2166 1359 2506 1415 sacerdotes
2549 1359 2878 1417 honoriﬁce
2926 1362 3278 1419 celebratur.
3324 1367 3517 1419 Unum
3576 1369 3659 1419 ta-

1996 1463 2137 1502 men
2168 1448 2547 1520 perfectionis
2572 1449 2702 1520 ejus
2726 1450 3105 1522 privilegium
3137 1452 3358 1520 dicam,
3391 1453 3552 1524 quod
3608 1453 3661 1508 ei

1996 1536 2058 1591 in
2104 1537 2322 1592 nostris
2370 1538 2644 1593 confiniis
2676 1556 2712 1595 a
2750 1556 2968 1596 sanum
3016 1541 3390 1613 sapientibus
3436 1541 3661 1597 clericis

1932 1644 1975 1696 Β
2001 1625 2245 1681 honoris
2278 1644 2462 1682 causa
2501 1626 2771 1683 oblatum
2805 1633 2915 1696 est,
2970 1629 3209 1697 scilicet,
3266 1635 3348 1698 ut,
3395 1631 3660 1704 tequivo-

2001 1718 2133 1771 cato
2159 1732 2298 1771 cum
2327 1715 2506 1771 beato
2533 1718 2758 1772 Joanne
2780 1718 3067 1791 episcopo
3099 1720 3481 1791 cognomine,
3526 1736 3661 1793 pro-

2000 1809 2130 1876 pter
2186 1804 2563 1860 dulcisonam
2616 1806 2985 1877 praedicandi
3036 1808 3361 1865 melodiam
3441 1810 3659 1865 Bardo-

2002 1894 2464 1965 Chrysostomus
2496 1895 2808 1950 diceretur.

2072 1988 2159 2039 32.
2195 1982 2471 2048 Quodam
2495 1984 2673 2039 etiam
2702 1988 2989 2057 tempore,
3023 2002 3159 2041 cum
3217 2003 3385 2043 more
3436 1987 3662 2060 episco-

2003 2071 2122 2143 pali
2150 2071 2364 2127 beatus
2397 2073 2618 2144 praesul
2647 2079 2848 2130 noster
2876 2075 3287 2142 Godehardus,
3344 2076 3659 2133 visitanda:

2000 2163 2339 2217 commissae
2371 2162 2561 2235 plebis
2592 2164 2802 2233 gratia,
2860 2166 3160 2237 parochias
3215 2183 3336 2221 suae
3374 2168 3658 2222 terminos

2001 2250 2293 2320 circuiret,
2331 2252 2753 2321 Hirgenhusim
2795 2253 3205 2324 [tluginhusen
3235 2272 3337 2311 seu
3372 2256 3661 2324 Engelhu-

2001 2340 2129 2411 seu]
2178 2345 2408 2395 curtem
2452 2357 2622 2397 suam
2675 2341 2837 2409 adiit,
2890 2348 2951 2397 ut
3011 2342 3111 2413 [ibi
3160 2347 3556 2415 pernoctaret,
3585 2345 3662 2413 et]

2003 2446 2140 2484 cum
2168 2429 2284 2483 sibi
2312 2428 2835 2502 eleemosynarum
2868 2430 3156 2500 largitate,
3189 2448 3312 2504 qua
3349 2448 3472 2505 prie
3522 2449 3664 2489 cun-

2003 2517 2111 2573 ctis
2142 2516 2442 2586 studebat,
2483 2533 2783 2590 pauperes
2807 2517 3089 2585 reficeret,
3140 2519 3423 2591 quasdam
3481 2520 3664 2577 vidua

2003 2622 2236 2679 pauper
2263 2622 2338 2662 ex
2366 2606 2581 2662 eadem
2622 2606 2870 2677 familia,
2896 2607 3085 2663 tilium
3145 2625 3323 2664 suum
3378 2626 3664 2682 conspec-

2004 2696 2085 2751 tui
2108 2697 2237 2768 ejus
2268 2696 2481 2753 obtulit
2534 2696 2853 2771 puerulum
2917 2698 3374 2770 pauperculum,
3405 2699 3662 2771 miserri-

2006 2801 2106 2841 mo
2136 2785 2498 2841 inﬁrmitatis
2528 2770 2743 2856 genere
2788 2786 3186 2842 debilitatum.
3250 2792 3397 2844 Nam
3446 2770 3665 2861 partim

2005 2874 2291 2947 paralysi,
2326 2875 2547 2948 partim
2575 2876 2742 2949 lepra
2763 2878 3111 2945 vexabatur,
3133 2876 3514 2951 distortisque
3538 2894 3667 2934 ner—

2004 2964 2092 3020 vis
2124 2964 2537 3021 membrorum
2565 2982 2601 3021 a
2628 2971 2748 3022 tota
2794 2983 3042 3039 corpore
3101 2966 3472 3023 formationis
3518 2966 3669 3024 utili-

2011 3057 2125 3109 tate
2155 3052 2615 3109 dissolvebatur.
2650 3058 2856 3111 Manus
2886 3058 3046 3111 enim
3078 3073 3216 3111 cum
3274 3056 3557 3128 brachiis,
3611 3060 3669 3113 et

2008 3157 2207 3213 genua
2229 3158 2367 3197 cum
2397 3142 2655 3215 pedibus
2676 3148 2733 3198 et
2763 3142 2918 3198 tibiis
2941 3144 3178 3216 putrido
3199 3150 3429 3200 tumore
3453 3150 3511 3200 et
3526 3161 3666 3216 pro-

2007 3230 2213 3287 ﬂuenti
2245 3231 2410 3287 sanie
2441 3232 2797 3301 manabant,
2832 3232 2984 3287 adeo
3007 3237 3069 3288 ut
3096 3249 3207 3289 nec
3230 3250 3501 3301 gressum
3523 3249 3670 3305 quo-

2008 3320 2322 3394 quomodo
2354 3336 2616 3392 movere,
2640 3320 2730 3376 vel
2758 3320 2968 3377 saltem
3002 3322 3297 3395 reptando
3332 3325 3537 3394 posset
3563 3338 3661 3377 us-

2008 3427 2195 3485 quam
2225 3410 2485 3484 prodire.
2516 3412 2706 3476 Qucm
2743 3410 2839 3466 ille
2867 3411 2883 3482 (
2926 3412 2980 3482 5)
3012 3416 3067 3467 et
3094 3411 3267 3467 vultu
3290 3416 3344 3467 et
3376 3411 3556 3467 corde
3586 3410 3670 3467 lii-

2007 3499 2136 3569 lari,
2166 3499 2342 3573 quasi
2371 3516 2503 3556 vere
2535 3499 2767 3555 donum
2803 3499 2902 3555 Dei
2941 3504 3242 3570 gratanter
3276 3500 3558 3573 suscepit,
3615 3504 3673 3557 et

2009 3588 2131 3644 suis
2157 3588 2538 3645 cubiculariis
2568 3587 2910 3659 diligentius
2940 3589 3435 3647 commendatum
3466 3605 3671 3646 secum

2006 3677 2225 3735 deduci
2246 3677 2547 3751 praecepit.
2580 3680 2793 3733 Potens
2822 3682 2928 3746 est,
2961 3678 3174 3752 inquit,
3208 3681 3383 3747 Deus,
3428 3678 3535 3752 qui
3592 3678 3671 3735 ab

2007 3766 2175 3823 initio
2197 3784 2322 3823 non
2366 3767 2809 3838 dedignabatur
2863 3767 3096 3823 miseris
3148 3774 3205 3824 et
3254 3768 3672 3841 peccatoribus

2008 3855 2246 3911 diverso
2270 3855 2505 3931 pietatis
2540 3872 2664 3911 suae
2690 3855 2957 3911 remedio
2986 3856 3324 3924 subvenire,
3356 3873 3467 3912 nos
3493 3856 3673 3911 etiam

2011 3959 2194 4016 super
2223 3944 2338 3999 hoc
2366 3943 2759 4016 pauperculo,
2824 3942 2996 3998 solito
3044 3942 3277 4015 pietatis
3329 3960 3453 3998 sua:
3505 3958 3673 3998 more

2007 4032 2331 4088 lastiticare.
2366 4031 2474 4097 Qui
2503 4047 2654 4103 puer
2702 4032 2780 4088 ad
2809 4030 3205 4104 principalem
3256 4035 3527 4087 nostram
3584 4048 3674 4088 ec-

2011 4122 2256 4178 clesiam
2283 4137 2419 4177 cum
2451 4121 2738 4194 episcopo
2759 4120 3105 4193 perductus,
3154 4125 3211 4177 et
3235 4137 3361 4178 non
3390 4121 3517 4177 sine
3547 4138 3675 4178 ma-

2011 4227 2131 4282 gna
2157 4226 2502 4284 puerorum,
2534 4209 2640 4284 qui
2664 4227 2805 4266 eum
2836 4210 3178 4280 servabant,
3210 4210 3419 4268 labore
3442 4228 3551 4285 per
3570 4211 3673 4269 ali-

2012 4306 2161 4375 quot
2180 4300 2598 4358 hebdomadas
2626 4304 3009 4367 sustentatus,
3044 4302 3288 4360 tandem
3337 4308 3474 4377 post
3528 4320 3675 4377 qua-

2011 4396 2146 4449 tuor
2175 4392 2269 4448 vel
2297 4390 2565 4464 quinque
2596 4408 2837 4448 menses
2859 4392 3038 4464 ccepit
3063 4393 3374 4466 paulatim,
3394 4393 3571 4466 plane
3600 4410 3673 4449 ex

2008 4482 2169 4539 beati
2198 4481 2306 4539 viri
2330 4480 2553 4539 meritis
2583 4486 2640 4538 et
2667 4481 2968 4555 precibus,
3002 4482 3434 4551 convalescere,
3468 4488 3524 4538 et
3580 4498 3671 4538 se-

2010 4571 2152 4628 dato
2178 4570 2399 4644 partim
2425 4571 2677 4628 tumoris
2698 4588 2769 4627 ac
2796 4571 2987 4627 saniei
3016 4571 3336 4643 proﬂuvio,
3368 4568 3670 4626 interdum

2011 4660 2412 4733 assurgendo,
2444 4660 2745 4719 interdum
2765 4677 2907 4717 vero
2937 4658 3367 4733 proreptando,
3395 4658 3571 4731 quasi
3592 4659 3671 4715 ad

2011 4766 2285 4822 gressum
2310 4750 2722 4807 membrorum
2746 4764 2964 4805 nervos
2986 4763 3279 4804 exercere.
3313 4748 3485 4813 Quod
3522 4763 3671 4820 prae-

2013 4839 2107 4895 sul
2138 4839 2273 4913 pius
2298 4855 2654 4910 agnoscens,
2674 4853 2797 4909 prie
2811 4835 3036 4907 gaudio
3061 4836 3280 4909 saepius
3299 4836 3667 4908 lacrymans,

2013 5002 2145 5057 dem
2173 4997 2545 5067 adveniente,
2571 4998 2731 5053 Erbo
2761 4997 2866 5068 (sic
2893 4996 3214 5053 Ariboneai
3278 5013 3518 5070 semper
3569 5013 3669 5070 ap-
3770 5020 3771 5023 η

2011 5071 2208 5145 pellat)
2240 5070 2744 5145 archiepiscopus,
2775 5070 2904 5138 Dei,
2938 5075 3001 5123 ut
3030 5084 3162 5145 vere
3178 5070 3494 5145 credimus,
3513 5085 3669 5145 prce-

2012 5141 2272 5198 ?nonitus
2299 5146 2472 5207 nutu,
2504 5142 2790 5195 seniorem
2822 5146 3091 5195 nostrum
3125 5141 3359 5196 beatum
3385 5141 3670 5196 Gotehar—

2014 5215 2155 5268 dum
2192 5217 2412 5266 secreto
2443 5212 2737 5278 convenit,
2770 5226 2946 5282 seque
3000 5227 3184 5280 supra
3236 5213 3529 5280 praulicta
3575 5228 3667 5267 er-

2014 5300 2176 5340 rasse
2207 5282 2538 5351 conﬁtendo
2566 5284 2892 5351 nuntiavit,
2925 5288 2978 5338 et
3010 5284 3096 5337 ita
3148 5299 3349 5338 coram
3383 5285 3667 5353 episcopis

2013 5369 2241 5411 omnem
2268 5354 2635 5423 fraternam,
2662 5356 2769 5408 etc.

2085 5426 2198 5497 (54)
2222 5427 2299 5480 De
2330 5440 2400 5497 eo
2430 5439 2683 5497 agemus
2696 5424 2788 5497 ad
2813 5439 2954 5497 ann.
2986 5428 3141 5481 1051.

2088 5494 2196 5566 (55)
2228 5495 2537 5564 Bamberg.
2568 5494 2753 5562 addit,
2806 5496 3008 5567 Hune,
3069 5499 3333 5568 inquam,
3387 5513 3663 5567 puerum,

2033 5568 2340 5625 Werinum
2363 5573 2777 5636 nuncupatum
2803 5574 3045 5624 sanctus
3071 5571 3397 5638 episcopus.
