3998 6176
422 184 555 246 ΗδἹ

1355 194 1410 250 8.
1454 193 1873 250 GODEHARDI
1914 176 2229 247 EPISCOPI
2270 188 2910 247 HILDESHEIMENSIS.

3723 190 3838 248 H88

414 313 636 370 divinae
658 314 1025 371 miserationi
1051 319 1249 383 grates
1279 314 1510 373 debitas
1531 317 1748 386 retulit,
1773 316 1869 374 cui
1899 320 1957 372 et
1983 311 2074 371 in-
2114 316 2160 368 Α
2190 308 2318 383 ejus
2349 308 2714 382 aegritudinis
2767 326 2949 369 causa
2981 310 3436 379 claudebantur,
3492 312 3697 385 cmpit
3744 314 3839 370 cla.

416 407 613 459 tentus
639 403 998 476 supplicare,
1032 410 1097 461 ut
1146 410 1358 478 postea
1395 422 1553 474 vere,
1611 407 1875 465 donante
1930 408 2072 474 Deo,

416 493 676 563 patebat,
701 507 823 547 non
850 492 1092 550 destitit.
1129 498 1275 551 Nam
1304 494 1460 553 infra
1485 496 1628 552 anni
1674 500 1959 570 spatium,
2010 500 2076 552 ut

414 584 567 635 certe
590 580 755 653 apud
788 597 900 637 nos
927 582 1215 639 omnibus
1246 588 1455 641 notum
1498 589 1608 653 est,
1640 601 1811 659 puer,
1870 586 2075 657 fugata

412 667 767 724 morborum
797 668 1198 739 multitudine,
1229 671 1549 746 laxataque
1574 686 1897 730 nervorum
1929 690 2072 730 con-

412 756 719 827 tractione,
748 758 812 814 in
840 758 1053 816 melius
1077 760 1399 841 convaluit,
1427 767 1483 819 et
1507 762 1581 819 de
1602 763 1698 819 die
1722 763 1784 819 in
1809 760 1970 820 diem
1994 763 2071 820 ad

410 842 723 917 quodlibet
753 847 1050 903 servitutis
1067 848 1333 906 ofﬁcium
1356 851 1621 908 valenter
1636 850 2071 924 profecit.ldem

411 948 677 1007 namque
706 936 909 1004 homo,
946 937 1210 993 Werinus
1236 939 1503 1003 nomine,
1546 941 1676 1011 jam
1710 957 1817 1014 per
1864 940 2070 1011 viginti

412 1029 469 1079 et
499 1040 570 1079 eo
601 1024 863 1098 amplius
898 1042 1091 1083 annos
1122 1028 1181 1083 in
1213 1028 1489 1102 cappella
1529 1029 1852 1105 episcopali
1909 1031 2069 1086 inco-

412 1113 590 1169 lumis
619 1115 890 1181 deservit,
915 1117 1027 1172 nisi
1056 1117 1217 1190 quod
1232 1118 1407 1191 quasi
1424 1118 1484 1174 in
1519 1119 1924 1176 testimonium
1956 1121 2069 1176 vir-

411 1201 549 1257 tutis
582 1204 679 1256 Dei
707 1201 768 1258 in
800 1204 1303 1277 semetipso,certe
1332 1206 1392 1262 in
1421 1206 1694 1263 cruribus
1722 1212 1778 1264 et
1800 1208 1860 1263 in
1879 1209 2068 1264 mani-

411 1292 525 1346 bus
553 1292 715 1363 ipsas
746 1295 1160 1351 membrorum
1190 1299 1448 1353 torturas
1477 1301 1552 1365 et,
1596 1303 1659 1353 ut
1714 1298 1795 1355 ita
1844 1298 2064 1366 dicam,

410 1380 628 1450 gibbos
655 1383 976 1454 quosdam,
999 1385 1226 1441 cunctis
1257 1403 1319 1442 se
1348 1386 1688 1443 videntibus
1717 1388 1993 1444 ostendit.

482 1552 569 1603 33.
603 1548 743 1603 Aliis
772 1565 1018 1621 quoque
1043 1551 1352 1623 permultis
1388 1552 1552 1608 varia
1576 1553 1859 1609 humanm
1892 1554 2068 1623 fragi-

410 1635 585 1690 litatis
608 1637 952 1693 conditione
1006 1639 1441 1711 laborantibus,
1498 1641 1866 1713 quibusdam
1919 1641 2067 1697 scili-
2104 1666 2152 1724 Β

410 1728 522 1790 cet,
550 1725 715 1796 quod
745 1730 801 1780 et
830 1727 1257 1797 gravissimum
1286 1733 1391 1797 est,
1419 1734 1802 1800 peccatorum
1843 1730 2066 1803 ponde-

410 1829 471 1867 re
493 1814 733 1885 pressis,
764 1815 1136 1887 quibusdam
1163 1832 1305 1873 vero
1356 1817 1595 1873 diversa
1653 1818 2069 1876 inﬁrmitatum

410 1903 681 1959 molestia
707 1904 958 1960 detentis
986 1906 1063 1961 ad
1093 1923 1155 1960 se
1187 1907 1688 1978 confugientibus,
1733 1924 1911 1981 opem
1945 1925 2067 1965 sum

410 1992 847 2048 intercessionis
869 1994 1220 2066 impertivit;
1256 2012 1500 2069 eosque,
1552 1997 1905 2068 infatigabili
1935 2016 2070 2054 sau-

410 2085 641 2137 ctarum
670 2098 917 2155 precum
944 2084 1246 2155 instantia,
1271 2091 1327 2141 et
1358 2088 1435 2141 ab
1466 2086 1812 2143 imminente
1834 2089 2066 2161 pericu-

410 2171 467 2226 lo
497 2170 785 2242 liberavit,
818 2177 875 2228 et
900 2172 958 2227 in
990 2173 1275 2237 futurum,
1311 2176 1430 2229 Deo
1460 2175 1799 2239 auxiliante,
1850 2192 1887 2232 a
1942 2177 2067 2233 tali-

410 2260 524 2314 bus
571 2260 903 2316 custodivit.
962 2265 1040 2318 De
1105 2263 1328 2335 quibus
1372 2272 1561 2336 quam
1609 2265 1819 2332 multa,
1867 2266 2068 2321 multis

410 2349 589 2415 plane
613 2350 872 2418 cognita,
909 2351 1189 2407 veraciter
1218 2368 1495 2409 enarrare
1528 2354 1846 2426 potuerim,
1881 2354 1939 2411 ni
1996 2371 2068 2412 ea

411 2438 489 2493 ab
515 2439 627 2494 illis
657 2444 817 2507 tunc,
848 2441 980 2512 ipso
1004 2448 1251 2511 cogente
1281 2443 1674 2511 dissimulata,
1707 2460 1779 2500 ea
1809 2446 2069 2502 maxime

410 2543 594 2583 causa
622 2529 854 2585 silendo
880 2530 1064 2586 modo
1094 2532 1497 2603 prmterierim,
1530 2548 1639 2588 nec
1692 2537 1797 2589 aut
1845 2533 2069 2590 lectori-

410 2614 525 2670 bus
563 2616 738 2673 altius
768 2618 1076 2673 fastidium
1106 2619 1429 2689 ingeratur,
1462 2625 1566 2676 aut
1594 2621 1673 2677 ad
1705 2622 1846 2678 talia
1883 2622 2067 2694 pigris

410 2703 839 2762 incredulitatis
895 2713 1212 2779 peccatum
1265 2714 1574 2777 augeatur.
1611 2713 1803 2765 Unum
1864 2717 2065 2767 tamen

408 2794 629 2859 dicam,
657 2796 821 2867 quod
853 2797 1025 2867 quasi
1051 2797 1322 2866 joculare
1352 2798 1623 2863 ridiculo,
1656 2800 1934 2856 Goslariae
1956 2802 2065 2871 (56)

410 2882 622 2948 eﬂ‘ecit,
652 2883 903 2954 quando
945 2884 1023 2938 ibi
1075 2885 1136 2939 in
1190 2891 1353 2941 curtc
1410 2886 1595 2956 regali
1652 2888 1712 2942 in
1764 2892 2068 2960 postremo

410 2972 600 3072 aetatis
622 2988 747 3027 sum
777 2978 1064 3045 tempore,
1092 2975 1265 3044 jussu
1295 2981 1352 3031 et
1381 2976 1660 3049 petitione
1691 2978 1859 3034 Gislae
1883 2979 2069 3053 impe-
2098 3020 2142 3075 Ω

286 3104 295 3115 ς
409 3060 639 3117 ratricis
692 3062 1005 3118 ecclesiam
1062 3065 1408 3121 construxit.
1470 3068 1603 3123 Erat
1659 3067 1741 3124 ibi
1788 3074 2066 3126 matrona
2106 3060 2144 3078 u

406 3150 688 3223 quaedam
716 3152 777 3207 in
808 3152 1005 3209 laieali
1035 3155 1486 3212 conversatione
1508 3156 1725 3230 posita,
1760 3159 1865 3215 sed
1896 3160 1956 3215 in
1993 3160 2063 3215 ti-

407 3255 575 3297 more
642 3242 740 3298 Dci
801 3243 1043 3311 devota,
1100 3247 1345 3302 Hatteha
1407 3246 1726 3317 (Hathzeca
1798 3250 2064 3320 nomine,

410 3333 584 3405 cujus
630 3334 820 3390 tilium
874 3334 1003 3408 ipse
1056 3337 1374 3410 episcopus
1426 3354 1536 3410 pro
1589 3339 1729 3395 ﬁdei
1784 3340 2066 3412 religione

407 3440 592 3496 quam
634 3425 692 3479 in
716 3440 793 3481 ea
852 3426 1163 3494 sentiebat,
1214 3427 1288 3482 de
1336 3444 1508 3483 sacro
1558 3429 1717 3485 fonte
1768 3430 2063 3502 suscepit;

408 3513 678 3584 quodam
726 3519 993 3586 tempore
1043 3514 1288 3585 contigit
1344 3516 1699 3581 gravissimo
1752 3519 2067 3575 oculorum

408 3600 613 3655 dolore
641 3603 859 3668 vexari,
892 3607 949 3657 et
978 3619 1084 3674 per
1110 3603 1337 3676 aliquot
1366 3604 1513 3671 dies,
1542 3606 1694 3661 adeo
1724 3615 1788 3662 ut
1826 3623 1935 3663 nec
1994 3608 2069 3663 ci-

408 3688 557 3743 bum
588 3706 697 3745 nec
723 3695 934 3763 potum
964 3692 1252 3763 accipere,
1279 3707 1389 3749 nec
1419 3692 1685 3766 aliquam
1716 3711 2066 3769 corpoream

409 3777 671 3850 quietem
728 3780 949 3837 habere
1006 3786 1229 3854 posset,
1279 3782 1549 3839 cruciari.
1596 3786 1741 3850 Quae
1798 3785 2064 3855 tandem,

410 3866 766 3937 gravissima
812 3873 1061 3940 cogente
1104 3868 1329 3926 doloris
1384 3871 1787 3941 anxietudine,
1817 3873 2067 3931 filiolum

412 3973 590 4013 suum
623 3957 701 4015 ad
726 3958 1083 4033 episcopum
1109 3974 1247 4015 cum
1292 3959 1542 4031 enlogiis
1596 3963 1941 4031 transmisit,
1985 3963 2068 4021 ei-

407 4061 526 4119 que
555 4063 680 4103 suaa
708 4047 1070 4105 inﬁrmitatis
1097 4048 1465 4107 nimietatem
1492 4050 1796 4120 intimans,
1821 4051 2067 4126 aliquod

409 4135 658 4191 medelee
690 4136 1027 4194 subsidium
1058 4138 1136 4195 ab
1163 4138 1292 4211 ejus
1318 4139 1536 4212 pietate
1583 4141 1876 4214 qumsivit.
1934 4142 2070 4208 Qui-

410 4222 526 4278 bus
574 4225 796 4296 prtesul
840 4227 1078 4297 auditis,
1143 4229 1278 4285 lteta
1324 4228 1615 4286 hilaritate
1679 4229 1940 4302 subrisit,
2011 4237 2068 4288 et

408 4311 712 4384 quosdam
730 4314 909 4371 tiores
935 4316 1304 4373 rubicundos
1331 4318 1405 4374 de
1431 4319 1664 4387 arbore,
1697 4336 1834 4392 quae
1857 4319 2067 4393 lingua

411 4401 775 4458 Theutonica
807 4402 1201 4475 Spinnelbum
1245 4405 1355 4477 (57)
1408 4407 1642 4479 dicitur,
1694 4408 1747 4465 ei
1801 4408 1947 4465 forte
2000 4410 2061 4467 in

412 4490 547 4562 ipso
576 4496 887 4548 momento
926 4508 962 4549 a
1008 4508 1273 4567 paupere
1303 4496 1571 4566 quodam
1627 4496 1842 4563 illatos,
1897 4499 2068 4569 signo

410 4580 605 4637 crucis
630 4581 906 4651 munivit,
937 4585 995 4639 et
1022 4581 1218 4638 eidem
1274 4584 1527 4655 puerulo
1580 4585 1761 4655 dedit,
1818 4587 2064 4645 dicens:

415 4692 443 4719 ‹‹
471 4670 649 4742 Aﬂ‘er,
673 4672 889 4745 inquit,
922 4671 1034 4729 hos
1086 4671 1369 4729 ﬂosculos
1426 4674 1635 4730 amicae
1688 4692 1839 4733 mete
1892 4678 2069 4735 matri

412 4764 551 4831 tute,
584 4765 649 4818 ut
674 4761 807 4819 illos
836 4762 898 4819 in
927 4762 1046 4820 mei
1077 4763 1435 4820 memoriam
1467 4780 1670 4820 secum
1712 4765 1953 4837 habeat,
2012 4772 2071 4823 et

413 4867 449 4906 a
481 4853 600 4907 Deo
632 4851 840 4909 salutis
863 4851 1131 4909 remedia
1159 4856 1427 4926 poscat.»
1457 4856 1573 4910 Nec
1596 4869 1791 4927 mora,
1845 4860 1912 4912 ut
1931 4856 1941 4865 '
1963 4871 2070 4912 no-

411 4940 505 4995 bis
532 4941 751 5015 saepius
771 4941 1036 5014 jurando
1074 4941 1289 5012 retulit,
1335 4946 1399 4999 ut
1445 4942 1609 5017 ipsos
1657 4944 1838 5002 ﬂores
1894 4945 2068 5015 aegris

413 5029 601 5086 oculis
627 5028 917 5103 admovit,
974 5047 1218 5088 omnem
1266 5030 1421 5088 illico
1474 5033 1652 5090 totius
1709 5032 2070 5091 inﬁrmitatis

412 5117 684 5176 dolorem
704 5136 742 5177 a
768 5136 879 5177 suo
907 5120 1099 5193 capite
1129 5119 1386 5176 mirabili
1444 5121 1737 5181 celeritate
1776 5121 2069 5193 diffugere

414 5210 732 5280 cognovit:
761 5214 819 5267 et
847 5210 1046 5268 statim
1076 5211 1295 5284 apertis
1323 5211 1420 5267 vel
1437 5211 1620 5279 ostiis,
1653 5211 1748 5268 vel
1798 5211 2068 5270 fenestris

413 5299 692 5371 cubiculi,
758 5316 895 5374 quae
947 5301 1075 5372 jam
1139 5316 1246 5374 per
1292 5300 1522 5374 aliquot
1557 5301 1684 5358 dies
1727 5301 2068 5375 diligentius

486 5445 599 5515 (56)
654 5442 1118 5515 Goslariadut‘bs
1170 5442 1359 5500 libera
1420 5443 1711 5501 inferioris
1770 5445 2064 5501 Saxoniaa.

416 5513 679 5571 Ecclesia
706 5531 892 5574 quam
926 5513 1005 5568 ibi
1032 5519 1272 5571 sanctus
1320 5516 1712 5573 Godehardus
1738 5517 2071 5574 construxit

416 5602 463 5660 a_
498 5587 677 5643 beato
726 5585 923 5642 Leone
974 5585 1038 5640 IX
1082 5601 1322 5643 summo
1351 5588 1631 5660 pontiﬁce
1656 5588 1933 5645 dedicata
1980 5592 2069 5645 est

318 5662 331 5673 '
416 5657 574 5713 circa
593 5673 824 5714 annum
851 5660 1007 5712 1049.

2096 4370 2144 4429 D

2183 399 2304 457 rius
2343 401 2563 468 videre,
2593 406 2647 457 et
2678 400 2823 458 nihil
2852 417 3102 475 prorsus
3143 401 3495 472 hujusmodi
3563 401 3838 459 molestia

2182 490 2442 563 amplius
2473 489 2710 547 sentire.
2755 492 2899 557 Quae
2945 494 3189 563 postera
3239 489 3336 546 die
3379 490 3457 546 ad
3485 491 3838 565 episcopum

2179 579 2468 653 pervenit,
2493 586 2550 636 et
2578 579 2852 650 gaudens
2884 579 3062 636 simul
3109 584 3166 636 et
3221 579 3580 653 lacrymans
3641 581 3838 650 gratias

2180 670 2513 741 condignas
2540 670 2757 726 divinae
2801 670 3185 737 miserationi,
3218 671 3471 743 ejusque
3526 670 3839 728 visitationi

2179 759 2481 816 humiliter
2508 759 2721 816 retulit.
2752 747 2946 826 Quam
3002 758 3099 815 ille
3158 758 3415 829 benigne
3468 760 3836 819 consolando

2182 848 2535 921 suscipiens,
2567 852 2623 904 et
2652 847 2711 903 in
2741 848 2996 904 Domino
3056 846 3235 903 corde
3260 849 3437 904 ﬁrmo
3466 862 3744 921 sperare.
3791 854 3837 904 et

2178 937 2580 994 indesinenter
2608 938 2762 994 bene
2791 936 2984 993 facere
3014 937 3367 1011 praecipiens
3406 938 3633 994 oculos
3663 938 3786 1009 ejus
3806 954 3833 996 δ

2178 1025 2532 1100 presbytero
2562 1043 2735 1084 sacro
2766 1026 2917 1090 oleo,
2947 1028 3113 1100 quod
3170 1026 3567 1083 inﬁrmorum
3617 1029 3827 1085 dicitur.

2178 1117 2323 1186 ungi
2349 1117 2660 1173 mandavit
2692 1136 2704 1183 ;
2737 1133 2874 1190 quae
2907 1122 3079 1172 certm
3110 1115 3328 1184 unctio,
3356 1122 3416 1173 et
3444 1116 3725 1189 ejusdem
3750 1119 3830 1191 pia

2177 1204 2537 1279 deprecatio,
2571 1223 2707 1263 eam
2738 1206 2816 1264 ab
2846 1206 3062 1263 eodem
3089 1205 3296 1262 dolore
3322 1223 3525 1281 usque
3580 1208 3641 1262 in
3672 1209 3826 1263 tinem

2178 1297 2403 1366 integre
2432 1298 2686 1353 sanavit.

2247 1426 2334 1479 34.
2370 1422 2514 1478 Illud
2540 1439 2806 1495 quoque,
2835 1422 3002 1497 quod
3048 1422 3109 1478 in
3163 1423 3653 1495 antepenultimo
3700 1440 3820 1496 pne-

2178 1510 2360 1568 sentis
2393 1512 2520 1567 vitae
2546 1528 2707 1568 anno
2729 1512 2781 1567 ei
2807 1512 3042 1581 accidit,
3069 1528 3344 1585 propono
3376 1512 3443 1568 in
3475 1513 3817 1585 exemplum,

2178 1607 2235 1658 et
2257 1601 2554 1658 cautelam
2587 1601 2889 1673 fidelibus,
2921 1607 2979 1658 et
3005 1602 3279 1658 timorem
3324 1619 3397 1659 ac
3456 1602 3817 1657 formidinem

2179 1691 2641 1763 negligentibus.
2668 1696 2805 1748 Erat
2855 1709 3000 1749 sane
3028 1692 3087 1748 in
3119 1698 3323 1749 nostra
3369 1694 3815 1763 congregatione

2174 1781 2426 1854 quidam
2457 1780 2791 1853 presbyter,
2823 1798 2897 1837 ex
2922 1782 3147 1838 familia
3172 1782 3448 1838 Ecclesize
3481 1789 3671 1851 ortus,
3695 1783 3815 1837 litte-

2177 1872 2315 1928 ratis
2346 1872 2626 1941 scientiae,
2662 1872 2810 1928 utin
2842 1888 2990 1945 pace
3046 1873 3264 1928 veritas
3316 1872 3637 1945 procedat,
3688 1888 3813 1945 pene

2176 1960 2442 2031 ignarus,
2476 1961 2582 2016 sed
2611 1961 2936 2017 mundanae
2969 1960 3309 2030 sagacitatis
3342 1961 3644 2016 subtiliter
3662 1968 3711 2015 et
3740 1978 3809 2013 su-

2176 2067 2286 2122 pra
2328 2050 2580 2105 modum
2611 2066 2855 2120 gnarus,
2887 2050 2993 2123 qui
3017 2067 3090 2106 ex
3134 2049 3344 2105 inﬁma
3373 2055 3723 2123 paupertate
3750 2048 3808 2103 ad

2177 2155 2448 2194 summas
2503 2138 2741 2194 divitias
2794 2138 3021 2194 cunctis
3085 2138 3451 2195 mirantibus
3532 2140 3804 2194 succrcviL

2177 2229 2285 2292 Qui
2317 2229 2512 2300 primo
2539 2245 2575 2283 a
2604 2228 2854 2283 domino
2897 2228 3254 2283 iternwardo
3283 2228 3582 2301 episcopo
3607 2226 3807 2283 feliciter

2177 2317 2491 2383 exaltatus,
2526 2315 2629 2371 sed
2657 2316 2734 2371 ab
2766 2317 3125 2389 imperatore
3155 2316 3408 2371 Henrico
3444 2334 3560 2390 pro
3600 2316 3803 2388 quibus-

2175 2408 2320 2462 dam
2346 2406 2561 2472 causis,
2595 2423 2731 2478 que:
2757 2406 2941 2462 modo
2970 2406 3184 2462 melius
3230 2406 3509 2473 silentur,
3567 2406 3799 2462 humilia-

2179 2500 2293 2564 tus,
2325 2496 2539 2551 iterum
2567 2496 2646 2552 ab
2672 2497 2786 2551 hoc
2812 2496 2940 2551 viro
2964 2496 3161 2565 beato,
3189 2496 3334 2567 quia
3360 2495 3529 2551 utilis
3553 2498 3604 2551 ei
3639 2495 3706 2551 ad
3730 2512 3796 2550 res

2179 2585 2449 2641 Ecclesia:
2480 2584 2814 2651 videbatur,
2869 2585 2970 2657 pia
3022 2585 3406 2640 miseratione
3463 2585 3789 2641 sublevatus.

2178 2675 2340 2731 varie
2360 2680 2563 2730 tamen
2593 2674 2744 2730 inter
2772 2675 3026 2730 adversa
3045 2679 3102 2730 et
3132 2690 3426 2747 prospera
3459 2675 3670 2748 saepius
3712 2674 3791 2728 ha-

2178 2766 2355 2821 bitus.
2412 2769 2717 2820 Postremo
2781 2769 2984 2820 autem
3014 2765 3075 2819 in
3102 2769 3338 2820 tantum
3364 2765 3484 2821 sibi
3512 2765 3648 2821 tanti
3673 2778 3792 2836 pon-

2178 2855 2348 2911 tiﬁcis
2375 2856 2650 2911 animum
2681 2872 2791 2911 sua
2820 2854 3134 2910 calliditate
3177 2854 3539 2923 conciliavit,
3590 2860 3647 2909 ut
3692 2869 3793 2926 per-

2177 2945 2380 3017 plures
2411 2948 2550 3000 ante
2576 2943 2825 3000 fideliter
2848 2944 3255 3001 ministrantes
3298 2944 3583 3017 episcopo
3606 2943 3787 2998 abalie

2178 3039 2363 3101 naret,
2387 3050 2610 3106 eosque
2651 3040 2773 3089 tam
2794 3034 2961 3089 herili
2989 3033 3202 3105 gratia,
3229 3033 3397 3108 quod
3427 3033 3483 3090 ei
3521 3040 3660 3089 certe
3682 3048 3785 3087 mo-

2175 3122 2390 3177 lestum
2418 3126 2563 3185 erat,
2592 3138 2780 3194 quam
2807 3126 2868 3177 et
2894 3122 3184 3191 dignitate
3211 3138 3284 3179 ac
3323 3120 3678 3195 proprietatis
3700 3116 3784 3171 uti-

2174 3211 2333 3267 litate
2354 3212 2634 3282 privaret.
2668 3210 2782 3267 Sed
2803 3227 2877 3266 ne
2906 3211 3022 3267 hoc
3045 3209 3351 3283 aliquibus
3382 3211 3584 3268 mirum
3614 3206 3781 3262 videa-

2176 3302 2289 3365 tur,
2317 3298 2461 3370 quia
2490 3299 2771 3369 Gregorio
2803 3303 2965 3370 teste,
3000 3299 3220 3372 saepius
3244 3300 3311 3355 tit
3341 3304 3402 3353 ut
3442 3300 3705 3368 occupato
3730 3292 3779 3347 in

2178 3388 2448 3460 pluribus
2475 3392 2530 3443 et
2568 3388 2829 3444 maxime
2885 3387 2945 3443 in
3003 3388 3222 3443 divinis
3278 3387 3469 3444 animo
3516 3383 3671 3440 facile
3710 3380 3779 3436 ab

2177 3476 2565 3532 adulantibus
2605 3476 2986 3549 subripiatur.
3019 3476 3283 3533 Tandem
3313 3477 3397 3531 ille
3421 3478 3491 3530 ab
3515 3471 3769 3525 omnibus

2176 3565 2412 3637 publice
2444 3564 2836 3631 maledicitur,
2868 3570 2925 3621 et
2949 3566 3128 3621 etiam
3156 3564 3420 3621 interdum
3447 3560 3694 3632 episcopo
3720 3573 3752 3609 8

2177 3670 2393 3708 sanum
2415 3654 2785 3727 sapientibus
2816 3655 2917 3725 huj
2931 3655 3169 3710 usmodi
3195 3651 3473 3710 insolentia
3495 3647 3754 3717 objicitur,

2176 3742 2280 3814 qui
2312 3743 2466 3798 etab
2499 3742 2568 3798 iis
2597 3742 2844 3798 tandem
2870 3742 2974 3816 qui
3012 3742 3280 3799 insontes
3306 3736 3594 3798 abalienati
3625 3737 3765 3799 sunt,

2176 3830 2238 3886 in
2264 3831 2523 3901 gratiam
2548 3831 2868 3887 reducitur.

2249 3960 2337 4011 35.
2368 3955 2591 4011 Praesnl
2616 3955 2751 4028 pius
2780 3959 2982 4011 tamen
3001 3960 3140 4028 post
3163 3955 3397 4028 aliquot
3419 3966 3595 4010 annos
3625 3949 3693 4005 de
3710 3951 3781 4002 ta-

2174 4045 2333 4102 libus
2361 4045 2578 4102 clarius
2606 4046 2982 4113 certiticatus,
3010 4048 3067 4102 et
3096 4061 3281 4119 super
3306 4062 3413 4103 eos
3454 4044 3553 4118 qui
3598 4040 3783 4112 injuste

2175 4134 2550 4191 leedebantur
2579 4134 2909 4207 aliquando
2929 4134 3008 4191 ad
3058 4134 3297 4191 veniam
3337 4132 3683 4197 humiliatus,
3708 4125 3786 4182 die

2176 4225 2443 4297 quadam
2460 4223 2778 4279 convenire
2792 4223 2867 4279 de
2890 4226 3094 4280 nostra
3108 4224 3570 4295 congregatione
3592 4231 3787 4293 praeim-

2175 4314 2376 4384 situm,
2409 4318 2467 4370 et
2493 4313 2794 4370 decanum
2824 4329 2965 4369 cum
2989 4313 3220 4387 aliquot
3248 4314 3555 4379 fratribus,
3580 4306 3790 4367 certatis-

2172 4421 2290 4480 que
2310 4404 2433 4461 suis
2456 4403 2823 4478 primoribus
2851 4404 3221 4472 Holthusem,
3244 4403 3352 4461 ubi
3377 4403 3667 4461 tuncforte
3692 4413 3791 4454 ma-

2172 4495 2373 4562 nebat,
2404 4493 2731 4561 mandavit,
2763 4493 3076 4550 assedente
3102 4494 3285 4551 etiam
3324 4494 3461 4551 viro
3489 4486 3792 4549 venerabili.

2174 4601 2284 4640 suo
2311 4600 2384 4641 ex
2408 4599 2611 4641 sorore
2639 4588 2876 4657 nepote,
2909 4583 3293 4641 Rathmundo
3317 4581 3647 4641 Altahensis
3688 4592 3793 4634 mo-

2171 4674 2417 4731 nasterii
2467 4673 2773 4741 abbatem,
2823 4677 3116 4746 prmsente
3166 4673 3384 4730 eodem
3461 4670 3793 4746 presbytero,

2173 4763 2458 4819 omnibus
2480 4764 2587 4836 qui
2616 4778 2679 4818 se
2708 4762 2790 4819 ab
2813 4777 2886 4818 eo
2914 4762 3091 4819 laesos
3119 4762 3569 4837 quaerebantur,
3622 4770 3793 4815 eorum

2174 4853 2475 4910 licentiam
2500 4851 2667 4908 fandi
2687 4851 2953 4908 donavit.
2984 4851 3315 4926 Statimque
3346 4852 3478 4909 sine
3506 4865 3670 4907 more
3695 4845 3796 4920 pluo

2173 4958 2241 4999 ra
2295 4941 2551 5015 querelae
2604 4956 2847 5010 genera,
2906 4943 3029 4996 tam
3083 4941 3162 4997 ab
3214 4941 3353 5013 ipso
3411 4940 3629 4997 abbate
3674 4935 3793 4991 suis-

2173 5048 2291 5105 que
2343 5030 2446 5104 qui
2494 5029 2760 5103 hospites
2813 5028 3156 5100 intererant,
3211 5045 3402 5103 quam
3433 5035 3493 5086 et
3542 5045 3578 5085 a
3615 5022 3793 5082 nostris

2174 5120 2572 5194 proferuntur,
2633 5135 2768 5192 qum
2810 5123 3019 5177 contra
3070 5136 3210 5176 eum
3258 5118 3502 5193 publice
3532 5135 3572 5175 a
3606 5110 3792 5174 cunctis

2172 5211 2349 5283 quasi
2369 5226 2492 5267 uno
2522 5225 2622 5266 ore
2642 5208 2941 5264 dicuntur.
2976 5209 3411 5275 Qumrebantur
3430 5209 3592 5266 enim
3621 5216 3791 5262 omnes

2174 5299 2370 5368 simul,
2400 5300 2598 5373 primo
2627 5297 2903 5369 generale
2938 5298 3207 5355 Ecclesiae
3236 5302 3296 5355 et
3320 5295 3677 5371 episcopalis
3716 5292 3791 5348 bo-

2247 5443 2351 5519 (57)
2385 5441 2533 5519 Cod.
2560 5442 2801 5519 Bodec.,
2826 5441 2901 5519 de
2930 5442 3147 5519 arbore
3166 5456 3298 5514 qua:
3322 5439 3789 5519 [αεᾳηξιξιιριθιξα

2174 5510 2421 5586 Belgica
2439 5528 2462 5585 ,'
2484 5518 2542 5570 et
2569 5514 2814 5587 quidem
2854 5514 3011 5570 hanc
3037 5510 3330 5571 arborem
3346 5512 3501 5569 tuis
3526 5510 3789 5569 fabrica-

2172 5587 2265 5643 dis
2293 5591 2498 5660 aptam
2528 5586 2656 5641 esse
2688 5586 2873 5643 aiunt.
