  <div class='ocr_page' id='page_1' title='image "/cluster/home/n/w/nwhite01/storage/ocr_20150623/141/hvd.32044054760012/598.png"; bbox 0 0 3996 6168; ppageno 0'>
   <div class='ocr_carea' id='block_1_1' title="bbox 169 133 315 186">
    <p class='ocr_par' dir='ltr' id='par_1_1' title="bbox 169 133 315 186">
     <span class='ocr_line' id='line_1_1' title="bbox 169 133 315 186; baseline 0 -1"><span class='ocrx_word' id='word_1_1' title='bbox 169 133 315 186; x_wconf 72' lang='lat'><strong>“89</strong></span> 
     </span>
    </p>
   </div>
   <div class='ocr_carea' id='block_1_2' title="bbox 1817 120 1996 179">
    <p class='ocr_par' dir='ltr' id='par_1_2' title="bbox 1817 120 1996 179">
     <span class='ocr_line' id='line_1_2' title="bbox 1817 120 1996 179; baseline 0.017 -3"><span class='ocrx_word' id='word_1_2' title='bbox 1817 120 1996 179; x_wconf 74' lang='grc' dir='ltr'><strong>νιΤΑ.</strong></span> 
     </span>
    </p>
   </div>
   <div class='ocr_carea' id='block_1_3' title="bbox 3495 140 3634 196">
    <p class='ocr_par' dir='ltr' id='par_1_3' title="bbox 3495 140 3634 196">
     <span class='ocr_line' id='line_1_3' title="bbox 3495 140 3634 196; baseline 0.007 -1"><span class='ocrx_word' id='word_1_3' title='bbox 3495 140 3634 196; x_wconf 79' lang='lat' dir='ltr'><strong>M90</strong></span> 
     </span>
    </p>
   </div>
   <div class='ocr_carea' id='block_1_4' title="bbox 169 247 3632 329">
    <p class='ocr_par' dir='ltr' id='par_1_4' title="bbox 169 247 3632 329">
     <span class='ocr_line' id='line_1_4' title="bbox 169 247 3632 329; baseline 0.003 -20"><span class='ocrx_word' id='word_1_4' title='bbox 169 252 339 310; x_wconf 90' lang='lat' dir='ltr'><strong>noris</strong></span> <span class='ocrx_word' id='word_1_5' title='bbox 382 248 742 306; x_wconf 70' lang='lat' dir='ltr'><strong>scandalum</strong></span> <span class='ocrx_word' id='word_1_6' title='bbox 772 266 786 315; x_wconf 84' lang='lat'><strong>;</strong></span> <span class='ocrx_word' id='word_1_7' title='bbox 837 248 1056 315; x_wconf 89' lang='lat' dir='ltr'><strong>deinde</strong></span> <span class='ocrx_word' id='word_1_8' title='bbox 1103 249 1266 305; x_wconf 86' lang='lat' dir='ltr'><strong>cives</strong></span> <span class='ocrx_word' id='word_1_9' title='bbox 1304 253 1363 304; x_wconf 91' lang='lat' dir='ltr'><strong>et</strong></span> <span class='ocrx_word' id='word_1_10' title='bbox 1390 247 1659 321; x_wconf 76' lang='lat' dir='ltr'><strong>hospites</strong></span> <span class='ocrx_word' id='word_1_11' title='bbox 1689 247 1849 320; x_wconf 88' lang='lat' dir='ltr'><strong>quis—</strong></span> <span class='ocrx_word' id='word_1_12' title='bbox 1885 248 1933 300; x_wconf 88' lang='lat' dir='ltr'><strong>A</strong></span> <span class='ocrx_word' id='word_1_13' title='bbox 1960 248 2039 303; x_wconf 89' lang='lat' dir='ltr'><strong>ad</strong></span> <span class='ocrx_word' id='word_1_14' title='bbox 2072 249 2414 309; x_wconf 88' lang='lat' dir='ltr'><strong>induendas</strong></span> <span class='ocrx_word' id='word_1_15' title='bbox 2460 254 2690 310; x_wconf 76' lang='lat' dir='ltr'><strong>tunicas</strong></span> <span class='ocrx_word' id='word_1_16' title='bbox 2719 272 3048 326; x_wconf 72' lang='lat' dir='ltr'><strong>assurgens</strong></span> <span class='ocrx_word' id='word_1_17' title='bbox 3080 260 3359 317; x_wconf 86' lang='lat' dir='ltr'><strong>concitus</strong></span> <span class='ocrx_word' id='word_1_18' title='bbox 3388 262 3632 329; x_wconf 84' lang='lat' dir='ltr'><strong>corruit,</strong></span> 
     </span>
    </p>
   </div>
   <div class='ocr_carea' id='block_1_5' title="bbox 167 337 1851 417">
    <p class='ocr_par' dir='ltr' id='par_1_5' title="bbox 167 337 1851 417">
     <span class='ocr_line' id='line_1_5' title="bbox 167 337 1851 417; baseline -0.005 -17"><span class='ocrx_word' id='word_1_19' title='bbox 167 360 294 417; x_wconf 89' lang='lat' dir='ltr'><strong>que</strong></span> <span class='ocrx_word' id='word_1_20' title='bbox 322 338 581 414; x_wconf 81' lang='lat' dir='ltr'><strong>speciale</strong></span> <span class='ocrx_word' id='word_1_21' title='bbox 620 338 983 410; x_wconf 89' lang='lat' dir='ltr'><strong>injuriarum</strong></span> <span class='ocrx_word' id='word_1_22' title='bbox 1015 339 1106 394; x_wconf 91' lang='lat' dir='ltr'><strong>sui</strong></span> <span class='ocrx_word' id='word_1_23' title='bbox 1135 338 1586 395; x_wconf 79' lang='lat' dir='ltr'><strong>detrimentum.</strong></span> <span class='ocrx_word' id='word_1_24' title='bbox 1623 337 1851 403; x_wconf 88' lang='lat' dir='ltr'><strong>Quibus</strong></span> 
     </span>
    </p>
   </div>
   <div class='ocr_carea' id='block_1_6' title="bbox 166 426 1849 502">
    <p class='ocr_par' dir='ltr' id='par_1_6' title="bbox 166 426 1849 502">
     <span class='ocr_line' id='line_1_6' title="bbox 166 426 1849 502; baseline -0.006 -12"><span class='ocrx_word' id='word_1_25' title='bbox 166 434 270 490; x_wconf 90' lang='lat' dir='ltr'><strong>ille</strong></span> <span class='ocrx_word' id='word_1_26' title='bbox 300 429 539 499; x_wconf 77' lang='lat' dir='ltr'><strong>auditis,</strong></span> <span class='ocrx_word' id='word_1_27' title='bbox 570 428 752 502; x_wconf 81' lang='lat' dir='ltr'><strong>quasi</strong></span> <span class='ocrx_word' id='word_1_28' title='bbox 776 428 1150 500; x_wconf 84' lang='lat' dir='ltr'><strong>insultando,</strong></span> <span class='ocrx_word' id='word_1_29' title='bbox 1177 433 1241 485; x_wconf 91' lang='lat' dir='ltr'><strong>ut</strong></span> <span class='ocrx_word' id='word_1_30' title='bbox 1258 432 1386 483; x_wconf 88' lang='lat' dir='ltr'><strong>erat</strong></span> <span class='ocrx_word' id='word_1_31' title='bbox 1405 426 1849 497; x_wconf 78' lang='lat' dir='ltr'><strong>callidissimus,</strong></span> 
     </span>
    </p>
   </div>
   <div class='ocr_carea' id='block_1_7' title="bbox 168 514 1849 590">
    <p class='ocr_par' dir='ltr' id='par_1_7' title="bbox 168 514 1849 590">
     <span class='ocr_line' id='line_1_7' title="bbox 168 514 1849 590; baseline -0.004 -13"><span class='ocrx_word' id='word_1_32' title='bbox 168 520 443 587; x_wconf 87' lang='lat' dir='ltr'><strong>subrisit,</strong></span> <span class='ocrx_word' id='word_1_33' title='bbox 474 523 534 575; x_wconf 91' lang='lat' dir='ltr'><strong>et</strong></span> <span class='ocrx_word' id='word_1_34' title='bbox 562 517 728 573; x_wconf 90' lang='lat' dir='ltr'><strong>velut</strong></span> <span class='ocrx_word' id='word_1_35' title='bbox 771 517 1100 583; x_wconf 89' lang='lat' dir='ltr'><strong>admirans,</strong></span> <span class='ocrx_word' id='word_1_36' title='bbox 1141 533 1279 590; x_wconf 71' lang='lat' dir='ltr'><strong>quae</strong></span> <span class='ocrx_word' id='word_1_37' title='bbox 1332 519 1459 571; x_wconf 62' lang='lat' dir='ltr'><strong>hzec</strong></span> <span class='ocrx_word' id='word_1_38' title='bbox 1513 519 1715 571; x_wconf 88' lang='lat' dir='ltr'><strong>essent</strong></span> <span class='ocrx_word' id='word_1_39' title='bbox 1758 514 1849 570; x_wconf 91' lang='lat' dir='ltr'><strong>in-</strong></span> 
     </span>
    </p>
   </div>
   <div class='ocr_carea' id='block_1_8' title="bbox 167 607 1854 686">
    <p class='ocr_par' dir='ltr' id='par_1_8' title="bbox 167 607 1854 686">
     <span class='ocr_line' id='line_1_8' title="bbox 167 607 1854 686; baseline -0.006 -17"><span class='ocrx_word' id='word_1_40' title='bbox 167 610 421 686; x_wconf 86' lang='lat' dir='ltr'><strong>quisivit</strong></span> <span class='ocrx_word' id='word_1_41' title='bbox 446 626 460 664; x_wconf 87' lang='lat'><strong>:</strong></span> <span class='ocrx_word' id='word_1_42' title='bbox 514 625 585 665; x_wconf 90' lang='lat' dir='ltr'><strong>ac</strong></span> <span class='ocrx_word' id='word_1_43' title='bbox 610 608 831 664; x_wconf 89' lang='lat' dir='ltr'><strong>deinde</strong></span> <span class='ocrx_word' id='word_1_44' title='bbox 861 608 1216 664; x_wconf 88' lang='lat' dir='ltr'><strong>commentis</strong></span> <span class='ocrx_word' id='word_1_45' title='bbox 1245 607 1574 663; x_wconf 70' lang='lat' dir='ltr'><strong>mundanae</strong></span> <span class='ocrx_word' id='word_1_46' title='bbox 1607 622 1730 661; x_wconf 77' lang='lat' dir='ltr'><strong>suae</strong></span> <span class='ocrx_word' id='word_1_47' title='bbox 1762 622 1854 660; x_wconf 89' lang='lat' dir='ltr'><strong>sa-</strong></span> 
     </span>
    </p>
   </div>
   <div class='ocr_carea' id='block_1_9' title="bbox 169 697 1852 776">
    <p class='ocr_par' dir='ltr' id='par_1_9' title="bbox 169 697 1852 776">
     <span class='ocr_line' id='line_1_9' title="bbox 169 697 1852 776; baseline -0.004 -18"><span class='ocrx_word' id='word_1_48' title='bbox 169 700 436 776; x_wconf 66' lang='lat' dir='ltr'><strong>pientiae,</strong></span> <span class='ocrx_word' id='word_1_49' title='bbox 480 715 607 772; x_wconf 84' lang='lat' dir='ltr'><strong>qua</strong></span> <span class='ocrx_word' id='word_1_50' title='bbox 653 698 834 771; x_wconf 85' lang='lat' dir='ltr'><strong>plane</strong></span> <span class='ocrx_word' id='word_1_51' title='bbox 885 697 1098 771; x_wconf 86' lang='lat' dir='ltr'><strong>plenus</strong></span> <span class='ocrx_word' id='word_1_52' title='bbox 1145 701 1290 764; x_wconf 87' lang='lat' dir='ltr'><strong>erat,</strong></span> <span class='ocrx_word' id='word_1_53' title='bbox 1338 713 1475 769; x_wconf 74' lang='lat' dir='ltr'><strong>quae</strong></span> <span class='ocrx_word' id='word_1_54' title='bbox 1528 711 1658 751; x_wconf 76' lang='lat' dir='ltr'><strong>vere</strong></span> <span class='ocrx_word' id='word_1_55' title='bbox 1712 699 1852 751; x_wconf 88' lang='lat' dir='ltr'><strong>ante</strong></span> 
     </span>
    </p>
   </div>
   <div class='ocr_carea' id='block_1_10' title="bbox 173 784 1852 859">
    <p class='ocr_par' dir='ltr' id='par_1_10' title="bbox 173 784 1852 859">
     <span class='ocr_line' id='line_1_10' title="bbox 173 784 1852 859; baseline -0.004 -12"><span class='ocrx_word' id='word_1_56' title='bbox 173 795 366 847; x_wconf 91' lang='lat' dir='ltr'><strong>Deum</strong></span> <span class='ocrx_word' id='word_1_57' title='bbox 412 787 659 846; x_wconf 80' lang='lat' dir='ltr'><strong>stultitia</strong></span> <span class='ocrx_word' id='word_1_58' title='bbox 705 790 1107 859; x_wconf 83' lang='lat' dir='ltr'><strong>computatur,</strong></span> <span class='ocrx_word' id='word_1_59' title='bbox 1140 791 1205 842; x_wconf 90' lang='lat' dir='ltr'><strong>ut</strong></span> <span class='ocrx_word' id='word_1_60' title='bbox 1246 786 1307 841; x_wconf 82' lang='lat' dir='ltr'><strong>in</strong></span> <span class='ocrx_word' id='word_1_61' title='bbox 1352 785 1489 857; x_wconf 91' lang='lat' dir='ltr'><strong>ipso</strong></span> <span class='ocrx_word' id='word_1_62' title='bbox 1536 784 1852 841; x_wconf 81' lang='lat' dir='ltr'><strong>manifeste</strong></span> 
     </span>
    </p>
   </div>
   <div class='ocr_carea' id='block_1_11' title="bbox 177 873 1850 955">
    <p class='ocr_par' dir='ltr' id='par_1_11' title="bbox 177 873 1850 955">
     <span class='ocr_line' id='line_1_11' title="bbox 177 873 1850 955; baseline -0.005 -18"><span class='ocrx_word' id='word_1_63' title='bbox 177 881 390 955; x_wconf 89' lang='lat' dir='ltr'><strong>patuit,</strong></span> <span class='ocrx_word' id='word_1_64' title='bbox 420 879 663 950; x_wconf 88' lang='lat' dir='ltr'><strong>objecta</strong></span> <span class='ocrx_word' id='word_1_65' title='bbox 687 893 950 950; x_wconf 70' lang='lat' dir='ltr'><strong>quaeque</strong></span> <span class='ocrx_word' id='word_1_66' title='bbox 977 876 1325 949; x_wconf 89' lang='lat' dir='ltr'><strong>eloquenter</strong></span> <span class='ocrx_word' id='word_1_67' title='bbox 1352 873 1586 947; x_wconf 88' lang='lat' dir='ltr'><strong>repulit,</strong></span> <span class='ocrx_word' id='word_1_68' title='bbox 1604 891 1850 930; x_wconf 88' lang='lat' dir='ltr'><strong>omnes-</strong></span> 
     </span>
    </p>
   </div>
   <div class='ocr_carea' id='block_1_12' title="bbox 182 963 1854 1043">
    <p class='ocr_par' dir='ltr' id='par_1_12' title="bbox 182 963 1854 1043">
     <span class='ocr_line' id='line_1_12' title="bbox 182 963 1854 1043; baseline -0.004 -18"><span class='ocrx_word' id='word_1_69' title='bbox 182 986 303 1043; x_wconf 88' lang='lat' dir='ltr'><strong>que</strong></span> <span class='ocrx_word' id='word_1_70' title='bbox 345 968 455 1024; x_wconf 86' lang='lat' dir='ltr'><strong>sibi</strong></span> <span class='ocrx_word' id='word_1_71' title='bbox 485 968 881 1023; x_wconf 79' lang='lat' dir='ltr'><strong>adversantes</strong></span> <span class='ocrx_word' id='word_1_72' title='bbox 930 965 1276 1021; x_wconf 81' lang='lat' dir='ltr'><strong>mirabiliter</strong></span> <span class='ocrx_word' id='word_1_73' title='bbox 1321 963 1497 1036; x_wconf 89' lang='lat' dir='ltr'><strong>quasi</strong></span> <span class='ocrx_word' id='word_1_74' title='bbox 1547 967 1747 1018; x_wconf 89' lang='lat' dir='ltr'><strong>mutos</strong></span> <span class='ocrx_word' id='word_1_75' title='bbox 1793 968 1854 1019; x_wconf 92' lang='lat' dir='ltr'><strong>et</strong></span> 
     </span>
    </p>
   </div>
   <div class='ocr_carea' id='block_1_13' title="bbox 184 1056 752 1127">
    <p class='ocr_par' dir='ltr' id='par_1_13' title="bbox 184 1056 752 1127">
     <span class='ocr_line' id='line_1_13' title="bbox 184 1056 752 1127; baseline -0.009 -11"><span class='ocrx_word' id='word_1_76' title='bbox 184 1059 450 1127; x_wconf 78' lang='lat' dir='ltr'><strong>elingues</strong></span> <span class='ocrx_word' id='word_1_77' title='bbox 473 1056 752 1112; x_wconf 72' lang='lat' dir='ltr'><strong>reddidit.</strong></span> 
     </span>
    </p>
   </div>
   <div class='ocr_carea' id='block_1_14' title="bbox 255 1143 1850 1218">
    <p class='ocr_par' dir='ltr' id='par_1_14' title="bbox 255 1143 1850 1218">
     <span class='ocr_line' id='line_1_14' title="bbox 255 1143 1850 1218; baseline -0.004 -14"><span class='ocrx_word' id='word_1_78' title='bbox 255 1154 344 1205; x_wconf 85' lang='lat'><strong>36.</strong></span> <span class='ocrx_word' id='word_1_79' title='bbox 388 1148 519 1202; x_wconf 90' lang='lat' dir='ltr'><strong>Pius</strong></span> <span class='ocrx_word' id='word_1_80' title='bbox 575 1145 801 1218; x_wconf 81' lang='lat' dir='ltr'><strong>praesul</strong></span> <span class='ocrx_word' id='word_1_81' title='bbox 862 1149 1100 1201; x_wconf 77' lang='lat' dir='ltr'><strong>tandem</strong></span> <span class='ocrx_word' id='word_1_82' title='bbox 1164 1143 1382 1217; x_wconf 87' lang='lat' dir='ltr'><strong>Spiritu</strong></span> <span class='ocrx_word' id='word_1_83' title='bbox 1452 1145 1659 1197; x_wconf 89' lang='lat' dir='ltr'><strong>sancto</strong></span> <span class='ocrx_word' id='word_1_84' title='bbox 1712 1158 1850 1198; x_wconf 87' lang='lat' dir='ltr'><strong>vere</strong></span> 
     </span>
    </p>
   </div>
   <div class='ocr_carea' id='block_1_15' title="bbox 175 1230 1851 1310">
    <p class='ocr_par' dir='ltr' id='par_1_15' title="bbox 175 1230 1851 1310">
     <span class='ocr_line' id='line_1_15' title="bbox 175 1230 1851 1310; baseline -0.005 -16"><span class='ocrx_word' id='word_1_85' title='bbox 175 1240 609 1310; x_wconf 87' lang='lat' dir='ltr'><strong>compunctus,</strong></span> <span class='ocrx_word' id='word_1_86' title='bbox 631 1238 691 1291; x_wconf 86' lang='lat' dir='ltr'><strong>et</strong></span> <span class='ocrx_word' id='word_1_87' title='bbox 716 1233 964 1307; x_wconf 89' lang='lat' dir='ltr'><strong>insuper</strong></span> <span class='ocrx_word' id='word_1_88' title='bbox 992 1233 1172 1289; x_wconf 90' lang='lat' dir='ltr'><strong>etiam</strong></span> <span class='ocrx_word' id='word_1_89' title='bbox 1202 1231 1462 1289; x_wconf 90' lang='lat' dir='ltr'><strong>mirabili</strong></span> <span class='ocrx_word' id='word_1_90' title='bbox 1488 1230 1683 1287; x_wconf 87' lang='lat' dir='ltr'><strong>studio</strong></span> <span class='ocrx_word' id='word_1_91' title='bbox 1716 1247 1851 1302; x_wconf 89' lang='lat' dir='ltr'><strong>per-</strong></span> 
     </span>
    </p>
   </div>
   <div class='ocr_carea' id='block_1_16' title="bbox 173 1321 1850 1395">
    <p class='ocr_par' dir='ltr' id='par_1_16' title="bbox 173 1321 1850 1395">
     <span class='ocr_line' id='line_1_16' title="bbox 173 1321 1850 1395; baseline -0.005 -13"><span class='ocrx_word' id='word_1_92' title='bbox 173 1330 406 1393; x_wconf 82' lang='lat' dir='ltr'><strong>motus,</strong></span> <span class='ocrx_word' id='word_1_93' title='bbox 440 1323 835 1380; x_wconf 87' lang='lat' dir='ltr'><strong>considerans</strong></span> <span class='ocrx_word' id='word_1_94' title='bbox 872 1322 1091 1395; x_wconf 88' lang='lat' dir='ltr'><strong>pariter</strong></span> <span class='ocrx_word' id='word_1_95' title='bbox 1118 1326 1177 1378; x_wconf 91' lang='lat' dir='ltr'><strong>et</strong></span> <span class='ocrx_word' id='word_1_96' title='bbox 1218 1321 1602 1378; x_wconf 87' lang='lat' dir='ltr'><strong>manifestam</strong></span> <span class='ocrx_word' id='word_1_97' title='bbox 1644 1336 1850 1375; x_wconf 89' lang='lat' dir='ltr'><strong>rerum</strong></span> 
     </span>
    </p>
   </div>
   <div class='ocr_carea' id='block_1_17' title="bbox 170 1409 1849 1483">
    <p class='ocr_par' dir='ltr' id='par_1_17' title="bbox 170 1409 1849 1483">
     <span class='ocr_line' id='line_1_17' title="bbox 170 1409 1849 1483; baseline -0.004 -12"><span class='ocrx_word' id='word_1_98' title='bbox 170 1416 495 1471; x_wconf 87' lang='lat' dir='ltr'><strong>veritatem</strong></span> <span class='ocrx_word' id='word_1_99' title='bbox 534 1419 591 1469; x_wconf 92' lang='lat' dir='ltr'><strong>et</strong></span> <span class='ocrx_word' id='word_1_100' title='bbox 634 1410 981 1468; x_wconf 84' lang='lat' dir='ltr'><strong>ﬁducialem</strong></span> <span class='ocrx_word' id='word_1_101' title='bbox 1018 1412 1214 1468; x_wconf 89' lang='lat' dir='ltr'><strong>cordis</strong></span> <span class='ocrx_word' id='word_1_102' title='bbox 1261 1412 1391 1483; x_wconf 89' lang='lat' dir='ltr'><strong>ejus</strong></span> <span class='ocrx_word' id='word_1_103' title='bbox 1432 1409 1849 1477; x_wconf 87' lang='lat' dir='ltr'><strong>temeritatem,</strong></span> 
     </span>
    </p>
   </div>
   <div class='ocr_carea' id='block_1_18' title="bbox 168 1500 1856 1575">
    <p class='ocr_par' dir='ltr' id='par_1_18' title="bbox 168 1500 1856 1575">
     <span class='ocr_line' id='line_1_18' title="bbox 168 1500 1856 1575; baseline -0.004 -14"><span class='ocrx_word' id='word_1_104' title='bbox 168 1506 337 1561; x_wconf 86' lang='lat' dir='ltr'><strong>illico</strong></span> <span class='ocrx_word' id='word_1_105' title='bbox 369 1505 645 1560; x_wconf 88' lang='lat' dir='ltr'><strong>omnium</strong></span> <span class='ocrx_word' id='word_1_106' title='bbox 672 1518 852 1558; x_wconf 76' lang='lat' dir='ltr'><strong>voces</strong></span> <span class='ocrx_word' id='word_1_107' title='bbox 881 1502 1266 1575; x_wconf 84' lang='lat' dir='ltr'><strong>compescuit,</strong></span> <span class='ocrx_word' id='word_1_108' title='bbox 1287 1505 1344 1557; x_wconf 93' lang='lat' dir='ltr'><strong>et</strong></span> <span class='ocrx_word' id='word_1_109' title='bbox 1364 1500 1708 1557; x_wconf 88' lang='lat' dir='ltr'><strong>modiﬁcato</strong></span> <span class='ocrx_word' id='word_1_110' title='bbox 1730 1516 1856 1555; x_wconf 90' lang='lat' dir='ltr'><strong>ser-</strong></span> 
     </span>
    </p>
   </div>
   <div class='ocr_carea' id='block_1_19' title="bbox 1959 339 3637 419">
    <p class='ocr_par' dir='ltr' id='par_1_19' title="bbox 1959 339 3637 419">
     <span class='ocr_line' id='line_1_19' title="bbox 1959 339 3637 419; baseline 0.009 -26"><span class='ocrx_word' id='word_1_111' title='bbox 1959 343 2018 393; x_wconf 88' lang='lat' dir='ltr'><strong>et</strong></span> <span class='ocrx_word' id='word_1_112' title='bbox 2065 339 2323 397; x_wconf 84' lang='lat' dir='ltr'><strong>mirabili</strong></span> <span class='ocrx_word' id='word_1_113' title='bbox 2363 342 2657 398; x_wconf 81' lang='lat' dir='ltr'><strong>celeritate</strong></span> <span class='ocrx_word' id='word_1_114' title='bbox 2702 351 3166 419; x_wconf 63' lang='lat' dir='ltr'><strong>prreoccupatus</strong></span> <span class='ocrx_word' id='word_1_115' title='bbox 3216 349 3637 407; x_wconf 80' lang='lat' dir='ltr'><strong>miserabiliter</strong></span> 
     </span>
    </p>
   </div>
   <div class='ocr_carea' id='block_1_20' title="bbox 1959 428 3639 512">
    <p class='ocr_par' dir='ltr' id='par_1_20' title="bbox 1959 428 3639 512">
     <span class='ocr_line' id='line_1_20' title="bbox 1959 428 3639 512; baseline 0.008 -30"><span class='ocrx_word' id='word_1_116' title='bbox 1959 428 2304 500; x_wconf 82' lang='lat' dir='ltr'><strong>exspiravit.</strong></span> <span class='ocrx_word' id='word_1_117' title='bbox 2362 430 2563 486; x_wconf 85' lang='lat' dir='ltr'><strong>Plures</strong></span> <span class='ocrx_word' id='word_1_118' title='bbox 2615 436 2815 488; x_wconf 88' lang='lat' dir='ltr'><strong>tamen</strong></span> <span class='ocrx_word' id='word_1_119' title='bbox 2870 437 2928 489; x_wconf 90' lang='lat' dir='ltr'><strong>et</strong></span> <span class='ocrx_word' id='word_1_120' title='bbox 2984 435 3399 508; x_wconf 78' lang='lat' dir='ltr'><strong>amplissimas</strong></span> <span class='ocrx_word' id='word_1_121' title='bbox 3457 441 3639 512; x_wconf 89' lang='lat' dir='ltr'><strong>[opes</strong></span> 
     </span>
    </p>
   </div>
   <div class='ocr_carea' id='block_1_21' title="bbox 1958 516 3640 600">
    <p class='ocr_par' dir='ltr' id='par_1_21' title="bbox 1958 516 3640 600">
     <span class='ocr_line' id='line_1_21' title="bbox 1958 516 3640 600; baseline 0.008 -28"><span class='ocrx_word' id='word_1_122' title='bbox 1958 516 2023 572; x_wconf 91' lang='lat' dir='ltr'><strong>in</strong></span> <span class='ocrx_word' id='word_1_123' title='bbox 2070 535 2183 574; x_wconf 88' lang='lat' dir='ltr'><strong>sua</strong></span> <span class='ocrx_word' id='word_1_124' title='bbox 2230 519 2614 591; x_wconf 87' lang='lat' dir='ltr'><strong>proprietate,</strong></span> <span class='ocrx_word' id='word_1_125' title='bbox 2645 520 2708 577; x_wconf 92' lang='lat' dir='ltr'><strong>in</strong></span> <span class='ocrx_word' id='word_1_126' title='bbox 2756 521 3087 580; x_wconf 74' lang='lat' dir='ltr'><strong>innumeris</strong></span> <span class='ocrx_word' id='word_1_127' title='bbox 3134 530 3194 582; x_wconf 92' lang='lat' dir='ltr'><strong>et</strong></span> <span class='ocrx_word' id='word_1_128' title='bbox 3237 528 3517 600; x_wconf 85' lang='lat' dir='ltr'><strong>pretiosis</strong></span> <span class='ocrx_word' id='word_1_129' title='bbox 3546 546 3640 586; x_wconf 85' lang='lat' dir='ltr'><strong>ve-</strong></span> 
     </span>
    </p>
   </div>
   <div class='ocr_carea' id='block_1_22' title="bbox 1962 606 3635 687">
    <p class='ocr_par' dir='ltr' id='par_1_22' title="bbox 1962 606 3635 687">
     <span class='ocr_line' id='line_1_22' title="bbox 1962 606 3635 687; baseline 0.01 -26"><span class='ocrx_word' id='word_1_130' title='bbox 1962 606 2176 677; x_wconf 91' lang='lat' dir='ltr'><strong>stibus,</strong></span> <span class='ocrx_word' id='word_1_131' title='bbox 2204 612 2263 663; x_wconf 89' lang='lat' dir='ltr'><strong>et</strong></span> <span class='ocrx_word' id='word_1_132' title='bbox 2306 608 2424 665; x_wconf 90' lang='lat' dir='ltr'><strong>alia</strong></span> <span class='ocrx_word' id='word_1_133' title='bbox 2476 610 2736 682; x_wconf 87' lang='lat' dir='ltr'><strong>pecunia</strong></span> <span class='ocrx_word' id='word_1_134' title='bbox 2778 615 2838 667; x_wconf 89' lang='lat' dir='ltr'><strong>et</strong></span> <span class='ocrx_word' id='word_1_135' title='bbox 2884 612 3064 669; x_wconf 87' lang='lat' dir='ltr'><strong>etiam</strong></span> <span class='ocrx_word' id='word_1_136' title='bbox 3094 617 3333 684; x_wconf 85' lang='lat' dir='ltr'><strong>peculio</strong></span> <span class='ocrx_word' id='word_1_137' title='bbox 3373 618 3635 687; x_wconf 86' lang='lat' dir='ltr'><strong>dimisit;</strong></span> 
     </span>
    </p>
   </div>
   <div class='ocr_carea' id='block_1_23' title="bbox 1959 699 3641 774">
    <p class='ocr_par' dir='ltr' id='par_1_23' title="bbox 1959 699 3641 774">
     <span class='ocr_line' id='line_1_23' title="bbox 1959 699 3641 774; baseline 0.008 -23"><span class='ocrx_word' id='word_1_138' title='bbox 1959 712 2120 769; x_wconf 90' lang='lat' dir='ltr'><strong>quas</strong></span> <span class='ocrx_word' id='word_1_139' title='bbox 2170 700 2374 753; x_wconf 91' lang='lat' dir='ltr'><strong>tamen</strong></span> <span class='ocrx_word' id='word_1_140' title='bbox 2423 699 2635 756; x_wconf 89' lang='lat' dir='ltr'><strong>beatus</strong></span> <span class='ocrx_word' id='word_1_141' title='bbox 2681 701 2928 773; x_wconf 65' lang='lat' dir='ltr'><strong>praesul,</strong></span> <span class='ocrx_word' id='word_1_142' title='bbox 2959 701 3034 757; x_wconf 91' lang='lat' dir='ltr'><strong>de</strong></span> <span class='ocrx_word' id='word_1_143' title='bbox 3082 704 3217 774; x_wconf 92' lang='lat' dir='ltr'><strong>ejus</strong></span> <span class='ocrx_word' id='word_1_144' title='bbox 3262 711 3456 764; x_wconf 89' lang='lat' dir='ltr'><strong>morte</strong></span> <span class='ocrx_word' id='word_1_145' title='bbox 3486 708 3641 765; x_wconf 88' lang='lat' dir='ltr'><strong>ultra</strong></span> 
     </span>
    </p>
   </div>
   <div class='ocr_carea' id='block_1_24' title="bbox 1961 786 3638 867">
    <p class='ocr_par' dir='ltr' id='par_1_24' title="bbox 1961 786 3638 867">
     <span class='ocr_line' id='line_1_24' title="bbox 1961 786 3638 867; baseline 0.008 -28"><span class='ocrx_word' id='word_1_146' title='bbox 1961 801 2153 857; x_wconf 88' lang='lat' dir='ltr'><strong>quam</strong></span> <span class='ocrx_word' id='word_1_147' title='bbox 2198 786 2362 842; x_wconf 90' lang='lat' dir='ltr'><strong>credi</strong></span> <span class='ocrx_word' id='word_1_148' title='bbox 2408 791 2605 861; x_wconf 90' lang='lat' dir='ltr'><strong>potest</strong></span> <span class='ocrx_word' id='word_1_149' title='bbox 2649 789 3005 859; x_wconf 87' lang='lat' dir='ltr'><strong>condolens,</strong></span> <span class='ocrx_word' id='word_1_150' title='bbox 3050 796 3209 849; x_wconf 89' lang='lat' dir='ltr'><strong>totas</strong></span> <span class='ocrx_word' id='word_1_151' title='bbox 3264 811 3377 867; x_wconf 88' lang='lat' dir='ltr'><strong>pro</strong></span> <span class='ocrx_word' id='word_1_152' title='bbox 3421 797 3638 852; x_wconf 64' lang='lat' dir='ltr'><strong>animae</strong></span> 
     </span>
    </p>
   </div>
   <div class='ocr_carea' id='block_1_25' title="bbox 1963 874 3641 957">
    <p class='ocr_par' dir='ltr' id='par_1_25' title="bbox 1963 874 3641 957">
     <span class='ocr_line' id='line_1_25' title="bbox 1963 874 3641 957; baseline 0.008 -28"><span class='ocrx_word' id='word_1_153' title='bbox 1963 874 2122 930; x_wconf 90' lang='lat' dir='ltr'><strong>illius</strong></span> <span class='ocrx_word' id='word_1_154' title='bbox 2165 876 2435 932; x_wconf 89' lang='lat' dir='ltr'><strong>remedio</strong></span> <span class='ocrx_word' id='word_1_155' title='bbox 2488 879 2860 951; x_wconf 87' lang='lat' dir='ltr'><strong>pauperibus</strong></span> <span class='ocrx_word' id='word_1_156' title='bbox 2906 881 3145 951; x_wconf 82' lang='lat' dir='ltr'><strong>erogari</strong></span> <span class='ocrx_word' id='word_1_157' title='bbox 3199 884 3504 957; x_wconf 78' lang='lat' dir='ltr'><strong>praecepit,</strong></span> <span class='ocrx_word' id='word_1_158' title='bbox 3553 902 3641 942; x_wconf 89' lang='lat' dir='ltr'><strong>re-</strong></span> 
     </span>
    </p>
   </div>
   <div class='ocr_carea' id='block_1_26' title="bbox 1963 963 3641 1043">
    <p class='ocr_par' dir='ltr' id='par_1_26' title="bbox 1963 963 3641 1043">
     <span class='ocr_line' id='line_1_26' title="bbox 1963 963 3641 1043; baseline 0.008 -25"><span class='ocrx_word' id='word_1_159' title='bbox 1963 963 2445 1038; x_wconf 90' lang='lat' dir='ltr'><strong>missionemque</strong></span> <span class='ocrx_word' id='word_1_160' title='bbox 2497 967 2549 1022; x_wconf 91' lang='lat' dir='ltr'><strong>ei</strong></span> <span class='ocrx_word' id='word_1_161' title='bbox 2596 973 2982 1042; x_wconf 87' lang='lat' dir='ltr'><strong>peccatorum</strong></span> <span class='ocrx_word' id='word_1_162' title='bbox 3031 987 3103 1025; x_wconf 84' lang='lat' dir='ltr'><strong>ex</strong></span> <span class='ocrx_word' id='word_1_163' title='bbox 3134 973 3340 1043; x_wconf 84' lang='lat' dir='ltr'><strong>corde,</strong></span> <span class='ocrx_word' id='word_1_164' title='bbox 3370 975 3474 1030; x_wconf 88' lang='lat' dir='ltr'><strong>etsi</strong></span> <span class='ocrx_word' id='word_1_165' title='bbox 3509 992 3641 1030; x_wconf 89' lang='lat' dir='ltr'><strong>sero</strong></span> 
     </span>
    </p>
   </div>
   <div class='ocr_carea' id='block_1_27' title="bbox 1961 1053 3643 1136">
    <p class='ocr_par' dir='ltr' id='par_1_27' title="bbox 1961 1053 3643 1136">
     <span class='ocr_line' id='line_1_27' title="bbox 1961 1053 3643 1136; baseline 0.008 -28"><span class='ocrx_word' id='word_1_166' title='bbox 1961 1053 2232 1122; x_wconf 88' lang='lat' dir='ltr'><strong>indulsit,</strong></span> <span class='ocrx_word' id='word_1_167' title='bbox 2291 1060 2348 1111; x_wconf 91' lang='lat' dir='ltr'><strong>et</strong></span> <span class='ocrx_word' id='word_1_168' title='bbox 2404 1072 2516 1128; x_wconf 89' lang='lat' dir='ltr'><strong>pro</strong></span> <span class='ocrx_word' id='word_1_169' title='bbox 2584 1057 2742 1113; x_wconf 91' lang='lat' dir='ltr'><strong>illius</strong></span> <span class='ocrx_word' id='word_1_170' title='bbox 2817 1058 3036 1115; x_wconf 63' lang='lat' dir='ltr'><strong>animae</strong></span> <span class='ocrx_word' id='word_1_171' title='bbox 3110 1061 3438 1135; x_wconf 84' lang='lat' dir='ltr'><strong>ereptione,</strong></span> <span class='ocrx_word' id='word_1_172' title='bbox 3489 1065 3643 1136; x_wconf 83' lang='lat' dir='ltr'><strong>jeju-</strong></span> 
     </span>
    </p>
   </div>
   <div class='ocr_carea' id='block_1_28' title="bbox 1962 1142 3641 1221">
    <p class='ocr_par' dir='ltr' id='par_1_28' title="bbox 1962 1142 3641 1221">
     <span class='ocr_line' id='line_1_28' title="bbox 1962 1142 3641 1221; baseline 0.008 -24"><span class='ocrx_word' id='word_1_173' title='bbox 1962 1142 2081 1198; x_wconf 89' lang='lat' dir='ltr'><strong>niis</strong></span> <span class='ocrx_word' id='word_1_174' title='bbox 2157 1148 2215 1200; x_wconf 90' lang='lat' dir='ltr'><strong>et</strong></span> <span class='ocrx_word' id='word_1_175' title='bbox 2293 1145 2811 1202; x_wconf 85' lang='lat' dir='ltr'><strong>obsecrationibus</strong></span> <span class='ocrx_word' id='word_1_176' title='bbox 2883 1149 3104 1221; x_wconf 65' lang='lat' dir='ltr'><strong>saepius</strong></span> <span class='ocrx_word' id='word_1_177' title='bbox 3178 1150 3469 1209; x_wconf 84' lang='lat' dir='ltr'><strong>insudare</strong></span> <span class='ocrx_word' id='word_1_178' title='bbox 3516 1171 3641 1211; x_wconf 84' lang='lat' dir='ltr'><strong>non</strong></span> 
     </span>
    </p>
   </div>
   <div class='ocr_carea' id='block_1_29' title="bbox 1963 1232 3643 1304">
    <p class='ocr_par' dir='ltr' id='par_1_29' title="bbox 1963 1232 3643 1304">
     <span class='ocr_line' id='line_1_29' title="bbox 1963 1232 3643 1304; baseline 0.008 -18"><span class='ocrx_word' id='word_1_179' title='bbox 1963 1232 2208 1288; x_wconf 89' lang='lat' dir='ltr'><strong>destitit.</strong></span> <span class='ocrx_word' id='word_1_180' title='bbox 2270 1234 2421 1299; x_wconf 86' lang='lat' dir='ltr'><strong>Quia</strong></span> <span class='ocrx_word' id='word_1_181' title='bbox 2478 1251 2621 1304; x_wconf 86' lang='lat' dir='ltr'><strong>ergo</strong></span> <span class='ocrx_word' id='word_1_182' title='bbox 2680 1253 2791 1291; x_wconf 92' lang='lat' dir='ltr'><strong>nos</strong></span> <span class='ocrx_word' id='word_1_183' title='bbox 2843 1250 2981 1293; x_wconf 88' lang='lat' dir='ltr'><strong>eum</strong></span> <span class='ocrx_word' id='word_1_184' title='bbox 3044 1240 3231 1296; x_wconf 92' lang='lat' dir='ltr'><strong>modo</strong></span> <span class='ocrx_word' id='word_1_185' title='bbox 3280 1241 3438 1298; x_wconf 88' lang='lat' dir='ltr'><strong>ultra</strong></span> <span class='ocrx_word' id='word_1_186' title='bbox 3478 1243 3643 1299; x_wconf 91' lang='lat' dir='ltr'><strong>debi-</strong></span> 
     </span>
    </p>
   </div>
   <div class='ocr_carea' id='block_1_30' title="bbox 1966 1321 3642 1399">
    <p class='ocr_par' dir='ltr' id='par_1_30' title="bbox 1966 1321 3642 1399">
     <span class='ocr_line' id='line_1_30' title="bbox 1966 1321 3642 1399; baseline 0.008 -24"><span class='ocrx_word' id='word_1_187' title='bbox 1966 1324 2097 1376; x_wconf 90' lang='lat' dir='ltr'><strong>tum</strong></span> <span class='ocrx_word' id='word_1_188' title='bbox 2148 1321 2286 1394; x_wconf 92' lang='lat' dir='ltr'><strong>plus</strong></span> <span class='ocrx_word' id='word_1_189' title='bbox 2332 1324 2686 1381; x_wconf 71' lang='lat' dir='ltr'><strong>necessariae</strong></span> <span class='ocrx_word' id='word_1_190' title='bbox 2728 1325 2988 1381; x_wconf 86' lang='lat' dir='ltr'><strong>veritatis</strong></span> <span class='ocrx_word' id='word_1_191' title='bbox 3033 1342 3221 1399; x_wconf 86' lang='lat' dir='ltr'><strong>quam</strong></span> <span class='ocrx_word' id='word_1_192' title='bbox 3274 1328 3511 1387; x_wconf 73' lang='lat' dir='ltr'><strong>invidiae</strong></span> <span class='ocrx_word' id='word_1_193' title='bbox 3547 1333 3642 1388; x_wconf 88' lang='lat' dir='ltr'><strong>vel</strong></span> 
     </span>
    </p>
   </div>
   <div class='ocr_carea' id='block_1_31' title="bbox 1965 1410 3639 1490">
    <p class='ocr_par' dir='ltr' id='par_1_31' title="bbox 1965 1410 3639 1490">
     <span class='ocr_line' id='line_1_31' title="bbox 1965 1410 3639 1490; baseline 0.008 -25"><span class='ocrx_word' id='word_1_194' title='bbox 1965 1410 2091 1465; x_wconf 90' lang='lat' dir='ltr'><strong>odii</strong></span> <span class='ocrx_word' id='word_1_195' title='bbox 2148 1428 2332 1468; x_wconf 90' lang='lat' dir='ltr'><strong>causa</strong></span> <span class='ocrx_word' id='word_1_196' title='bbox 2374 1414 2895 1486; x_wconf 86' lang='lat' dir='ltr'><strong>reprehendimus,</strong></span> <span class='ocrx_word' id='word_1_197' title='bbox 2928 1420 2986 1470; x_wconf 90' lang='lat' dir='ltr'><strong>et</strong></span> <span class='ocrx_word' id='word_1_198' title='bbox 3031 1416 3163 1488; x_wconf 89' lang='lat' dir='ltr'><strong>ejus</strong></span> <span class='ocrx_word' id='word_1_199' title='bbox 3210 1419 3639 1490; x_wconf 80' lang='lat' dir='ltr'><strong>negligentiam</strong></span> 
     </span>
    </p>
   </div>
   <div class='ocr_carea' id='block_1_32' title="bbox 1966 1502 3639 1582">
    <p class='ocr_par' dir='ltr' id='par_1_32' title="bbox 1966 1502 3639 1582">
     <span class='ocr_line' id='line_1_32' title="bbox 1966 1502 3639 1582; baseline 0.007 -26"><span class='ocrx_word' id='word_1_200' title='bbox 1966 1506 2180 1557; x_wconf 88' lang='lat' dir='ltr'><strong>nostra</strong></span> <span class='ocrx_word' id='word_1_201' title='bbox 2206 1502 2453 1559; x_wconf 87' lang='lat' dir='ltr'><strong>fortasse</strong></span> <span class='ocrx_word' id='word_1_202' title='bbox 2487 1503 2782 1560; x_wconf 84' lang='lat' dir='ltr'><strong>minorem</strong></span> <span class='ocrx_word' id='word_1_203' title='bbox 2811 1505 2887 1560; x_wconf 81' lang='lat' dir='ltr'><strong>de</strong></span> <span class='ocrx_word' id='word_1_204' title='bbox 2918 1505 3195 1577; x_wconf 88' lang='lat' dir='ltr'><strong>pluribus</strong></span> <span class='ocrx_word' id='word_1_205' title='bbox 3222 1510 3639 1582; x_wconf 84' lang='lat' dir='ltr'><strong>patefecimus,</strong></span> 
     </span>
    </p>
   </div>
   <div class='ocr_carea' id='block_1_33' title="bbox 168 1590 3644 1668">
    <p class='ocr_par' dir='ltr' id='par_1_33' title="bbox 168 1590 3644 1668">
     <span class='ocr_line' id='line_1_33' title="bbox 168 1590 3644 1668; baseline 0.002 -17"><span class='ocrx_word' id='word_1_206' title='bbox 168 1611 364 1651; x_wconf 91' lang='lat' dir='ltr'><strong>mone</strong></span> <span class='ocrx_word' id='word_1_207' title='bbox 393 1594 623 1650; x_wconf 87' lang='lat' dir='ltr'><strong>cunctis</strong></span> <span class='ocrx_word' id='word_1_208' title='bbox 675 1591 1114 1649; x_wconf 85' lang='lat' dir='ltr'><strong>admirantibus</strong></span> <span class='ocrx_word' id='word_1_209' title='bbox 1156 1591 1238 1647; x_wconf 89' lang='lat' dir='ltr'><strong>ita</strong></span> <span class='ocrx_word' id='word_1_210' title='bbox 1278 1590 1558 1661; x_wconf 43' lang='lat' dir='ltr'><strong>incisi-it:</strong></span> <span class='ocrx_word' id='word_1_211' title='bbox 1609 1590 1860 1646; x_wconf 81' lang='lat' dir='ltr'><strong>«Hilde-</strong></span> <span class='ocrx_word' id='word_1_212' title='bbox 1896 1602 1945 1655; x_wconf 77' lang='grc' dir='ltr'>Β</span> <span class='ocrx_word' id='word_1_213' title='bbox 1973 1590 2391 1661; x_wconf 85' lang='lat' dir='ltr'><strong>obsecramus,</strong></span> <span class='ocrx_word' id='word_1_214' title='bbox 2431 1609 2467 1648; x_wconf 96' lang='lat' dir='ltr'><strong>o</strong></span> <span class='ocrx_word' id='word_1_215' title='bbox 2511 1593 2778 1661; x_wconf 89' lang='lat' dir='ltr'><strong>lectores,</strong></span> <span class='ocrx_word' id='word_1_216' title='bbox 2824 1599 3085 1651; x_wconf 89' lang='lat' dir='ltr'><strong>vestram</strong></span> <span class='ocrx_word' id='word_1_217' title='bbox 3131 1597 3530 1668; x_wconf 82' lang='lat' dir='ltr'><strong>dilectionem,</strong></span> <span class='ocrx_word' id='word_1_218' title='bbox 3576 1605 3644 1657; x_wconf 88' lang='lat' dir='ltr'><strong>ut</strong></span> 
     </span>
    </p>
   </div>
   <div class='ocr_carea' id='block_1_34' title="bbox 171 1679 1856 1755">
    <p class='ocr_par' dir='ltr' id='par_1_34' title="bbox 171 1679 1856 1755">
     <span class='ocr_line' id='line_1_34' title="bbox 171 1679 1856 1755; baseline -0.002 -16"><span class='ocrx_word' id='word_1_219' title='bbox 171 1684 322 1750; x_wconf 83' lang='lat' dir='ltr'><strong>win,</strong></span> <span class='ocrx_word' id='word_1_220' title='bbox 358 1683 572 1755; x_wconf 88' lang='lat' dir='ltr'><strong>inquit,</strong></span> <span class='ocrx_word' id='word_1_221' title='bbox 602 1682 684 1736; x_wconf 90' lang='lat' dir='ltr'><strong>sic</strong></span> <span class='ocrx_word' id='word_1_222' title='bbox 713 1681 876 1737; x_wconf 89' lang='lat' dir='ltr'><strong>enim</strong></span> <span class='ocrx_word' id='word_1_223' title='bbox 912 1680 1256 1748; x_wconf 87' lang='lat' dir='ltr'><strong>vocabatur,</strong></span> <span class='ocrx_word' id='word_1_224' title='bbox 1281 1696 1416 1735; x_wconf 91' lang='lat' dir='ltr'><strong>ecce</strong></span> <span class='ocrx_word' id='word_1_225' title='bbox 1446 1679 1607 1734; x_wconf 91' lang='lat' dir='ltr'><strong>enim</strong></span> <span class='ocrx_word' id='word_1_226' title='bbox 1637 1695 1856 1736; x_wconf 92' lang='lat' dir='ltr'><strong>omnes</strong></span> 
     </span>
    </p>
   </div>
   <div class='ocr_carea' id='block_1_35' title="bbox 172 1769 1855 1839">
    <p class='ocr_par' dir='ltr' id='par_1_35' title="bbox 172 1769 1855 1839">
     <span class='ocr_line' id='line_1_35' title="bbox 172 1769 1855 1839; baseline -0.001 -12"><span class='ocrx_word' id='word_1_227' title='bbox 172 1776 656 1839; x_wconf 75' lang='lat' dir='ltr'><strong>Circumstantes,</strong></span> <span class='ocrx_word' id='word_1_228' title='bbox 690 1775 756 1826; x_wconf 88' lang='lat' dir='ltr'><strong>ut</strong></span> <span class='ocrx_word' id='word_1_229' title='bbox 784 1769 890 1826; x_wconf 88' lang='lat' dir='ltr'><strong>tibi</strong></span> <span class='ocrx_word' id='word_1_230' title='bbox 918 1770 1171 1839; x_wconf 85' lang='lat' dir='ltr'><strong>videtur,</strong></span> <span class='ocrx_word' id='word_1_231' title='bbox 1200 1769 1421 1835; x_wconf 88' lang='lat' dir='ltr'><strong>vicisti;</strong></span> <span class='ocrx_word' id='word_1_232' title='bbox 1471 1784 1607 1824; x_wconf 89' lang='lat' dir='ltr'><strong>ecce</strong></span> <span class='ocrx_word' id='word_1_233' title='bbox 1639 1784 1855 1825; x_wconf 90' lang='lat' dir='ltr'><strong>omnes</strong></span> 
     </span>
    </p>
   </div>
   <div class='ocr_carea' id='block_1_36' title="bbox 171 1857 1855 1932">
    <p class='ocr_par' dir='ltr' id='par_1_36' title="bbox 171 1857 1855 1932">
     <span class='ocr_line' id='line_1_36' title="bbox 171 1857 1855 1932; baseline -0.002 -13"><span class='ocrx_word' id='word_1_234' title='bbox 171 1861 508 1919; x_wconf 86' lang='lat' dir='ltr'><strong>subtilitate</strong></span> <span class='ocrx_word' id='word_1_235' title='bbox 567 1865 687 1932; x_wconf 89' lang='lat' dir='ltr'><strong>tua,</strong></span> <span class='ocrx_word' id='word_1_236' title='bbox 747 1861 868 1915; x_wconf 92' lang='lat' dir='ltr'><strong>Deo</strong></span> <span class='ocrx_word' id='word_1_237' title='bbox 922 1858 1232 1915; x_wconf 88' lang='lat' dir='ltr'><strong>veritatem</strong></span> <span class='ocrx_word' id='word_1_238' title='bbox 1284 1857 1624 1930; x_wconf 88' lang='lat' dir='ltr'><strong>incipiente,</strong></span> <span class='ocrx_word' id='word_1_239' title='bbox 1678 1860 1855 1930; x_wconf 60' lang='lat' dir='ltr'><strong>quasi</strong></span> 
     </span>
    </p>
   </div>
   <div class='ocr_carea' id='block_1_37' title="bbox 176 1947 1854 2019">
    <p class='ocr_par' dir='ltr' id='par_1_37' title="bbox 176 1947 1854 2019">
     <span class='ocr_line' id='line_1_37' title="bbox 176 1947 1854 2019; baseline -0.002 -11"><span class='ocrx_word' id='word_1_240' title='bbox 176 1951 512 2008; x_wconf 88' lang='lat' dir='ltr'><strong>mendaces</strong></span> <span class='ocrx_word' id='word_1_241' title='bbox 538 1949 889 2006; x_wconf 89' lang='lat' dir='ltr'><strong>ostendisti:</strong></span> <span class='ocrx_word' id='word_1_242' title='bbox 938 1949 1067 2019; x_wconf 88' lang='lat' dir='ltr'><strong>jam</strong></span> <span class='ocrx_word' id='word_1_243' title='bbox 1111 1948 1294 2004; x_wconf 89' lang='lat' dir='ltr'><strong>modo</strong></span> <span class='ocrx_word' id='word_1_244' title='bbox 1341 1947 1419 2003; x_wconf 90' lang='lat' dir='ltr'><strong>ad</strong></span> <span class='ocrx_word' id='word_1_245' title='bbox 1469 1963 1565 2002; x_wconf 92' lang='lat' dir='ltr'><strong>me</strong></span> <span class='ocrx_word' id='word_1_246' title='bbox 1603 1964 1854 2004; x_wconf 89' lang='lat' dir='ltr'><strong>conver-</strong></span> 
     </span>
    </p>
   </div>
   <div class='ocr_carea' id='block_1_38' title="bbox 182 2036 1857 2112">
    <p class='ocr_par' dir='ltr' id='par_1_38' title="bbox 182 2036 1857 2112">
     <span class='ocr_line' id='line_1_38' title="bbox 182 2036 1857 2112; baseline -0.002 -15"><span class='ocrx_word' id='word_1_247' title='bbox 182 2048 327 2109; x_wconf 88' lang='lat' dir='ltr'><strong>tere,</strong></span> <span class='ocrx_word' id='word_1_248' title='bbox 356 2046 417 2097; x_wconf 89' lang='lat' dir='ltr'><strong>et</strong></span> <span class='ocrx_word' id='word_1_249' title='bbox 444 2040 554 2096; x_wconf 91' lang='lat' dir='ltr'><strong>soli</strong></span> <span class='ocrx_word' id='word_1_250' title='bbox 582 2040 724 2096; x_wconf 89' lang='lat' dir='ltr'><strong>mihi</strong></span> <span class='ocrx_word' id='word_1_251' title='bbox 760 2055 868 2112; x_wconf 82' lang='lat' dir='ltr'><strong>per</strong></span> <span class='ocrx_word' id='word_1_252' title='bbox 888 2039 1187 2095; x_wconf 87' lang='lat' dir='ltr'><strong>Christum</strong></span> <span class='ocrx_word' id='word_1_253' title='bbox 1208 2038 1522 2109; x_wconf 86' lang='lat' dir='ltr'><strong>adjuratus</strong></span> <span class='ocrx_word' id='word_1_254' title='bbox 1549 2036 1857 2094; x_wconf 89' lang='lat' dir='ltr'><strong>veritatem</strong></span> 
     </span>
    </p>
   </div>
   <div class='ocr_carea' id='block_1_39' title="bbox 178 2126 1860 2203">
    <p class='ocr_par' dir='ltr' id='par_1_39' title="bbox 178 2126 1860 2203">
     <span class='ocr_line' id='line_1_39' title="bbox 178 2126 1860 2203; baseline -0.001 -17"><span class='ocrx_word' id='word_1_255' title='bbox 178 2130 509 2203; x_wconf 87' lang='lat' dir='ltr'><strong>responde.</strong></span> <span class='ocrx_word' id='word_1_256' title='bbox 557 2128 931 2199; x_wconf 87' lang='lat' dir='ltr'><strong>Evangelica,</strong></span> <span class='ocrx_word' id='word_1_257' title='bbox 976 2126 1190 2198; x_wconf 85' lang='lat' dir='ltr'><strong>inquit,</strong></span> <span class='ocrx_word' id='word_1_258' title='bbox 1220 2131 1273 2183; x_wconf 91' lang='lat' dir='ltr'><strong>te</strong></span> <span class='ocrx_word' id='word_1_259' title='bbox 1317 2126 1611 2182; x_wconf 89' lang='lat' dir='ltr'><strong>sententia</strong></span> <span class='ocrx_word' id='word_1_260' title='bbox 1652 2143 1860 2198; x_wconf 87' lang='lat' dir='ltr'><strong>aggre-</strong></span> 
     </span>
    </p>
   </div>
   <div class='ocr_carea' id='block_1_40' title="bbox 172 2215 1856 2291">
    <p class='ocr_par' dir='ltr' id='par_1_40' title="bbox 172 2215 1856 2291">
     <span class='ocr_line' id='line_1_40' title="bbox 172 2215 1856 2291; baseline -0.002 -15"><span class='ocrx_word' id='word_1_261' title='bbox 172 2221 338 2289; x_wconf 91' lang='lat' dir='ltr'><strong>dior,</strong></span> <span class='ocrx_word' id='word_1_262' title='bbox 370 2224 431 2274; x_wconf 82' lang='lat' dir='ltr'><strong>et</strong></span> <span class='ocrx_word' id='word_1_263' title='bbox 458 2218 601 2291; x_wconf 86' lang='lat' dir='ltr'><strong>quia</strong></span> <span class='ocrx_word' id='word_1_264' title='bbox 631 2233 879 2273; x_wconf 88' lang='lat' dir='ltr'><strong>sensum</strong></span> <span class='ocrx_word' id='word_1_265' title='bbox 925 2215 1338 2285; x_wconf 80' lang='lat' dir='ltr'><strong>evangelicum</strong></span> <span class='ocrx_word' id='word_1_266' title='bbox 1384 2231 1509 2269; x_wconf 92' lang='lat' dir='ltr'><strong>non</strong></span> <span class='ocrx_word' id='word_1_267' title='bbox 1555 2215 1731 2287; x_wconf 89' lang='lat' dir='ltr'><strong>plene</strong></span> <span class='ocrx_word' id='word_1_268' title='bbox 1760 2234 1856 2272; x_wconf 92' lang='lat' dir='ltr'><strong>sa-</strong></span> 
     </span>
    </p>
   </div>
   <div class='ocr_carea' id='block_1_41' title="bbox 174 2303 1857 2383">
    <p class='ocr_par' dir='ltr' id='par_1_41' title="bbox 174 2303 1857 2383">
     <span class='ocr_line' id='line_1_41' title="bbox 174 2303 1857 2383; baseline -0.003 -19"><span class='ocrx_word' id='word_1_269' title='bbox 174 2310 296 2383; x_wconf 90' lang='lat' dir='ltr'><strong>pis,</strong></span> <span class='ocrx_word' id='word_1_270' title='bbox 334 2313 390 2364; x_wconf 88' lang='lat' dir='ltr'><strong>te</strong></span> <span class='ocrx_word' id='word_1_271' title='bbox 442 2306 809 2363; x_wconf 86' lang='lat' dir='ltr'><strong>&#39;l‘beutonico</strong></span> <span class='ocrx_word' id='word_1_272' title='bbox 861 2320 1137 2360; x_wconf 89' lang='lat' dir='ltr'><strong>sermone</strong></span> <span class='ocrx_word' id='word_1_273' title='bbox 1185 2304 1485 2377; x_wconf 88' lang='lat' dir='ltr'><strong>alloquor.</strong></span> <span class='ocrx_word' id='word_1_274' title='bbox 1538 2303 1857 2371; x_wconf 86' lang='lat' dir='ltr'><strong>Hildewin,</strong></span> 
     </span>
    </p>
   </div>
   <div class='ocr_carea' id='block_1_42' title="bbox 175 2391 1862 2470">
    <p class='ocr_par' dir='ltr' id='par_1_42' title="bbox 175 2391 1862 2470">
     <span class='ocr_line' id='line_1_42' title="bbox 175 2391 1862 2470; baseline -0.003 -17"><span class='ocrx_word' id='word_1_275' title='bbox 175 2397 403 2470; x_wconf 89' lang='lat' dir='ltr'><strong>inquit,</strong></span> <span class='ocrx_word' id='word_1_276' title='bbox 474 2395 669 2465; x_wconf 84' lang='lat' dir='ltr'><strong>diligis</strong></span> <span class='ocrx_word' id='word_1_277' title='bbox 724 2395 870 2449; x_wconf 83' lang='lat' dir='ltr'><strong>me?</strong></span> <span class='ocrx_word' id='word_1_278' title='bbox 920 2398 994 2448; x_wconf 82' lang='lat' dir='ltr'><strong>At</strong></span> <span class='ocrx_word' id='word_1_279' title='bbox 1045 2392 1141 2448; x_wconf 90' lang='lat' dir='ltr'><strong>ille</strong></span> <span class='ocrx_word' id='word_1_280' title='bbox 1193 2392 1390 2449; x_wconf 88' lang='lat' dir='ltr'><strong>statim</strong></span> <span class='ocrx_word' id='word_1_281' title='bbox 1460 2391 1862 2448; x_wconf 86' lang='lat' dir='ltr'><strong>ﬁducialiter:</strong></span> 
     </span>
    </p>
   </div>
   <div class='ocr_carea' id='block_1_43' title="bbox 173 2482 1860 2554">
    <p class='ocr_par' dir='ltr' id='par_1_43' title="bbox 173 2482 1860 2554">
     <span class='ocr_line' id='line_1_43' title="bbox 173 2482 1860 2554; baseline -0.001 -16"><span class='ocrx_word' id='word_1_282' title='bbox 173 2512 204 2538; x_wconf 89' lang='grc'><strong>‹‹</strong></span> <span class='ocrx_word' id='word_1_283' title='bbox 232 2491 401 2554; x_wconf 86' lang='lat' dir='ltr'><strong>Vere,</strong></span> <span class='ocrx_word' id='word_1_284' title='bbox 464 2485 571 2553; x_wconf 90' lang='lat' dir='ltr'><strong>ait,</strong></span> <span class='ocrx_word' id='word_1_285' title='bbox 624 2483 808 2554; x_wconf 87' lang='lat' dir='ltr'><strong>diligo</strong></span> <span class='ocrx_word' id='word_1_286' title='bbox 866 2488 992 2538; x_wconf 83' lang='lat' dir='ltr'><strong>te.»</strong></span> <span class='ocrx_word' id='word_1_287' title='bbox 1060 2487 1201 2539; x_wconf 87' lang='lat' dir='ltr'><strong>Item</strong></span> <span class='ocrx_word' id='word_1_288' title='bbox 1249 2482 1612 2553; x_wconf 87' lang='lat' dir='ltr'><strong>episcopus:</strong></span> <span class='ocrx_word' id='word_1_289' title='bbox 1691 2504 1717 2530; x_wconf 85' lang='lat'><strong><em>«</em></strong></span> <span class='ocrx_word' id='word_1_290' title='bbox 1747 2482 1860 2537; x_wconf 88' lang='lat' dir='ltr'><strong>Hil-</strong></span> 
     </span>
    </p>
   </div>
   <div class='ocr_carea' id='block_1_44' title="bbox 182 2571 1861 2648">
    <p class='ocr_par' dir='ltr' id='par_1_44' title="bbox 182 2571 1861 2648">
     <span class='ocr_line' id='line_1_44' title="bbox 182 2571 1861 2648; baseline -0.003 -16"><span class='ocrx_word' id='word_1_291' title='bbox 182 2576 417 2644; x_wconf 86' lang='lat' dir='ltr'><strong>dewin,</strong></span> <span class='ocrx_word' id='word_1_292' title='bbox 468 2574 679 2648; x_wconf 88' lang='lat' dir='ltr'><strong>inquit,</strong></span> <span class='ocrx_word' id='word_1_293' title='bbox 724 2572 924 2643; x_wconf 90' lang='lat' dir='ltr'><strong>diligis</strong></span> <span class='ocrx_word' id='word_1_294' title='bbox 976 2588 1071 2627; x_wconf 90' lang='lat' dir='ltr'><strong>me</strong></span> <span class='ocrx_word' id='word_1_295' title='bbox 1093 2571 1121 2625; x_wconf 72' lang='lat' dir='ltr'><strong>‘I</strong></span> <span class='ocrx_word' id='word_1_296' title='bbox 1174 2576 1245 2627; x_wconf 85' lang='lat' dir='ltr'><strong>At</strong></span> <span class='ocrx_word' id='word_1_297' title='bbox 1290 2571 1424 2627; x_wconf 91' lang='lat' dir='ltr'><strong>ille:</strong></span> <span class='ocrx_word' id='word_1_298' title='bbox 1478 2574 1711 2640; x_wconf 81' lang='lat' dir='ltr'><strong>«Certe,</strong></span> <span class='ocrx_word' id='word_1_299' title='bbox 1758 2571 1861 2637; x_wconf 89' lang='lat' dir='ltr'><strong>ait,</strong></span> 
     </span>
    </p>
   </div>
   <div class='ocr_carea' id='block_1_45' title="bbox 183 2659 1860 2735">
    <p class='ocr_par' dir='ltr' id='par_1_45' title="bbox 183 2659 1860 2735">
     <span class='ocr_line' id='line_1_45' title="bbox 183 2659 1860 2735; baseline -0.004 -13"><span class='ocrx_word' id='word_1_300' title='bbox 183 2665 382 2735; x_wconf 88' lang='lat' dir='ltr'><strong>diligo</strong></span> <span class='ocrx_word' id='word_1_301' title='bbox 435 2667 509 2720; x_wconf 88' lang='lat' dir='ltr'><strong>te.</strong></span> <span class='ocrx_word' id='word_1_302' title='bbox 538 2683 566 2715; x_wconf 85' lang='grc'>›</span> <span class='ocrx_word' id='word_1_303' title='bbox 626 2667 767 2719; x_wconf 82' lang='lat' dir='ltr'><strong>Item</strong></span> <span class='ocrx_word' id='word_1_304' title='bbox 823 2660 1145 2733; x_wconf 91' lang='lat' dir='ltr'><strong>episcopus</strong></span> <span class='ocrx_word' id='word_1_305' title='bbox 1214 2660 1415 2716; x_wconf 89' lang='lat' dir='ltr'><strong>tertio:</strong></span> <span class='ocrx_word' id='word_1_306' title='bbox 1496 2681 1523 2707; x_wconf 89' lang='lat'><strong>«</strong></span> <span class='ocrx_word' id='word_1_307' title='bbox 1552 2659 1860 2729; x_wconf 86' lang='lat' dir='ltr'><strong>Hildewin,</strong></span> 
     </span>
    </p>
   </div>
   <div class='ocr_carea' id='block_1_46' title="bbox 185 2749 1862 2827">
    <p class='ocr_par' dir='ltr' id='par_1_46' title="bbox 185 2749 1862 2827">
     <span class='ocr_line' id='line_1_46' title="bbox 185 2749 1862 2827; baseline -0.005 -14"><span class='ocrx_word' id='word_1_308' title='bbox 185 2754 410 2827; x_wconf 88' lang='lat' dir='ltr'><strong>inquit,</strong></span> <span class='ocrx_word' id='word_1_309' title='bbox 439 2752 636 2822; x_wconf 86' lang='lat' dir='ltr'><strong>diligis</strong></span> <span class='ocrx_word' id='word_1_310' title='bbox 666 2768 762 2807; x_wconf 91' lang='lat' dir='ltr'><strong>me</strong></span> <span class='ocrx_word' id='word_1_311' title='bbox 784 2752 812 2806; x_wconf 85' lang='lat'><strong><em>?</em></strong></span> <span class='ocrx_word' id='word_1_312' title='bbox 840 2773 868 2799; x_wconf 83' lang='grc'><strong>››</strong></span> <span class='ocrx_word' id='word_1_313' title='bbox 900 2749 1167 2805; x_wconf 86' lang='lat' dir='ltr'><strong>Tandem</strong></span> <span class='ocrx_word' id='word_1_314' title='bbox 1190 2749 1285 2805; x_wconf 91' lang='lat' dir='ltr'><strong>ille</strong></span> <span class='ocrx_word' id='word_1_315' title='bbox 1316 2749 1495 2804; x_wconf 92' lang='lat' dir='ltr'><strong>miser</strong></span> <span class='ocrx_word' id='word_1_316' title='bbox 1514 2749 1862 2819; x_wconf 81' lang='lat' dir='ltr'><strong>evangelica</strong></span> 
     </span>
    </p>
   </div>
   <div class='ocr_carea' id='block_1_47' title="bbox 186 2837 1859 2914">
    <p class='ocr_par' dir='ltr' id='par_1_47' title="bbox 186 2837 1859 2914">
     <span class='ocr_line' id='line_1_47' title="bbox 186 2837 1859 2914; baseline -0.005 -14"><span class='ocrx_word' id='word_1_317' title='bbox 186 2845 294 2900; x_wconf 89' lang='lat' dir='ltr'><strong>illo</strong></span> <span class='ocrx_word' id='word_1_318' title='bbox 317 2840 598 2914; x_wconf 84' lang='lat' dir='ltr'><strong>exemplo</strong></span> <span class='ocrx_word' id='word_1_319' title='bbox 630 2839 1020 2913; x_wconf 86' lang='lat' dir='ltr'><strong>stupefactus,</strong></span> <span class='ocrx_word' id='word_1_320' title='bbox 1040 2837 1145 2893; x_wconf 81' lang='lat' dir='ltr'><strong>sed</strong></span> <span class='ocrx_word' id='word_1_321' title='bbox 1175 2853 1297 2893; x_wconf 90' lang='lat' dir='ltr'><strong>non</strong></span> <span class='ocrx_word' id='word_1_322' title='bbox 1323 2838 1452 2904; x_wconf 89' lang='lat' dir='ltr'><strong>rite,</strong></span> <span class='ocrx_word' id='word_1_323' title='bbox 1484 2838 1636 2910; x_wconf 90' lang='lat' dir='ltr'><strong>proh</strong></span> <span class='ocrx_word' id='word_1_324' title='bbox 1663 2838 1859 2894; x_wconf 89' lang='lat' dir='ltr'><strong>dolor!</strong></span> 
     </span>
    </p>
   </div>
   <div class='ocr_carea' id='block_1_48' title="bbox 1968 1682 3640 1752">
    <p class='ocr_par' dir='ltr' id='par_1_48' title="bbox 1968 1682 3640 1752">
     <span class='ocr_line' id='line_1_48' title="bbox 1968 1682 3640 1752; baseline 0.006 -16"><span class='ocrx_word' id='word_1_325' title='bbox 1968 1697 2113 1736; x_wconf 89' lang='lat' dir='ltr'><strong>cum</strong></span> <span class='ocrx_word' id='word_1_326' title='bbox 2158 1682 2286 1736; x_wconf 65' lang='lat' dir='ltr'><strong>haec</strong></span> <span class='ocrx_word' id='word_1_327' title='bbox 2329 1682 2621 1752; x_wconf 82' lang='lat' dir='ltr'><strong>legeretis,</strong></span> <span class='ocrx_word' id='word_1_328' title='bbox 2653 1682 3091 1749; x_wconf 66' lang='lat' dir='ltr'><strong>indulgentiam</strong></span> <span class='ocrx_word' id='word_1_329' title='bbox 3136 1687 3190 1741; x_wconf 92' lang='lat' dir='ltr'><strong>ei</strong></span> <span class='ocrx_word' id='word_1_330' title='bbox 3231 1692 3292 1744; x_wconf 89' lang='lat' dir='ltr'><strong>et</strong></span> <span class='ocrx_word' id='word_1_331' title='bbox 3338 1689 3640 1746; x_wconf 79' lang='lat' dir='ltr'><strong>remissio-</strong></span> 
     </span>
    </p>
   </div>
   <div class='ocr_carea' id='block_1_49' title="bbox 1965 1774 3641 1851">
    <p class='ocr_par' dir='ltr' id='par_1_49' title="bbox 1965 1774 3641 1851">
     <span class='ocr_line' id='line_1_49' title="bbox 1965 1774 3641 1851; baseline 0.006 -25"><span class='ocrx_word' id='word_1_332' title='bbox 1965 1785 2111 1825; x_wconf 90' lang='lat' dir='ltr'><strong>nem</strong></span> <span class='ocrx_word' id='word_1_333' title='bbox 2162 1776 2551 1843; x_wconf 86' lang='lat' dir='ltr'><strong>peccatorum</strong></span> <span class='ocrx_word' id='word_1_334' title='bbox 2594 1788 2705 1845; x_wconf 88' lang='lat' dir='ltr'><strong>pro</strong></span> <span class='ocrx_word' id='word_1_335' title='bbox 2753 1777 2951 1829; x_wconf 88' lang='lat' dir='ltr'><strong>vestra</strong></span> <span class='ocrx_word' id='word_1_336' title='bbox 2994 1774 3181 1845; x_wconf 80' lang='lat' dir='ltr'><strong>[edit.,</strong></span> <span class='ocrx_word' id='word_1_337' title='bbox 3214 1781 3438 1851; x_wconf 88' lang='lat' dir='ltr'><strong>nostra]</strong></span> <span class='ocrx_word' id='word_1_338' title='bbox 3486 1786 3641 1836; x_wconf 86' lang='lat' dir='ltr'><strong>certe</strong></span> 
     </span>
    </p>
   </div>
   <div class='ocr_carea' id='block_1_50' title="bbox 1964 1858 3643 1934">
    <p class='ocr_par' dir='ltr' id='par_1_50' title="bbox 1964 1858 3643 1934">
     <span class='ocr_line' id='line_1_50' title="bbox 1964 1858 3643 1934; baseline 0.007 -21"><span class='ocrx_word' id='word_1_339' title='bbox 1964 1858 2245 1917; x_wconf 88' lang='lat' dir='ltr'><strong>felicitate</strong></span> <span class='ocrx_word' id='word_1_340' title='bbox 2276 1879 2313 1917; x_wconf 91' lang='lat' dir='ltr'><strong>a</strong></span> <span class='ocrx_word' id='word_1_341' title='bbox 2346 1862 2598 1918; x_wconf 90' lang='lat' dir='ltr'><strong>Domino</strong></span> <span class='ocrx_word' id='word_1_342' title='bbox 2642 1861 2975 1934; x_wconf 88' lang='lat' dir='ltr'><strong>imploretis</strong></span> <span class='ocrx_word' id='word_1_343' title='bbox 3000 1869 3058 1919; x_wconf 89' lang='lat' dir='ltr'><strong>et</strong></span> <span class='ocrx_word' id='word_1_344' title='bbox 3099 1865 3183 1921; x_wconf 90' lang='lat' dir='ltr'><strong>sic</strong></span> <span class='ocrx_word' id='word_1_345' title='bbox 3216 1866 3365 1924; x_wconf 81' lang='lat' dir='ltr'><strong>forte</strong></span> <span class='ocrx_word' id='word_1_346' title='bbox 3395 1868 3523 1923; x_wconf 63' lang='lat' dir='ltr'><strong>haec</strong></span> <span class='ocrx_word' id='word_1_347' title='bbox 3553 1885 3643 1923; x_wconf 86' lang='lat' dir='ltr'><strong>re-</strong></span> 
     </span>
    </p>
   </div>
   <div class='ocr_carea' id='block_1_51' title="bbox 1964 1952 3642 2029">
    <p class='ocr_par' dir='ltr' id='par_1_51' title="bbox 1964 1952 3642 2029">
     <span class='ocr_line' id='line_1_51' title="bbox 1964 1952 3642 2029; baseline 0.005 -23"><span class='ocrx_word' id='word_1_348' title='bbox 1964 1952 2290 2023; x_wconf 89' lang='lat' dir='ltr'><strong>prehensio</strong></span> <span class='ocrx_word' id='word_1_349' title='bbox 2319 1954 2422 2008; x_wconf 84' lang='lat' dir='ltr'><strong>tiet</strong></span> <span class='ocrx_word' id='word_1_350' title='bbox 2450 1953 2531 2008; x_wconf 89' lang='lat' dir='ltr'><strong>illi</strong></span> <span class='ocrx_word' id='word_1_351' title='bbox 2583 1956 2722 2008; x_wconf 90' lang='lat' dir='ltr'><strong>ante</strong></span> <span class='ocrx_word' id='word_1_352' title='bbox 2771 1952 3249 2013; x_wconf 88' lang='lat' dir='ltr'><strong>misericordiam</strong></span> <span class='ocrx_word' id='word_1_353' title='bbox 3285 1957 3506 2029; x_wconf 89' lang='lat' dir='ltr'><strong>judicis</strong></span> <span class='ocrx_word' id='word_1_354' title='bbox 3544 1974 3642 2014; x_wconf 83' lang='lat' dir='ltr'><strong>ve-</strong></span> 
     </span>
    </p>
   </div>
   <div class='ocr_carea' id='block_1_52' title="bbox 1966 2039 2474 2098">
    <p class='ocr_par' dir='ltr' id='par_1_52' title="bbox 1966 2039 2474 2098">
     <span class='ocr_line' id='line_1_52' title="bbox 1966 2039 2474 2098; baseline 0 -4"><span class='ocrx_word' id='word_1_355' title='bbox 1966 2039 2147 2096; x_wconf 90' lang='lat' dir='ltr'><strong>nialis</strong></span> <span class='ocrx_word' id='word_1_356' title='bbox 2176 2042 2474 2098; x_wconf 89' lang='lat' dir='ltr'><strong>remissio.</strong></span> 
     </span>
    </p>
   </div>
   <div class='ocr_carea' id='block_1_53' title="bbox 2040 2132 3642 2204">
    <p class='ocr_par' dir='ltr' id='par_1_53' title="bbox 2040 2132 3642 2204">
     <span class='ocr_line' id='line_1_53' title="bbox 2040 2132 3642 2204; baseline 0.003 -17"><span class='ocrx_word' id='word_1_357' title='bbox 2040 2136 2129 2187; x_wconf 90' lang='lat'><strong>38.</strong></span> <span class='ocrx_word' id='word_1_358' title='bbox 2165 2135 2301 2188; x_wconf 90' lang='lat' dir='ltr'><strong>Erat</strong></span> <span class='ocrx_word' id='word_1_359' title='bbox 2327 2149 2574 2204; x_wconf 89' lang='lat' dir='ltr'><strong>quoque</strong></span> <span class='ocrx_word' id='word_1_360' title='bbox 2595 2132 2652 2186; x_wconf 90' lang='lat' dir='ltr'><strong>in</strong></span> <span class='ocrx_word' id='word_1_361' title='bbox 2684 2136 2888 2186; x_wconf 88' lang='lat' dir='ltr'><strong>nostra</strong></span> <span class='ocrx_word' id='word_1_362' title='bbox 2913 2136 3381 2203; x_wconf 82' lang='lat' dir='ltr'><strong>congregatione</strong></span> <span class='ocrx_word' id='word_1_363' title='bbox 3404 2138 3493 2192; x_wconf 89' lang='lat' dir='ltr'><strong>vir</strong></span> <span class='ocrx_word' id='word_1_364' title='bbox 3511 2137 3642 2192; x_wconf 69' lang='lat' dir='ltr'><strong>vitae</strong></span> 
     </span>
    </p>
   </div>
   <div class='ocr_carea' id='block_1_54' title="bbox 1966 2221 3636 2296">
    <p class='ocr_par' dir='ltr' id='par_1_54' title="bbox 1966 2221 3636 2296">
     <span class='ocr_line' id='line_1_54' title="bbox 1966 2221 3636 2296; baseline 0.002 -21"><span class='ocrx_word' id='word_1_365' title='bbox 1966 2222 2351 2291; x_wconf 87' lang='lat' dir='ltr'><strong>venerabilis,</strong></span> <span class='ocrx_word' id='word_1_366' title='bbox 2385 2239 2455 2278; x_wconf 88' lang='lat' dir='ltr'><strong>ac</strong></span> <span class='ocrx_word' id='word_1_367' title='bbox 2485 2222 2544 2276; x_wconf 91' lang='lat' dir='ltr'><strong>in</strong></span> <span class='ocrx_word' id='word_1_368' title='bbox 2576 2221 2743 2275; x_wconf 90' lang='lat' dir='ltr'><strong>omni</strong></span> <span class='ocrx_word' id='word_1_369' title='bbox 2771 2224 3079 2278; x_wconf 76' lang='lat' dir='ltr'><strong>canonicae</strong></span> <span class='ocrx_word' id='word_1_370' title='bbox 3104 2226 3326 2296; x_wconf 66' lang='lat' dir='ltr'><strong>regulae</strong></span> <span class='ocrx_word' id='word_1_371' title='bbox 3357 2225 3636 2281; x_wconf 83' lang='lat' dir='ltr'><strong>observa-</strong></span> 
     </span>
    </p>
   </div>
   <div class='ocr_carea' id='block_1_55' title="bbox 1970 2308 3641 2385">
    <p class='ocr_par' dir='ltr' id='par_1_55' title="bbox 1970 2308 3641 2385">
     <span class='ocr_line' id='line_1_55' title="bbox 1970 2308 3641 2385; baseline 0.002 -21"><span class='ocrx_word' id='word_1_372' title='bbox 1970 2308 2128 2365; x_wconf 89' lang='lat' dir='ltr'><strong>tione</strong></span> <span class='ocrx_word' id='word_1_373' title='bbox 2148 2311 2283 2379; x_wconf 91' lang='lat' dir='ltr'><strong>jure</strong></span> <span class='ocrx_word' id='word_1_374' title='bbox 2310 2310 2653 2379; x_wconf 86' lang='lat' dir='ltr'><strong>laudabilis,</strong></span> <span class='ocrx_word' id='word_1_375' title='bbox 2683 2310 2927 2365; x_wconf 85' lang='lat' dir='ltr'><strong>nomine</strong></span> <span class='ocrx_word' id='word_1_376' title='bbox 2958 2312 3184 2378; x_wconf 91' lang='lat' dir='ltr'><strong>Tadilo,</strong></span> <span class='ocrx_word' id='word_1_377' title='bbox 3215 2313 3291 2368; x_wconf 88' lang='lat' dir='ltr'><strong>de</strong></span> <span class='ocrx_word' id='word_1_378' title='bbox 3308 2329 3435 2385; x_wconf 85' lang='lat' dir='ltr'><strong>quo</strong></span> <span class='ocrx_word' id='word_1_379' title='bbox 3456 2313 3641 2368; x_wconf 76' lang='lat' dir='ltr'><strong>etiam</strong></span> 
     </span>
    </p>
   </div>
   <div class='ocr_carea' id='block_1_56' title="bbox 1970 2398 3640 2471">
    <p class='ocr_par' dir='ltr' id='par_1_56' title="bbox 1970 2398 3640 2471">
     <span class='ocr_line' id='line_1_56' title="bbox 1970 2398 3640 2471; baseline 0.004 -20"><span class='ocrx_word' id='word_1_380' title='bbox 1970 2414 2158 2470; x_wconf 89' lang='lat' dir='ltr'><strong>supra</strong></span> <span class='ocrx_word' id='word_1_381' title='bbox 2188 2416 2388 2471; x_wconf 88' lang='lat' dir='ltr'><strong>pauca</strong></span> <span class='ocrx_word' id='word_1_382' title='bbox 2415 2399 2609 2468; x_wconf 91' lang='lat' dir='ltr'><strong>retuli,</strong></span> <span class='ocrx_word' id='word_1_383' title='bbox 2627 2398 2824 2470; x_wconf 88' lang='lat' dir='ltr'><strong>primo</strong></span> <span class='ocrx_word' id='word_1_384' title='bbox 2858 2399 2974 2454; x_wconf 92' lang='lat' dir='ltr'><strong>sub</strong></span> <span class='ocrx_word' id='word_1_385' title='bbox 3001 2400 3254 2457; x_wconf 89' lang='lat' dir='ltr'><strong>domino</strong></span> <span class='ocrx_word' id='word_1_386' title='bbox 3278 2402 3640 2457; x_wconf 79' lang='lat' dir='ltr'><strong>Bernwardo</strong></span> 
     </span>
    </p>
   </div>
   <div class='ocr_carea' id='block_1_57' title="bbox 1970 2486 3640 2561">
    <p class='ocr_par' dir='ltr' id='par_1_57' title="bbox 1970 2486 3640 2561">
     <span class='ocr_line' id='line_1_57' title="bbox 1970 2486 3640 2561; baseline 0.004 -20"><span class='ocrx_word' id='word_1_387' title='bbox 1970 2503 2081 2560; x_wconf 93' lang='lat' dir='ltr'><strong>pro</strong></span> <span class='ocrx_word' id='word_1_388' title='bbox 2101 2486 2243 2543; x_wconf 89' lang='lat' dir='ltr'><strong>ﬁdei</strong></span> <span class='ocrx_word' id='word_1_389' title='bbox 2263 2493 2321 2544; x_wconf 90' lang='lat' dir='ltr'><strong>et</strong></span> <span class='ocrx_word' id='word_1_390' title='bbox 2336 2487 2642 2543; x_wconf 66' lang='lat' dir='ltr'><strong>industriae</strong></span> <span class='ocrx_word' id='word_1_391' title='bbox 2660 2488 3057 2559; x_wconf 70' lang='lat' dir='ltr'><strong>praerogativa</strong></span> <span class='ocrx_word' id='word_1_392' title='bbox 3076 2490 3516 2561; x_wconf 88' lang='lat' dir='ltr'><strong>vicedominus,</strong></span> <span class='ocrx_word' id='word_1_393' title='bbox 3536 2492 3640 2547; x_wconf 90' lang='lat' dir='ltr'><strong>sed</strong></span> 
     </span>
    </p>
   </div>
   <div class='ocr_carea' id='block_1_58' title="bbox 1972 2576 3641 2648">
    <p class='ocr_par' dir='ltr' id='par_1_58' title="bbox 1972 2576 3641 2648">
     <span class='ocr_line' id='line_1_58' title="bbox 1972 2576 3641 2648; baseline 0.002 -17"><span class='ocrx_word' id='word_1_394' title='bbox 1972 2576 2051 2631; x_wconf 91' lang='lat' dir='ltr'><strong>ab</strong></span> <span class='ocrx_word' id='word_1_395' title='bbox 2081 2576 2198 2631; x_wconf 92' lang='lat' dir='ltr'><strong>hoc</strong></span> <span class='ocrx_word' id='word_1_396' title='bbox 2228 2577 2407 2633; x_wconf 88' lang='lat' dir='ltr'><strong>beato</strong></span> <span class='ocrx_word' id='word_1_397' title='bbox 2435 2576 2715 2648; x_wconf 84' lang='lat' dir='ltr'><strong>pontitice</strong></span> <span class='ocrx_word' id='word_1_398' title='bbox 2747 2590 2856 2648; x_wconf 90' lang='lat' dir='ltr'><strong>pro</strong></span> <span class='ocrx_word' id='word_1_399' title='bbox 2887 2577 3134 2635; x_wconf 84' lang='lat' dir='ltr'><strong>utilitate</strong></span> <span class='ocrx_word' id='word_1_400' title='bbox 3165 2579 3436 2635; x_wconf 62' lang='lat' dir='ltr'><strong>Ecclesim</strong></span> <span class='ocrx_word' id='word_1_401' title='bbox 3458 2581 3641 2636; x_wconf 84' lang='lat' dir='ltr'><strong>deca-</strong></span> 
     </span>
    </p>
   </div>
   <div class='ocr_carea' id='block_1_59' title="bbox 1972 2664 3644 2742">
    <p class='ocr_par' dir='ltr' id='par_1_59' title="bbox 1972 2664 3644 2742">
     <span class='ocr_line' id='line_1_59' title="bbox 1972 2664 3644 2742; baseline 0.004 -23"><span class='ocrx_word' id='word_1_402' title='bbox 1972 2664 2086 2719; x_wconf 83' lang='lat' dir='ltr'><strong>niae</strong></span> <span class='ocrx_word' id='word_1_403' title='bbox 2116 2680 2187 2719; x_wconf 90' lang='lat' dir='ltr'><strong>ac</strong></span> <span class='ocrx_word' id='word_1_404' title='bbox 2217 2664 2479 2721; x_wconf 85' lang='lat' dir='ltr'><strong>scholari</strong></span> <span class='ocrx_word' id='word_1_405' title='bbox 2506 2665 2851 2734; x_wconf 88' lang='lat' dir='ltr'><strong>magisterio</strong></span> <span class='ocrx_word' id='word_1_406' title='bbox 2895 2667 3262 2738; x_wconf 70' lang='lat' dir='ltr'><strong>praestitutus</strong></span> <span class='ocrx_word' id='word_1_407' title='bbox 3287 2687 3299 2735; x_wconf 93' lang='lat'><strong>;</strong></span> <span class='ocrx_word' id='word_1_408' title='bbox 3328 2672 3391 2724; x_wconf 83' lang='lat' dir='ltr'><strong>et</strong></span> <span class='ocrx_word' id='word_1_409' title='bbox 3414 2669 3562 2742; x_wconf 84' lang='lat' dir='ltr'><strong>quia</strong></span> <span class='ocrx_word' id='word_1_410' title='bbox 3589 2669 3644 2725; x_wconf 88' lang='lat' dir='ltr'><strong>ei</strong></span> 
     </span>
    </p>
   </div>
   <div class='ocr_carea' id='block_1_60' title="bbox 1973 2742 3643 2830">
    <p class='ocr_par' dir='ltr' id='par_1_60' title="bbox 1973 2742 3643 2830">
     <span class='ocr_line' id='line_1_60' title="bbox 1973 2742 3643 2830; baseline 0.004 -22"><span class='ocrx_word' id='word_1_411' title='bbox 1973 2770 2083 2827; x_wconf 88' lang='lat' dir='ltr'><strong>pro</strong></span> <span class='ocrx_word' id='word_1_412' title='bbox 2105 2753 2412 2823; x_wconf 89' lang='lat' dir='ltr'><strong>religionis</strong></span> <span class='ocrx_word' id='word_1_413' title='bbox 2442 2759 2501 2810; x_wconf 92' lang='lat' dir='ltr'><strong>et</strong></span> <span class='ocrx_word' id='word_1_414' title='bbox 2524 2742 2826 2811; x_wconf 73' lang='lat' dir='ltr'><strong>charitatis</strong></span> <span class='ocrx_word' id='word_1_415' title='bbox 2859 2756 3042 2826; x_wconf 80' lang='lat' dir='ltr'><strong>[Bot.,</strong></span> <span class='ocrx_word' id='word_1_416' title='bbox 3062 2756 3298 2830; x_wconf 86' lang='lat' dir='ltr'><strong>pietatis</strong></span> <span class='ocrx_word' id='word_1_417' title='bbox 3325 2762 3383 2813; x_wconf 89' lang='lat' dir='ltr'><strong>et</strong></span> <span class='ocrx_word' id='word_1_418' title='bbox 3405 2758 3643 2815; x_wconf 60' lang='lat' dir='ltr'><strong>castita-</strong></span> 
     </span>
    </p>
   </div>
   <div class='ocr_carea' id='block_1_61' title="bbox 1973 2842 3645 2919">
    <p class='ocr_par' dir='ltr' id='par_1_61' title="bbox 1973 2842 3645 2919">
     <span class='ocr_line' id='line_1_61' title="bbox 1973 2842 3645 2919; baseline 0.004 -20"><span class='ocrx_word' id='word_1_419' title='bbox 1973 2842 2065 2914; x_wconf 91' lang='lat' dir='ltr'><strong>tis]</strong></span> <span class='ocrx_word' id='word_1_420' title='bbox 2098 2845 2313 2900; x_wconf 88' lang='lat' dir='ltr'><strong>merito</strong></span> <span class='ocrx_word' id='word_1_421' title='bbox 2362 2844 2542 2899; x_wconf 86' lang='lat' dir='ltr'><strong>corde</strong></span> <span class='ocrx_word' id='word_1_422' title='bbox 2590 2848 2763 2900; x_wconf 89' lang='lat' dir='ltr'><strong>tenus</strong></span> <span class='ocrx_word' id='word_1_423' title='bbox 2815 2845 3201 2919; x_wconf 90' lang='lat' dir='ltr'><strong>complacuit,</strong></span> <span class='ocrx_word' id='word_1_424' title='bbox 3242 2863 3381 2903; x_wconf 87' lang='lat' dir='ltr'><strong>cum</strong></span> <span class='ocrx_word' id='word_1_425' title='bbox 3424 2848 3539 2904; x_wconf 80' lang='lat' dir='ltr'><strong>sibi</strong></span> <span class='ocrx_word' id='word_1_426' title='bbox 3584 2848 3645 2904; x_wconf 88' lang='lat' dir='ltr'><strong>in</strong></span> 
     </span>
    </p>
   </div>
   <div class='ocr_carea' id='block_1_62' title="bbox 189 2927 3648 3010">
    <p class='ocr_par' dir='ltr' id='par_1_62' title="bbox 189 2927 3648 3010">
     <span class='ocr_line' id='line_1_62' title="bbox 189 2927 3648 3010; baseline 0.001 -20"><span class='ocrx_word' id='word_1_427' title='bbox 189 2935 631 3005; x_wconf 89' lang='lat' dir='ltr'><strong>Compunctus,</strong></span> <span class='ocrx_word' id='word_1_428' title='bbox 663 2929 815 2985; x_wconf 87' lang='lat' dir='ltr'><strong>irato</strong></span> <span class='ocrx_word' id='word_1_429' title='bbox 867 2927 1088 3001; x_wconf 89' lang='lat' dir='ltr'><strong>pariter</strong></span> <span class='ocrx_word' id='word_1_430' title='bbox 1138 2932 1198 2983; x_wconf 92' lang='lat' dir='ltr'><strong>et</strong></span> <span class='ocrx_word' id='word_1_431' title='bbox 1239 2927 1420 2983; x_wconf 87' lang='lat' dir='ltr'><strong>ﬂebili</strong></span> <span class='ocrx_word' id='word_1_432' title='bbox 1469 2942 1744 2984; x_wconf 82' lang='lat' dir='ltr'><strong>sermone</strong></span> <span class='ocrx_word' id='word_1_433' title='bbox 1772 2943 1863 2983; x_wconf 90' lang='lat' dir='ltr'><strong>re—</strong></span> <span class='ocrx_word' id='word_1_434' title='bbox 1896 2954 1945 3010; x_wconf 68' lang='grc' dir='ltr'><strong>ο</strong></span> <span class='ocrx_word' id='word_1_435' title='bbox 1976 2933 2445 2988; x_wconf 87' lang='lat' dir='ltr'><strong>consecretalem</strong></span> <span class='ocrx_word' id='word_1_436' title='bbox 2498 2937 2553 2988; x_wconf 90' lang='lat' dir='ltr'><strong>et</strong></span> <span class='ocrx_word' id='word_1_437' title='bbox 2598 2937 3001 3005; x_wconf 86' lang='lat' dir='ltr'><strong>symmystam</strong></span> <span class='ocrx_word' id='word_1_438' title='bbox 3062 2935 3123 2990; x_wconf 92' lang='lat' dir='ltr'><strong>in</strong></span> <span class='ocrx_word' id='word_1_439' title='bbox 3178 2935 3278 2992; x_wconf 86' lang='lat' dir='ltr'><strong>Dei</strong></span> <span class='ocrx_word' id='word_1_440' title='bbox 3330 2937 3648 2994; x_wconf 84' lang='lat' dir='ltr'><strong>servimine</strong></span> 
     </span>
    </p>
   </div>
   <div class='ocr_carea' id='block_1_63' title="bbox 189 3016 1869 3095">
    <p class='ocr_par' dir='ltr' id='par_1_63' title="bbox 189 3016 1869 3095">
     <span class='ocr_line' id='line_1_63' title="bbox 189 3016 1869 3095; baseline -0.004 -17"><span class='ocrx_word' id='word_1_441' title='bbox 189 3021 479 3095; x_wconf 85' lang='lat' dir='ltr'><strong>spondit:</strong></span> <span class='ocrx_word' id='word_1_442' title='bbox 534 3043 561 3069; x_wconf 84' lang='lat'><strong>«</strong></span> <span class='ocrx_word' id='word_1_443' title='bbox 584 3021 763 3085; x_wconf 86' lang='lat' dir='ltr'><strong>Deus,</strong></span> <span class='ocrx_word' id='word_1_444' title='bbox 795 3018 1008 3090; x_wconf 91' lang='lat' dir='ltr'><strong>inquit,</strong></span> <span class='ocrx_word' id='word_1_445' title='bbox 1041 3017 1145 3090; x_wconf 88' lang='lat' dir='ltr'><strong>qui</strong></span> <span class='ocrx_word' id='word_1_446' title='bbox 1190 3017 1396 3073; x_wconf 89' lang='lat' dir='ltr'><strong>omnia</strong></span> <span class='ocrx_word' id='word_1_447' title='bbox 1441 3016 1567 3083; x_wconf 87' lang='lat' dir='ltr'><strong>scit,</strong></span> <span class='ocrx_word' id='word_1_448' title='bbox 1602 3017 1727 3089; x_wconf 92' lang='lat' dir='ltr'><strong>ipse</strong></span> <span class='ocrx_word' id='word_1_449' title='bbox 1760 3017 1869 3072; x_wconf 90' lang='lat' dir='ltr'><strong>scit</strong></span> 
     </span>
    </p>
   </div>
   <div class='ocr_carea' id='block_1_64' title="bbox 189 3106 1869 3186">
    <p class='ocr_par' dir='ltr' id='par_1_64' title="bbox 189 3106 1869 3186">
     <span class='ocr_line' id='line_1_64' title="bbox 189 3106 1869 3186; baseline -0.004 -18"><span class='ocrx_word' id='word_1_450' title='bbox 189 3112 342 3186; x_wconf 87' lang='lat' dir='ltr'><strong>quia</strong></span> <span class='ocrx_word' id='word_1_451' title='bbox 394 3126 533 3166; x_wconf 90' lang='lat' dir='ltr'><strong>vere</strong></span> <span class='ocrx_word' id='word_1_452' title='bbox 576 3109 763 3179; x_wconf 86' lang='lat' dir='ltr'><strong>diligo</strong></span> <span class='ocrx_word' id='word_1_453' title='bbox 813 3112 943 3163; x_wconf 84' lang='lat' dir='ltr'><strong>te.»</strong></span> <span class='ocrx_word' id='word_1_454' title='bbox 987 3110 1149 3162; x_wconf 90' lang='lat' dir='ltr'><strong>&#39;l‘unc</strong></span> <span class='ocrx_word' id='word_1_455' title='bbox 1193 3106 1445 3179; x_wconf 64' lang='lat' dir='ltr'><strong>praesul:</strong></span> <span class='ocrx_word' id='word_1_456' title='bbox 1510 3128 1537 3154; x_wconf 85' lang='lat'><strong><em>«</em></strong></span> <span class='ocrx_word' id='word_1_457' title='bbox 1569 3109 1735 3175; x_wconf 90' lang='lat' dir='ltr'><strong>Ecce,</strong></span> <span class='ocrx_word' id='word_1_458' title='bbox 1784 3106 1869 3161; x_wconf 89' lang='lat' dir='ltr'><strong>in-</strong></span> 
     </span>
    </p>
   </div>
   <div class='ocr_carea' id='block_1_65' title="bbox 189 3194 1867 3275">
    <p class='ocr_par' dir='ltr' id='par_1_65' title="bbox 189 3194 1867 3275">
     <span class='ocr_line' id='line_1_65' title="bbox 189 3194 1867 3275; baseline -0.004 -18"><span class='ocrx_word' id='word_1_459' title='bbox 189 3203 347 3275; x_wconf 85' lang='lat' dir='ltr'><strong>quit,</strong></span> <span class='ocrx_word' id='word_1_460' title='bbox 377 3200 676 3272; x_wconf 90' lang='lat' dir='ltr'><strong>siquidem</strong></span> <span class='ocrx_word' id='word_1_461' title='bbox 722 3214 934 3253; x_wconf 89' lang='lat' dir='ltr'><strong>verum</strong></span> <span class='ocrx_word' id='word_1_462' title='bbox 978 3196 1146 3265; x_wconf 90' lang='lat' dir='ltr'><strong>dicis,</strong></span> <span class='ocrx_word' id='word_1_463' title='bbox 1180 3196 1326 3252; x_wconf 86' lang='lat' dir='ltr'><strong>mihi</strong></span> <span class='ocrx_word' id='word_1_464' title='bbox 1357 3194 1729 3262; x_wconf 88' lang='lat' dir='ltr'><strong>satisfecisti;</strong></span> <span class='ocrx_word' id='word_1_465' title='bbox 1776 3195 1867 3251; x_wconf 90' lang='lat' dir='ltr'><strong>sin</strong></span> 
     </span>
    </p>
   </div>
   <div class='ocr_carea' id='block_1_66' title="bbox 192 3284 1867 3360">
    <p class='ocr_par' dir='ltr' id='par_1_66' title="bbox 192 3284 1867 3360">
     <span class='ocr_line' id='line_1_66' title="bbox 192 3284 1867 3360; baseline -0.004 -13"><span class='ocrx_word' id='word_1_466' title='bbox 192 3295 405 3348; x_wconf 88' lang='lat' dir='ltr'><strong>autem</strong></span> <span class='ocrx_word' id='word_1_467' title='bbox 435 3288 680 3360; x_wconf 87' lang='lat' dir='ltr'><strong>desipis,</strong></span> <span class='ocrx_word' id='word_1_468' title='bbox 709 3286 1093 3358; x_wconf 90' lang='lat' dir='ltr'><strong>temetipsum</strong></span> <span class='ocrx_word' id='word_1_469' title='bbox 1122 3285 1537 3341; x_wconf 87' lang='lat' dir='ltr'><strong>miserabiliter</strong></span> <span class='ocrx_word' id='word_1_470' title='bbox 1568 3284 1867 3354; x_wconf 86' lang='lat' dir='ltr'><strong>obligasti.</strong></span> 
     </span>
    </p>
   </div>
   <div class='ocr_carea' id='block_1_67' title="bbox 196 3375 1872 3449">
    <p class='ocr_par' dir='ltr' id='par_1_67' title="bbox 196 3375 1872 3449">
     <span class='ocr_line' id='line_1_67' title="bbox 196 3375 1872 3449; baseline -0.006 -10"><span class='ocrx_word' id='word_1_471' title='bbox 196 3381 319 3439; x_wconf 83' lang='lat' dir='ltr'><strong>Sed</strong></span> <span class='ocrx_word' id='word_1_472' title='bbox 364 3379 417 3435; x_wconf 91' lang='lat' dir='ltr'><strong>si</strong></span> <span class='ocrx_word' id='word_1_473' title='bbox 461 3395 580 3449; x_wconf 90' lang='lat' dir='ltr'><strong>me,</strong></span> <span class='ocrx_word' id='word_1_474' title='bbox 609 3383 675 3434; x_wconf 92' lang='lat' dir='ltr'><strong>ut</strong></span> <span class='ocrx_word' id='word_1_475' title='bbox 722 3376 895 3439; x_wconf 90' lang='lat' dir='ltr'><strong>dicis,</strong></span> <span class='ocrx_word' id='word_1_476' title='bbox 946 3375 1196 3432; x_wconf 82' lang='lat' dir='ltr'><strong>ﬁdeliter</strong></span> <span class='ocrx_word' id='word_1_477' title='bbox 1233 3375 1452 3448; x_wconf 87' lang='lat' dir='ltr'><strong>diligis,</strong></span> <span class='ocrx_word' id='word_1_478' title='bbox 1498 3391 1677 3448; x_wconf 91' lang='lat' dir='ltr'><strong>pasce</strong></span> <span class='ocrx_word' id='word_1_479' title='bbox 1726 3391 1872 3431; x_wconf 90' lang='lat' dir='ltr'><strong>oves</strong></span> 
     </span>
    </p>
   </div>
   <div class='ocr_carea' id='block_1_68' title="bbox 199 3464 1872 3538">
    <p class='ocr_par' dir='ltr' id='par_1_68' title="bbox 199 3464 1872 3538">
     <span class='ocr_line' id='line_1_68' title="bbox 199 3464 1872 3538; baseline -0.004 -11"><span class='ocrx_word' id='word_1_480' title='bbox 199 3486 395 3538; x_wconf 91' lang='lat' dir='ltr'><strong>meas,</strong></span> <span class='ocrx_word' id='word_1_481' title='bbox 424 3469 485 3525; x_wconf 93' lang='lat' dir='ltr'><strong>id</strong></span> <span class='ocrx_word' id='word_1_482' title='bbox 511 3472 620 3535; x_wconf 91' lang='lat' dir='ltr'><strong>est,</strong></span> <span class='ocrx_word' id='word_1_483' title='bbox 652 3467 835 3537; x_wconf 90' lang='lat' dir='ltr'><strong>dilige</strong></span> <span class='ocrx_word' id='word_1_484' title='bbox 885 3466 1092 3522; x_wconf 86' lang='lat' dir='ltr'><strong>fratres</strong></span> <span class='ocrx_word' id='word_1_485' title='bbox 1124 3470 1180 3522; x_wconf 92' lang='lat' dir='ltr'><strong>et</strong></span> <span class='ocrx_word' id='word_1_486' title='bbox 1206 3465 1437 3522; x_wconf 89' lang='lat' dir='ltr'><strong>amicos</strong></span> <span class='ocrx_word' id='word_1_487' title='bbox 1468 3482 1657 3535; x_wconf 91' lang='lat' dir='ltr'><strong>meos,</strong></span> <span class='ocrx_word' id='word_1_488' title='bbox 1690 3464 1872 3521; x_wconf 89' lang='lat' dir='ltr'><strong>etiam</strong></span> 
     </span>
    </p>
   </div>
   <div class='ocr_carea' id='block_1_69' title="bbox 201 3555 1876 3633">
    <p class='ocr_par' dir='ltr' id='par_1_69' title="bbox 201 3555 1876 3633">
     <span class='ocr_line' id='line_1_69' title="bbox 201 3555 1876 3633; baseline -0.004 -16"><span class='ocrx_word' id='word_1_489' title='bbox 201 3560 473 3633; x_wconf 81' lang='lat' dir='ltr'><strong>hospites</strong></span> <span class='ocrx_word' id='word_1_490' title='bbox 519 3562 576 3615; x_wconf 91' lang='lat' dir='ltr'><strong>et</strong></span> <span class='ocrx_word' id='word_1_491' title='bbox 621 3571 919 3630; x_wconf 89' lang='lat' dir='ltr'><strong>pauperes</strong></span> <span class='ocrx_word' id='word_1_492' title='bbox 973 3571 1180 3621; x_wconf 91' lang='lat' dir='ltr'><strong>meos;</strong></span> <span class='ocrx_word' id='word_1_493' title='bbox 1225 3555 1405 3625; x_wconf 82' lang='lat' dir='ltr'><strong>dilige</strong></span> <span class='ocrx_word' id='word_1_494' title='bbox 1453 3572 1775 3611; x_wconf 80' lang='lat' dir='ltr'><strong>conservos</strong></span> <span class='ocrx_word' id='word_1_495' title='bbox 1819 3559 1876 3610; x_wconf 94' lang='lat' dir='ltr'><strong>et</strong></span> 
     </span>
    </p>
   </div>
   <div class='ocr_carea' id='block_1_70' title="bbox 205 3645 1877 3718">
    <p class='ocr_par' dir='ltr' id='par_1_70' title="bbox 205 3645 1877 3718">
     <span class='ocr_line' id='line_1_70' title="bbox 205 3645 1877 3718; baseline -0.004 -12"><span class='ocrx_word' id='word_1_496' title='bbox 205 3648 567 3706; x_wconf 85' lang='lat' dir='ltr'><strong>domesticos</strong></span> <span class='ocrx_word' id='word_1_497' title='bbox 615 3652 771 3704; x_wconf 90' lang='lat' dir='ltr'><strong>tuos.</strong></span> <span class='ocrx_word' id='word_1_498' title='bbox 807 3645 971 3702; x_wconf 90' lang='lat' dir='ltr'><strong>Unde</strong></span> <span class='ocrx_word' id='word_1_499' title='bbox 1017 3650 1075 3702; x_wconf 92' lang='lat' dir='ltr'><strong>et</strong></span> <span class='ocrx_word' id='word_1_500' title='bbox 1124 3661 1231 3718; x_wconf 91' lang='lat' dir='ltr'><strong>per</strong></span> <span class='ocrx_word' id='word_1_501' title='bbox 1273 3648 1459 3701; x_wconf 90' lang='lat' dir='ltr'><strong>Deum</strong></span> <span class='ocrx_word' id='word_1_502' title='bbox 1508 3650 1559 3701; x_wconf 91' lang='lat' dir='ltr'><strong>te</strong></span> <span class='ocrx_word' id='word_1_503' title='bbox 1608 3661 1877 3701; x_wconf 88' lang='lat' dir='ltr'><strong>commo-</strong></span> 
     </span>
    </p>
   </div>
   <div class='ocr_carea' id='block_1_71' title="bbox 208 3733 1873 3809">
    <p class='ocr_par' dir='ltr' id='par_1_71' title="bbox 208 3733 1873 3809">
     <span class='ocr_line' id='line_1_71' title="bbox 208 3733 1873 3809; baseline -0.003 -16"><span class='ocrx_word' id='word_1_504' title='bbox 208 3752 350 3805; x_wconf 87' lang='lat' dir='ltr'><strong>nec,</strong></span> <span class='ocrx_word' id='word_1_505' title='bbox 376 3740 438 3794; x_wconf 88' lang='lat' dir='ltr'><strong>ut</strong></span> <span class='ocrx_word' id='word_1_506' title='bbox 488 3737 537 3793; x_wconf 92' lang='lat' dir='ltr'><strong>si</strong></span> <span class='ocrx_word' id='word_1_507' title='bbox 583 3752 723 3794; x_wconf 83' lang='lat' dir='ltr'><strong>vere</strong></span> <span class='ocrx_word' id='word_1_508' title='bbox 763 3734 996 3809; x_wconf 89' lang='lat' dir='ltr'><strong>jurasti,</strong></span> <span class='ocrx_word' id='word_1_509' title='bbox 1030 3738 1084 3791; x_wconf 89' lang='lat' dir='ltr'><strong>te</strong></span> <span class='ocrx_word' id='word_1_510' title='bbox 1131 3734 1194 3789; x_wconf 93' lang='lat' dir='ltr'><strong>in</strong></span> <span class='ocrx_word' id='word_1_511' title='bbox 1230 3733 1479 3791; x_wconf 88' lang='lat' dir='ltr'><strong>veritate</strong></span> <span class='ocrx_word' id='word_1_512' title='bbox 1528 3733 1829 3789; x_wconf 89' lang='lat' dir='ltr'><strong>custodias</strong></span> <span class='ocrx_word' id='word_1_513' title='bbox 1860 3751 1873 3801; x_wconf 92' lang='lat'><strong>;</strong></span> 
     </span>
    </p>
   </div>
   <div class='ocr_carea' id='block_1_72' title="bbox 207 3821 1877 3900">
    <p class='ocr_par' dir='ltr' id='par_1_72' title="bbox 207 3821 1877 3900">
     <span class='ocr_line' id='line_1_72' title="bbox 207 3821 1877 3900; baseline -0.004 -17"><span class='ocrx_word' id='word_1_514' title='bbox 207 3827 259 3883; x_wconf 90' lang='lat' dir='ltr'><strong>si</strong></span> <span class='ocrx_word' id='word_1_515' title='bbox 304 3826 653 3900; x_wconf 87' lang='lat' dir='ltr'><strong>quominus,</strong></span> <span class='ocrx_word' id='word_1_516' title='bbox 686 3825 869 3896; x_wconf 89' lang='lat' dir='ltr'><strong>digne</strong></span> <span class='ocrx_word' id='word_1_517' title='bbox 911 3822 1226 3897; x_wconf 68' lang='lat' dir='ltr'><strong>peaniteas,</strong></span> <span class='ocrx_word' id='word_1_518' title='bbox 1266 3827 1325 3878; x_wconf 87' lang='lat' dir='ltr'><strong>et</strong></span> <span class='ocrx_word' id='word_1_519' title='bbox 1375 3821 1487 3877; x_wconf 90' lang='lat' dir='ltr'><strong>sub</strong></span> <span class='ocrx_word' id='word_1_520' title='bbox 1535 3823 1649 3877; x_wconf 91' lang='lat' dir='ltr'><strong>hoc</strong></span> <span class='ocrx_word' id='word_1_521' title='bbox 1700 3825 1877 3895; x_wconf 89' lang='lat' dir='ltr'><strong>pacto</strong></span> 
     </span>
    </p>
   </div>
   <div class='ocr_carea' id='block_1_73' title="bbox 198 3910 1878 3989">
    <p class='ocr_par' dir='ltr' id='par_1_73' title="bbox 198 3910 1878 3989">
     <span class='ocr_line' id='line_1_73' title="bbox 198 3910 1878 3989; baseline -0.004 -15"><span class='ocrx_word' id='word_1_522' title='bbox 198 3919 337 3989; x_wconf 88' lang='lat' dir='ltr'><strong>jam</strong></span> <span class='ocrx_word' id='word_1_523' title='bbox 365 3917 620 3974; x_wconf 89' lang='lat' dir='ltr'><strong>domum</strong></span> <span class='ocrx_word' id='word_1_524' title='bbox 670 3914 1009 3986; x_wconf 87' lang='lat' dir='ltr'><strong>regredere,</strong></span> <span class='ocrx_word' id='word_1_525' title='bbox 1039 3916 1098 3969; x_wconf 90' lang='lat' dir='ltr'><strong>et</strong></span> <span class='ocrx_word' id='word_1_526' title='bbox 1124 3911 1414 3983; x_wconf 87' lang='lat' dir='ltr'><strong>dignitate</strong></span> <span class='ocrx_word' id='word_1_527' title='bbox 1444 3911 1665 3983; x_wconf 88' lang='lat' dir='ltr'><strong>pariter</strong></span> <span class='ocrx_word' id='word_1_528' title='bbox 1693 3915 1751 3966; x_wconf 91' lang='lat' dir='ltr'><strong>et</strong></span> <span class='ocrx_word' id='word_1_529' title='bbox 1776 3910 1878 3967; x_wconf 88' lang='lat' dir='ltr'><strong>be-</strong></span> 
     </span>
    </p>
   </div>
   <div class='ocr_carea' id='block_1_74' title="bbox 204 3999 1879 4081">
    <p class='ocr_par' dir='ltr' id='par_1_74' title="bbox 204 3999 1879 4081">
     <span class='ocr_line' id='line_1_74' title="bbox 204 3999 1879 4081; baseline -0.005 -17"><span class='ocrx_word' id='word_1_530' title='bbox 204 4006 425 4065; x_wconf 87' lang='lat' dir='ltr'><strong>neﬁcio</strong></span> <span class='ocrx_word' id='word_1_531' title='bbox 448 4024 518 4063; x_wconf 90' lang='lat' dir='ltr'><strong>ac</strong></span> <span class='ocrx_word' id='word_1_532' title='bbox 547 4005 911 4081; x_wconf 87' lang='lat' dir='ltr'><strong>proprietate</strong></span> <span class='ocrx_word' id='word_1_533' title='bbox 938 4007 1041 4060; x_wconf 88' lang='lat' dir='ltr'><strong>tua</strong></span> <span class='ocrx_word' id='word_1_534' title='bbox 1070 4002 1132 4058; x_wconf 91' lang='lat' dir='ltr'><strong>in</strong></span> <span class='ocrx_word' id='word_1_535' title='bbox 1165 4001 1361 4072; x_wconf 88' lang='lat' dir='ltr'><strong>gratia</strong></span> <span class='ocrx_word' id='word_1_536' title='bbox 1388 4016 1545 4067; x_wconf 89' lang='lat' dir='ltr'><strong>mea,</strong></span> <span class='ocrx_word' id='word_1_537' title='bbox 1580 3999 1879 4073; x_wconf 90' lang='lat' dir='ltr'><strong>siquidem</strong></span> 
     </span>
    </p>
   </div>
   <div class='ocr_carea' id='block_1_75' title="bbox 206 4086 1878 4165">
    <p class='ocr_par' dir='ltr' id='par_1_75' title="bbox 206 4086 1878 4165">
     <span class='ocr_line' id='line_1_75' title="bbox 206 4086 1878 4165; baseline -0.005 -12"><span class='ocrx_word' id='word_1_538' title='bbox 206 4100 371 4154; x_wconf 89' lang='lat' dir='ltr'><strong>Deus</strong></span> <span class='ocrx_word' id='word_1_539' title='bbox 417 4093 712 4165; x_wconf 88' lang='lat' dir='ltr'><strong>annuerit,</strong></span> <span class='ocrx_word' id='word_1_540' title='bbox 760 4097 942 4150; x_wconf 89' lang='lat' dir='ltr'><strong>utere.</strong></span> <span class='ocrx_word' id='word_1_541' title='bbox 970 4114 999 4141; x_wconf 86' lang='lat'>»</span> <span class='ocrx_word' id='word_1_542' title='bbox 1046 4090 1260 4164; x_wconf 88' lang='lat' dir='ltr'><strong>Sicque</strong></span> <span class='ocrx_word' id='word_1_543' title='bbox 1305 4092 1670 4146; x_wconf 90' lang='lat' dir='ltr'><strong>conventum</strong></span> <span class='ocrx_word' id='word_1_544' title='bbox 1708 4086 1878 4145; x_wconf 90' lang='lat' dir='ltr'><strong>illum</strong></span> 
     </span>
    </p>
   </div>
   <div class='ocr_carea' id='block_1_76' title="bbox 206 4176 1882 4255">
    <p class='ocr_par' dir='ltr' id='par_1_76' title="bbox 206 4176 1882 4255">
     <span class='ocr_line' id='line_1_76' title="bbox 206 4176 1882 4255; baseline -0.007 -12"><span class='ocrx_word' id='word_1_545' title='bbox 206 4185 444 4243; x_wconf 88' lang='lat' dir='ltr'><strong>cunctis</strong></span> <span class='ocrx_word' id='word_1_546' title='bbox 500 4182 943 4242; x_wconf 88' lang='lat' dir='ltr'><strong>admirantibus</strong></span> <span class='ocrx_word' id='word_1_547' title='bbox 987 4180 1209 4255; x_wconf 89' lang='lat' dir='ltr'><strong>pariter</strong></span> <span class='ocrx_word' id='word_1_548' title='bbox 1260 4195 1331 4236; x_wconf 80' lang='lat' dir='ltr'><strong>ac.</strong></span> <span class='ocrx_word' id='word_1_549' title='bbox 1385 4176 1746 4251; x_wconf 88' lang='lat' dir='ltr'><strong>paventibus</strong></span> <span class='ocrx_word' id='word_1_550' title='bbox 1795 4176 1882 4233; x_wconf 90' lang='lat' dir='ltr'><strong>di-</strong></span> 
     </span>
    </p>
   </div>
   <div class='ocr_carea' id='block_1_77' title="bbox 210 4275 394 4333">
    <p class='ocr_par' dir='ltr' id='par_1_77' title="bbox 210 4275 394 4333">
     <span class='ocr_line' id='line_1_77' title="bbox 210 4275 394 4333; baseline -0.016 1"><span class='ocrx_word' id='word_1_551' title='bbox 210 4275 394 4333; x_wconf 85' lang='lat' dir='ltr'><strong>misit.</strong></span> 
     </span>
    </p>
   </div>
   <div class='ocr_carea' id='block_1_78' title="bbox 287 4357 1889 4436">
    <p class='ocr_par' dir='ltr' id='par_1_78' title="bbox 287 4357 1889 4436">
     <span class='ocr_line' id='line_1_78' title="bbox 287 4357 1889 4436; baseline -0.005 -13"><span class='ocrx_word' id='word_1_552' title='bbox 287 4371 379 4423; x_wconf 86' lang='lat'><strong>37.</strong></span> <span class='ocrx_word' id='word_1_553' title='bbox 419 4364 554 4422; x_wconf 89' lang='lat' dir='ltr'><strong>lllos</strong></span> <span class='ocrx_word' id='word_1_554' title='bbox 605 4366 809 4420; x_wconf 84' lang='lat' dir='ltr'><strong>tamen</strong></span> <span class='ocrx_word' id='word_1_555' title='bbox 860 4360 1083 4436; x_wconf 89' lang='lat' dir='ltr'><strong>pariter</strong></span> <span class='ocrx_word' id='word_1_556' title='bbox 1138 4360 1222 4417; x_wconf 91' lang='lat' dir='ltr'><strong>ibi</strong></span> <span class='ocrx_word' id='word_1_557' title='bbox 1293 4357 1596 4416; x_wconf 89' lang='lat' dir='ltr'><strong>charitatis</strong></span> <span class='ocrx_word' id='word_1_558' title='bbox 1660 4357 1889 4415; x_wconf 82' lang='lat' dir='ltr'><strong>exhibi-</strong></span> 
     </span>
    </p>
   </div>
   <div class='ocr_carea' id='block_1_79' title="bbox 217 4446 1890 4525">
    <p class='ocr_par' dir='ltr' id='par_1_79' title="bbox 217 4446 1890 4525">
     <span class='ocr_line' id='line_1_79' title="bbox 217 4446 1890 4525; baseline -0.004 -14"><span class='ocrx_word' id='word_1_559' title='bbox 217 4456 444 4512; x_wconf 89' lang='lat' dir='ltr'><strong>tionem</strong></span> <span class='ocrx_word' id='word_1_560' title='bbox 488 4451 817 4525; x_wconf 87' lang='lat' dir='ltr'><strong>suscipere,</strong></span> <span class='ocrx_word' id='word_1_561' title='bbox 849 4455 907 4509; x_wconf 82' lang='lat' dir='ltr'><strong>et</strong></span> <span class='ocrx_word' id='word_1_562' title='bbox 958 4450 1042 4506; x_wconf 91' lang='lat' dir='ltr'><strong>sic</strong></span> <span class='ocrx_word' id='word_1_563' title='bbox 1084 4449 1147 4506; x_wconf 93' lang='lat' dir='ltr'><strong>in</strong></span> <span class='ocrx_word' id='word_1_564' title='bbox 1201 4464 1350 4522; x_wconf 87' lang='lat' dir='ltr'><strong>pace</strong></span> <span class='ocrx_word' id='word_1_565' title='bbox 1394 4446 1700 4504; x_wconf 89' lang='lat' dir='ltr'><strong>discedere</strong></span> <span class='ocrx_word' id='word_1_566' title='bbox 1740 4462 1890 4520; x_wconf 56' lang='lat' dir='ltr'><strong>pras-</strong></span> 
     </span>
    </p>
   </div>
   <div class='ocr_carea' id='block_1_80' title="bbox 216 4535 1895 4617">
    <p class='ocr_par' dir='ltr' id='par_1_80' title="bbox 216 4535 1895 4617">
     <span class='ocr_line' id='line_1_80' title="bbox 216 4535 1895 4617; baseline -0.004 -17"><span class='ocrx_word' id='word_1_567' title='bbox 216 4543 396 4617; x_wconf 88' lang='lat' dir='ltr'><strong>cepit.</strong></span> <span class='ocrx_word' id='word_1_568' title='bbox 431 4543 587 4600; x_wconf 88' lang='lat' dir='ltr'><strong>Inter</strong></span> <span class='ocrx_word' id='word_1_569' title='bbox 632 4556 789 4614; x_wconf 88' lang='lat' dir='ltr'><strong>quos</strong></span> <span class='ocrx_word' id='word_1_570' title='bbox 836 4539 1201 4597; x_wconf 83' lang='lat' dir='ltr'><strong>Hildewinus</strong></span> <span class='ocrx_word' id='word_1_571' title='bbox 1253 4536 1424 4593; x_wconf 68' lang='lat' dir='ltr'><strong>laetus</strong></span> <span class='ocrx_word' id='word_1_572' title='bbox 1476 4540 1543 4592; x_wconf 90' lang='lat' dir='ltr'><strong>et</strong></span> <span class='ocrx_word' id='word_1_573' title='bbox 1578 4535 1803 4602; x_wconf 89' lang='lat' dir='ltr'><strong>hilaris,</strong></span> <span class='ocrx_word' id='word_1_574' title='bbox 1837 4540 1895 4593; x_wconf 89' lang='lat' dir='ltr'><strong>et</strong></span> 
     </span>
    </p>
   </div>
   <div class='ocr_carea' id='block_1_81' title="bbox 218 4626 1893 4706">
    <p class='ocr_par' dir='ltr' id='par_1_81' title="bbox 218 4626 1893 4706">
     <span class='ocr_line' id='line_1_81' title="bbox 218 4626 1893 4706; baseline -0.004 -16"><span class='ocrx_word' id='word_1_575' title='bbox 218 4632 399 4706; x_wconf 87' lang='lat' dir='ltr'><strong>quasi</strong></span> <span class='ocrx_word' id='word_1_576' title='bbox 447 4632 525 4689; x_wconf 91' lang='lat' dir='ltr'><strong>de</strong></span> <span class='ocrx_word' id='word_1_577' title='bbox 570 4630 821 4689; x_wconf 89' lang='lat' dir='ltr'><strong>victoria</strong></span> <span class='ocrx_word' id='word_1_578' title='bbox 874 4645 986 4686; x_wconf 88' lang='lat' dir='ltr'><strong>sua</strong></span> <span class='ocrx_word' id='word_1_579' title='bbox 1042 4627 1368 4699; x_wconf 79' lang='lat' dir='ltr'><strong>exsultans,</strong></span> <span class='ocrx_word' id='word_1_580' title='bbox 1431 4626 1511 4683; x_wconf 88' lang='lat' dir='ltr'><strong>ad</strong></span> <span class='ocrx_word' id='word_1_581' title='bbox 1565 4626 1893 4695; x_wconf 88' lang='lat' dir='ltr'><strong>prandium</strong></span> 
     </span>
    </p>
   </div>
   <div class='ocr_carea' id='block_1_82' title="bbox 221 4716 1893 4791">
    <p class='ocr_par' dir='ltr' id='par_1_82' title="bbox 221 4716 1893 4791">
     <span class='ocr_line' id='line_1_82' title="bbox 221 4716 1893 4791; baseline -0.004 -12"><span class='ocrx_word' id='word_1_582' title='bbox 221 4722 516 4791; x_wconf 85' lang='lat' dir='ltr'><strong>consedit,</strong></span> <span class='ocrx_word' id='word_1_583' title='bbox 548 4726 610 4779; x_wconf 93' lang='lat' dir='ltr'><strong>et</strong></span> <span class='ocrx_word' id='word_1_584' title='bbox 652 4721 792 4778; x_wconf 90' lang='lat' dir='ltr'><strong>inde</strong></span> <span class='ocrx_word' id='word_1_585' title='bbox 839 4719 1157 4777; x_wconf 88' lang='lat' dir='ltr'><strong>incolumis</strong></span> <span class='ocrx_word' id='word_1_586' title='bbox 1208 4717 1399 4775; x_wconf 90' lang='lat' dir='ltr'><strong>rediit.</strong></span> <span class='ocrx_word' id='word_1_587' title='bbox 1434 4716 1527 4773; x_wconf 88' lang='lat' dir='ltr'><strong>Ad</strong></span> <span class='ocrx_word' id='word_1_588' title='bbox 1571 4732 1893 4789; x_wconf 89' lang='lat' dir='ltr'><strong>vesperum</strong></span> 
     </span>
    </p>
   </div>
   <div class='ocr_carea' id='block_1_83' title="bbox 223 4808 1893 4880">
    <p class='ocr_par' dir='ltr' id='par_1_83' title="bbox 223 4808 1893 4880">
     <span class='ocr_line' id='line_1_83' title="bbox 223 4808 1893 4880; baseline -0.005 -10"><span class='ocrx_word' id='word_1_589' title='bbox 223 4830 368 4871; x_wconf 90' lang='lat' dir='ltr'><strong>vero</strong></span> <span class='ocrx_word' id='word_1_590' title='bbox 397 4831 537 4870; x_wconf 90' lang='lat' dir='ltr'><strong>cum</strong></span> <span class='ocrx_word' id='word_1_591' title='bbox 588 4812 713 4868; x_wconf 93' lang='lat' dir='ltr'><strong>suis</strong></span> <span class='ocrx_word' id='word_1_592' title='bbox 757 4810 925 4868; x_wconf 93' lang='lat' dir='ltr'><strong>domi</strong></span> <span class='ocrx_word' id='word_1_593' title='bbox 972 4809 1240 4866; x_wconf 91' lang='lat' dir='ltr'><strong>consedit</strong></span> <span class='ocrx_word' id='word_1_594' title='bbox 1284 4808 1697 4880; x_wconf 5' lang='lat' dir='ltr'><strong>jucunduspet</strong></span> <span class='ocrx_word' id='word_1_595' title='bbox 1744 4824 1893 4880; x_wconf 91' lang='lat' dir='ltr'><strong>epu-</strong></span> 
     </span>
    </p>
   </div>
   <div class='ocr_carea' id='block_1_84' title="bbox 220 4897 1892 4973">
    <p class='ocr_par' dir='ltr' id='par_1_84' title="bbox 220 4897 1892 4973">
     <span class='ocr_line' id='line_1_84' title="bbox 220 4897 1892 4973; baseline -0.004 -13"><span class='ocrx_word' id='word_1_596' title='bbox 220 4904 379 4973; x_wconf 88' lang='lat' dir='ltr'><strong>lans,</strong></span> <span class='ocrx_word' id='word_1_597' title='bbox 410 4904 557 4960; x_wconf 91' lang='lat' dir='ltr'><strong>etin</strong></span> <span class='ocrx_word' id='word_1_598' title='bbox 603 4919 707 4960; x_wconf 92' lang='lat' dir='ltr'><strong>eos</strong></span> <span class='ocrx_word' id='word_1_599' title='bbox 755 4918 901 4959; x_wconf 86' lang='lat' dir='ltr'><strong>sane</strong></span> <span class='ocrx_word' id='word_1_600' title='bbox 931 4919 968 4957; x_wconf 92' lang='lat' dir='ltr'><strong>a</strong></span> <span class='ocrx_word' id='word_1_601' title='bbox 995 4899 1219 4973; x_wconf 89' lang='lat' dir='ltr'><strong>quibus</strong></span> <span class='ocrx_word' id='word_1_602' title='bbox 1262 4916 1325 4955; x_wconf 90' lang='lat' dir='ltr'><strong>se</strong></span> <span class='ocrx_word' id='word_1_603' title='bbox 1366 4899 1583 4955; x_wconf 67' lang='lat' dir='ltr'><strong>laesum</strong></span> <span class='ocrx_word' id='word_1_604' title='bbox 1627 4897 1892 4968; x_wconf 89' lang='lat' dir='ltr'><strong>dolebat,</strong></span> 
     </span>
    </p>
   </div>
   <div class='ocr_carea' id='block_1_85' title="bbox 222 4987 1893 5060">
    <p class='ocr_par' dir='ltr' id='par_1_85' title="bbox 222 4987 1893 5060">
     <span class='ocr_line' id='line_1_85' title="bbox 222 4987 1893 5060; baseline -0.005 -9"><span class='ocrx_word' id='word_1_605' title='bbox 222 4993 499 5051; x_wconf 89' lang='lat' dir='ltr'><strong>convicia</strong></span> <span class='ocrx_word' id='word_1_606' title='bbox 549 4997 607 5050; x_wconf 91' lang='lat' dir='ltr'><strong>et</strong></span> <span class='ocrx_word' id='word_1_607' title='bbox 654 4992 850 5049; x_wconf 85' lang='lat' dir='ltr'><strong>minas</strong></span> <span class='ocrx_word' id='word_1_608' title='bbox 900 4991 1220 5059; x_wconf 88' lang='lat' dir='ltr'><strong>intentans,</strong></span> <span class='ocrx_word' id='word_1_609' title='bbox 1285 4988 1368 5045; x_wconf 90' lang='lat' dir='ltr'><strong>sic</strong></span> <span class='ocrx_word' id='word_1_610' title='bbox 1426 4987 1648 5045; x_wconf 86' lang='lat' dir='ltr'><strong>lectum</strong></span> <span class='ocrx_word' id='word_1_611' title='bbox 1706 4987 1893 5060; x_wconf 89' lang='lat' dir='ltr'><strong>petiit,</strong></span> 
     </span>
    </p>
   </div>
   <div class='ocr_carea' id='block_1_86' title="bbox 225 5076 1897 5157">
    <p class='ocr_par' dir='ltr' id='par_1_86' title="bbox 225 5076 1897 5157">
     <span class='ocr_line' id='line_1_86' title="bbox 225 5076 1897 5157; baseline -0.005 -17"><span class='ocrx_word' id='word_1_612' title='bbox 225 5088 287 5140; x_wconf 88' lang='lat' dir='ltr'><strong>et</strong></span> <span class='ocrx_word' id='word_1_613' title='bbox 328 5097 562 5157; x_wconf 91' lang='lat' dir='ltr'><strong>sospes,</strong></span> <span class='ocrx_word' id='word_1_614' title='bbox 594 5086 661 5139; x_wconf 91' lang='lat' dir='ltr'><strong>ut</strong></span> <span class='ocrx_word' id='word_1_615' title='bbox 707 5081 819 5138; x_wconf 91' lang='lat' dir='ltr'><strong>sibi</strong></span> <span class='ocrx_word' id='word_1_616' title='bbox 862 5079 1200 5144; x_wconf 88' lang='lat' dir='ltr'><strong>videbatur,</strong></span> <span class='ocrx_word' id='word_1_617' title='bbox 1236 5078 1481 5151; x_wconf 90' lang='lat' dir='ltr'><strong>quievit.</strong></span> <span class='ocrx_word' id='word_1_618' title='bbox 1528 5080 1694 5136; x_wconf 84' lang='lat' dir='ltr'><strong>Mane</strong></span> <span class='ocrx_word' id='word_1_619' title='bbox 1744 5076 1897 5133; x_wconf 92' lang='lat' dir='ltr'><strong>dilu-</strong></span> 
     </span>
    </p>
   </div>
   <div class='ocr_carea' id='block_1_87' title="bbox 225 5167 1894 5248">
    <p class='ocr_par' dir='ltr' id='par_1_87' title="bbox 225 5167 1894 5248">
     <span class='ocr_line' id='line_1_87' title="bbox 225 5167 1894 5248; baseline -0.006 -17"><span class='ocrx_word' id='word_1_620' title='bbox 225 5172 365 5230; x_wconf 89' lang='lat' dir='ltr'><strong>culo</strong></span> <span class='ocrx_word' id='word_1_621' title='bbox 421 5173 505 5231; x_wconf 83' lang='lat' dir='ltr'><strong>ad</strong></span> <span class='ocrx_word' id='word_1_622' title='bbox 548 5170 994 5248; x_wconf 88' lang='lat' dir='ltr'><strong>providendum</strong></span> <span class='ocrx_word' id='word_1_623' title='bbox 1040 5185 1221 5225; x_wconf 91' lang='lat' dir='ltr'><strong>suum</strong></span> <span class='ocrx_word' id='word_1_624' title='bbox 1262 5167 1660 5224; x_wconf 86' lang='lat' dir='ltr'><strong>ministerium</strong></span> <span class='ocrx_word' id='word_1_625' title='bbox 1701 5167 1894 5223; x_wconf 86' lang='lat' dir='ltr'><strong>iturus</strong></span> 
     </span>
    </p>
   </div>
   <div class='ocr_carea' id='block_1_88' title="bbox 230 5255 1897 5330">
    <p class='ocr_par' dir='ltr' id='par_1_88' title="bbox 230 5255 1897 5330">
     <span class='ocr_line' id='line_1_88' title="bbox 230 5255 1897 5330; baseline -0.005 -11"><span class='ocrx_word' id='word_1_626' title='bbox 230 5262 494 5321; x_wconf 86' lang='lat' dir='ltr'><strong>valenter</strong></span> <span class='ocrx_word' id='word_1_627' title='bbox 539 5260 813 5330; x_wconf 80' lang='lat' dir='ltr'><strong>surrexit,</strong></span> <span class='ocrx_word' id='word_1_628' title='bbox 869 5259 1276 5317; x_wconf 88' lang='lat' dir='ltr'><strong>calceamenta</strong></span> <span class='ocrx_word' id='word_1_629' title='bbox 1313 5255 1484 5313; x_wconf 91' lang='lat' dir='ltr'><strong>citius</strong></span> <span class='ocrx_word' id='word_1_630' title='bbox 1530 5255 1743 5325; x_wconf 91' lang='lat' dir='ltr'><strong>induit,</strong></span> <span class='ocrx_word' id='word_1_631' title='bbox 1787 5255 1897 5311; x_wconf 91' lang='lat' dir='ltr'><strong>sed</strong></span> 
     </span>
    </p>
   </div>
   <div class='ocr_carea' id='block_1_89' title="bbox 307 5459 1894 5541">
    <p class='ocr_par' dir='ltr' id='par_1_89' title="bbox 307 5459 1894 5541">
     <span class='ocr_line' id='line_1_89' title="bbox 307 5459 1894 5541; baseline -0.007 -14"><span class='ocrx_word' id='word_1_632' title='bbox 307 5470 419 5541; x_wconf 73' lang='lat'><strong>(38)</strong></span> <span class='ocrx_word' id='word_1_633' title='bbox 459 5469 631 5539; x_wconf 83' lang='lat' dir='ltr'><strong>Editl,</strong></span> <span class='ocrx_word' id='word_1_634' title='bbox 648 5478 892 5526; x_wconf 76' lang='lat' dir='ltr'><strong>menses.</strong></span> <span class='ocrx_word' id='word_1_635' title='bbox 924 5464 1116 5541; x_wconf 78' lang='lat' dir='ltr'><strong>Paulo</strong></span> <span class='ocrx_word' id='word_1_636' title='bbox 1132 5462 1303 5541; x_wconf 87' lang='lat' dir='ltr'><strong>aliter</strong></span> <span class='ocrx_word' id='word_1_637' title='bbox 1333 5459 1523 5541; x_wconf 80' lang='lat' dir='ltr'><strong>codex</strong></span> <span class='ocrx_word' id='word_1_638' title='bbox 1554 5459 1894 5541; x_wconf 86' lang='lat' dir='ltr'><strong>Bamberg.:</strong></span> 
     </span>
    </p>
   </div>
   <div class='ocr_carea' id='block_1_90' title="bbox 233 5536 1896 5613">
    <p class='ocr_par' dir='ltr' id='par_1_90' title="bbox 233 5536 1896 5613">
     <span class='ocr_line' id='line_1_90' title="bbox 233 5536 1896 5613; baseline -0.007 -15"><span class='ocrx_word' id='word_1_639' title='bbox 233 5536 547 5613; x_wconf 76' lang='lat' dir='ltr'><strong>Pontifex,</strong></span> <span class='ocrx_word' id='word_1_640' title='bbox 606 5536 758 5598; x_wconf 70' lang='lat' dir='ltr'><strong>Sicut</strong></span> <span class='ocrx_word' id='word_1_641' title='bbox 816 5555 890 5596; x_wconf 75' lang='lat' dir='ltr'><strong>ea:</strong></span> <span class='ocrx_word' id='word_1_642' title='bbox 948 5536 1181 5613; x_wconf 70' lang='lat' dir='ltr'><strong>Spiritu</strong></span> <span class='ocrx_word' id='word_1_643' title='bbox 1244 5536 1487 5613; x_wconf 55' lang='lat' dir='ltr'><strong>sancto“</strong></span> <span class='ocrx_word' id='word_1_644' title='bbox 1514 5540 1896 5613; x_wconf 64' lang='lat' dir='ltr'><strong>cognoverat,</strong></span> 
     </span>
    </p>
   </div>
   <div class='ocr_carea' id='block_1_91' title="bbox 238 5603 1901 5682">
    <p class='ocr_par' dir='ltr' id='par_1_91' title="bbox 238 5603 1901 5682">
     <span class='ocr_line' id='line_1_91' title="bbox 238 5603 1901 5682; baseline -0.007 -13"><span class='ocrx_word' id='word_1_645' title='bbox 238 5615 397 5671; x_wconf 81' lang='lat' dir='ltr'><strong>diem</strong></span> <span class='ocrx_word' id='word_1_646' title='bbox 419 5603 625 5671; x_wconf 61' lang='lat' dir='ltr'><strong>&#39;exitus</strong></span> <span class='ocrx_word' id='word_1_647' title='bbox 645 5614 742 5668; x_wconf 85' lang='lat' dir='ltr'><strong>sui</strong></span> <span class='ocrx_word' id='word_1_648' title='bbox 762 5626 912 5682; x_wconf 62' lang='lat' dir='ltr'><strong>sepe</strong></span> <span class='ocrx_word' id='word_1_649' title='bbox 933 5603 1327 5679; x_wconf 58' lang='lat' dir='ltr'><strong>praedixerat,</strong></span> <span class='ocrx_word' id='word_1_650' title='bbox 1352 5604 1580 5659; x_wconf 74' lang='lat' dir='ltr'><strong>scilicet</strong></span> <span class='ocrx_word' id='word_1_651' title='bbox 1599 5603 1759 5673; x_wconf 86' lang='lat' dir='ltr'><strong>quod</strong></span> <span class='ocrx_word' id='word_1_652' title='bbox 1778 5603 1901 5673; x_wconf 76' lang='lat' dir='ltr'><strong>ipse</strong></span> 
     </span>
    </p>
   </div>
   <div class='ocr_carea' id='block_1_92' title="bbox 1977 3019 3649 3096">
    <p class='ocr_par' dir='ltr' id='par_1_92' title="bbox 1977 3019 3649 3096">
     <span class='ocr_line' id='line_1_92' title="bbox 1977 3019 3649 3096; baseline 0.004 -20"><span class='ocrx_word' id='word_1_653' title='bbox 1977 3020 2304 3092; x_wconf 89' lang='lat' dir='ltr'><strong>adoptavit.</strong></span> <span class='ocrx_word' id='word_1_654' title='bbox 2341 3024 2476 3076; x_wconf 90' lang='lat' dir='ltr'><strong>Erat</strong></span> <span class='ocrx_word' id='word_1_655' title='bbox 2503 3019 2685 3090; x_wconf 87' lang='lat' dir='ltr'><strong>enim,</strong></span> <span class='ocrx_word' id='word_1_656' title='bbox 2710 3025 2833 3077; x_wconf 87' lang='lat' dir='ltr'><strong>tota</strong></span> <span class='ocrx_word' id='word_1_657' title='bbox 2856 3021 3118 3079; x_wconf 87' lang='lat' dir='ltr'><strong>Ecclesia</strong></span> <span class='ocrx_word' id='word_1_658' title='bbox 3140 3040 3279 3096; x_wconf 69' lang='lat' dir='ltr'><strong>quae</strong></span> <span class='ocrx_word' id='word_1_659' title='bbox 3303 3041 3444 3081; x_wconf 88' lang='lat' dir='ltr'><strong>eum</strong></span> <span class='ocrx_word' id='word_1_660' title='bbox 3469 3040 3649 3083; x_wconf 89' lang='lat' dir='ltr'><strong>nove-</strong></span> 
     </span>
    </p>
   </div>
   <div class='ocr_carea' id='block_1_93' title="bbox 1976 3110 3649 3179">
    <p class='ocr_par' dir='ltr' id='par_1_93' title="bbox 1976 3110 3649 3179">
     <span class='ocr_line' id='line_1_93' title="bbox 1976 3110 3649 3179; baseline 0.004 -15"><span class='ocrx_word' id='word_1_661' title='bbox 1976 3113 2088 3178; x_wconf 90' lang='lat' dir='ltr'><strong>rat,</strong></span> <span class='ocrx_word' id='word_1_662' title='bbox 2119 3113 2285 3177; x_wconf 88' lang='lat' dir='ltr'><strong>teste,</strong></span> <span class='ocrx_word' id='word_1_663' title='bbox 2309 3110 2669 3179; x_wconf 75' lang='lat' dir='ltr'><strong>grandaevus</strong></span> <span class='ocrx_word' id='word_1_664' title='bbox 2690 3114 2748 3166; x_wconf 90' lang='lat' dir='ltr'><strong>et</strong></span> <span class='ocrx_word' id='word_1_665' title='bbox 2775 3110 3082 3179; x_wconf 89' lang='lat' dir='ltr'><strong>emeritus,</strong></span> <span class='ocrx_word' id='word_1_666' title='bbox 3105 3112 3442 3170; x_wconf 85' lang='lat' dir='ltr'><strong>humilitate</strong></span> <span class='ocrx_word' id='word_1_667' title='bbox 3468 3119 3529 3170; x_wconf 86' lang='lat' dir='ltr'><strong>et</strong></span> <span class='ocrx_word' id='word_1_668' title='bbox 3554 3114 3649 3169; x_wconf 85' lang='lat' dir='ltr'><strong>di-</strong></span> 
     </span>
    </p>
   </div>
   <div class='ocr_carea' id='block_1_94' title="bbox 1976 3198 3654 3271">
    <p class='ocr_par' dir='ltr' id='par_1_94' title="bbox 1976 3198 3654 3271">
     <span class='ocr_line' id='line_1_94' title="bbox 1976 3198 3654 3271; baseline 0.003 -17"><span class='ocrx_word' id='word_1_669' title='bbox 1976 3198 2229 3254; x_wconf 91' lang='lat' dir='ltr'><strong>lectione</strong></span> <span class='ocrx_word' id='word_1_670' title='bbox 2255 3198 2602 3271; x_wconf 66' lang='lat' dir='ltr'><strong>praeclarus,</strong></span> <span class='ocrx_word' id='word_1_671' title='bbox 2618 3198 2679 3253; x_wconf 92' lang='lat' dir='ltr'><strong>in</strong></span> <span class='ocrx_word' id='word_1_672' title='bbox 2708 3199 2987 3269; x_wconf 90' lang='lat' dir='ltr'><strong>regendis</strong></span> <span class='ocrx_word' id='word_1_673' title='bbox 3004 3217 3143 3257; x_wconf 89' lang='lat' dir='ltr'><strong>vero</strong></span> <span class='ocrx_word' id='word_1_674' title='bbox 3167 3217 3238 3257; x_wconf 90' lang='lat' dir='ltr'><strong>ac</strong></span> <span class='ocrx_word' id='word_1_675' title='bbox 3264 3218 3654 3259; x_wconf 88' lang='lat' dir='ltr'><strong>commonen-</strong></span> 
     </span>
    </p>
   </div>
   <div class='ocr_carea' id='block_1_95' title="bbox 1978 3285 3650 3361">
    <p class='ocr_par' dir='ltr' id='par_1_95' title="bbox 1978 3285 3650 3361">
     <span class='ocr_line' id='line_1_95' title="bbox 1978 3285 3650 3361; baseline 0.004 -20"><span class='ocrx_word' id='word_1_676' title='bbox 1978 3287 2069 3341; x_wconf 88' lang='lat' dir='ltr'><strong>dis</strong></span> <span class='ocrx_word' id='word_1_677' title='bbox 2124 3285 2406 3343; x_wconf 83' lang='lat' dir='ltr'><strong>fratribus</strong></span> <span class='ocrx_word' id='word_1_678' title='bbox 2461 3286 2662 3342; x_wconf 89' lang='lat' dir='ltr'><strong>media</strong></span> <span class='ocrx_word' id='word_1_679' title='bbox 2715 3286 3003 3344; x_wconf 78' lang='lat' dir='ltr'><strong>charitate</strong></span> <span class='ocrx_word' id='word_1_680' title='bbox 3047 3305 3310 3361; x_wconf 87' lang='lat' dir='ltr'><strong>severus,</strong></span> <span class='ocrx_word' id='word_1_681' title='bbox 3340 3296 3399 3347; x_wconf 89' lang='lat' dir='ltr'><strong>et</strong></span> <span class='ocrx_word' id='word_1_682' title='bbox 3434 3291 3497 3346; x_wconf 90' lang='lat' dir='ltr'><strong>in</strong></span> <span class='ocrx_word' id='word_1_683' title='bbox 3526 3295 3650 3347; x_wconf 91' lang='lat' dir='ltr'><strong>toto</strong></span> 
     </span>
    </p>
   </div>
   <div class='ocr_carea' id='block_1_96' title="bbox 1982 3376 3649 3436">
    <p class='ocr_par' dir='ltr' id='par_1_96' title="bbox 1982 3376 3649 3436">
     <span class='ocr_line' id='line_1_96' title="bbox 1982 3376 3649 3436; baseline 0.003 -5"><span class='ocrx_word' id='word_1_684' title='bbox 1982 3377 2267 3432; x_wconf 89' lang='lat' dir='ltr'><strong>virtutum</strong></span> <span class='ocrx_word' id='word_1_685' title='bbox 2314 3376 2593 3433; x_wconf 83' lang='lat' dir='ltr'><strong>exercitio</strong></span> <span class='ocrx_word' id='word_1_686' title='bbox 2647 3392 2854 3433; x_wconf 85' lang='lat' dir='ltr'><strong>coram</strong></span> <span class='ocrx_word' id='word_1_687' title='bbox 2905 3380 3026 3434; x_wconf 84' lang='lat' dir='ltr'><strong>Deo</strong></span> <span class='ocrx_word' id='word_1_688' title='bbox 3075 3379 3375 3435; x_wconf 88' lang='lat' dir='ltr'><strong>sollicitus.</strong></span> <span class='ocrx_word' id='word_1_689' title='bbox 3413 3384 3560 3436; x_wconf 84' lang='lat' dir='ltr'><strong>Nam</strong></span> <span class='ocrx_word' id='word_1_690' title='bbox 3589 3380 3649 3436; x_wconf 89' lang='lat' dir='ltr'><strong>in</strong></span> 
     </span>
    </p>
   </div>
   <div class='ocr_carea' id='block_1_97' title="bbox 1983 3465 3652 3541">
    <p class='ocr_par' dir='ltr' id='par_1_97' title="bbox 1983 3465 3652 3541">
     <span class='ocr_line' id='line_1_97' title="bbox 1983 3465 3652 3541; baseline 0.001 -19"><span class='ocrx_word' id='word_1_691' title='bbox 1983 3466 2395 3522; x_wconf 88' lang='lat' dir='ltr'><strong>admonitione</strong></span> <span class='ocrx_word' id='word_1_692' title='bbox 2426 3481 2537 3522; x_wconf 90' lang='lat' dir='ltr'><strong>sua</strong></span> <span class='ocrx_word' id='word_1_693' title='bbox 2581 3465 2682 3522; x_wconf 92' lang='lat' dir='ltr'><strong>illo</strong></span> <span class='ocrx_word' id='word_1_694' title='bbox 2726 3466 3051 3523; x_wconf 89' lang='lat' dir='ltr'><strong>ridiculoso</strong></span> <span class='ocrx_word' id='word_1_695' title='bbox 3083 3469 3401 3540; x_wconf 90' lang='lat' dir='ltr'><strong>proverbio</strong></span> <span class='ocrx_word' id='word_1_696' title='bbox 3431 3469 3652 3541; x_wconf 60' lang='lat' dir='ltr'><strong>sapius</strong></span> 
     </span>
    </p>
   </div>
   <div class='ocr_carea' id='block_1_98' title="bbox 1985 3555 3655 3628">
    <p class='ocr_par' dir='ltr' id='par_1_98' title="bbox 1985 3555 3655 3628">
     <span class='ocr_line' id='line_1_98' title="bbox 1985 3555 3655 3628; baseline 0.002 -17"><span class='ocrx_word' id='word_1_697' title='bbox 1985 3556 2262 3611; x_wconf 88' lang='lat' dir='ltr'><strong>utebatur</strong></span> <span class='ocrx_word' id='word_1_698' title='bbox 2290 3573 2303 3610; x_wconf 89' lang='lat'><strong>:</strong></span> <span class='ocrx_word' id='word_1_699' title='bbox 2361 3578 2388 3605; x_wconf 86' lang='grc'><strong>‹‹</strong></span> <span class='ocrx_word' id='word_1_700' title='bbox 2420 3556 2696 3625; x_wconf 90' lang='lat' dir='ltr'><strong>Diligant,</strong></span> <span class='ocrx_word' id='word_1_701' title='bbox 2725 3555 2937 3628; x_wconf 90' lang='lat' dir='ltr'><strong>inquit,</strong></span> <span class='ocrx_word' id='word_1_702' title='bbox 2970 3557 3265 3625; x_wconf 88' lang='lat' dir='ltr'><strong>homines,</strong></span> <span class='ocrx_word' id='word_1_703' title='bbox 3306 3557 3544 3614; x_wconf 84' lang='lat' dir='ltr'><strong>oderint</strong></span> <span class='ocrx_word' id='word_1_704' title='bbox 3570 3558 3655 3613; x_wconf 87' lang='lat' dir='ltr'><strong>vi-</strong></span> 
     </span>
    </p>
   </div>
   <div class='ocr_carea' id='block_1_99' title="bbox 1984 3644 3653 3719">
    <p class='ocr_par' dir='ltr' id='par_1_99' title="bbox 1984 3644 3653 3719">
     <span class='ocr_line' id='line_1_99' title="bbox 1984 3644 3653 3719; baseline 0.001 -19"><span class='ocrx_word' id='word_1_705' title='bbox 1984 3645 2085 3701; x_wconf 89' lang='lat' dir='ltr'><strong>tia.</strong></span> <span class='ocrx_word' id='word_1_706' title='bbox 2110 3664 2141 3698; x_wconf 80' lang='grc'>›</span> <span class='ocrx_word' id='word_1_707' title='bbox 2168 3645 2315 3702; x_wconf 88' lang='lat' dir='ltr'><strong>Huic</strong></span> <span class='ocrx_word' id='word_1_708' title='bbox 2344 3646 2559 3701; x_wconf 89' lang='lat' dir='ltr'><strong>beatus</strong></span> <span class='ocrx_word' id='word_1_709' title='bbox 2594 3644 2862 3717; x_wconf 87' lang='lat' dir='ltr'><strong>pontifex</strong></span> <span class='ocrx_word' id='word_1_710' title='bbox 2890 3650 3029 3703; x_wconf 89' lang='lat' dir='ltr'><strong>ante</strong></span> <span class='ocrx_word' id='word_1_711' title='bbox 3061 3646 3292 3719; x_wconf 88' lang='lat' dir='ltr'><strong>aliquot</strong></span> <span class='ocrx_word' id='word_1_712' title='bbox 3316 3663 3512 3704; x_wconf 86' lang='lat' dir='ltr'><strong>annos</strong></span> <span class='ocrx_word' id='word_1_713' title='bbox 3540 3647 3653 3718; x_wconf 74' lang='lat' dir='ltr'>(S8)</span> 
     </span>
    </p>
   </div>
   <div class='ocr_carea' id='block_1_100' title="bbox 1987 3734 3659 3809">
    <p class='ocr_par' dir='ltr' id='par_1_100' title="bbox 1987 3734 3659 3809">
     <span class='ocr_line' id='line_1_100' title="bbox 1987 3734 3659 3809; baseline 0.001 -19"><span class='ocrx_word' id='word_1_714' title='bbox 1987 3735 2229 3807; x_wconf 69' lang='lat' dir='ltr'><strong>saepius,</strong></span> <span class='ocrx_word' id='word_1_715' title='bbox 2289 3739 2354 3790; x_wconf 88' lang='lat' dir='ltr'><strong>ut</strong></span> <span class='ocrx_word' id='word_1_716' title='bbox 2409 3734 2588 3791; x_wconf 92' lang='lat' dir='ltr'><strong>nobis</strong></span> <span class='ocrx_word' id='word_1_717' title='bbox 2655 3735 2993 3797; x_wconf 87' lang='lat' dir='ltr'><strong>videbatur,</strong></span> <span class='ocrx_word' id='word_1_718' title='bbox 3049 3737 3316 3807; x_wconf 88' lang='lat' dir='ltr'><strong>joeando</strong></span> <span class='ocrx_word' id='word_1_719' title='bbox 3381 3737 3659 3809; x_wconf 72' lang='lat' dir='ltr'><strong>praedixit</strong></span> 
     </span>
    </p>
   </div>
   <div class='ocr_carea' id='block_1_101' title="bbox 1984 3823 3657 3896">
    <p class='ocr_par' dir='ltr' id='par_1_101' title="bbox 1984 3823 3657 3896">
     <span class='ocr_line' id='line_1_101' title="bbox 1984 3823 3657 3896; baseline 0.001 -18"><span class='ocrx_word' id='word_1_720' title='bbox 1984 3824 2154 3896; x_wconf 91' lang='lat' dir='ltr'><strong>quod</strong></span> <span class='ocrx_word' id='word_1_721' title='bbox 2185 3828 2290 3880; x_wconf 87' lang='lat' dir='ltr'><strong>aut</strong></span> <span class='ocrx_word' id='word_1_722' title='bbox 2318 3839 2525 3880; x_wconf 92' lang='lat' dir='ltr'><strong>secum</strong></span> <span class='ocrx_word' id='word_1_723' title='bbox 2554 3828 2660 3880; x_wconf 90' lang='lat' dir='ltr'><strong>aut</strong></span> <span class='ocrx_word' id='word_1_724' title='bbox 2685 3823 2871 3895; x_wconf 91' lang='lat' dir='ltr'><strong>paulo</strong></span> <span class='ocrx_word' id='word_1_725' title='bbox 2902 3827 3039 3879; x_wconf 90' lang='lat' dir='ltr'><strong>ante</strong></span> <span class='ocrx_word' id='word_1_726' title='bbox 3070 3840 3135 3879; x_wconf 91' lang='lat' dir='ltr'><strong>se</strong></span> <span class='ocrx_word' id='word_1_727' title='bbox 3163 3840 3236 3879; x_wconf 85' lang='lat' dir='ltr'><strong>ex</strong></span> <span class='ocrx_word' id='word_1_728' title='bbox 3274 3825 3390 3881; x_wconf 92' lang='lat' dir='ltr'><strong>hac</strong></span> <span class='ocrx_word' id='word_1_729' title='bbox 3418 3825 3539 3879; x_wconf 79' lang='lat' dir='ltr'><strong>vita</strong></span> <span class='ocrx_word' id='word_1_730' title='bbox 3569 3840 3657 3880; x_wconf 90' lang='lat' dir='ltr'><strong>es-</strong></span> 
     </span>
    </p>
   </div>
   <div class='ocr_carea' id='block_1_102' title="bbox 1989 3911 3655 3985">
    <p class='ocr_par' dir='ltr' id='par_1_102' title="bbox 1989 3911 3655 3985">
     <span class='ocr_line' id='line_1_102' title="bbox 1989 3911 3655 3985; baseline 0.001 -18"><span class='ocrx_word' id='word_1_731' title='bbox 1989 3916 2079 3967; x_wconf 92' lang='lat' dir='ltr'><strong>set</strong></span> <span class='ocrx_word' id='word_1_732' title='bbox 2106 3912 2532 3981; x_wconf 90' lang='lat' dir='ltr'><strong>emigraturus.</strong></span> <span class='ocrx_word' id='word_1_733' title='bbox 2565 3911 2900 3967; x_wconf 88' lang='lat' dir='ltr'><strong>Novissime</strong></span> <span class='ocrx_word' id='word_1_734' title='bbox 2943 3927 3087 3967; x_wconf 88' lang='lat' dir='ltr'><strong>vero</strong></span> <span class='ocrx_word' id='word_1_735' title='bbox 3130 3912 3185 3967; x_wconf 91' lang='lat' dir='ltr'><strong>ei</strong></span> <span class='ocrx_word' id='word_1_736' title='bbox 3229 3912 3292 3967; x_wconf 92' lang='lat' dir='ltr'><strong>in</strong></span> <span class='ocrx_word' id='word_1_737' title='bbox 3335 3912 3655 3985; x_wconf 82' lang='lat' dir='ltr'><strong>postremis</strong></span> 
     </span>
    </p>
   </div>
   <div class='ocr_carea' id='block_1_103' title="bbox 1986 3999 3657 4073">
    <p class='ocr_par' dir='ltr' id='par_1_103' title="bbox 1986 3999 3657 4073">
     <span class='ocr_line' id='line_1_103' title="bbox 1986 3999 3657 4073; baseline 0.001 -17"><span class='ocrx_word' id='word_1_738' title='bbox 1986 3999 2394 4065; x_wconf 90' lang='lat' dir='ltr'><strong>decumbenti,</strong></span> <span class='ocrx_word' id='word_1_739' title='bbox 2451 4014 2560 4070; x_wconf 89' lang='lat' dir='ltr'><strong>per</strong></span> <span class='ocrx_word' id='word_1_740' title='bbox 2612 3999 2970 4072; x_wconf 73' lang='lat' dir='ltr'><strong>prtedictum</strong></span> <span class='ocrx_word' id='word_1_741' title='bbox 3024 4000 3311 4057; x_wconf 87' lang='lat' dir='ltr'><strong>abbatem</strong></span> <span class='ocrx_word' id='word_1_742' title='bbox 3374 4004 3657 4073; x_wconf 87' lang='lat' dir='ltr'><strong>nepotem</strong></span> 
     </span>
    </p>
   </div>
   <div class='ocr_carea' id='block_1_104' title="bbox 1990 4088 3659 4162">
    <p class='ocr_par' dir='ltr' id='par_1_104' title="bbox 1990 4088 3659 4162">
     <span class='ocr_line' id='line_1_104' title="bbox 1990 4088 3659 4162; baseline 0.001 -15"><span class='ocrx_word' id='word_1_743' title='bbox 1990 4106 2190 4160; x_wconf 89' lang='lat' dir='ltr'><strong>suum,</strong></span> <span class='ocrx_word' id='word_1_744' title='bbox 2222 4102 2408 4162; x_wconf 90' lang='lat' dir='ltr'><strong>quem</strong></span> <span class='ocrx_word' id='word_1_745' title='bbox 2453 4088 2530 4145; x_wconf 88' lang='lat' dir='ltr'><strong>ad</strong></span> <span class='ocrx_word' id='word_1_746' title='bbox 2575 4104 2718 4144; x_wconf 90' lang='lat' dir='ltr'><strong>eum</strong></span> <span class='ocrx_word' id='word_1_747' title='bbox 2756 4088 3117 4145; x_wconf 88' lang='lat' dir='ltr'><strong>visitationis</strong></span> <span class='ocrx_word' id='word_1_748' title='bbox 3146 4089 3359 4159; x_wconf 82' lang='lat' dir='ltr'><strong>gratia,</strong></span> <span class='ocrx_word' id='word_1_749' title='bbox 3394 4106 3505 4147; x_wconf 88' lang='lat' dir='ltr'><strong>sua</strong></span> <span class='ocrx_word' id='word_1_750' title='bbox 3528 4091 3659 4148; x_wconf 87' lang='lat' dir='ltr'><strong>vice</strong></span> 
     </span>
    </p>
   </div>
   <div class='ocr_carea' id='block_1_105' title="bbox 1987 4177 3659 4253">
    <p class='ocr_par' dir='ltr' id='par_1_105' title="bbox 1987 4177 3659 4253">
     <span class='ocr_line' id='line_1_105' title="bbox 1987 4177 3659 4253; baseline 0.001 -16"><span class='ocrx_word' id='word_1_751' title='bbox 1987 4179 2221 4248; x_wconf 81' lang='lat' dir='ltr'><strong>direxit,</strong></span> <span class='ocrx_word' id='word_1_752' title='bbox 2249 4177 2403 4236; x_wconf 88' lang='lat' dir='ltr'><strong>serio</strong></span> <span class='ocrx_word' id='word_1_753' title='bbox 2433 4178 2749 4236; x_wconf 89' lang='lat' dir='ltr'><strong>mandavit</strong></span> <span class='ocrx_word' id='word_1_754' title='bbox 2790 4180 2958 4253; x_wconf 92' lang='lat' dir='ltr'><strong>quod</strong></span> <span class='ocrx_word' id='word_1_755' title='bbox 3001 4195 3238 4237; x_wconf 88' lang='lat' dir='ltr'><strong>sacram</strong></span> <span class='ocrx_word' id='word_1_756' title='bbox 3285 4180 3400 4238; x_wconf 91' lang='lat' dir='ltr'><strong>olei</strong></span> <span class='ocrx_word' id='word_1_757' title='bbox 3427 4181 3659 4238; x_wconf 78' lang='lat' dir='ltr'><strong>unctio-</strong></span> 
     </span>
    </p>
   </div>
   <div class='ocr_carea' id='block_1_106' title="bbox 1922 4267 3659 4365">
    <p class='ocr_par' dir='ltr' id='par_1_106' title="bbox 1922 4267 3659 4365">
     <span class='ocr_line' id='line_1_106' title="bbox 1922 4267 3659 4365; baseline 0.001 -39"><span class='ocrx_word' id='word_1_758' title='bbox 1922 4311 1968 4365; x_wconf 78' lang='lat' dir='ltr'>D</span> <span class='ocrx_word' id='word_1_759' title='bbox 1995 4285 2136 4326; x_wconf 91' lang='lat' dir='ltr'><strong>nem</strong></span> <span class='ocrx_word' id='word_1_760' title='bbox 2156 4283 2306 4365; x_wconf 44' lang='lat' dir='ltr'><strong>vere-</strong></span> <span class='ocrx_word' id='word_1_761' title='bbox 2323 4267 2695 4365; x_wconf 64' lang='lat' dir='ltr'><strong>paenitendo,</strong></span> <span class='ocrx_word' id='word_1_762' title='bbox 2719 4271 2778 4324; x_wconf 91' lang='lat' dir='ltr'><strong>et</strong></span> <span class='ocrx_word' id='word_1_763' title='bbox 2805 4267 3143 4365; x_wconf 73' lang='lat' dir='ltr'><strong>commissa</strong></span> <span class='ocrx_word' id='word_1_764' title='bbox 3158 4285 3272 4326; x_wconf 89' lang='lat' dir='ltr'><strong>sua</strong></span> <span class='ocrx_word' id='word_1_765' title='bbox 3292 4270 3659 4339; x_wconf 84' lang='lat' dir='ltr'><strong>conﬁtendo,</strong></span> 
     </span>
    </p>
   </div>
   <div class='ocr_carea' id='block_1_107' title="bbox 1997 4356 3660 4433">
    <p class='ocr_par' dir='ltr' id='par_1_107' title="bbox 1997 4356 3660 4433">
     <span class='ocr_line' id='line_1_107' title="bbox 1997 4356 3660 4433; baseline -0.001 -17"><span class='ocrx_word' id='word_1_766' title='bbox 1997 4360 2179 4433; x_wconf 89' lang='lat' dir='ltr'><strong>plena</strong></span> <span class='ocrx_word' id='word_1_767' title='bbox 2227 4357 2346 4413; x_wconf 86' lang='lat' dir='ltr'><strong>ﬁde</strong></span> <span class='ocrx_word' id='word_1_768' title='bbox 2405 4356 2751 4431; x_wconf 88' lang='lat' dir='ltr'><strong>susciperet,</strong></span> <span class='ocrx_word' id='word_1_769' title='bbox 2801 4362 2860 4415; x_wconf 90' lang='lat' dir='ltr'><strong>et</strong></span> <span class='ocrx_word' id='word_1_770' title='bbox 2909 4358 3178 4432; x_wconf 88' lang='lat' dir='ltr'><strong>corporis</strong></span> <span class='ocrx_word' id='word_1_771' title='bbox 3228 4360 3660 4432; x_wconf 83' lang='lat' dir='ltr'><strong>sanguinisque</strong></span> 
     </span>
    </p>
   </div>
   <div class='ocr_carea' id='block_1_108' title="bbox 1999 4448 3662 4521">
    <p class='ocr_par' dir='ltr' id='par_1_108' title="bbox 1999 4448 3662 4521">
     <span class='ocr_line' id='line_1_108' title="bbox 1999 4448 3662 4521; baseline -0.003 -13"><span class='ocrx_word' id='word_1_772' title='bbox 1999 4448 2211 4508; x_wconf 86' lang='lat' dir='ltr'><strong>Christi</strong></span> <span class='ocrx_word' id='word_1_773' title='bbox 2238 4451 2618 4505; x_wconf 91' lang='lat' dir='ltr'><strong>sacramento</strong></span> <span class='ocrx_word' id='word_1_774' title='bbox 2649 4449 2918 4505; x_wconf 88' lang='lat' dir='ltr'><strong>munitus</strong></span> <span class='ocrx_word' id='word_1_775' title='bbox 2955 4448 3287 4521; x_wconf 89' lang='lat' dir='ltr'><strong>intrepidus</strong></span> <span class='ocrx_word' id='word_1_776' title='bbox 3316 4448 3662 4521; x_wconf 68' lang='lat' dir='ltr'><strong>praemigra-</strong></span> 
     </span>
    </p>
   </div>
   <div class='ocr_carea' id='block_1_109' title="bbox 1998 4538 3661 4613">
    <p class='ocr_par' dir='ltr' id='par_1_109' title="bbox 1998 4538 3661 4613">
     <span class='ocr_line' id='line_1_109' title="bbox 1998 4538 3661 4613; baseline -0.003 -16"><span class='ocrx_word' id='word_1_777' title='bbox 1998 4543 2105 4609; x_wconf 89' lang='lat' dir='ltr'><strong>ret,</strong></span> <span class='ocrx_word' id='word_1_778' title='bbox 2156 4538 2511 4613; x_wconf 89' lang='lat' dir='ltr'><strong>promittens</strong></span> <span class='ocrx_word' id='word_1_779' title='bbox 2561 4538 2615 4594; x_wconf 91' lang='lat' dir='ltr'><strong>ei</strong></span> <span class='ocrx_word' id='word_1_780' title='bbox 2656 4539 2944 4596; x_wconf 88' lang='lat' dir='ltr'><strong>veraciter</strong></span> <span class='ocrx_word' id='word_1_781' title='bbox 3000 4555 3063 4594; x_wconf 90' lang='lat' dir='ltr'><strong>se</strong></span> <span class='ocrx_word' id='word_1_782' title='bbox 3119 4538 3498 4611; x_wconf 87' lang='lat' dir='ltr'><strong>superstitem</strong></span> <span class='ocrx_word' id='word_1_783' title='bbox 3548 4551 3661 4607; x_wconf 89' lang='lat' dir='ltr'><strong>pro</strong></span> 
     </span>
    </p>
   </div>
   <div class='ocr_carea' id='block_1_110' title="bbox 1999 4625 3664 4702">
    <p class='ocr_par' dir='ltr' id='par_1_110' title="bbox 1999 4625 3664 4702">
     <span class='ocr_line' id='line_1_110' title="bbox 1999 4625 3664 4702; baseline -0.002 -16"><span class='ocrx_word' id='word_1_784' title='bbox 1999 4632 2131 4702; x_wconf 88' lang='lat' dir='ltr'><strong>ejus</strong></span> <span class='ocrx_word' id='word_1_785' title='bbox 2183 4628 2401 4686; x_wconf 61' lang='lat' dir='ltr'><strong>animas</strong></span> <span class='ocrx_word' id='word_1_786' title='bbox 2455 4628 2723 4686; x_wconf 89' lang='lat' dir='ltr'><strong>remedio</strong></span> <span class='ocrx_word' id='word_1_787' title='bbox 2778 4628 2881 4684; x_wconf 89' lang='lat' dir='ltr'><strong>Dei</strong></span> <span class='ocrx_word' id='word_1_788' title='bbox 2945 4627 3197 4698; x_wconf 87' lang='lat' dir='ltr'><strong>gratiam</strong></span> <span class='ocrx_word' id='word_1_789' title='bbox 3262 4625 3664 4683; x_wconf 85' lang='lat' dir='ltr'><strong>indesinenter</strong></span> 
     </span>
    </p>
   </div>
   <div class='ocr_carea' id='block_1_111' title="bbox 2002 4712 3663 4787">
    <p class='ocr_par' dir='ltr' id='par_1_111' title="bbox 2002 4712 3663 4787">
     <span class='ocr_line' id='line_1_111' title="bbox 2002 4712 3663 4787; baseline -0.002 -12"><span class='ocrx_word' id='word_1_790' title='bbox 2002 4718 2477 4787; x_wconf 89' lang='lat' dir='ltr'><strong>obsecraturum,</strong></span> <span class='ocrx_word' id='word_1_791' title='bbox 2508 4720 2565 4772; x_wconf 92' lang='lat' dir='ltr'><strong>et</strong></span> <span class='ocrx_word' id='word_1_792' title='bbox 2591 4732 2730 4772; x_wconf 92' lang='lat' dir='ltr'><strong>eum</strong></span> <span class='ocrx_word' id='word_1_793' title='bbox 2776 4716 2835 4771; x_wconf 90' lang='lat' dir='ltr'><strong>in</strong></span> <span class='ocrx_word' id='word_1_794' title='bbox 2883 4713 3160 4787; x_wconf 83' lang='lat' dir='ltr'><strong>proximo</strong></span> <span class='ocrx_word' id='word_1_795' title='bbox 3209 4728 3372 4770; x_wconf 88' lang='lat' dir='ltr'><strong>anno</strong></span> <span class='ocrx_word' id='word_1_796' title='bbox 3420 4712 3484 4769; x_wconf 91' lang='lat' dir='ltr'><strong>in</strong></span> <span class='ocrx_word' id='word_1_797' title='bbox 3511 4729 3663 4786; x_wconf 88' lang='lat' dir='ltr'><strong>pace</strong></span> 
     </span>
    </p>
   </div>
   <div class='ocr_carea' id='block_1_112' title="bbox 2003 4802 3664 4869">
    <p class='ocr_par' dir='ltr' id='par_1_112' title="bbox 2003 4802 3664 4869">
     <span class='ocr_line' id='line_1_112' title="bbox 2003 4802 3664 4869; baseline -0.004 -3"><span class='ocrx_word' id='word_1_798' title='bbox 2003 4808 2213 4866; x_wconf 87' lang='lat' dir='ltr'><strong>Christi</strong></span> <span class='ocrx_word' id='word_1_799' title='bbox 2234 4806 2721 4863; x_wconf 87' lang='lat' dir='ltr'><strong>subsecuturum.</strong></span> <span class='ocrx_word' id='word_1_800' title='bbox 2738 4803 2849 4869; x_wconf 87' lang='lat' dir='ltr'><strong>Qui</strong></span> <span class='ocrx_word' id='word_1_801' title='bbox 2865 4802 3057 4859; x_wconf 90' lang='lat' dir='ltr'><strong>abbas</strong></span> <span class='ocrx_word' id='word_1_802' title='bbox 3079 4802 3361 4858; x_wconf 90' lang='lat' dir='ltr'><strong>eumdem</strong></span> <span class='ocrx_word' id='word_1_803' title='bbox 3381 4802 3664 4860; x_wconf 90' lang='lat' dir='ltr'><strong>dilectum</strong></span> 
     </span>
    </p>
   </div>
   <div class='ocr_carea' id='block_1_113' title="bbox 2000 4889 3667 4966">
    <p class='ocr_par' dir='ltr' id='par_1_113' title="bbox 2000 4889 3667 4966">
     <span class='ocr_line' id='line_1_113' title="bbox 2000 4889 3667 4966; baseline -0.002 -14"><span class='ocrx_word' id='word_1_804' title='bbox 2000 4899 2059 4951; x_wconf 89' lang='lat' dir='ltr'><strong>et</strong></span> <span class='ocrx_word' id='word_1_805' title='bbox 2081 4896 2215 4966; x_wconf 89' lang='lat' dir='ltr'><strong>jure</strong></span> <span class='ocrx_word' id='word_1_806' title='bbox 2242 4909 2480 4966; x_wconf 91' lang='lat' dir='ltr'><strong>semper</strong></span> <span class='ocrx_word' id='word_1_807' title='bbox 2508 4889 2976 4947; x_wconf 89' lang='lat' dir='ltr'><strong>memorandum</strong></span> <span class='ocrx_word' id='word_1_808' title='bbox 3005 4889 3361 4959; x_wconf 83' lang='lat' dir='ltr'><strong>magistrum</strong></span> <span class='ocrx_word' id='word_1_809' title='bbox 3388 4894 3667 4948; x_wconf 88' lang='lat' dir='ltr'><strong>nostrum</strong></span> 
     </span>
    </p>
   </div>
   <div class='ocr_carea' id='block_1_114' title="bbox 2003 4977 3665 5052">
    <p class='ocr_par' dir='ltr' id='par_1_114' title="bbox 2003 4977 3665 5052">
     <span class='ocr_line' id='line_1_114' title="bbox 2003 4977 3665 5052; baseline -0.004 -10"><span class='ocrx_word' id='word_1_810' title='bbox 2003 5002 2143 5042; x_wconf 92' lang='lat' dir='ltr'><strong>cum</strong></span> <span class='ocrx_word' id='word_1_811' title='bbox 2212 4981 2546 5040; x_wconf 88' lang='lat' dir='ltr'><strong>astantibus</strong></span> <span class='ocrx_word' id='word_1_812' title='bbox 2599 4978 2881 5037; x_wconf 84' lang='lat' dir='ltr'><strong>fratribus</strong></span> <span class='ocrx_word' id='word_1_813' title='bbox 2939 4993 3110 5035; x_wconf 90' lang='lat' dir='ltr'><strong>sacro</strong></span> <span class='ocrx_word' id='word_1_814' title='bbox 3177 4978 3310 5035; x_wconf 92' lang='lat' dir='ltr'><strong>oleo</strong></span> <span class='ocrx_word' id='word_1_815' title='bbox 3364 4977 3665 5052; x_wconf 84' lang='lat' dir='ltr'><strong>perunxit,</strong></span> 
     </span>
    </p>
   </div>
   <div class='ocr_carea' id='block_1_115' title="bbox 2004 5067 3667 5148">
    <p class='ocr_par' dir='ltr' id='par_1_115' title="bbox 2004 5067 3667 5148">
     <span class='ocr_line' id='line_1_115' title="bbox 2004 5067 3667 5148; baseline -0.004 -16"><span class='ocrx_word' id='word_1_816' title='bbox 2004 5075 2176 5148; x_wconf 90' lang='lat' dir='ltr'><strong>eique</strong></span> <span class='ocrx_word' id='word_1_817' title='bbox 2232 5089 2300 5130; x_wconf 83' lang='lat' dir='ltr'><strong>ex</strong></span> <span class='ocrx_word' id='word_1_818' title='bbox 2354 5073 2648 5146; x_wconf 86' lang='lat' dir='ltr'><strong>potestate</strong></span> <span class='ocrx_word' id='word_1_819' title='bbox 2694 5073 2752 5125; x_wconf 88' lang='lat' dir='ltr'><strong>et</strong></span> <span class='ocrx_word' id='word_1_820' title='bbox 2786 5069 3060 5140; x_wconf 89' lang='lat' dir='ltr'><strong>jussione</strong></span> <span class='ocrx_word' id='word_1_821' title='bbox 3108 5067 3377 5142; x_wconf 91' lang='lat' dir='ltr'><strong>episcopi</strong></span> <span class='ocrx_word' id='word_1_822' title='bbox 3420 5067 3667 5142; x_wconf 91' lang='lat' dir='ltr'><strong>plenam</strong></span> 
     </span>
    </p>
   </div>
   <div class='ocr_carea' id='block_1_116' title="bbox 2003 5157 3671 5232">
    <p class='ocr_par' dir='ltr' id='par_1_116' title="bbox 2003 5157 3671 5232">
     <span class='ocr_line' id='line_1_116' title="bbox 2003 5157 3671 5232; baseline -0.003 -12"><span class='ocrx_word' id='word_1_823' title='bbox 2003 5162 2419 5221; x_wconf 88' lang='lat' dir='ltr'><strong>remissionem</strong></span> <span class='ocrx_word' id='word_1_824' title='bbox 2437 5160 2702 5228; x_wconf 90' lang='lat' dir='ltr'><strong>indulsit,</strong></span> <span class='ocrx_word' id='word_1_825' title='bbox 2725 5159 2830 5232; x_wconf 88' lang='lat' dir='ltr'><strong>qui</strong></span> <span class='ocrx_word' id='word_1_826' title='bbox 2845 5163 2984 5232; x_wconf 90' lang='lat' dir='ltr'><strong>post</strong></span> <span class='ocrx_word' id='word_1_827' title='bbox 3001 5157 3258 5215; x_wconf 88' lang='lat' dir='ltr'><strong>biduum</strong></span> <span class='ocrx_word' id='word_1_828' title='bbox 3278 5174 3417 5215; x_wconf 82' lang='lat' dir='ltr'><strong>vere</strong></span> <span class='ocrx_word' id='word_1_829' title='bbox 3443 5157 3581 5215; x_wconf 80' lang='lat' dir='ltr'><strong>felix</strong></span> <span class='ocrx_word' id='word_1_830' title='bbox 3591 5159 3671 5215; x_wconf 90' lang='lat' dir='ltr'><strong>ad</strong></span> 
     </span>
    </p>
   </div>
   <div class='ocr_carea' id='block_1_117' title="bbox 2005 5246 3674 5321">
    <p class='ocr_par' dir='ltr' id='par_1_117' title="bbox 2005 5246 3674 5321">
     <span class='ocr_line' id='line_1_117' title="bbox 2005 5246 3674 5321; baseline -0.004 -10"><span class='ocrx_word' id='word_1_831' title='bbox 2005 5253 2306 5312; x_wconf 90' lang='lat' dir='ltr'><strong>Christum</strong></span> <span class='ocrx_word' id='word_1_832' title='bbox 2330 5250 2639 5321; x_wconf 89' lang='lat' dir='ltr'><strong>migravit;</strong></span> <span class='ocrx_word' id='word_1_833' title='bbox 2672 5249 2845 5319; x_wconf 88' lang='lat' dir='ltr'><strong>cujus</strong></span> <span class='ocrx_word' id='word_1_834' title='bbox 2874 5252 3076 5305; x_wconf 90' lang='lat' dir='ltr'><strong>tamen</strong></span> <span class='ocrx_word' id='word_1_835' title='bbox 3096 5246 3297 5305; x_wconf 90' lang='lat' dir='ltr'><strong>obitus</strong></span> <span class='ocrx_word' id='word_1_836' title='bbox 3319 5263 3434 5305; x_wconf 93' lang='lat' dir='ltr'><strong>nos</strong></span> <span class='ocrx_word' id='word_1_837' title='bbox 3459 5247 3674 5305; x_wconf 87' lang='lat' dir='ltr'><strong>acriter</strong></span> 
     </span>
    </p>
   </div>
   <div class='ocr_carea' id='block_1_118' title="bbox 2006 5452 3675 5517">
    <p class='ocr_par' dir='ltr' id='par_1_118' title="bbox 2006 5452 3675 5517">
     <span class='ocr_line' id='line_1_118' title="bbox 2006 5452 3675 5517; baseline -0.003 0"><span class='ocrx_word' id='word_1_838' title='bbox 2006 5464 2146 5517; x_wconf 85' lang='lat' dir='ltr'><strong>ante</strong></span> <span class='ocrx_word' id='word_1_839' title='bbox 2173 5472 2401 5515; x_wconf 80' lang='lat' dir='ltr'><strong>annum</strong></span> <span class='ocrx_word' id='word_1_840' title='bbox 2429 5461 2485 5512; x_wconf 84' lang='lat' dir='ltr'><strong>et</strong></span> <span class='ocrx_word' id='word_1_841' title='bbox 2521 5470 2625 5512; x_wconf 76' lang='lat' dir='ltr'><strong>sex</strong></span> <span class='ocrx_word' id='word_1_842' title='bbox 2661 5467 2884 5509; x_wconf 81' lang='lat' dir='ltr'><strong>menses</strong></span> <span class='ocrx_word' id='word_1_843' title='bbox 2918 5452 3241 5510; x_wconf 79' lang='lat' dir='ltr'><strong>transitum</strong></span> <span class='ocrx_word' id='word_1_844' title='bbox 3273 5455 3429 5512; x_wconf 82' lang='lat' dir='ltr'><strong>beati</strong></span> <span class='ocrx_word' id='word_1_845' title='bbox 3466 5453 3675 5512; x_wconf 79' lang='lat' dir='ltr'><strong>Patris</strong></span> 
     </span>
    </p>
   </div>
   <div class='ocr_carea' id='block_1_119' title="bbox 2006 5528 3200 5595">
    <p class='ocr_par' dir='ltr' id='par_1_119' title="bbox 2006 5528 3200 5595">
     <span class='ocr_line' id='line_1_119' title="bbox 2006 5528 3200 5595; baseline -0.004 -8"><span class='ocrx_word' id='word_1_846' title='bbox 2006 5531 2202 5588; x_wconf 79' lang='lat' dir='ltr'><strong>nostri</strong></span> <span class='ocrx_word' id='word_1_847' title='bbox 2230 5528 2573 5585; x_wconf 78' lang='lat' dir='ltr'><strong>Godehardi</strong></span> <span class='ocrx_word' id='word_1_848' title='bbox 2602 5530 2747 5583; x_wconf 80' lang='lat' dir='ltr'><strong>esset</strong></span> <span class='ocrx_word' id='word_1_849' title='bbox 2776 5539 3200 5595; x_wconf 62' lang='lat' dir='ltr'><strong>praecessurus.</strong></span> 
     </span>
    </p>
   </div>
  </div>
