3996 6168
407 100 535 158 1191

402 221 792 283 contristavit,
832 217 976 290 quia
1020 218 1548 286 congregationem
1604 222 1875 274 nostram
1919 216 2064 287 [imo
2092 218 2137 268 Α

405 318 593 369 totam
622 315 890 365 nostram
937 306 1284 378 Ecclesiam]
1317 308 1463 364 tanti
1496 307 1603 363 viri
1647 307 1979 380 patrocinio
2010 309 2068 361 et

406 401 655 458 concilio
701 395 1168 469 magisterioque
1223 397 1502 471 privavit.
1538 400 1750 453 Verum
1803 401 1976 458 certe.
2011 400 2068 452 et

405 491 561 546 clero
586 492 643 543 et
670 484 898 559 populo
930 489 1093 552 teste,
1128 486 1387 542 dicimus
1417 486 1562 559 quia
1592 503 1906 559 nunquam
1938 487 2068 556 ejus

404 577 630 634 ordinis
664 575 861 631 virum
893 575 953 631 in
992 576 1158 630 omni
1206 575 1609 632 ecclesiastica
1650 574 2067 648 probabilitate

403 666 809 724 honestiorem
863 664 959 720 vel
1000 664 1285 735 vidimus,
1334 666 1428 721 vel
1474 665 1833 721 videbimus.
1883 665 2066 735 Cujus

406 760 562 812 certe
591 753 951 810 memoriam
976 754 1108 824 jure
1141 769 1251 809 nos
1282 754 1460 810 corde
1489 759 1658 810 tenus
1688 754 1937 810 retinere
1968 753 2069 809 de-

405 846 843 918 bemus,quem
862 859 1002 899 vere
1028 848 1164 900 ante
1180 849 1571 919 conspectum
1596 849 1939 901 sanctorum
1965 860 2071 901 no-

410 935 514 991 stri
536 933 837 989 recordari
865 949 987 989 non
1013 934 1380 989 dubitamus.
1404 934 1493 991 Sic
1520 950 1662 1004 ergo
1687 933 2065 1007 prophetiam

410 1023 569 1079 beati
618 1022 893 1094 praesulis
934 1021 1164 1094 liquido
1225 1025 1379 1077 Deus
1434 1023 1720 1096 implevit,
1770 1023 1874 1096 qui
1931 1039 2069 1078 eum

409 1115 543 1185 post
576 1116 686 1177 (59)
714 1127 945 1166 annum
974 1114 1030 1166 et
1066 1115 1181 1166 tres
1214 1116 1445 1167 tantum
1474 1128 1714 1168 menses
1746 1130 1817 1168 ex
1844 1113 1957 1167 hac
1988 1111 2071 1166 vi-

411 1205 470 1256 ta
498 1199 742 1255 feliciter
768 1199 1004 1255 exemit.

476 1292 564 1346 39.
598 1294 731 1347 Jam
761 1294 965 1346 autem
990 1290 1147 1347 beati
1176 1291 1359 1346 Patris
1383 1291 1719 1347 Godehardi
1747 1293 2071 1366 appropin-

406 1385 628 1452 quante
653 1379 1032 1435 manifestius
1057 1379 1197 1441 ﬁne,
1222 1396 1459 1452 semper
1483 1396 1736 1453 operum
1766 1382 2070 1437 bonorum

407 1470 744 1540 augmentis
774 1469 848 1524 de
877 1469 1085 1525 virtute
1117 1469 1177 1524 in
1209 1469 1488 1525 virtutem
1528 1469 1870 1536 anhelabat,
1904 1473 1968 1524 ut
1996 1467 2073 1522 vi-

1333 96 1391 151 S.
1435 89 1843 151 GODEHARDI
1886 81 2194 146 EPISCOPI
2249 87 2893 181 HlLDESHEIMENSlS.

3704 94 3827 155 118

2246 218 2337 271 40.
2381 219 2514 271 Post
2543 214 2726 271 Albas
2750 214 2860 287 (63)
2888 214 3091 287 itaque
3109 229 3148 269 a
3168 212 3361 269 nobis
3381 212 3829 284 digressus,eus

2176 320 2287 359 suo
2318 304 2602 377 praedicto
2634 306 2846 377 nepote
2878 292 3255 359 Radmundo
3289 301 3547 367 abbate,
3574 302 3833 359 Adensea;

2176 395 2307 465 [al.,
2344 394 2564 465 Eistat],
2593 385 2715 467 quo
2744 394 3075 467 incceptam
3095 395 3232 465 jam
3272 392 3527 449 noviter
3556 392 3833 449 eadem

2174 500 2601 540 consummare
2661 483 2961 550 studebat,
3021 483 3292 550 devenit,
3360 499 3482 538 nec
3548 482 3843 537 inﬁrmita‘;
3948 484 3949 509 ‘

2175 574 2399 630 diutius
2429 572 2700 629 reluctari
2730 572 2960 640 valens,
2992 571 3320 629 deﬁciente
3354 587 3551 627 carne
3580 570 3849 626 decubat.

2176 665 2305 727 Quo
2334 662 2513 719 ﬂebili
2543 678 2782 719 rumore
2813 661 3519 735 comperto,przedictus
3550 661 3856 716 Rathmim-

2176 752 2292 807 dus
2326 754 2431 824 (64)
2475 751 2686 819 abbas,
2717 752 2804 807 vir
2848 755 3006 808 certe
3049 751 3235 807 corde
3286 756 3352 807 et
3410 751 3641 807 animo
3682 749 3863 805 divine

2177 841 2440 897 servituti
2465 841 2872 914 mancipatus,
2896 846 2953 896 et
2977 839 3353 914 praepositus
3379 845 3608 895 noster
3628 856 3701 894 ac
3719 838 3867 895 dera-

2174 947 2290 986 nus
2321 948 2462 987 cum
2496 930 2793 1004 prioribus
2825 930 2905 985 ad
2932 946 3078 985 eum
3108 928 3492 985 visitationis
3528 929 3728 998 gratia
3753 946 3869 983 cce-

2172 1026 2493 1089 venerunt,
2521 1036 2705 1094 quem
2733 1025 2937 1076 tamen
2966 1018 3364 1075 dissimulato
3406 1017 3724 1088 languore
3752 1018 3863 1073 sol}-

2172 1114 2234 1165 to
2284 1126 2452 1166 more
2496 1109 2893 1166 ecclesiastico
2945 1108 3144 1164 labori
3189 1108 3615 1175 assidentem,
3647 1107 3871 1163 circum-

2174 1200 2589 1274 stantiumque
2656 1199 2939 1255 manibus
3004 1202 3426 1254 sustentatum
3504 1197 3869 1253 invenerunt.

2176 1291 2344 1356 Quos
2376 1290 2762 1345 advenientes
2810 1288 2941 1345 sola
2985 1287 3297 1344 charitatis
3356 1287 3681 1344 hilaritate
3725 1287 3870 1343 laetu-

2178 1378 2467 1450 suscepit,
2494 1383 2551 1433 et
2578 1378 2755 1451 quasi
2783 1377 2969 1434 oblita
2999 1376 3299 1445 molestia,
3331 1376 3664 1433 adventus
3689 1393 3870 1432 eorum

2181 1484 2435 1524 causam
2459 1467 2816 1523 admirando
2843 1466 3229 1540 perquirens,
3256 1467 3582 1539 reportari
3602 1482 3670 1521 se
3698 1467 3770 1521 ad
3798 1484 3874 1520 cu-

406 1558 543 1614 dere
576 1562 903 1614 mereretur
929 1561 1113 1613 Deum
1146 1559 1400 1613 deorum
1434 1559 1493 1613 in
1522 1558 1683 1621 Sion,
1714 1563 1770 1613 et
1794 1558 1921 1629 jam
1954 1574 2074 1612 ces-
2111 1570 2155 1626 Β
2180 1556 2451 1611 bieulmn
2484 1555 2782 1629 praecepit.
2817 1555 2902 1611 lbi
2934 1556 3211 1612 adunato
3240 1555 3586 1627 [admisso]
3622 1556 3873 1628 speciali-

407 1652 573 1704 sante
602 1647 880 1719 practicaa
909 1646 1125 1719 plurali
1147 1645 1364 1714 ofﬁcio,
1389 1647 1451 1701 in
1482 1646 1612 1701 solo
1643 1663 1703 1701 se
1733 1646 2072 1703 indesinen-

406 1740 493 1792 ter
532 1735 773 1791 theorite
810 1734 1000 1791 aﬂ‘int
1027 1735 1326 1805 exercitio,
1360 1734 1472 1791 tria
1515 1739 1745 1790 tantum
1778 1735 1853 1790 de
1894 1752 2073 1805 gene-

405 1824 516 1880 rali
569 1824 901 1895 specialiter
958 1824 1252 1894 eximens,
1314 1824 1686 1895 psalterium;
1749 1824 2074 1897 eleemosy-

406 1929 573 1983 nam,
605 1917 662 1968 et
688 1928 812 1984 prae
842 1912 1127 1968 omnibus
1152 1913 1372 1984 jugiter
1424 1912 1535 1967 sibi
1585 1913 1813 1968 sociam
1844 1919 1901 1969 et
1929 1914 2075 1969 ami-

408 2017 543 2057 cam
564 2000 1009 2067 abstinentiam,
1030 2000 1182 2056 adeo
1206 2005 1271 2056 ut
1301 2000 1349 2056 si
1378 2017 1509 2056 rare
1536 2000 1816 2056 festiviori
1843 2006 2073 2075 tempo-

408 2106 471 2145 re
501 2088 854 2162 cogentibus
905 2105 1012 2162 per
1058 2090 1461 2145 obedientiam
1512 2089 1813 2159 fratribus,
1845 2090 2073 2163 aliquid

405 2178 673 2235 lautioris
703 2178 821 2233 cibi
843 2178 936 2234 vel
968 2178 1221 2234 fortioris
1246 2184 1423 2251 potus
1453 2183 1659 2234 contra
1688 2196 1921 2236 morem
1950 2185 2069 2237 sto-

406 2266 607 2324 machi
636 2266 920 2339 percepit,
950 2266 1237 2323 molestiae
1270 2268 1461 2337 magis
1502 2268 1736 2341 corpori
1769 2286 1957 2341 quam
1988 2285 2073 2325 re-

407 2357 649 2414 fectioni
678 2357 871 2413 fuerit.
906 2360 972 2412 Et
1000 2362 1141 2413 tunc
1191 2373 1543 2429 supremum
1591 2359 1898 2432 praesentis
1940 2359 2071 2416 vitae

407 2444 672 2501 Natalem
706 2445 939 2511 Christi,
973 2461 1133 2501 anno
1166 2446 1388 2502 scilicet
1411 2448 1527 2517 (60)
1566 2451 1718 2515 l036,
1746 2447 2070 2521 imperato-

404 2550 467 2590 re
493 2535 733 2590 Goslare
765 2535 1028 2603 sedente,
1064 2535 1187 2607 ipse
1221 2536 1549 2592 Holthusen
1579 2537 1777 2593 votive
1809 2537 2072 2593 celebra-

403 2624 507 2693 vit,
562 2623 800 2679 solvens
852 2628 1027 2691 certe,
1080 2625 1415 2681 secundum
1470 2626 1882 2697 Evangelium.
1934 2643 2071 2700 quae

406 2718 547 2768 sunt
612 2712 863 2769 Caesaris
925 2713 1163 2780 Caesari,
1219 2718 1275 2768 et
1327 2730 1462 2786 quae
1514 2714 1614 2769 Dei
1668 2717 1824 2782 Deo;
1884 2719 2073 2771 semet

406 2801 631 2873 quippe
667 2800 953 2872 praedicto
1006 2816 1173 2856 more
1222 2801 1451 2857 Christo
1504 2802 1811 2875 spirituale
1845 2804 2069 2859 sacriﬁ-

406 2889 568 2945 cium
598 2888 941 2956 immolans,
976 2889 1083 2944 sed
1119 2894 1175 2944 et
1214 2890 1337 2944 suis
1368 2890 1759 2948 nihilominus
1790 2892 1948 2948 clero
1980 2908 2070 2949 sa-
2095 2926 2140 2984 α

404 2994 481 3035 ne
512 2982 568 3034 et
585 2979 813 3051 populo
830 2978 890 3033 in
911 2978 1129 3034 divinis
1146 2984 1202 3035 et
1230 2980 1511 3037 humanis
1543 2998 1652 3055 pro
1674 2983 1789 3039 ritu
1813 2988 1870 3039 et
1891 2983 2068 3040 etiam

406 3067 607 3124 debito
630 3068 803 3138 juxta
838 3066 988 3123 vires
1014 3068 1460 3139 eongratulans,
1496 3072 1933 3128 sacratissimos
1965 3089 2069 3128 a11-

406 3162 525 3214 tem
554 3156 683 3213 dies
713 3157 1222 3228 Quadragesimze,
1256 3163 1312 3215 et
1337 3163 1402 3227 ut
1428 3160 1560 3233 ipse
1601 3162 1822 3235 saapins
1847 3162 2068 3233 jucun-

404 3247 612 3304 dando
653 3247 1074 3320 proclamabat
1115 3249 1569 3319 saluberrimos,
1599 3268 1841 3308 summo
1871 3252 2067 3308 cordis

388 3354 475 3395 ’ac
503 3337 721 3394 mentis
764 3338 980 3394 affectu
1024 3337 1227 3394 hilaris
1259 3340 1634 3411 expectabat,
1666 3358 1822 3414 quos
1861 3358 2071 3415 corpo-

404 3427 604 3483 raliter
623 3425 798 3498 quasi
824 3431 990 3482 extra
1013 3443 1233 3500 corpus
1256 3428 1606 3485 mirabiliter
1629 3430 1943 3499 transiens,
1968 3431 2069 3487 vix

405 3513 845 3571 cohaerentibus
875 3515 1093 3582 nervis,
1113 3516 1191 3571 ad
1220 3523 1672 3574 sacrosanctum
1692 3520 1919 3576 Pascha
1938 3536 2070 3593 per-

380 3609 669 3661 venerat.
737 3609 1011 3660 Attamen
1080 3606 1453 3663 Dominicam
1520 3608 1864 3664 Palmarum
1929 3612 2065 3683 (61),

404 3695 771 3766 Cinnamque
804 3692 1057 3761 Domini,
1090 3697 1147 3750 et
1175 3694 1393 3751 festum
1422 3692 2069 3756 ResurrectionisChri-

400 3783 442 3839 ti
485 3781 687 3840 debito
729 3782 1054 3856 episcopali
1086 3781 1303 3855 ofﬁcio,
1337 3784 1492 3841 ultra
1518 3785 1674 3841 vires
1704 3786 1950 3845 collecto
1977 3805 2067 3845 ro-

380 3871 564 3943 bore,
596 3872 852 3945 peregit;
887 3872 1089 3946 sicque
1120 3870 1359 3930 Pascha:
1391 3874 1567 3931 ferias
1596 3892 1704 3949 per
1724 3876 2063 3951 circumpo-

400 3962 543 4018 sitas
569 3963 853 4019 stationes
878 3963 1051 4034 juxta
1081 3962 1319 4021 solitam
1351 3964 1707 4035 religionem
1738 3966 2067 4023 admonen-

292 4068 301 4071 -
400 4050 480 4104 do
510 4049 715 4105 ﬁdeles
740 4050 1016 4116 visitavit,
1048 4052 1110 4106 in
1138 4053 1360 4124 quibus
1390 4054 1571 4110 etiam
1603 4054 1817 4111 diebus
1845 4057 2065 4129 saepius

399 4136 638 4208 publice
670 4138 1040 4195 denuntiavit
1068 4157 1130 4195 se
1160 4143 1343 4198 modo
1375 4160 1516 4199 cum
1559 4143 1672 4199 illis
1702 4145 1913 4201 ultima
1941 4161 2066 4201 cor-

399 4225 624 4297 poralis
654 4227 933 4282 consortii
974 4228 1175 4285 laetitia
1200 4231 1543 4301 jucundari,
1575 4238 1632 4289 et
1658 4233 1719 4289 in
1750 4234 2060 4291 Ascensio—

400 4330 541 4371 nem
581 4315 815 4371 Domini
843 4316 973 4386 (62),
1003 4332 1126 4389 quo
1176 4319 1330 4375 Deus
1356 4321 1619 4391 jusserit,
1652 4323 1907 4380 invitari.
1942 4328 2059 4381 Nos

397 4419 541 4460 vero
593 4404 721 4460 hac
769 4402 1079 4460 audientes
1126 4407 1302 4478 quasi
1348 4408 1687 4479 derisimus,
1729 4412 1873 4484 quia
1921 4429 2061 4470 eum

394 4492 525 4564 jam
556 4493 914 4566 quantocius
967 4491 1153 4564 [edit.,
1184 4497 1544 4569 quantoties]
1590 4499 1663 4555 de
1692 4502 2062 4572 regressione

401 4580 663 4654 antiqua;
693 4599 816 4639 suae
846 4581 1072 4655 patriae,
1106 4582 1374 4641 videlicet
1404 4585 1710 4656 Bajoariae,
1744 4589 1919 4646 nobis
1949 4590 2062 4647 mi-

399 4668 692 4727 nitantem
716 4671 1082 4727 audivimus.

2089 4278 2136 4332 D

445 4840 579 4965 ,ἔδω
616 4841 955 4911 Bamberg.,
978 4844 1085 4912 qui
1113 4858 1245 4898 eum
1274 4850 1416 4901 ante
1439 4860 1501 4900 se
1523 4861 1682 4902 anno
1704 4854 1757 4904 et
1777 4863 1883 4905 sex
1904 4865 2062 4906 men-

445 4930 449 4964 ἶ
495 4929 580 4965 us.

401 4928 580 4968 ειοιιε.

472 4984 584 5054 (60)
625 4985 1031 5065 ῌθῐιεοὶιβηὶυε
1061 4986 1329 5059 reposuit
1375 5003 1518 5065 ann.
1546 4992 1712 5065 1068.
1749 4991 2058 5048 Conradus

398 5059 602 5127 tamen
635 5059 959 5127 imperator
985 5074 1055 5112 eo
1102 5073 1262 5113 anno
1294 5064 1419 5114 erat
1448 5060 1506 5113 in
1544 5061 1703 5116 Italia
1731 5078 1800 5118 ac
1833 5066 2057 5119 Parmae

400 5126 663 5204 l‘fatalem
710 5126 948 5204 Domini
978 5128 1314 5185 celebravit.
1347 5130 1511 5186 Unde
1543 5133 1779 5204 eonjicit
1806 5134 1895 5189 vir
1923 5152 2056 5191 eru-

398 5197 560 5277 ditus
584 5203 889 5277 auctorem
906 5205 1179 5256 nostrum
1199 5217 1270 5277 ea
1290 5217 1427 5277 quae
1453 5218 1614 5259 anno
1643 5197 1773 5261 {039
1799 5206 2060 5277 contige-

398 5272 541 5346 runt
565 5286 701 5346 cum
751 5270 820 5346 iis
864 5287 1000 5346 quae
1034 5270 1402 5346 praecedenti
1423 5288 1585 5346 anno
1631 5280 1796 5344 gesta
1830 5270 2059 5335 fuerant

397 5339 758 5397 confudisse.
790 5339 988 5398 Codex
1020 5339 1364 5399 Grieciensis
1387 5343 1570 5400 habet
1599 5339 1757 5403 anno
1794 5348 1946 5405 1039.

468 5414 576 5483 (61)
620 5413 851 5483 Bamb,
880 5416 1194 5488 Praecipue
1219 5421 1415 5488 tamen
1443 5432 1717 5487 supremo
1746 5422 2057 5488 prwsentis

400 5487 533 5563 vita:
565 5501 726 5563 anno
744 5502 858 5556 per
877 5492 1063 5563 totam
1096 5486 1625 5563 Quadragesimam
1653 5506 1712 5545 se
1733 5486 2054 5563 castigans,

400 5554 502 5607 vix
524 5554 771 5613 collecto
797 5558 1009 5613 robore
1029 5561 1259 5629 peregit
1286 5554 1478 5613 debito
1504 5561 1829 5630 episcopali
1856 5554 2056 5632 ovfﬁcio

2182 1651 2272 1702 ter
2310 1647 2491 1713 clero,
2535 1646 2730 1717 primo
2778 1645 3051 1717 singulos
3096 1661 3390 1719 quosque
3439 1645 3531 1701 de
3580 1662 3714 1699 suae
3755 1646 3874 1700 obe-

2180 1736 2420 1792 dientize
2451 1735 2869 1809 procuratione
2897 1735 3151 1791 solerter
3170 1734 3599 1799 admonebat,
3628 1752 3706 1790 ac
3734 1735 3876 1789 deis-

2181 1843 2324 1899 ceps
2351 1842 2563 1881 omnes
2598 1824 2948 1895 generaliter
2972 1825 3049 1881 de
3081 1841 3273 1883 sacrae
3303 1825 3460 1881 ﬁdei
3496 1830 3561 1881 et
3586 1824 3877 1893 religionis

2180 1914 2597 1972 observatione
2642 1920 2768 1970 tam
2815 1913 3139 1971 salubriter
3181 1930 3383 1988 quam
3434 1920 3503 1970 et
3554 1914 3878 1970 terribiliter

2179 2003 2556 2060 obsecrando
2587 2003 2765 2060 simul
2786 2008 2842 2059 et
2865 2004 3180 2075 arguendo
3210 2003 3635 2060 informabat.
3674 2004 3871 2059 Deinde

2182 2110 2247 2149 se
2273 2093 2644 2149 orationibus
2674 2109 2883 2149 eorum
2911 2097 3126 2149 contra
3153 2092 3363 2149 callidi
3392 2093 3729 2149 tentatoris
3753 2094 3875 2148 insi-

2177 2180 2311 2238 dias
2343 2186 2397 2238 et
2428 2182 2670 2239 fraudes
2722 2181 3038 2248 commisit,
3089 2181 3301 2255 eisque
3332 2181 3558 2238 obitus
3604 2182 3704 2237 sui
3729 2182 3871 2237 diem

2177 2275 2235 2326 et
2267 2276 2524 2344 tempus,
2556 2271 2901 2345 funerisque
2940 2272 3403 2345 exsequiarum,
3449 2275 3518 2327 et
3568 2273 3758 2327 etiam
3792 2289 3871 2326 se-

2174 2359 2433 2431 pulturae
2461 2360 2755 2432 ordinem,
2789 2364 2855 2416 ut
2878 2364 3090 2432 postea
3116 2359 3337 2427 evenit,
3363 2361 3563 2432 quasi
3608 2360 3868 2417 alludens

2173 2447 2405 2522 liquido
2425 2450 2716 2524 praedixit.
2743 2473 2771 2500 ‹‹
2798 2450 2899 2518 Ile,
2924 2449 3143 2523 inquit,
3167 2453 3224 2506 et
3246 2450 3330 2506 ad
3354 2456 3863 2523 superventuram

2180 2538 2502 2595 Dominicze
2534 2538 2915 2596 Ascensionis
2958 2539 3230 2596 laetitiam
3278 2556 3394 2596 vos
3436 2541 3742 2615 quisque,
3770 2557 3862 2613 pro

2177 2643 2301 2682 suae
2332 2627 2686 2684 obedientiae
2733 2626 3041 2700 qualitate,
3071 2632 3129 2683 et
3151 2628 3339 2684 etiam
3374 2644 3497 2701 pro
3553 2628 3863 2702 spiritnab‘s

2176 2718 2587 2788 praerogativae
2605 2717 2933 2791 quantitate
2951 2722 3315 2790 prteparate,
3330 2723 3396 2774 et
3416 2734 3643 2775 meum
3664 2719 3866 2776 adven-

2176 2804 2304 2857 tum
2330 2800 2468 2866 lzrti,
2497 2806 2554 2858 et
2577 2801 2752 2874 quasi
2776 2817 2913 2857 vere
2943 2817 3189 2858 mecum
3207 2802 3311 2858 hic
3326 2807 3393 2858 et
3418 2803 3484 2859 in
3510 2803 3726 2860 futuro
3744 2819 3867 2859 con-

2176 2890 2530 2962 gratulaturi
2557 2895 2912 2964 exspectate.
2948 2894 3102 2947 Nam
3140 2891 3204 2946 in
3232 2891 3452 2962 vigilia
3478 2893 3863 2949 Ascensionis

2174 2979 2236 3035 in
2249 2984 2518 3035 montem
2537 2980 2916 3036 ad‘sanctum
2937 2995 3145 3036 meum
3161 2984 3511 3053 patronum
3525 2982 3863 3038 Hauricium

2175 3068 2519 3138 adveniam,
2548 3074 2605 3125 et
2628 3069 2707 3125 ibi
2736 3074 2975 3125 noctem
3002 3068 3293 3143 diemque
3326 3074 3627 3127 sanctam
3653 3087 3857 3142 agam:

2175 3158 2459 3215 abbatem
2484 3163 2684 3216 tamen
2699 3158 2892 3231 vobis,
2915 3158 3019 3232 qui
3042 3159 3175 3215 vice
3202 3174 3346 3216 mea
3372 3161 3794 3234 processionis
3811 3166 3861 3214 et

2174 3247 2498 3304 missarum
2531 3247 2823 3304 solemnia
2851 3252 3106 3320 peragat
3148 3247 3445 3318 mittam;
3480 3274 3508 3298 ιι
3553 3254 3615 3306 et
3643 3250 3726 3306 sic
3750 3248 3855 3305 ele-

2175 3336 2326 3392 vatis
2354 3337 2543 3393 oculis
2569 3336 2865 3410 altiusque
2894 3337 3237 3409 suspirans,
3272 3339 3464 3410 quasi
3489 3343 3693 3396 tamen
3721 3337 3855 3394 arri-

2174 3424 2361 3481 dens:
2396 3449 2422 3474 ‹‹
2452 3429 2644 3497 Necte,
2675 3425 2887 3499 inquit,
2923 3424 3027 3481 illa
3055 3429 3121 3480 ut
3166 3424 3451 3482 Christus
3474 3426 3714 3481 voluerit
3734 3441 3839 3496 pe-

2172 3520 2359 3583 racta,
2391 3514 2453 3570 in
2486 3515 2629 3570 feria
2674 3519 2840 3571 sexta
2869 3513 3137 3570 diluculo
3170 3513 3255 3570 ad
3296 3522 3573 3572 sanctum
3598 3513 3826 3570 licitae-

2172 3604 2293 3661 lem
2330 3603 2592 3675 veniam,
2627 3621 2765 3661 cum
2796 3603 3015 3660 abbate
3062 3607 3118 3659 et
3145 3602 3447 3661 fratribus
3473 3607 3828 3679 pernoctatu-

2172 3710 2296 3762 rus,
2325 3693 2465 3749 inde
2500 3693 2760 3751 Sabbato
2793 3692 2873 3749 ad
2901 3696 3180 3749 sanctum
3205 3694 3528 3751 Andream
3554 3698 3838 3759 oraturus,

2174 3788 2231 3840 et
2258 3783 2398 3839 inde
2427 3798 2537 3840 vos
2567 3784 2804 3851 adeam,
2838 3781 3150 3852 vobiscum
3194 3783 3450 3855 penitus
3495 3799 3842 3858 permansu-

2171 3889 2293 3930 rus.
2330 3872 2496 3929 Diem
2515 3890 2658 3931 vero
2690 3871 3065 3929 Dominicam
3092 3873 3457 3930 convocatis
3486 3874 3772 3933 fratribus
3797 3878 3845 3929 et

2173 3963 2382 4019 amicis
2431 3962 2773 4020 solemniter
2816 3962 3211 4031 celebremus,
3246 3967 3307 4019 et
3347 3963 3439 4020 ita
3489 3966 3682 4022 totius
3732 3963 3845 4021 festi

2171 4053 2359 4108 nostri
2378 4053 2817 4125 jucunditatem
2846 4053 3087 4125 penitus
3118 4053 3601 4110 terminemus.»
3646 4058 3712 4111 Et
3737 4054 3845 4110 haec

2172 4141 2400 4213 dicens,
2432 4142 2909 4198 benedictionem
2940 4141 3139 4209 dedit;
3173 4141 3384 4215 sicque
3415 4158 3539 4201 nos
3570 4146 3845 4202 mirantes

2172 4231 2397 4304 pariter
2425 4236 2483 4288 et
2510 4234 2813 4304 stupentes
2839 4230 3083 4287 dimisit.

2243 4323 2331 4374 41.
2367 4320 2636 4377 Habebat
2662 4335 2907 4392 quoque
2936 4318 3148 4377 beatus
3176 4321 3352 4376 Pater
3374 4319 3442 4376 in
3474 4322 3717 4394 privato
3746 4337 3847 4377 suo

2170 4408 2499 4467 ministerio
2522 4411 2809 4481 juvenem
2838 4408 3169 4482 quemdam
3198 4408 3521 4479 illustrem,
3545 4410 3745 4467 ﬁlium
3774 4412 3846 4467 vi-

2170 4498 2328 4568 duae,
2341 4499 2605 4573 pictoris:
2622 4498 2762 4556 artis
2778 4497 3079 4572 opiﬁcem,
3091 4497 3198 4571 qui
3213 4497 3357 4554 vilia
3372 4499 3512 4571 ejus
3524 4500 3842 4557 vestimen-

2168 4593 2230 4646 ta
2253 4589 2777 4662 calceamentaque
2793 4587 3343 4659 servabat,nomine
3365 4591 3691 4647 Bunonem
3714 4592 3836 4662 (65),

2170 4679 2286 4749 cui,
2321 4680 2400 4737 ab
2428 4680 2595 4737 initio
2632 4679 2905 4751 ejusdem
2934 4676 3098 4750 anni,
3128 4677 3296 4751 quod
3329 4694 3543 4737 secum
3586 4681 3836 4755 patriam

2170 4828 2542 4906 Dominicam
2572 4850 2952 4918 Paimarum,
2981 4854 3090 4904 etc.

2242 4922 2352 5003 (62)
2399 4921 2773 5003 ‘Bambergn
2841 4922 3136 5003 quoniam
3190 4924 3519 5003 oporteret“
3563 4936 3705 5003 eum
3768 4922 3840 4977 ad

2170 4991 2356 5049 alium
2391 4993 2580 5050 locum
2608 4994 2672 5048 in
2701 4993 3057 5049 Ascensione
3085 4991 3332 5045 Domini
3348 4992 3690 5060 proﬁcisci.

2242 5064 2350 5135 (63)
2393 5064 2485 5119 Sic
2518 5067 2729 5120 vocant
2752 5062 3107 5135 plerumque
3148 5061 3535 5135 Dominicam
3566 5063 3634 5135 in
3662 5063 3829 5125 Albis,

2169 5132 2341 5207 quod
2361 5152 2433 5192 ea
2461 5136 2557 5191 die
2586 5132 2793 5191 recens
2833 5132 3111 5206 baptiiati
3138 5138 3336 5189 vestes
3363 5132 3546 5189 aibas
3572 5134 3829 5208 depone-

2168 5212 2348 5349 Ιθῗὲιῇ)
2391 5278 2632 5350 Bodec.,
2672 5278 3026 5334 Adelbertus
3059 5277 3262 5343 abbas,
3296 5248 3825 5347 Boll.,hprcdicm

2169 5349 2609 5549 αὺᾶὶῗίῗύϋίίέιυθ
2639 5419 2913 5477 scribitur
2936 5421 3268 5477 Bunonem.
3295 5418 3453 5475 Surii
3480 5424 3697 5479 tamen
3720 5419 3827 5494 ρι-ί.

2169 5508 2268 5548 ma
2297 5493 2475 5549 editio
2547 5493 2685 5549 abet
2712 5494 3078 5549 Brunonem.
3496 5536 3505 5543 .

2167 5508 2268 5548 ma
2297 5493 2475 5549 editio
2504 5493 2685 5550 habet
2712 5494 3078 5549 Brunonem.
3496 5536 3505 5543 .
