3996 6168
166 166 305 267 Πςέ

1788 152 1963 252 Vm.

3496 214 3631 272 1194

66 394 92 406 ,θ
159 350 363 401 suam,
394 331 457 388 id
482 332 572 386 est
625 323 986 400 Bajoariam,
1034 329 1422 399 perrecturus
1466 325 1625 379 esset
1672 336 1829 394 saepe
1867 324 1915 377 Α
1945 321 2032 375 ter
2058 316 2295 383 dilecte,
2330 317 2549 375 tandiu
2578 319 2698 376 vita
2719 325 2921 381 vestra
2958 325 3136 385 nobis
3196 336 3484 408 supersit,
3534 336 3639 393 do-

64 460 87 494 ς
159 420 471 497 praecepit.
504 421 675 487 Nam,
707 420 772 473 ut
800 413 1216 490 praediximus,
1246 413 1428 485 longe
1445 416 1583 468 ante
1615 409 1834 484 saepius

76 586 81 590 ν
157 529 225 568 se
257 510 519 586 patriam
560 525 674 565 sua
721 506 1163 563 revisitaturum
1222 503 1379 560 serio
1427 500 1721 576 promisit,
1780 503 1839 555 et

76 587 83 683 ς
154 599 444 676 pluribus
475 597 769 670 cujusque
797 594 1021 652 ordinis
1074 609 1137 650 se
1196 591 1490 648 ultroneis
1543 587 1838 646 offerenti-

76 680 83 741 Ῐ
158 692 305 763 bus,
328 706 401 748 ac
425 687 652 763 pariter
671 703 807 743 cum
834 702 904 742 eo
934 682 1235 759 proﬁcisci
1266 680 1667 756 cupientibus,
1701 694 1839 749 gra-

64 767 69 771 i
156 787 257 851 tes
287 777 595 837 devotioni
617 792 822 833 eorum
849 774 1069 843 retulit,
1102 777 1159 829 et
1198 771 1403 828 solum
1437 773 1670 827 tantum
1724 770 1838 824 Bu-

76 858 85 866 λ
165 886 397 929 nonem
434 882 644 924 secum
698 866 919 921 iturum
974 861 1297 937 praeelegit.
1342 860 1567 917 Eodem
1612 858 1840 933 quippe

68 952 75 1015 ξ
173 960 277 1017 die
303 963 434 1016 ante
461 955 790 1015 adventum
818 953 979 1023 cleri,
1007 957 1074 1009 ut
1102 950 1466 1025 przedixerat
1496 950 1631 1021 (66),
1690 947 1840 1004 dum

180 1066 351 1108 more
381 1065 485 1105 suo
510 1047 572 1103 in
603 1044 820 1102 abditis
848 1043 1207 1100 vestimenta
1248 1058 1362 1097 sua
1413 1042 1688 1108 mutaret,
1758 1038 1841 1094 ei-

74 1132 86 1139 ’
179 1141 324 1197 dem
346 1135 553 1210 juveni
608 1132 885 1208 praecepit
937 1138 1005 1190 ut
1061 1131 1275 1189 eadem
1303 1130 1659 1186 vestimenta
1704 1144 1841 1201 quae

64 1226 79 1303 ξ
178 1227 460 1302 deposuit
486 1225 776 1291 indueret,
822 1228 877 1280 et
935 1222 1016 1279 ad
1074 1238 1214 1278 eum
1271 1220 1539 1276 concitus
1593 1218 1840 1275 veniret.

176 1320 326 1386 Quae
352 1316 537 1373 verba
598 1314 692 1371 ille
742 1313 920 1387 quasi
978 1308 1375 1369 deliramenta
1429 1309 1525 1365 vel
1573 1308 1843 1365 irrisione

170 1405 364 1480 plena
384 1402 759 1476 contempsit.
791 1400 1024 1457 Preesul
1082 1417 1219 1458 vero
1281 1416 1351 1456 ac
1380 1398 1430 1454 si
1456 1395 1842 1468 dedignando

66 1500 81 1567 ς
170 1492 563 1554 cubiculariis
593 1493 740 1548 dixit
769 1509 780 1547 :
817 1514 844 1541 ‹‹
878 1495 960 1547 Ite
991 1495 1050 1546 et
1079 1489 1432 1547 vestimenta
1471 1505 1608 1561 quae
1663 1487 1846 1560 depo-

171 1584 275 1641 sui
298 1583 529 1641 induite
547 1582 620 1647 ei,
643 1586 696 1637 et
721 1580 799 1637 ad
824 1598 921 1638 me
953 1580 1290 1636 deducite.»
1323 1577 1433 1644 Qui
1474 1576 1673 1634 statim
1703 1591 1843 1632 eum

70 1666 75 1671 ’
171 1679 320 1749 post
364 1672 566 1728 velum
612 1670 864 1727 cubiculi
920 1670 1226 1727 trahentes
1275 1668 1618 1735 induerunt,
1678 1672 1735 1723 et
1782 1666 1844 1722 in

176 1768 583 1836 conspectum
623 1762 777 1818 velut
829 1761 1146 1818 irridentes
1202 1759 1599 1816 deduxerunt.
1659 1759 1849 1823 Quem

174 1854 281 1912 ille
310 1853 420 1909 diu
456 1851 710 1921 intuens,
743 1852 824 1909 ait
855 1869 869 1908 :
898 1874 925 1901 ‹‹
958 1853 1105 1907 Vere
1138 1850 1293 1906 scias
1348 1847 1495 1920 quia
1545 1847 1607 1902 in
1635 1846 1848 1904 eadem

174 1946 346 1999 veste
373 1956 675 1996 rumorem
706 1940 818 2012 (67)
846 1938 1177 1996 invenies.»
1203 1937 1302 1994 His
1329 1936 1505 1993 dictis
1552 1953 1703 2010 puer
1733 1935 1851 1993 exi-

178 2031 289 2101 vit,
320 2035 377 2087 et
401 2029 464 2085 in
493 2029 622 2103 ipso
650 2034 959 2087 momento
989 2026 1364 2084 intolerabile
1387 2042 1528 2082 cum
1547 2025 1735 2096 frigus
1763 2026 1851 2082 in-

184 2122 447 2192 vasit,et
492 2120 639 2177 hora
691 2121 907 2177 eadem
942 2123 1244 2190 aegrotans
1300 2117 1455 2175 lecto
1506 2115 1846 2189 procubuit.

183 2214 383 2280 Quem
413 2226 551 2266 cum
580 2214 716 2283 post
745 2210 1081 2266 discessum
1112 2207 1364 2264 fratrum
1395 2204 1717 2280 episcopus
1764 2222 1852 2262 re-

177 2302 472 2378 quireret,
500 2300 720 2356 dictum
738 2304 830 2356 est
849 2299 1019 2374 quod
1044 2302 1375 2369 aegrotaret.
1407 2295 1517 2362 Qui
1541 2296 1738 2353 statim
1759 2314 1853 2353 ac-

180 2391 410 2449 cersito
440 2394 843 2464 procuratore,
874 2389 1159 2463 prtecepit
1187 2388 1239 2444 ei
1269 2387 1475 2443 dicens
1507 2402 1569 2440 :«
1589 2387 1851 2443 Puerum

177 2482 360 2540 illum
382 2485 554 2537 caute
593 2484 648 2537 et
676 2480 801 2536 sine
834 2479 1108 2537 molestia
1132 2478 1225 2536 fac
1255 2477 1335 2535 ad
1382 2479 1642 2532 matrem
1674 2492 1852 2533 suam

176 2569 432 2641 deduci,
498 2568 648 2626 utin
694 2584 1017 2625 occursum
1052 2584 1258 2624 meum
1310 2567 1560 2639 paratus
1609 2580 1853 2621 mecum

177 2658 386 2734 possit
414 2656 767 2731 proﬁcisci.»
800 2657 907 2724 Qui
937 2656 1137 2713 statim
1167 2653 1504 2722 deducitur,
1535 2656 1592 2710 et
1619 2652 1853 2710 decres-

181 2765 301 2808 cen
310 2748 468 2806 tibus
492 2747 695 2804 dietim
711 2746 939 2803 viribus
955 2745 1033 2803 ad
1054 2750 1319 2803 extrema
1334 2744 1850 2818 praeparatur(68).

260 2845 356 2898 42.
414 2838 633 2895 Deinde
691 2837 913 2912 praesul
959 2842 1162 2894 noster
1196 2836 1649 2909 ingravescente
1690 2834 1854 2891 febre

184 2931 547 2998 Holthusen,
578 2928 684 2986 ubi
710 2929 1049 2987 conﬂuente
1101 2925 1501 2985 ecclesiastico
1553 2942 1719 2983 more
1776 2926 1856 2982 ad

181 3019 597 3080 visitationem
626 3018 775 3075 tanti
803 3017 914 3074 viri
942 3017 1306 3075 multitudini
1339 3014 1644 3072 sufﬁciens
1672 3014 1855 3073 aediﬁ-

186 3111 430 3168 ciorum
460 3113 587 3165 erat
625 3107 822 3181 copia,
849 3106 1216 3180 provehitur.
1278 3106 1364 3162 lbi
1418 3105 1571 3162 inter
1601 3104 1855 3162 multam

182 3199 335 3260 cleri
363 3197 697 3274 populique
726 3196 1146 3271 frequentiam,
1179 3196 1449 3270 quadam
1478 3195 1574 3252 die
1612 3210 1859 3253 venera-

182 3289 330 3348 bilis
359 3286 610 3344 domina
642 3285 865 3359 Sophia
894 3285 969 3342 de
999 3284 1427 3342 Gandersheim
1457 3284 1858 3357 advenit,quee

181 3376 465 3444 tandem,
498 3379 563 3432 ut
582 3375 644 3431 in
665 3391 813 3448 pace
858 3374 1095 3448 loquar,
1126 3374 1400 3449 deposita
1450 3373 1633 3447 priori
1685 3373 1860 3447 perti-

183 3466 395 3534 nacia,
422 3464 603 3538 plena
633 3479 696 3520 se
724 3463 844 3519 ﬁde
870 3468 928 3520 et
955 3462 1292 3532 devotione,
1325 3462 1402 3520 ad
1449 3462 1610 3519 beati
1638 3462 1749 3519 viri
1777 3462 1861 3519 fa-

183 3554 601 3616 miliaritatem
651 3553 959 3622 convertit,
995 3569 1132 3626 quae
1202 3554 1305 3627 (65)
1335 3558 1497 3623 tunc,
1543 3554 1860 3610 occasione

187 3649 461 3712 inventa,
492 3649 550 3701 et
574 3643 855 3718 populari
898 3643 1073 3701 turba
1096 3649 1346 3714 remota,
1395 3649 1624 3701 astante
1680 3644 1858 3713 clero,

190 3738 281 3795 de
312 3734 520 3791 frivola
545 3733 817 3809 quadam
842 3733 1192 3807 pertinacia,
1223 3750 1359 3806 quas
1410 3734 1485 3790 de
1533 3750 1655 3790 sure
1681 3734 1863 3792 eccle-

190 3826 305 3882 siae
331 3824 557 3882 clericis
597 3829 806 3883 contra
838 3824 1086 3883 beatum
1130 3825 1324 3881 virum
1371 3825 1638 3896 increvit,
1694 3841 1862 3882 exor-

189 3915 377 3973 dium
406 3913 543 3972 fecit
567 3918 628 3972 et
673 3914 940 3972 debitam
998 3914 1467 3972 satisfactionem
1520 3913 1863 3988 promittere

186 4005 404 4078 coepit.
434 4005 525 4062 Ad
544 4005 718 4077 cujus
746 4004 927 4061 verba
956 4004 1072 4075 ille,
1104 4004 1323 4078 partim
1347 4004 1563 4062 morbo
1593 4008 1861 4075 cogente,

184 4094 424 4170 partim
486 4111 650 4163 vero,
709 4098 775 4150 ut
842 4094 1017 4151 nobis
1065 4094 1398 4164 videbatur,
1450 4092 1863 4164 indignatione

185 4190 615 4259 permovente,
648 4182 935 4241 iracunde
960 4183 1290 4257 respondit,
1319 4184 1456 4240 etin
1486 4181 1753 4238 futurum
1782 4186 1865 4238 ta-

184 4274 280 4332 lia
312 4274 599 4348 suspendi
630 4273 877 4343 rogavit.
912 4272 1016 4329 Illa
1045 4289 1184 4329 vero
1211 4271 1679 4328 commotionem
1730 4271 1862 4342 ejus

186 4362 613 4429 dissimulans,
646 4367 702 4420 et
727 4362 959 4419 obitum
981 4362 1111 4434 ejus
1142 4361 1483 4418 celeriorem
1505 4359 1857 4429 formidans,

190 4453 349 4509 item
377 4451 642 4525 itemque
699 4451 762 4507 in
816 4468 928 4508 sua
986 4451 1388 4507 satisfactione
1441 4450 1622 4506 etiam
1672 4449 1862 4523 lacry-

160 4540 437 4608 .mando
462 4540 731 4614 perstitit,
776 4556 1034 4614 eamque
1089 4544 1155 4597 ut
1204 4540 1464 4613 recipere
1518 4539 1867 4610 dignaretur

190 4629 588 4687 obsecrando
611 4629 960 4704 postulavit.
989 4633 1061 4685 At
1083 4628 1180 4686 ille
1209 4646 1220 4684 :
1282 4652 1308 4678 «
1347 4628 1619 4699 Domina,
1650 4628 1864 4701 inquit,

192 4735 317 4795 per
350 4722 537 4775 Deum
561 4718 868 4797 paulisper
894 4718 1149 4789 reticete,
1179 4724 1236 4776 et
1262 4718 1390 4775 llth
1415 4719 1607 4776 donec
1635 4718 1699 4774 in
1755 4718 1869 4774 fes-

193 4808 433 4867 tivitate
463 4811 683 4864 sanetae
722 4807 915 4864 Mariae
951 4807 1408 4871 conveniamus,
1441 4806 1806 4880 suspendite.
1838 4830 1867 4857 »

198 4900 349 4971 Ipsa
375 4900 597 4968 autem,
654 4900 717 4953 ut
771 4894 1088 4952 videbatur
1140 4896 1444 4965 omnibus,
1498 4896 1685 4953 ﬁnem
1741 4895 1871 4967 ejus

195 4984 386 5041 citius
415 4985 814 5041 adventurum
842 4983 1196 5056 intelligens,
1237 4990 1294 5042 et
1318 4989 1519 5042 tamen
1537 4985 1722 5042 verba
1743 4984 1793 5056 ej
1804 5002 1872 5041 us

195 5075 594 5132 vehementer
617 5089 1027 5149 expavescens
1063 5092 1129 5131 :«
1155 5074 1410 5144 Utinam,
1442 5074 1655 5150 inquit,
1688 5090 1724 5131 ο
1770 5077 1875 5133 Pa—

283 5201 403 5271 (66)
431 5200 522 5257 Sic
552 5199 892 5270 Bamberg.;
920 5198 1020 5256 alii
1048 5215 1188 5271 vero
1212 5200 1627 5270 praediximus.

286 5270 849 5345 (67)7Bollandusgca
879 5287 1023 5327 voce
1053 5270 1304 5328 rheuma
1333 5271 1636 5342 designari
1659 5276 1832 5345 putat
1859 5291 1872 5329 :

194 5344 431 5414 legend
443 5360 544 5401 um
570 5344 717 5400 forte
750 5343 1076 5400 humorem.

288 5416 406 5484 (68)
436 5414 774 5486 Bamberg.,
794 5415 1114 5485 proﬁcisci.
1139 5415 1239 5471 Ex
1268 5429 1335 5486 ea
1367 5413 1463 5469 die
1512 5416 1742 5484 praesul
1780 5431 1880 5471 ηο-

196 5492 361 5548 ster.
402 5487 875 5543 decrescentibus
926 5486 1127 5541 dietim
1175 5485 1426 5548 viribus,
1477 5487 1560 5539 ad
1610 5492 1879 5543 extrema

194 5529 633 5632 prwparqtui',
656 5564 713 5614 et
752 5574 789 5615 a
812 5558 1076 5632 praeiaid
1097 5558 1246 5613 villa
1267 5555 1348 5611 ad
1362 5527 1878 5632 _Iiollh_us;n,ve'tcu.

284 5626 405 5703 (69)
442 5629 602 5686 Idem
635 5626 1170 5703 :pro'quibusdam
1202 5628 1402 5703 causis
1419 5629 1707 5703 ecclesiae
1759 5626 1881 5703 sita:

204 5699 358 5763 eum
389 5699 1197 5774 interpellavit,‘omnemque
1224 5699 1297 5757 de
1312 5700 1544 5774 reliquo
1570 5700 1883 5773 subjectio-

665 5792 910 5857 PATROL.
952 5791 1122 5850 CXLI.

1942 423 2054 464 nec
2081 408 2197 464 hoc
2226 412 2478 484 tempus
2505 410 2788 467 venerit.»
2814 412 2911 469 llle
2939 433 3085 475 vero
3110 420 3349 481 fortiter
3380 426 3641 484 collectis

1942 497 2192 568 viribus,
2224 498 2581 572 apertisque
2611 499 2824 569 oculis,
2858 509 2915 561 et
2943 509 3231 567 omnibus
3251 512 3365 571 diu
3390 515 3643 573 circum-

1947 588 2187 661 spectis,
2222 588 2308 644 ait
2344 606 2358 644 :
2390 612 2418 638 ‹‹
2456 592 2521 644 In
2548 593 2842 662 potestate
2872 596 3118 668 quidem
3150 603 3254 660 Dei
3284 605 3412 664 vita
3434 609 3647 662 nostra

1948 677 2261 750 exitusque
2284 694 2433 734 vere
2456 679 2730 736 consistit
2764 699 2779 750 ;
2836 683 2900 740 in
2928 687 3170 747 veritate
3227 697 3457 767 tamen,
3506 710 3649 767 quae

1950 769 2102 824 Deus
2130 772 2239 836 est,
2275 767 2422 824 dico
2447 768 2623 825 vobis
2655 772 2805 844 quia
2836 774 2897 831 in
2927 776 3244 839 festivitate
3278 791 3513 843 sanetae
3541 786 3659 845 Ma-

1948 859 2070 927 riae,
2102 858 2209 915 ubi
2240 861 2410 915 Deus
2434 860 2692 918 voluerit
2722 869 2879 922 certe
2906 868 3085 926 simul
3110 872 3364 946 erimus,
3393 875 3667 940 ibidem.

1949 964 2068 1021 que
2096 963 2315 1004 coram
2342 949 2547 1004 veraci
2576 952 2925 1013 testimonio
2955 963 3011 1015 et
3039 960 3114 1016 de
3142 960 3267 1035 his,
3302 969 3360 1021 et
3403 966 3493 1021 de
3544 970 3675 1033 aliis

1951 1036 2303 1129 etiamquis.
2335 1036 2495 1093 inter
2527 1054 2640 1095 nos
2670 1041 2985 1119 dissident,
3037 1053 3483 1113 tractabimus.
3528 1085 3557 1113 »
3613 1070 3683 1129 Et

1949 1128 2075 1184 haec
2096 1127 2337 1196 dicens,
2364 1130 2730 1201 compressis
2763 1134 2951 1191 oculis
2980 1137 3233 1198 reticuit.
3269 1147 3343 1199 At
3390 1143 3550 1216 ipsa
3588 1127 3681 1216 ni;

1950 1217 2074 1274 mio
2109 1220 2371 1290 stupore
2423 1218 2761 1293 pavefacta,
2823 1223 3061 1282 silentcr
3111 1229 3673 1304 circumstantibus

1952 1306 2032 1363 ait
2059 1323 2071 1362 :
2107 1328 2134 1355 «
2168 1306 2312 1362 Heu
2342 1322 2443 1361 me
2467 1307 2753 1367 miseram
2786 1312 3259 1387 inunquidnam
3289 1338 3433 1377 sum
3481 1337 3667 1391 mori-

1952 1401 2104 1465 tura,
2133 1413 2409 1470 sumque
2435 1397 2497 1454 in
2524 1400 2804 1473 proximo
2832 1403 3243 1467 subsecutura
3272 1412 3300 1468 ?
3329 1435 3359 1463 »
3393 1415 3517 1476 Nec
3570 1426 3660 1481 ta-

1951 1503 2093 1575 men
2119 1486 2401 1560 amplius
2428 1504 2566 1546 eum
2586 1489 2922 1564 inquietare
2951 1503 3373 1575 praesumpsit,
3406 1513 3515 1566 sed
3543 1512 3654 1569 hu-

1953 1574 2167 1631 militer
2197 1575 2321 1632 sibi
2354 1576 2434 1633 ab
2491 1595 2562 1636 eo
2611 1579 3051 1652 indulgentiam
3110 1586 3297 1647 simul
3352 1574 3410 1650 et
3466 1597 3645 1656 licen-

1883 1685 1927 1738 Β
1956 1664 2101 1758 tiam
2132 1665 2509 1758 petiit._ltem
2530 1668 2626 1725 ille
2658 1669 2878 1743 apertis
2926 1672 3120 1730 oculis
3173 1694 3314 1737 eam
3366 1683 3644 1758 breviter,

1956 1753 2081 1810 imo
2107 1756 2163 1810 et
2193 1755 2522 1815 salubriter
2550 1758 2625 1815 de
2658 1775 2843 1815 sacrae
2863 1759 3175 1832 religionis
3228 1753 3647 1835 observatione

1958 1845 2366 1916 commonuit,
2398 1863 2468 1904 ac
2492 1848 2567 1904 de
2599 1847 2820 1921 plurali
2858 1864 2983 1905 suae
3015 1851 3381 1920 obedientiae
3445 1866 3647 1940 provi-

1960 1934 2128 1990 sione
2159 1938 2457 2007 coarguit,
2490 1942 2547 1995 et
2580 1938 2666 1994 sic
2715 1936 2945 1995 elevata
2997 1941 3216 2005 dextra
3272 1968 3412 2011 eam
3445 1934 3649 2012 bene-

1957 2023 2214 2080 dictione
2246 2028 2524 2099 munivit,
2556 2025 2733 2101 eique
2756 2042 2869 2101 pro
2895 2033 3166 2106 tempore
3223 2044 3649 2103 remissionem

1956 2111 2281 2204 indulgens
2312 2134 2440 2176 non
2471 2118 2599 2176 sine
2628 2132 2875 2190 magno,
2908 2125 2974 2177 ut
3018 2122 3160 2197 ipsa
3203 2128 3530 2204 fatebatur,
3583 2135 3651 2193 ti-

1959 2219 2127 2261 more
2159 2203 2410 2265 dimisit.

2030 2294 2488 2383 43.7Transacta
2507 2300 2711 2354 autem
2741 2296 3153 2369 hebdomada,
3205 2308 3423 2369 beatus
3453 2316 3642 2383 Pater,

1953 2383 2085 2456 jam
2113 2382 2432 2445 deﬁciente
2462 2386 2733 2443 funditus
2763 2404 3037 2462 corpore,
3084 2395 3166 2452 ab
3204 2399 3426 2458 abbate
3478 2382 3646 2460 crete;

1959 2472 2161 2545 risque
2218 2472 2509 2532 fratribus
2566 2474 2719 2531 sacri
2770 2475 2886 2533 olei
2944 2480 3182 2555 liquore
3236 2490 3641 2550 ecclesiastico

1961 2578 2128 2618 more
2154 2567 2533 2653 perungitur,
2586 2568 2662 2632 et,
2717 2564 2800 2623 ita
2858 2573 2925 2626 ut
2970 2574 3269 2647 praedixit,
3324 2579 3388 2637 in
3435 2580 3639 2653 vigilia

1962 2652 2347 2710 Ascensionis
2373 2654 2607 2711 Domini
2631 2653 2693 2710 in
2731 2662 2938 2715 monte
2970 2663 3167 2720 sancti
3209 2668 3470 2725 Mauricii
3508 2652 3637 2741 7(70)

1960 2742 2389 2802 transvehitur.
2444 2743 2532 2801 Ibi
2593 2744 2794 2802 statim
2849 2749 2930 2805 ad
2979 2767 3123 2809 eum
3161 2754 3363 2814 ﬂendo
3429 2758 3636 2817 fratres

1963 2833 2122 2905 [eum
2153 2831 2585 2891 innumerabili
2616 2834 2733 2892 alia
2760 2837 3148 2900 multitudine
3173 2844 3463 2921 ﬁdelium]
3490 2865 3635 2907 cons

1963 2928 2271 3013 venerant,
2299 2941 2409 2981 nec
2431 2923 2691 2999 amplius
2717 2928 3189 2991 amaritudinem
3234 2935 3478 3009 doloris,
3510 2955 3633 3013 quo

1893 3048 1933 3103 Ο
1964 3012 2145 3070 corde
2201 3018 2377 3070 tenus
2429 3015 2825 3087 vexabantur,
2865 3020 3242 3082 abscondere
3289 3012 3628 3088 valuerunt.

1965 3103 2191 3158 Caetera
2215 3119 2360 3160 vero
2385 3104 2843 3162 innumerabilis
2874 3103 3453 3172 conﬂuxitﬁdelium
3482 3119 3636 3174 mul-

1966 3191 2180 3265 titudo,
2209 3210 2397 3266 quam
2429 3210 2553 3250 non
2585 3194 2782 3251 minor
2808 3213 2924 3271 pro
2954 3200 3122 3258 obitu
3147 3204 3483 3263 charissimi
3522 3223 3635 3281 pa-

1967 3280 2141 3339 storis
2171 3282 2381 3341 aﬁlixit
2402 3283 2762 3341 amaritudo.
2798 3288 2965 3352 Quos
2988 3294 3191 3348 tamen
3214 3292 3331 3362 ille,
3357 3294 3492 3352 licet
3524 3280 3636 3354 de.

1964 3372 2204 3430 ﬁciente
2236 3373 2367 3445 jam
2387 3390 2541 3448 pene
2570 3373 2798 3444 lingua,
2830 3375 3093 3449 benigne
3141 3382 3516 3442 consolando
3539 3386 3631 3443 di-

1968 3461 2147 3531 misit,
2181 3467 2238 3519 et
2260 3462 2524 3519 diluculo
2552 3462 2769 3519 iterum
2790 3464 3078 3525 advenire
3115 3473 3446 3531 mandavit.
3498 3475 3635 3541 Quis

1965 3551 2083 3608 bus
2109 3553 2579 3623 discedentibus,
2610 3557 2668 3610 et
2696 3570 2936 3613 sacram
2965 3563 3203 3616 noctem
3228 3561 3394 3619 illam
3419 3563 3483 3620 in
3512 3581 3639 3623 ma-

1969 3657 2090 3713 gno
2116 3642 2322 3700 dolore
2348 3642 2728 3712 ducentibus,
2759 3642 2975 3703 beatus
3000 3651 3167 3707 Pater
3195 3658 3486 3711 consueto
3509 3671 3639 3712 mo-

1968 3750 2052 3803 re,
2085 3732 2199 3790 sibi
2225 3734 2496 3808 psalmos
2526 3750 2764 3808 semper
2792 3738 2972 3809 quasi
2998 3756 3109 3813 pro
3160 3741 3323 3798 dulci
3365 3744 3637 3802 refectio-

1970 3839 2045 3879 ne
2070 3822 2436 3890 ruminabat,
2465 3827 2521 3879 et
2541 3822 2604 3878 in
2634 3823 2735 3879 tali
2764 3826 3152 3884 meditatione
3183 3846 3426 3887 cursum
3453 3849 3633 3889 suum

1971 3928 2426 3979 consummans,
2460 3912 2730 3968 animam
2760 3914 3042 3970 attentius
3082 3919 3203 3972 Deo
3247 3921 3635 3978 commenda-

1969 4000 2052 4057 vit
2084 4002 2212 4073 (71).
2250 4001 2498 4056 Summo
2529 4015 2670 4055 vero
2698 3999 2964 4057 diluculo
2992 4002 3209 4060 iterum
3237 4004 3430 4062 clerus
3459 4023 3633 4081 pera.

1972 4090 2078 4147 etis
2122 4088 2431 4145 matutinis
2463 4088 2719 4157 advenit,
2752 4105 2936 4161 quem
2974 4092 3102 4166 ipse
3134 4094 3320 4152 affatu
3351 4100 3493 4154 tunc
3528 4116 3632 4155 su-

1972 4195 2203 4253 premo,
2225 4177 2501 4244 breviter,
2536 4182 2803 4233 attamen
2834 4179 3171 4255 salubriter,
3193 4184 3268 4241 de
3300 4202 3488 4243 sacrae
3543 4205 3634 4245 re-

1970 4268 2206 4340 ligionis
2232 4272 2291 4323 et
2314 4266 2671 4324 obedientiae
2692 4267 3076 4329 observantia
3106 4278 3499 4348 commonuit,
3527 4278 3635 4336 sie-

1974 4374 2093 4432 que
2118 4356 2509 4415 confessionis
2532 4374 2713 4415 versu
2736 4375 2877 4415 eum
2934 4362 3018 4418 eis
3065 4367 3467 4424 communiter
3492 4382 3633 4441 pro-

1971 4448 2113 4517 lato,
2137 4448 2215 4505 ad
2241 4446 2602 4504 celebranda
2632 4465 2770 4505 cum
2794 4448 3012 4508 abbate
3042 4453 3366 4510 missarum
3414 4457 3632 4511 solem-

1972 4538 2075 4596 nia
2100 4536 2495 4595 valedictione
2526 4538 2738 4619 ultima
2765 4538 3009 4597 dimisit.
3036 4543 3254 4598 Prtesul
3282 4547 3483 4599 autem
3521 4543 3635 4600 cle-

1974 4646 2166 4696 mens,
2198 4644 2323 4684 non
2352 4627 2674 4685 immemor
2703 4646 2823 4686 suae
2862 4630 3298 4702 promissionis,
3353 4630 3429 4687 de
3485 4650 3635 4707 prae-

1975 4714 2134 4771 dicto
2159 4732 2271 4772 suo
2297 4716 2666 4774 cubiculario
2698 4720 2940 4773 Bunone
2992 4718 3304 4791 requisivit
3349 4720 3631 4793 sollicite;

1976 4822 2159 4879 quem
2181 4805 2286 4862 ubi
2311 4806 2617 4880 desperari
2647 4807 3033 4879 corporaliter
3083 4808 3380 4878 cognovit,
3438 4810 3492 4867 ei
3528 4828 3638 4884 per

1977 4895 2257 4953 nuntium
2304 4895 2632 4965 mandavit,
2679 4895 2884 4952 dicens
2937 4914 2950 4952 :
3012 4898 3410 4965 «Consolare,
3486 4916 3639 4974 puer

1981 5002 2175 5055 meus,
2214 4985 2275 5041 in
2308 4984 2562 5041 Domino
2589 4990 2646 5041 et
2671 4984 3025 5056 confortare,
3056 4986 3202 5060 quia
3225 4989 3356 5059 jam
3398 4991 3638 5064 tempus

1981 5075 2180 5144 instat,
2212 5090 2336 5147 quo
2366 5090 2603 5130 mecum
2635 5073 2713 5131 ad
2740 5074 2999 5147 patriam
3046 5081 3281 5134 aeternae
3326 5078 3641 5138 beatitudi-

1984 5217 2138 5327 πεζῇ,
2170 5205 2225 5327 eet
2262 5200 2336 5326 dte
2373 5202 2674 5271 praeterito
2724 5215 2930 5258 errore
2981 5204 3455 5275 satisfactionem
3504 5224 3641 5279 pro-

1984 5289 2064 5327 1m
2120 5287 2185 5327 er
2222 5313 2235 5327 .
2265 5288 2297 5327 e
2324 5288 2376 5327 c.

1983 5286 2235 5337 mittere,
2265 5286 2376 5328 etc.

2057 5343 2168 5416 (70)
2194 5343 2272 5399 De
2302 5343 2415 5399 hoc
2446 5347 2648 5400 monte
2691 5342 3051 5402 Chronicum
3109 5348 3471 5408 Saxonicum
3524 5368 3638 5408 ms.

1987 5414 2073 5471 ad
2108 5430 2207 5497 an.
2271 5418 2404 5497 102:?
2441 5432 2476 5497 ξΔ
2510 5417 2767 5497 Montem
2791 5418 3145 5497 _speciosum
3172 5422 3235 5476 in
3283 5424 3645 5481 occidentali

1986 5492 2161 5566 parte
2186 5500 2310 5541 suae
2339 5488 2597 5566 civitatis
2643 5489 2904 5566 incelere
2959 5492 3157 5566 erepit,
3213 5509 3385 5565 quem
3434 5501 3646 5566 postea

1988 5559 2165 5639 titulo
2187 5558 2520 5639 qcpomiui
2552 5559 2751 5629 sancti
2792 5558 3084 5620 Mauricii
3129 5558 3239 5621 sui
3271 5558 3491 5624 sumini
3533 5581 3648 5639 pa-

1989 5630 2153 5687 troni
2169 5628 2487 5686 dedicavit.

2060 5701 2170 5775 (71)
2200 5699 2289 5758 Sic
2324 5700 2555 5772 Bamb.;
2589 5700 2687 5762 alii
2717 5718 3135 5767 consummans
3156 5711 3578 5783 per-nectebat.

3188 5803 3258 5866 38
