3996 6168
413 99 549 169 {tes

1268 122 1275 127 -
1334 95 1390 162 s’.
1433 92 1844 166 GODEHARDI
1881 94 2201 166 EPISCOPI
2242 104 2894 171 HILDESHEIMENSIS.

3711 119 3837 176 {196

404 239 499 298 nis
526 237 712 294 debes
737 251 873 293 vere
902 231 1270 308 pervenire.»
1298 236 1439 300 Quae
1467 234 1651 291 verba
1686 220 1847 308 puer'
1887 232 2060 290 laetus
2090 232 2140 286 A
2171 228 2278 287 tim
2304 233 2645 309 exanimem
2675 238 3058 309 aspexerunt,
3089 250 3283 309 quem
3309 236 3478 295 illico
3507 242 3708 297 stratu
3750 241 3840 298 de-

403 327 650 394 audivit,
679 328 735 382 et
763 323 846 381 nil
868 324 1000 396 jam
1029 322 1105 379 de
1124 322 1247 380 vita
1283 320 1564 397 praesenti
1623 323 1947 392 meditans,
1997 320 2072 379 in.

400 418 534 487 ipsa
565 430 739 471 sacra
765 412 1149 470 Ascensionis
1180 411 1414 468 Domini
1460 404 1556 468 die
1580 411 1863 469 viaticum
1894 410 2057 467 salu-

399 510 522 565 tare
548 504 772 578 petivit,
804 519 927 578 quo
951 505 1255 577 percepto,
1287 501 1558 574 gaudens
1592 500 2055 576 promissionem

394 584 555 655 beati
583 593 855 669 praesulis
885 591 1266 666 exspectavit.

463 689 556 743 44.
587 684 902 743 Missarum
929 681 1112 754 igitur
1135 682 1301 757 apud
1330 699 1442 740 nos
1493 683 1831 741 celebritate
1885 697 2055 756 pera-

392 781 508 845 cta,
530 774 971 847 refectioneque
996 771 1205 830 festine
1237 772 1480 849 [festive]
1510 778 1813 848 percepta,
1843 772 2051 829 fratres

392 867 609 924 iterum
628 864 759 937 jam
787 864 941 920 hora
970 861 1089 919 diei
1118 862 1354 919 decima
1384 862 1464 919 ad
1486 860 1770 920 dilectum
1816 862 2051 938 pontiﬁ-

391 967 524 1008 cem
549 956 927 1020 revenerunt,
960 955 1018 1008 et
1046 950 1244 1008 ofﬁcio
1274 967 1427 1024 pene
1482 950 1703 1024 linguis
1751 955 2046 1021 cessante,

391 1039 571 1097 corde
599 1056 763 1108 vero,
789 1041 963 1112 juxta
993 1039 1351 1113 Apostolum
1395 1041 1450 1112 (I
1474 1042 1611 1097 Cor.
1643 1045 1787 1112 xxv),
1839 1040 2049 1113 spiritu

389 1133 448 1185 et
473 1132 672 1186 mente
692 1128 1005 1202 psallente,
1035 1127 1307 1202 psalmos
1338 1129 1401 1185 in
1430 1128 1558 1186 solo
1621 1135 1861 1203 pectore
1891 1128 2048 1185 difﬁ-

388 1219 575 1275 culter
600 1218 1009 1275 ruminantem
1039 1218 1414 1276 invenerunt.
1445 1222 1607 1276 Tunc
1660 1219 1806 1276 inito
1859 1219 2050 1275 consi-

384 1302 486 1379 lio,
516 1323 737 1380 pueros
766 1312 1028 1381 quatuor
1084 1308 1386 1365 scholares
1443 1325 1516 1366 ex
1572 1312 1826 1383 utraque
1850 1309 2047 1366 lectuli

380 1402 552 1471 parte
627 1401 979 1467 statuerunt,
1049 1412 1204 1471 quos
1248 1397 1599 1471 psalterium
1651 1415 1688 1455 a
1750 1398 2045 1472 principio

382 1491 586 1562 aperte
614 1492 672 1544 et
699 1487 972 1544 distincte
1001 1487 1250 1544 recitare
1276 1487 1562 1546 fecerunt.
1603 1488 1832 1555 Quibus
1876 1491 2045 1546 Pater

2169 315 2504 392 ponebant,
2526 326 2583 378 et
2604 323 2831 380 omisso
2880 323 3043 397 ﬂetu,
3093 340 3237 383 eum
3293 326 3473 400 quod
3542 333 3838 401 optaverat

2168 406 2521 478 obtinuisse,
2549 412 2911 483 gaudebant.

2237 500 2328 554 46.
2356 501 2578 557 Fratres
2607 518 2749 559 vero
2777 503 2841 560 in
2869 505 3250 562 monasteriis
3281 506 3739 581 exsequiarum
3758 509 3843 566 de-

2162 585 2292 644 bito
2314 591 2767 666 matutinalique
2795 593 2995 655 ofﬁcio
3021 601 3292 668 peracto,
3325 597 3680 655 missarum
3707 599 3844 656 cele-

2162 673 2458 751 bratione,
2484 681 2979 757 psalmorumque
3006 684 3503 758 frequentatione
3544 691 3843 760 pastorem

2163 780 2343 822 suum
2373 768 2591 826 divina:
2613 771 2985 829 miserationi
3013 778 3182 831 tanto
3208 774 3502 832 devotius
3547 791 3846 833 commen-

2160 852 2411 926 dabant,
2443 864 2670 932 quanto
2699 876 2761 918 se
2778 860 2857 918 ab
2877 862 3012 935 ipso
3033 864 3588 922 commendandos
3608 865 3844 923 ﬁducia-

2157 941 2274 1000 lius
2297 947 2644 1019 sperabant.
2676 949 3041 1007 Adveniente
3072 956 3281 1009 autem
3311 953 3515 1010 felicis
3538 956 3842 1012 memorie

2158 1033 2456 1106 Brunone,
2470 1036 2876 1095 Mindonensis
2904 1039 3180 1097 Ecclesiae
3202 1042 3537 1116 episcopo,
3558 1060 3752 1117 quem
3766 1044 3845 1118 ip-

2159 1137 2223 1178 se
2248 1124 2420 1181 Pater
2446 1126 2804 1184 venerabilis
2837 1127 2950 1185 sibi
2969 1128 3036 1186 in
3066 1129 3454 1202 spiritualem
3486 1132 3843 1190 ﬁliumado—

2154 1215 2449 1284 ptaverat,
2482 1215 2807 1289 quietiam,
2830 1218 3073 1289 cognita
3101 1219 3234 1290 ejus
3263 1220 3664 1289 inﬁrmitate,
3685 1223 3845 1293 juxta

2154 1306 2361 1359 nostra
2386 1304 2648 1363 conﬁnia
2665 1305 2997 1378 habitabat,
3037 1307 3188 1365 hora
3216 1308 3510 1380 ejusdem
3542 1310 3672 1368 diei
3688 1313 3845 1368 tertia

2154 1393 2314 1446 totus
2345 1391 2537 1450 clerus
2558 1410 2697 1451 cum
2725 1395 2952 1468 populo
3003 1396 3227 1454 militiae
3258 1404 3427 1455 certe
3460 1405 3526 1457 et
3581 1400 3841 1467 familiae,

2154 1482 2212 1535 et
2232 1480 2451 1552 plurali
2473 1482 2693 1540 civium
2716 1486 3479 1563 comprovincialiumque,
3499 1494 3566 1548 et
3587 1492 3841 1547 maxime

380 1578 594 1635 beatus
625 1577 863 1646 auditis,
887 1577 1067 1651 quasi
1096 1578 1210 1634 hac
1240 1576 1503 1635 melodia
1535 1577 1883 1650 delectatus,
1942 1579 2044 1635 ali-
2070 1591 2117 1646 Β
2153 1583 2492 1643 Pauperum
2522 1572 2875 1646 frequentia.
2916 1574 2999 1631 ad
3051 1581 3325 1634 montem
3383 1578 3502 1635 ubi
3565 1580 3843 1653 specialis

380 1666 742 1743 quantulum
773 1667 1018 1740 quievit,
1045 1666 1348 1724 interdum
1390 1672 1449 1725 et
1499 1667 1679 1724 simul
1730 1685 1869 1724 cum
1924 1667 2039 1725 illis

378 1757 634 1830 psallere
665 1756 918 1826 gestivit.
949 1759 1164 1813 Versus
1186 1761 1388 1813 tamen
1411 1756 1545 1813 illos
1572 1758 2042 1832 praecipuos,qui

380 1845 718 1919 specialiter
747 1845 1002 1902 Domino
1028 1843 1108 1901 ad
1137 1846 1607 1919 supplicandum
1635 1848 2038 1920 pertinebant,

380 1935 599 2008 apertis
629 1934 996 2008 elevatisque
1027 1935 1235 2003 oculis,
1260 1935 1435 1992 altius
1480 1937 1820 1996 ructitabat.
1853 1937 2040 1996 Media

378 2028 581 2080 autem
605 2027 801 2093 nocte,
820 2024 950 2095 jam
974 2023 1143 2080 ﬁnito
1168 2023 1470 2097 psalterio,
1511 2026 1642 2096 jam
1688 2024 2037 2084 imminente

374 2112 749 2171 manifestius
774 2113 915 2181 ﬁne,
950 2113 1301 2171 matutinale
1331 2113 1595 2171 ofﬁcium
1618 2114 2033 2189 incceperunt;

373 2207 432 2261 et
458 2203 608 2260 dum
633 2203 714 2261 ad
764 2203 1073 2277 psalmum
1128 2205 1487 2261 Benedictus
1536 2206 1827 2263 Dominus
1878 2208 2036 2264 Deus

370 2294 565 2353 Israel
590 2299 1008 2368 pervenerunt,
1036 2294 1127 2351 vir
1151 2294 1367 2351 beatus
1397 2295 1460 2351 in
1488 2294 1700 2353 ultimo
1730 2300 1873 2353 tunc
1897 2313 2037 2368 ago-

371 2399 448 2441 ne
475 2385 808 2454 desudans,
827 2385 929 2441 vix
957 2384 1107 2441 dum
1134 2385 1354 2458 apertis
1385 2385 1594 2456 oculis,
1639 2385 1855 2444 clerico
1898 2403 2036 2444 can-

371 2477 552 2544 tante,
589 2474 947 2531 Illuminare
977 2474 1068 2531 his
1097 2474 1204 2546 qui
1224 2474 1287 2529 in
1316 2474 1571 2531 tenebris
1596 2480 1651 2531 et
1697 2475 1759 2529 in
1818 2475 2033 2533 umbra

367 2564 578 2621 mortis
603 2564 825 2631 sedent,
859 2561 975 2629 ille,
1034 2564 1136 2619 Ad
1189 2563 1555 2635 dirigendos,
1595 2564 1809 2638 inquit,
1853 2565 2032 2636 pedes

367 2660 603 2711 nostros
634 2653 696 2710 in
717 2652 873 2709 viam
884 2654 1057 2723 pacis
1079 2652 1318 2724 (Luat).
1344 2655 1409 2708 Et
1437 2651 1497 2708 in
1526 2653 1640 2710 hoc
1668 2653 2032 2722 verbo,dum

369 2760 406 2801 a
434 2743 593 2801 clero
616 2743 826 2799 Gloria
854 2743 1034 2799 Patri
1075 2758 1216 2798 cum
1247 2742 1578 2816 antiphona
1627 2745 1897 2801 Asc-endo
1952 2746 2034 2803 ad

366 2831 613 2888 Patrem
644 2847 838 2888 meum
865 2836 919 2888 et
946 2831 1193 2888 Patrem
1226 2837 1487 2888 vestrum
1519 2831 1864 2902 canebatur,
1901 2833 2029 2908 ipse

369 2918 450 3011 ab
481 2919 820 2976 astantibus
843 2919 918 2976 de
947 2917 1461 3011 lecto‘levabatur,
1494 2919 1701 2994 sicque
1726 2920 1865 2978 felix
1893 2939 2028 2980 vere
2059 2954 2099 3011 ο

364 3003 472 3065 illa
525 3008 752 3079 anima,
791 3008 969 3082 quasi
1008 3008 1425 3067 obdormiente
1483 3026 1751 3084 corpore,
1803 3013 2028 3069 carnali

368 3097 670 3171 ergastulo
687 3098 1050 3156 solvebatur.
1073 3099 1553 3158 Consonantibus
1570 3100 1770 3157 statim
1799 3101 2026 3159 ibidem

350 3186 703 3265 campanis,
731 3186 942 3245 fratres
970 3186 1161 3261 quiin
1204 3188 1587 3244 monasteriis
1633 3188 1863 3247 felicem
1895 3191 2025 3262 ejus

362 3275 596 3335 obitum
626 3275 825 3334 solerti
852 3276 1161 3349 vigilantia
1189 3277 1640 3349 exspectabant,
1665 3294 1775 3351 pro
1796 3282 1919 3335 tam
1940 3279 2026 3335 di-

359 3365 526 3423 lecta:
558 3366 776 3423 animae
797 3365 1065 3424 remedio
1094 3382 1302 3440 preces
1332 3366 1706 3440 exsequialcs
1751 3367 2023 3441 frequen-

360 3455 571 3512 tabant
596 3455 829 3512 devote.

433 3547 523 3600 45.
558 3547 686 3601 Non
716 3560 858 3615 ergo
886 3560 1050 3601 nunc
1088 3545 1324 3602 aestimo
1377 3543 1610 3603 silentio
1667 3551 2024 3620 praetereun-

360 3631 511 3688 dum
540 3632 807 3705 primum
836 3632 1031 3689 meriti
1060 3633 1190 3704 ejus
1219 3632 1530 3701 indicium,
1562 3633 1624 3689 in
1653 3634 1789 3708 ipso
1843 3636 2021 3694 beato

358 3721 526 3779 obitu
556 3724 675 3779 Deo
696 3725 844 3779 teste
864 3721 1255 3780 declaratum.
1288 3726 1439 3780 Nam
1466 3739 1628 3797 saepe
1649 3723 1843 3782 dictus
1872 3742 2023 3801 puer

356 3812 555 3870 Bruno
609 3813 673 3870 in
724 3810 909 3870 domo
948 3810 1156 3870 matris
1185 3830 1309 3869 suae
1334 3812 1507 3884 juxta
1534 3813 1846 3872 ecclesiam
1878 3819 2022 3875 San-

362 3903 439 3960 cti
463 3902 785 3976 Michaelis,
817 3903 1033 3960 eodem
1060 3907 1372 3960 momento
1411 3903 1701 3961 membris
1728 3922 2019 3980 praemor-

343 3992 495 4071 tuis,
526 3997 794 4050 extremo
818 3995 1056 4049 tantum
1078 3991 1289 4066 spiritu
1312 3992 1373 4049 in
1398 3998 1636 4067 pectore
1665 3995 2014 4069 palpitante,

354 4079 707 4153 desperatus
731 4080 1004 4153 jacebat:
1032 4081 1135 4154 qui
1161 4081 1583 4138 resonantibus
1598 4081 1752 4139 illico
1774 4099 2017 4159 campa-

353 4166 469 4238 nis,
497 4169 675 4241 quasi
705 4185 741 4225 a
767 4184 1007 4226 sommo
1032 4169 1345 4240 evigilans,
1371 4170 1519 4243 quid
1550 4171 1665 4228 hoc
1696 4177 1850 4229 esset
1899 4179 2018 4230 stu-

352 4271 504 4331 pens
533 4257 870 4332 quuisivit.
899 4258 1004 4314 Cui
1033 4272 1173 4315 cum
1197 4262 1389 4316 mater
1408 4259 1795 4318 dissimulans
1824 4268 2016 4320 matu-

352 4346 536 4405 tinale
565 4346 833 4404 ofﬁcium
857 4342 1083 4417 signari
1103 4347 1345 4420 diceret,
1376 4347 1501 4422 ipse
1524 4365 1595 4407 ac
1623 4350 1671 4406 si
1690 4348 2013 4423 indignans

350 4438 561 4496 matris
591 4437 1037 4511 astantiumque
1068 4437 1367 4495 fallaciam
1396 4457 1409 4494 :
1444 4462 1471 4489 ‹‹
1498 4442 1613 4497 Cur
1647 4455 1766 4511 me,
1796 4440 2009 4515 inquit,

350 4527 549 4584 fallitis
568 4528 597 4584 ?
626 4531 741 4586 Cur
754 4525 1064 4585 veritatem
1096 4527 1295 4584 celatis
1320 4530 1348 4584 ‘?
1367 4530 1510 4583 Vere
1539 4544 1678 4584 cum
1698 4530 1813 4585 hoc
1841 4530 2012 4601 signo

349 4613 603 4674 dilectus
630 4616 920 4674 Dominus
948 4632 1121 4674 meus
1153 4615 1375 4673 coelum
1394 4616 1649 4689 scandit,
1681 4621 1738 4674 et
1760 4621 2014 4691 promis-

352 4705 596 4764 sionum
626 4723 895 4777 suarum,
918 4708 997 4764 ah
1030 4707 1042 4763 ι
1073 4707 1152 4763 ah
1185 4706 1197 4761 ι
1232 4706 1554 4763 immemor
1582 4706 1873 4765 miserum
1914 4725 2011 4766 me

346 4795 604 4871 reliquit.
636 4795 887 4867 Surgite,
919 4794 1017 4858 ait,
1051 4800 1108 4852 et
1128 4795 1367 4852 elevatis
1392 4794 1677 4852 manibus
1707 4795 2014 4854 cordibus-

347 4903 490 4959 que,
517 4887 647 4960 ejus
673 4885 956 4944 dilectam
976 4885 1243 4942 animam
1260 4884 1477 4941 divinae
1495 4884 1826 4942 clementiae
1853 4902 2014 4945 com-

345 4975 714 5049 mendate,et
731 4979 798 5032 ut
824 4974 944 5032 mei
968 4975 1154 5032 modo
1178 4974 1520 5032 meminerit
1546 4975 1912 5033 obsecrate.»
1946 4979 2012 5035 Et

348 5064 592 5123 elevatis
621 5064 760 5122 nisu
788 5079 912 5140 quo
966 5065 1161 5140 potuit
1213 5064 1292 5121 ad
1346 5064 1567 5121 crelum
1619 5064 1847 5122 oculis:
1905 5087 1933 5117 ‹‹
1963 5068 2007 5124 Ο

346 5155 594 5230 praesul,
620 5155 833 5229 inquit,
865 5160 1089 5225 sancte,
1122 5172 1156 5211 ο
1184 5157 1354 5212 Pater
1392 5154 1872 5224 clementissime,
1900 5171 2010 5229 per

348 5249 555 5323 ipsum
579 5250 635 5303 te
663 5245 879 5318 adjuro
905 5245 985 5303 ad
1015 5261 1200 5319 quem
1219 5244 1413 5314 vadis,
1441 5249 1504 5301 ut
1532 5260 1694 5301 nunc
1721 5245 2008 5302 memine-

316 5338 323 5389 ᾖ
347 5336 431 5394 ris
448 5334 588 5407 mei,
615 5337 674 5391 et
692 5350 769 5391 ne
792 5349 890 5391 me
918 5333 980 5391 in
1010 5349 1189 5390 carne
1216 5334 1344 5406 jam
1391 5337 1529 5406 post
1570 5337 1625 5389 te
1677 5332 2002 5407 relinquas,

348 5442 534 5499 quem
560 5428 758 5491 tecum
780 5422 861 5480 ad
895 5423 1156 5497 patriam
1192 5422 1416 5480 iturum
1442 5421 1663 5497 saepius
1716 5421 2004 5496 promise-

347 5530 500 5573 ras»
536 5513 625 5570 Illi
654 5517 962 5586 stupentes
992 5512 1215 5585 pariter
1238 5529 1309 5570 ac
1338 5516 1678 5583 mmrentes,
1707 5512 1856 5568 dum
1880 5511 2004 5583 jus-

352 5603 509 5664 sioni
536 5603 666 5677 ejus
690 5601 1128 5680 obtemperant,
1148 5602 1249 5662 vix
1268 5618 1409 5673 eum
1432 5601 1666 5663 reﬂexis
1685 5600 1873 5663 oculis
1889 5605 2006 5663 διας

2150 1663 2354 1715 noster
2381 1661 2699 1718 thesaurus
2729 1663 3087 1721 servabatur
3113 1666 3435 1739 processit,
3463 1684 3749 1742 eumque
3775 1670 3843 1726 ad

2150 1750 2585 1807 monasterium
2624 1752 2822 1810 Sancti
2850 1753 3171 1826 Michaelis,
3201 1759 3265 1813 ut
3285 1756 3424 1830 ipse
3445 1758 3671 1815 vivens
3701 1776 3842 1834 prte-

2149 1835 2493 1911 destinavit,
2521 1839 2786 1898 deduxit.
2820 1844 2950 1909 Quo
3008 1843 3162 1901 dum
3200 1849 3648 1921 appropiatur,
3711 1854 3841 1909 ante

2147 1929 2355 1997 portas
2381 1926 2512 1984 atrii
2538 1927 2719 1985 funus
2746 1928 3013 1986 defuncti
3031 1931 3301 2002 juvenis,
3330 1950 3487 1991 cum
3551 1952 3688 1993 non
3719 1953 3841 1994 mo-

2147 2012 2286 2071 dica
2310 2020 2631 2088 parentum
2660 2017 3005 2092 civiumque
3028 2020 3205 2077 turba
3226 2023 3570 2096 profertur,
3588 2026 3767 2099 quod
3790 2032 3843 2081 et

2147 2108 2284 2161 ante
2310 2105 2495 2178 pedes
2516 2106 2781 2182 episcopi
2808 2124 2916 2181 per
2934 2109 3265 2184 dispositas
3295 2113 3603 2171 ecclesias
3644 2132 3683 2173 a
3732 2117 3840 2173 mi-

2145 2192 2349 2275 nistris
2373 2194 2807 2254 circumfertur.
2841 2197 3115 2260 Quantus
3139 2217 3286 2258 vero
3314 2202 3622 2275 planctus
3648 2212 3712 2261 ct
3755 2206 3839 2264 la-

2144 2284 2454 2357 mentatio,
2471 2285 2564 2342 vel
2593 2284 2753 2354 cleri,
2776 2281 2875 2343 vel
2902 2288 3136 2361 populi,
3158 2289 3255 2346 vel
3273 2296 3468 2349 etiam
3486 2308 3835 2368 pauperum

2144 2371 2373 2430 ibidem
2397 2375 2699 2444 exstiterit,
2728 2376 2956 2448 ingenii
2986 2379 3179 2436 nostri
3206 2380 3513 2440 facundia
3543 2391 3713 2442 certe
3764 2386 3833 2442 ad

2141 2463 2551 2521 enarrandum
2576 2479 2699 2521 non
2724 2464 2963 2536 sufﬁcit,
3005 2468 3149 2540 quia
3190 2468 3252 2525 in
3312 2485 3448 2528 una
3505 2473 3830 2545 cujuslibet

2139 2554 2340 2607 mente
2368 2551 2465 2608 vel
2488 2568 2634 2610 voce
2678 2552 2875 2611 luctus
2923 2560 2982 2613 et
3031 2556 3231 2627 laetitia
3278 2560 3530 2632 pariter
3588 2566 3825 2635 sonuit:

2139 2637 2290 2695 dum
2312 2644 2557 2713 pectora
2580 2640 2851 2699 ﬁdelium
2880 2643 2958 2700 de
2984 2646 3266 2718 praesenti
3298 2665 3565 2721 maeror,
3608 2653 3694 2710 de
3740 2654 3827 2710 fu-

2138 2730 2273 2785 turo
2302 2730 2543 2802 pertulit
2570 2731 2861 2801 gaudium
2895 2750 2909 2801 ;
2940 2734 3106 2808 quia,
3147 2735 3328 2794 sicuti
3389 2744 3622 2798 sancto
3650 2743 3825 2800 Marti-

2137 2832 2220 2872 no
2250 2817 2504 2889 canitur,
2530 2819 2700 2893 pium
2728 2826 2856 2878 erat
2879 2821 3046 2894 ﬂere,
3077 2828 3135 2881 et
3156 2825 3334 2898 pium
3364 2829 3676 2898 gaudere.
3723 2835 3825 2891 Me-

2135 2904 2250 2962 rito
2270 2921 2414 2977 ergo
2450 2906 2744 2979 ﬂevimus,
2791 2910 2937 2982 quia
3003 2911 3183 2969 talem
3238 2921 3571 2988 pastorem
3627 2921 3821 2977 amisi-

2134 3009 2308 3064 mus;
2340 2995 2448 3051 sed
2476 3000 2534 3053 et
2550 2997 2686 3069 jure
2716 2998 3160 3070 gaudebamus,
3185 3003 3361 3076 quod
3393 3007 3591 3065 talem
3648 3011 3824 3067 inter-

2136 3098 2438 3141 cessorem
2466 3086 2891 3159 praemisimus.

2205 3177 2296 3233 47.
2330 3175 2548 3246 Vigiliis
2569 3176 2749 3247 igitur
2775 3177 2858 3234 ibi
2884 3193 2998 3252 pro
3026 3184 3233 3238 nostro
3282 3185 3553 3246 modulo
3615 3190 3817 3248 condi~

2134 3277 2253 3334 gne
2276 3265 2553 3337 peractis,
2574 3266 2823 3324 beatum
2862 3284 3085 3344 corpus
3132 3288 3323 3331 mane
3381 3277 3469 3333 ad
3529 3281 3813 3338 Sanctum

2132 3353 2437 3412 Andream
2466 3356 2795 3415 honoriﬁce
2815 3364 2904 3417 est
2925 3360 3217 3434 delatum,
3243 3364 3464 3440 ibique
3476 3368 3703 3437 oblatis
3716 3388 3811 3429 sa-

2132 3443 2388 3517 criﬁciis,
2418 3446 2559 3503 inde
2587 3448 2649 3504 in
2672 3449 2988 3523 principali
3034 3457 3245 3510 nostra
3265 3457 3523 3515 ecclesia
3548 3476 3687 3516 cum
3710 3461 3804 3517 de

2130 3532 2257 3592 bita
2285 3537 2669 3594 veneratione
2698 3537 3076 3597 collocatum.
3134 3546 3199 3599 In
3250 3548 3577 3604 crastinum
3628 3564 3782 3617 vero,

2129 3620 2512 3681 illucescente
2534 3626 2862 3697 Dominica,
2896 3644 2971 3685 ex
3000 3629 3258 3689 diversis
3319 3651 3434 3707 per
3480 3636 3795 3695 Saxoniam

2130 3713 2421 3770 caanobiis
2449 3714 2659 3773 fratres
2688 3720 2745 3773 et
2776 3734 3012 3775 sorores
3038 3719 3101 3777 in
3120 3720 3498 3797 obsequium
3527 3728 3681 3785 tanti
3703 3744 3807 3801 pa-

2132 3802 2290 3859 troni
2316 3810 2738 3874 convenerant,
2771 3807 2875 3879 qui
2895 3806 3350 3869 destitutionem
3375 3814 3524 3872 cieri
3545 3822 3607 3874 et
3633 3816 3808 3874 deso-

2125 3888 2414 3949 lationem
2433 3893 2665 3967 populi,
2690 3896 3069 3965 acgenerale
3115 3899 3576 3961 Cbristianismi
3628 3907 3804 3964 totius

2112 3978 2446 4069 damnum,
2473 3982 2676 4040 debita
2694 3983 3122 4044 lamentatione
3151 3988 3577 4051 deﬂeverant:
3607 3996 3806 4069 sicque

2127 4068 2207 4125 ab
2236 4070 2522 4146 episcopo
2543 4072 2772 4130 missali
2814 4074 3016 4133 ofﬁcio
3072 4076 3470 4139 devotissime
3536 4068 3801 4157 peracto,

2128 4175 2369 4218 sacrum
2396 4161 2557 4219 beati
2577 4163 2687 4220 viri
2709 4180 2931 4238 corpus
2986 4166 3049 4223 in
3104 4169 3312 4227 medio
3355 4178 3577 4231 nostro
3598 4176 3801 4245 choro,

2126 4251 2529 4310 ecclesiastico
2552 4270 2737 4326 more,
2756 4258 2928 4311 terrae
2939 4261 3031 4314 est
3052 4256 3361 4333 collatum,
3376 4263 3556 4335 quod
3579 4265 3804 4322 ibidem

2125 4355 2319 4414 usque
2348 4342 2408 4399 in
2446 4342 2808 4400 hodiernum
2836 4343 3050 4403 diema
3078 4345 3363 4407 ﬁdelibus
3388 4352 3803 4427 Christijuxta

2123 4431 2408 4489 humanae
2429 4432 2759 4504 fragilitatis
2808 4436 3289 4509 possibilitatem,
3348 4442 3669 4516 condigna
3718 4452 3801 4502 est

2121 4523 2453 4580 reverentia
2464 4523 2930 4597 frequentatum.
2955 4527 3224 4586 Przedicti
3244 4535 3455 4590 autem
3470 4536 3651 4608 pueri
3669 4552 3797 4593 coro

2120 4613 2443 4685 pusculum
2473 4618 2609 4670 ante
2638 4614 3071 4674 occidentalem
3102 4620 3311 4693 templi
3338 4621 3686 4690 introitum,
3720 4626 3796 4683 ab

2121 4702 2332 4760 eodem
2364 4703 2647 4777 episcopo
2675 4704 2842 4778 prius
2890 4712 2979 4764 est
3005 4707 3349 4767 humatum.
3391 4710 3662 4773 Domina
3700 4733 3794 4773 ve-

2118 4807 2187 4849 ro
2216 4792 2457 4866 Sophia,
2483 4793 2559 4850 de
2589 4809 2713 4867 qua
2732 4795 2912 4853 etiam
2944 4813 3129 4870 supra
3150 4800 3491 4873 retulimus,
3530 4805 3669 4876 jam
3723 4806 3791 4861 de

2121 4898 2233 4939 sua
2246 4882 2701 4956 praemonitione
2732 4884 2925 4955 magis
2955 4887 3274 4962 magisque
3307 4890 3593 4967 sollicita,
3626 4912 3790 4953 som-

2118 4987 2214 5028 res
2231 4988 2371 5028 suas
2393 4988 2462 5028 ac
2482 4971 2868 5046 presbyteros
2890 4974 2988 5032 illo
3015 4992 3155 5033 cum
3169 4977 3592 5040 oblationibus
3609 4989 3790 5042 tram-

2118 5061 2295 5131 misit,
2320 5078 2572 5155 seseque
2597 5061 2755 5155 beati
2784 5064 2895 5121 viri
2915 5066 3140 5123 meritis
3161 5072 3220 5124 et
3240 5070 3529 5142 precibus
3561 5074 3787 5155 suppli-

2118 5153 2260 5209 citer
2284 5152 2584 5210 commisit
2611 5172 2624 5210 :
2655 5153 2861 5229 sicque
2889 5164 3394 5230 superventuram
3452 5162 3655 5223 beatae
3686 5152 3786 5225 ila-

2115 5243 2221 5299 tris
2252 5243 2467 5301 Christi
2485 5245 2977 5317 Assumptionem
3007 5246 3189 5304 simul
3208 5253 3267 5306 et
3284 5251 3677 5312 Nativitatem
3691 5272 3787 5331 pa-

2114 5348 2262 5417 vens
2286 5333 2669 5408 exspectavit.
2699 5335 2842 5401 Quae
2872 5339 3097 5408 tamen,
3146 5337 3472 5412 incipiente
3527 5360 3785 5419 sequen-

2115 5423 2157 5480 ti
2186 5439 2368 5494 anno,
2419 5421 2615 5480 triduo
2667 5428 2804 5481 ante
2846 5420 3338 5485 ’Puriﬁcationem
3391 5439 3626 5493 sanctae
3675 5438 3784 5495 Ila-

2112 5513 2234 5585 riae,
2281 5529 2357 5570 ex
2409 5502 2536 5570 hac'
2570 5512 2694 5571 vita
2747 5513 3099 5586 emigravit:
3157 5517 3261 5574 sic.
3293 5518 3446 5576 etin
3472 5520 3599 5580 hoc
3629 5524 3785 5581 Deus

2112 5601 2272 5662 beati
2320 5601 2505 5661 Patris
2555 5601 2935 5679 prophetiam
2981 5602 3211 5681 liquido
3264 5604 3621 5672 declaravit.
3662 5613 3783 5672 Nos
