3998 6176
251 128 386 192 “97

1871 125 2049 182 VlTA.

3536 135 3670 194 1198

245 274 492 332 quoque
515 224 972 332 quantum,l)eo
1002 260 1324 325 annuente,
1353 271 1678 330 possumus
1697 252 1907 311 merito
1932 255 1979 307 A
2087 255 2174 308 50.
2217 252 2486 310 Primum
2513 270 2781 328 namque
2812 255 2940 327 fuit,
2971 257 3138 330 quod
3182 262 3240 316 et
3278 263 3423 329 erat,
3476 267 3534 318 et
3587 269 3673 320 est

246 349 520 420 ejusdem
577 349 898 406 abbatissae
953 348 1221 404 animam
1279 348 1496 404 divinae
1539 342 1908 402 miserationi

247 437 470 511 saepius
499 438 926 494 commendare
957 437 1270 506 debemus,
1314 453 1451 510 quae
1504 432 1911 506 congregatio-

244 544 385 586 nem
413 535 706 597 nostram,
737 529 885 585 dum
914 528 1076 600 vixit,
1106 527 1274 585 omni
1304 543 1544 600 semper
1595 524 1909 581 dilectione

246 618 538 692 percoluit
560 618 954 692 ejusdemque
999 617 1332 675 dilectionis
1377 621 1607 674 certum
1652 614 1911 672 testimo-

248 709 417 765 nium
442 708 694 782 posteris
725 707 980 781 reliquit.

321 802 410 855 48.
453 802 532 855 De
569 797 872 854 miraculis
924 798 1124 868 igitur,
1182 815 1318 871 qum
1366 814 1473 871 per
1522 795 1681 853 beati
1726 792 1912 851 Patris

251 888 484 955 merita,
511 892 647 961 post
669 887 1122 944 dissolutionem
1152 887 1418 961 corporis
1454 887 1606 957 ejus,
1649 885 1710 940 in
1755 883 1913 940 salu-

251 981 370 1033 tem
403 977 772 1034 credentium
802 977 1007 1033 divina
1031 977 1221 1050 pietas
1266 976 1587 1032 clementer
1633 973 1909 1043 ostendit,

251 1065 463 1122 melius
488 1082 686 1138 pauca
715 1082 902 1138 quam
940 1066 1114 1139 plura
1166 1065 1484 1122 scribenda
1539 1063 1909 1137 putavimus,

250 1171 326 1212 ne
356 1160 461 1211 aut
490 1154 774 1212 studiosis
803 1159 907 1211 aut
930 1153 1243 1211 desidiosis
1277 1153 1706 1220 fastidium,ve1
1732 1153 1914 1208 etiam

251 1244 595 1302 inﬁdelibus
666 1245 1095 1301 incredulitatis
1161 1243 1494 1317 periculum
1553 1241 1911 1299 narrationis

251 1333 583 1408 prolixitate
615 1336 1065 1391 contrahamus.
1111 1333 1414 1406 Praecipue
1442 1337 1644 1388 tamen
1673 1335 1916 1405 propter

253 1423 548 1496 quasdam
601 1440 771 1480 vanae
822 1423 1040 1479 mentis
1089 1438 1400 1495 personas,
1447 1438 1584 1494 quae
1621 1421 1682 1476 in
1712 1425 1916 1476 nostra

251 1514 446 1586 patria
469 1514 687 1571 usitato
716 1507 883 1570 more
913 1529 1020 1586 per
1050 1529 1220 1569 sacra
1248 1511 1381 1568 loca
1403 1511 1828 1580 discurrentes,
1852 1526 1914 1566 se

2014 341 2297 398 omnibus
2321 344 2727 402 notissimum.
2763 346 3020 411 Quidam
3041 346 3117 402 de
3143 350 3426 420 operariis
3454 357 3672 410 nostras

2015 431 2296 506 ecclesiee,
2327 435 2572 492 nomine
2604 435 2954 507 Luidgcrus,
2991 453 3132 493 cum
3151 437 3211 493 in
3241 439 3499 496 ecclesiae
3525 443 3675 501 atrio

2017 523 2183 593 ligna
2214 524 2592 593 collocarent,
2625 527 2884 596 graviori
2913 528 3182 601 quadam
3213 529 3379 586 trabe
3404 531 3679 590 deciden-

2017 615 2094 679 te,
2126 611 2348 670 femore
2373 632 2512 672 cum
2538 616 2684 673 tibia
2709 621 2767 673 et
2789 617 2943 690 pede
2966 618 3386 676 miserabiliter
3405 623 3675 690 contrito,

2017 701 2255 774 penitus
2284 703 2626 762 debilitatus
2671 711 2779 764 est.
2831 710 3020 771 Quem
3049 709 3264 766 beatus
3291 712 3479 781 Pater,
3536 712 3683 786 quia

2018 791 2186 864 prius
2214 808 2353 848 eum
2379 793 2616 851 fidelem
2649 801 2706 852 et
2732 797 2936 854 utilem
2980 799 3280 870 cognovit,
3335 805 3474 858 ante
3517 819 3685 859 men—

2021 897 2155 936 sam
2185 897 2361 938 suam
2385 884 2652 955 quotidie
2681 902 2820 941 cum
2840 887 3209 959 pauperibus
3240 889 3319 946 ad
3347 889 3680 964 eleemosy-

2019 986 2165 1026 nam
2194 970 2400 1027 sedere
2427 975 2729 1046 praacepit.
2779 976 2890 1042 Qui
2937 977 3116 1033 miser
3157 996 3334 1052 super
3362 980 3683 1038 debilitatis

2022 1077 2143 1116 suae
2169 1060 2464 1129 dolorem,
2497 1064 2755 1132 graviori
2803 1071 2991 1121 semet
3037 1083 3291 1125 mcerore
3344 1070 3561 1144 saepius
3600 1072 3684 1127 af-

2021 1148 2189 1216 ﬂixit,
2221 1149 2366 1222 quia
2395 1151 2474 1206 ad
2502 1167 2658 1224 opus
2687 1153 2781 1208 cui
2810 1153 3188 1226 mancipatus
3215 1162 3340 1212 erat
3365 1158 3520 1214 utilis
3549 1176 3682 1216 esse

2021 1254 2144 1294 non
2167 1240 2376 1311 potuit.
2405 1239 2708 1313 Quidquid
2739 1245 2938 1297 tamen
2982 1243 3075 1299 vel
3116 1244 3382 1300 sedendo
3432 1247 3529 1302 vel
3551 1263 3687 1320 pro-

2020 1328 2316 1401 reptando
2345 1345 2521 1400 agere
2553 1329 2764 1403 potuit,
2803 1331 2868 1386 in
2892 1332 3008 1388 hoc
3040 1348 3102 1388 se
3153 1333 3494 1392 voluntaria
3541 1337 3690 1392 utili-

2022 1421 2138 1474 tate
2165 1418 2468 1475 studiosus
2494 1422 2774 1489 exercuit,
2816 1439 2925 1478 nec
2970 1439 3217 1496 prorsus
3269 1424 3516 1498 aliquod
3544 1431 3690 1483 tem-

2023 1523 2162 1580 pus,
2186 1507 2301 1564 nisi
2325 1525 2464 1565 cum
2495 1526 2781 1568 somnum
2805 1512 2900 1568 vel
2931 1513 3134 1570 cibum
3152 1521 3410 1588 caperet,
3435 1517 3688 1573 transire

254 1607 593 1673 aut‘caecos,
622 1608 724 1658 aut
754 1602 1002 1672 debiles,
1031 1607 1134 1658 aut
1179 1601 1448 1672 elingues
1481 1601 1573 1657 vel
1621 1604 1774 1657 certe
1813 1600 1917 1656 ob-
1946 1607 1988 1662 Β
2025 1597 2137 1653 sibi
2163 1599 2519 1670 patiebatur,
2560 1600 2710 1673 quin
2737 1618 2976 1676 semper
3022 1604 3083 1659 in
3125 1605 3330 1678 aliquo
3379 1606 3538 1662 utilis
3561 1623 3688 1662 esse

254 1711 453 1750 sessos
486 1699 703 1750 temere
735 1693 1039 1764 simulant,
1071 1698 1126 1749 et
1157 1698 1295 1749 ante
1325 1692 1533 1748 altaria
1579 1691 1672 1747 vel
1726 1690 1919 1764 sepul-

254 1799 357 1839 cra
414 1788 780 1850 sanctorum,
835 1799 896 1838 se
928 1798 1131 1838 coram
1175 1780 1402 1855 populo
1454 1781 1767 1843 volutates,
1811 1796 1919 1852 pu-

255 1871 512 1944 gnisque
543 1871 882 1941 tundentes,
925 1875 1166 1926 sanatos
1190 1869 1348 1926 illico
1396 1885 1457 1924 se
1489 1868 1867 1941 proclamant
1900 1885 1912 1922 ε

255 1976 328 2015 ea
355 1960 576 2016 scilicet
605 1961 733 2016 sola
761 1975 989 2016 vesana
1044 1959 1370 2031 voluptate,
1430 1963 1494 2014 ut
1546 1957 1628 2012 sic
1683 1961 1915 2013 tantum

254 2050 549 2120 majorem
581 2050 815 2122 stipem,
843 2048 937 2104 vel
966 2052 1266 2120 quastum
1298 2065 1333 2104 a
1358 2047 1532 2121 plebe
1557 2045 1911 2118 percipiant.

252 2138 464 2211 Sicque
488 2139 570 2207 fit,
607 2143 669 2193 ut
697 2143 752 2194 et
779 2137 1026 2193 beatum
1055 2137 1250 2192 virum
1296 2136 1516 2211 saepius
1568 2136 1643 2191 de
1691 2135 1914 2192 talibus

249 2227 470 2283 dixisse
501 2227 922 2300 praemisimus,
974 2227 1118 2300 quia
1159 2227 1504 2295 mendaces,
1561 2226 1773 2299 inquit,
1830 2225 1916 2282 fa-

250 2317 416 2373 ciunt
441 2321 505 2372 ut
527 2317 802 2373 veridicis
828 2315 928 2372 vix
967 2317 1262 2372 credatur.
1317 2320 1552 2372 Etcum
1603 2315 1664 2371 in
1711 2315 1919 2386 hujus-

250 2406 421 2463 modi
451 2406 685 2463 fallacia
707 2405 855 2463 tales
879 2405 1112 2479 liquido
1142 2406 1695 2479 deprehenduntur,
1736 2405 1916 2461 etiam

250 2512 406 2563 verte
437 2501 783 2553 sanctorum
809 2496 1056 2552 virtutes
1085 2496 1147 2552 in
1193 2494 1594 2568 periculosam
1642 2495 1920 2566 despera-

253 2586 474 2642 tionem
502 2585 616 2641 hac
646 2585 948 2642 dubietate
983 2584 1400 2651 retrahuntur;
1447 2583 1542 2639 vel
1588 2587 1743 2639 certe
1773 2588 1830 2640 et
1856 2583 1920 2639 hi

252 2675 522 2750 quivere
554 2679 862 2743 sanantur,
895 2675 1075 2732 etiam
1120 2690 1244 2730 non
1301 2674 1498 2730 solum
1555 2690 1590 2730 a
1646 2672 1916 2746 perfidis,

253 2765 364 2825 sed
418 2770 478 2824 et
531 2765 832 2822 interdum
897 2782 933 2822 a
984 2764 1263 2821 ﬁdelibus
1312 2763 1515 2820 fallere
1572 2763 1916 2831 creduntur,

253 2857 409 2913 sicut
436 2855 642 2932 utique
681 2855 856 2912 nobis
904 2855 978 2912 de
1027 2855 1297 2929 quadam
1335 2853 1687 2911 muliercula
1714 2852 1918 2927 palam

259 2944 441 3001 venit.

327 3036 417 3091 49.
468 3033 662 3091 Primo
685 3049 951 3108 namque
983 3032 1247 3106 praedicti
1275 3032 1464 3089 nostri
1503 3031 1777 3089 antistitis
1819 3034 1922 3088 He-

257 3123 467 3180 lizonis
496 3123 625 3196 [al.,
660 3123 976 3196 Hetelonis]
1007 3123 1120 3195 (72)
1149 3137 1331 3192 anno,
1355 3121 1416 3177 in
1445 3122 1687 3194 speciali
1717 3126 1923 3178 nostra

255 3212 588 3279 festivitate,
617 3211 679 3268 id
704 3217 792 3269 est
838 3213 902 3269 in
956 3210 1381 3285 Assumptione
1441 3215 1662 3266 sanctae
1706 3210 1920 3272 Maritr,

256 3318 411 3358 anus
437 3300 721 3374 quaedam
750 3301 926 3357 nobis
951 3301 1176 3372 ignota,
1200 3299 1396 3356 velato
1427 3299 1924 3372 capite,nubilata

255 3390 428 3458 facie,
460 3394 596 3446 ante
623 3389 967 3463 sepulcrum
988 3390 1148 3447 beati
1189 3388 1302 3446 viri
1331 3404 1393 3444 se
1424 3388 1694 3460 projecit,
1719 3387 1922 3461 ibique

256 3480 539 3554 praedicto
569 3480 898 3536 amentium
927 3495 1112 3547 more,
1137 3479 1364 3536 diutius
1379 3478 1646 3535 volutata
1675 3478 1921 3534 tandem

257 3570 574 3643 prosiliens
631 3586 693 3625 se
741 3585 850 3642 per
897 3569 1116 3626 multos
1173 3585 1368 3626 annos
1424 3584 1647 3626 caecam
1695 3567 1921 3624 ibidem

267 3663 406 3715 tunc
462 3658 860 3716 illuminatam
913 3658 1328 3731 proclamavit.
1388 3659 1518 3724 Quo
1570 3657 1770 3714 statim
1827 3673 1922 3714 ru-

261 3764 428 3805 more
455 3747 790 3818 diffamato,
823 3747 1017 3804 clerus
1042 3746 1425 3821 populusque
1446 3747 1763 3814 concurrit,
1794 3746 1921 3818 ipse

257 3837 438 3896 etiam
471 3837 790 3910 episcopus
821 3836 1082 3892 advenit.
1108 3839 1376 3908 Cumque
1388 3835 1516 3906 jam
1549 3835 1627 3892 ad
1653 3835 1922 3907 agendas

256 3926 498 4002 publice
527 3930 644 3983 Deo
669 3926 892 3996 gratias
920 3929 1335 3999 properarent,
1387 3925 1545 3981 cives
1591 3925 1774 3990 illius,
1819 3925 1923 3997 qui

257 4034 398 4074 eam
429 4017 593 4090 prius
622 4021 935 4084 noverant,
969 4031 1225 4088 eamque
1274 4015 1334 4070 in
1382 4015 1733 4086 hujusmodi
1762 4013 1925 4070 falsi-

257 4111 381 4164 tate
415 4105 630 4178 seepius
654 4109 1028 4172 notaverant,
1056 4107 1364 4174 venerunt,
1392 4104 1495 4176 qui
1523 4104 1685 4160 illam
1719 4109 1775 4160 et
1803 4119 1928 4159 mo-

259 4192 345 4252 do
370 4200 426 4252 et
456 4211 612 4268 saepe
655 4195 835 4251 etiam
878 4199 1056 4250 antea
1098 4193 1238 4249 talia
1276 4193 1587 4250 mentitam
1639 4192 1927 4249 veraciter

259 4284 562 4342 dixerunt.
597 4290 659 4341 In
684 4300 1038 4374 quamcum
1080 4284 1210 4355 jam
1258 4283 1521 4374 populus
1570 4283 1803 4354 merito,
1861 4288 1927 4340 ut
1955 4319 2000 4374 Β

263 4374 424 4432 male
456 4379 821 4445 tractaretur,
868 4373 1222 4444 insurgeret,
1275 4387 1312 4428 a
1361 4371 1518 4428 clero
1566 4377 1769 4428 tamen
1814 4387 1926 4445 pro

263 4465 428 4522 beati
453 4464 753 4538 pontiﬁcis
784 4463 1167 4520 veneratione
1213 4461 1479 4529 defensa,
1540 4462 1792 4518 confusa
1846 4462 1931 4518 di-

268 4555 498 4620 scessit,
525 4559 582 4608 et
610 4570 913 4626 nusquam
942 4553 1119 4608 nobis
1151 4557 1361 4625 postea
1390 4552 1746 4625 comparuit.
1788 4551 1933 4608 Tali-

267 4644 387 4700 bus
415 4659 559 4714 ergo
585 4641 854 4709 fallaciis,
884 4647 1061 4698 cauta
1102 4640 1577 4697 consideratione
1621 4644 1759 4713 post
1802 4641 1931 4697 haec

269 4733 563 4801 devitatis,
620 4731 892 4805 pluribus
948 4731 1294 4802 ignotorum
1340 4731 1532 4799 dictis,
1588 4746 1722 4803 quae
1779 4735 1933 4786 certe

270 4839 416 4879 vera
443 4839 572 4878 esse
602 4824 897 4895 poterant,
929 4820 1265 4878 dubitando
1295 4819 1708 4888 dissimulatis,
1759 4820 1838 4877 ad
1864 4837 1936 4876 ea

271 4910 700 4970 tantummodo
753 4909 880 4966 sola
931 4925 1064 4982 quae
1115 4914 1459 4982 praesentes,
1519 4909 1758 4966 veritate
1837 4909 1938 4965 Dei

273 5005 448 5070 teste,
498 4999 784 5066 vidimus,
833 4996 928 5052 vel
969 5013 1107 5070 quae
1134 5001 1287 5052 certe
1331 4997 1534 5054 abhis
1567 4996 1933 5066 audivimus,

273 5105 432 5164 quos
459 5103 700 5145 veraces
720 5088 781 5144 in
813 5086 1022 5143 timore
1057 5085 1289 5142 Domini
1333 5087 1750 5158 cognovimus,
1804 5103 1939 5144 nar-

274 5179 525 5237 rationis
552 5182 774 5234 nostrze
804 5175 1018 5232 seriem
1047 5174 1436 5231 intendimus.

354 5339 464 5410 (72)
507 5342 560 5394 ls
608 5354 640 5394 e
694 5334 1021 5410 praeposito
1078 5334 1435 5391 Goslariensi
1483 5334 1544 5390 in
1591 5334 1942 5408 episcopum

282 5409 856 5468 Hildesheimensem
937 5412 1284 5478 assumptus
1341 5410 1454 5478 gest
1503 5412 1641 5478 post
1690 5412 1944 5478 mortem

283 5481 507 5538 Azelini
563 5497 724 5538 anno
787 5481 960 5547 1054;
1017 5477 1203 5549 quam
1251 5477 1458 5549 sedem
1505 5477 1687 5549 annis;
1739 5477 1947 5549 viginti

331 5550 858 5635 uinqueominui‘t,
881 5565 953 5606 ac
981 5547 1248 5632 sepultus
1277 5554 1365 5605 est
1390 5548 1451 5604 in
1481 5547 1732 5635 ecclesia
1742 5548 1950 5635 ‘sancti

340 5619 548 5684 auricii
568 5625 630 5684 in
669 5619 894 5694 monte,
925 5619 1113 5694 quam
1131 5621 1328 5696 primo
1357 5636 1467 5696 pro
1492 5619 1854 5678 monialibus
1879 5635 1948 5677 ac

2023 1686 2341 1744 videretur.
2375 1689 2760 1746 Consuetudo
2790 1707 3058 1765 namque
3077 1692 3292 1751 dilecto
3312 1701 3520 1752 nostro
3539 1711 3691 1769 pon-

2023 1776 2165 1833 tifici
2192 1776 2300 1833 fuit
2324 1781 2388 1833 ut
2414 1778 2720 1852 puerulos,
2752 1781 2845 1836 vel
2871 1781 3051 1838 etiam
3097 1799 3396 1858 pauperes
3438 1785 3689 1842 validio-

2025 1883 2138 1935 res,
2191 1868 2409 1941 saepius
2464 1885 2572 1941 per
2629 1869 2860 1941 plateas
2907 1871 3002 1927 vel
3059 1872 3330 1930 defossas
3382 1879 3688 1946 petrarum

2023 1956 2226 2012 foveas
2248 1962 2470 2026 ageret,
2501 1958 2606 2031 qui
2638 1959 2753 2014 sibi
2789 1959 3032 2033 lapillos
3077 1961 3343 2020 minutos
3384 1964 3688 2037 quosdam

2021 2045 2180 2101 nivei
2206 2045 2442 2114 coloris,
2475 2047 2564 2102 vel
2593 2047 2768 2118 nigri,
2798 2049 2894 2105 vel
2918 2050 3106 2120 rubri,
3130 2051 3434 2109 interdum
3464 2053 3560 2110 vel
3586 2071 3689 2110 vae

2022 2134 2092 2191 rii
2119 2135 2436 2206 deferrent,
2467 2152 2622 2208 quos
2646 2137 2774 2210 ipse
2804 2138 3074 2195 elimatos
3121 2145 3179 2196 et
3208 2141 3448 2214 politos,
3498 2143 3690 2200 varia-

2023 2240 2139 2298 que
2170 2224 2497 2293 collisione,
2532 2225 2628 2282 vel
2656 2227 3078 2285 confricatione
3125 2229 3188 2285 in
3237 2230 3689 2288 similitudinem

2022 2314 2423 2387 pretiosorum
2452 2314 2727 2388 lapidum
2755 2317 3050 2390 redactos,
3105 2323 3210 2374 aut
3259 2320 3320 2375 in
3372 2321 3684 2389 altaribus,

2024 2407 2128 2460 aut
2152 2403 2336 2470 libris,
2369 2408 2472 2458 aut
2520 2404 2736 2476 capsis,
2775 2406 3027 2462 honeste
3068 2407 3400 2466 collocavit.
3456 2410 3522 2466 In
3563 2427 3687 2484 quo

2023 2490 2311 2546 nimirum
2342 2506 2520 2563 Opere
2551 2492 2873 2563 praedictus
2903 2494 2999 2550 ille
3025 2511 3257 2568 pauper
3300 2513 3362 2554 se
3408 2499 3688 2571 privatim

2024 2581 2304 2648 exercuit,
2338 2587 2396 2637 et
2423 2585 2773 2639 caeterorum
2803 2583 3160 2642 industriam
3211 2587 3426 2644 utiliter
3465 2604 3690 2660 prteve—

2025 2670 2132 2740 nit,
2160 2676 2217 2726 et
2241 2686 2351 2744 pro
2395 2670 2733 2728 curiositate
2780 2673 2901 2742 tali,
2948 2674 3233 2748 episcopo
3263 2677 3500 2749 penitus
3529 2694 3690 2735 com-

2024 2759 2268 2834 placuit.
2324 2761 2629 2817 Interdum
2678 2766 2877 2819 autem
2924 2768 2984 2820 et
3019 2765 3346 2837 pictoribus
3390 2772 3448 2824 et
3474 2767 3557 2824 eis
3583 2768 3688 2842 qui

2023 2851 2179 2907 vitro
2204 2850 2493 2906 fenestras
2521 2853 2988 2925 componebant,
3040 2871 3102 2911 se
3149 2855 3486 2931 admiscuit,
3537 2857 3688 2915 inter

1951 2960 1992 3015 ο
2027 2955 2182 3012 quos
2211 2940 2391 2996 etiam
2421 2940 2637 2996 utiliter
2665 2956 2956 3013 operosus
2985 2944 3218 3001 exstitit.

2099 3033 2186 3084 51.
2221 3031 2396 3086 Beato
2425 3045 2566 3085 vero
2596 3030 2876 3103 pontifice
2903 3047 2977 3088 ex
2996 3033 3109 3090 hac
3128 3033 3259 3091 luce
3286 3035 3686 3110 sublato,ipse

2028 3118 2315 3174 detonsus
2345 3121 2401 3173 et
2425 3117 2610 3174 laneis
2636 3119 2900 3188 indutus,
2958 3137 3136 3178 carne
3180 3127 3238 3178 et
3287 3124 3520 3197 reliqua
3560 3125 3686 3182 lau-

2029 3209 2175 3265 tiore
2212 3208 2528 3265 refectione
2560 3208 2886 3277 abstinens,
2915 3211 2995 3266 ad
3025 3212 3369 3285 sepulcrum
3390 3216 3519 3285 ejus
3550 3231 3688 3271 con-

2028 3298 2160 3354 tulit
2184 3313 2268 3363 se,
2295 3297 2497 3370 ibique
2525 3303 2647 3355 tam
2673 3299 3026 3356 custodibus
3054 3317 3244 3374 quam
3284 3307 3342 3358 et
3369 3305 3594 3360 caateris
3622 3303 3688 3359 ﬁ-

2029 3385 2282 3453 delibus,
2311 3392 2537 3458 quanta
2567 3387 2759 3460 potuit
2780 3387 3086 3459 ﬁdelitate,
3116 3389 3366 3458 servivit,
3391 3396 3448 3448 et
3465 3397 3691 3465 postre-

2027 3492 2152 3546 mo,
2181 3476 2689 3532 consentientibus
2725 3477 3046 3550 magistris,
3075 3482 3262 3536 totam
3303 3481 3562 3554 sepulcri
3591 3499 3688 3538 cu-

2029 3565 2286 3621 stodiam
2311 3565 2548 3638 penitus
2579 3566 2911 3639 usurpavit.
2940 3566 3045 3624 Vix
3077 3572 3279 3627 tamen
3305 3569 3488 3627 debili
3518 3587 3689 3630 crure

2025 3655 2191 3726 ligno
2222 3659 2572 3728 sustentato,
2598 3656 2830 3730 reliquo
2878 3674 3018 3716 vero
3067 3676 3318 3734 corpore
3355 3661 3574 3718 baculo
3599 3680 3694 3720 suo

2027 3744 2270 3801 blevato
2296 3744 2414 3802 tale
2459 3745 2822 3818 obsequium
2874 3748 3156 3804 exercuit.
3210 3755 3488 3807 Attamen
3541 3748 3693 3808 vires

2029 3849 2184 3906 quas
2211 3833 2547 3890 invalitudo
2575 3835 2916 3905 denegavit,
2937 3835 3261 3892 obediendi
3304 3839 3541 3894 devotio
3589 3840 3696 3895 mi-

2031 3922 2317 3979 nistravit.
2352 3923 2622 3979 Psalmos
2651 3923 2876 3996 quippe
2915 3939 3038 3980 non
3065 3929 3333 3993 noverat,
3386 3927 3573 3983 verba
3615 3932 3696 3984 ta-

2033 4027 2174 4068 men
2227 4028 2362 4084 quae
2415 4011 2686 4067 ﬁdelium
2741 4012 3084 4069 narratione
3138 4013 3233 4070 vel
3288 4015 3696 4073 admonitione

2033 4104 2402 4177 perceperat,
2451 4100 2726 4156 devotius
2785 4101 3176 4173 invigilaudo,
3235 4105 3574 4179 saepiusque
3634 4107 3696 4163 in

2035 4190 2289 4248 modum
2319 4190 2528 4258 veniae,
2559 4189 2829 4248 ﬁdelium
2863 4208 3030 4248 more
3059 4193 3501 4265 decumbendo,
3545 4197 3700 4254 solli-

2037 4281 2188 4338 citus
2213 4279 2655 4352 frequentabat.
2691 4282 2820 4347 Quo
2849 4281 3078 4339 ibidem
3127 4284 3187 4340 in
3228 4285 3342 4342 hac
3390 4287 3699 4345 sedulitate

2036 4370 2270 4427 ﬁrmius
2289 4370 2671 4444 perdurante,
2699 4376 2756 4428 et
2779 4371 2991 4430 altiora
3020 4380 3318 4447 quantum
3341 4377 3420 4433 ad
3469 4393 3530 4433 se
3569 4394 3702 4449 pro-

2037 4461 2212 4518 ﬁcere
2243 4465 2570 4532 satagente,
2586 4462 2856 4536 quadam
2875 4464 2970 4520 die
2994 4464 3237 4521 Sabbati
3253 4465 3332 4521 ad
3361 4482 3698 4538 vesperam,

2038 4549 2186 4606 dum
2216 4549 2278 4606 in
2308 4550 2494 4607 choro
2522 4553 2864 4625 vespertina
2892 4552 3025 4608 laus
3064 4553 3317 4624 canitur,
3362 4553 3494 4624 ipse
3531 4554 3704 4620 juxta

2040 4640 2384 4713 sepulcrum
2432 4641 2772 4714 pontiﬁcale
2824 4641 3236 4714 prosternitur,
3287 4646 3344 4698 et
3371 4641 3454 4698 ibi
3481 4641 3704 4700 diutius

2042 4735 2146 4786 aut
2165 4735 2521 4797 somno,aut
2541 4731 2760 4786 exstasi
2785 4729 2960 4802 quasi
3003 4729 3331 4786 immobilis
3383 4730 3703 4800 detinetur,

2045 4823 2120 4889 et,
2165 4823 2230 4876 ut
2252 4818 2380 4891 ipse
2410 4823 2621 4891 postea
2675 4818 2995 4890 fatebatur,
3035 4819 3393 4876 intolerabili
3439 4821 3708 4894 quadam

2043 4908 2460 4964 membrorum
2485 4922 2555 4962 ac
2577 4923 2903 4963 nervorum
2932 4907 3298 4964 distensione
3341 4909 3436 4965 vel
3479 4915 3711 4968 contra-

2045 4997 2239 5052 ctione
2268 4993 2640 5050 invisibiliter
2669 4996 2987 5052 cruciatur.
3021 4996 3135 5053 Sed
3163 4996 3332 5055 ﬁnita
3356 4998 3534 5057 laude
3565 5016 3713 5073 qua-

2047 5083 2098 5140 si
2124 5086 2441 5154 soporatus
2472 5083 2742 5152 surrexit,
2802 5088 2860 5140 et
2914 5084 3077 5141 velut
3127 5085 3265 5159 plus
3319 5087 3491 5145 solito
3531 5104 3712 5160 aegro-

2048 5177 2204 5242 tans,
2235 5173 2337 5228 vix
2365 5171 2778 5230 habitaculum
2823 5175 3075 5248 repetiit.
3123 5176 3448 5251 Statimque
3494 5177 3713 5236 lectulo

2052 5331 2270 5405 deinde
2295 5347 2405 5405 pro
2431 5334 2737 5390 canonicis
2771 5333 3069 5393 fundarat.
3109 5338 3292 5394 Porro
3317 5343 3522 5397 monet
3570 5343 3716 5396 Hen-

2055 5404 2334 5460 schenius
2364 5405 2656 5462 nonnulla
2685 5407 2778 5462 hic
2807 5408 2869 5463 in
2918 5408 3124 5464 codice
3173 5410 3488 5466 Graeciensi
3511 5411 3590 5467 de
3621 5413 3718 5468 tri-

2056 5477 2172 5532 bus
2232 5477 2287 5532 S.
2321 5477 3002 5551 deehatﬁiproximis
3033 5481 3501 5550 successoribus,
3532 5482 3718 5540 Thiet-

2056 5547 2498 5680 inaggrpcilicet,
2531 5547 2808 5624 Akelino,
2862 5557 2919 5609 et
2967 5551 3240 5611 Helizone
3279 5568 3386 5611 seu
3412 5547 3714 5630 Ethelone,
