3996 6168
434 106 571 168 4199

1346 104 1403 161 8.
1445 97 1907 161 GODEHARDDI
1945 94 2258 156 EPISCOPI
2298 95 2936 162 HILDESHEIMENSIS.
3638 121 3723 175 120i)

430 233 764 292 collocabat
789 247 872 300 se,
903 234 962 288 et
987 245 1095 305 per
1131 233 1318 287 totam
1357 233 1598 287 noctem
1651 228 1710 285 in
1753 226 1853 284 illa
1896 240 2085 282 mem-
2113 224 2163 278 A
2202 221 2437 280 obitum
2462 224 2590 297 ejus
2619 227 2985 303 episcopales
3015 231 3213 287 curtes
3239 245 3393 288 more
3424 232 3564 292 solito
3584 238 3724 301 circui-

426 324 676 381 brorum
696 322 1076 379 distractione
1104 319 1315 376 durius
1354 318 1672 376 laborabat
1700 336 1718 374 ι
1747 316 1857 373 sed
1902 313 2085 388 paulo

424 419 562 472 ante
590 411 954 470 matutinum
980 410 1226 467 tandem
1252 408 1480 483 sopitus
1507 406 1810 475 dormivit,
1833 409 1891 462 et
1927 420 2085 460 som-

422 503 592 560 nium
622 502 683 558 in
712 516 835 576 quo
865 515 1109 570 surgere
1138 502 1195 555 et
1223 498 1302 555 ad
1327 496 1641 554 ecclesiam
1684 496 1764 553 ad
1811 492 2081 565 agendas

421 595 543 648 Deo
570 590 790 662 gratias
818 604 1143 663 properare
1167 589 1373 660 jussus
1402 589 1490 642 est
1512 585 1678 642 vidit.
1724 586 1947 640 Somno
1996 585 2082 638 ta-

419 695 560 738 men
586 679 703 737 cito
732 679 959 736 excitus
984 676 1257 747 surrexit,
1280 691 1542 748 moxque
1557 679 1789 731 remoto
1809 670 2082 730 femorali

418 770 847 840 sustentaculo,
886 769 1228 841 rejectoque
1254 766 1495 835 baculo,
1542 764 1877 822 matutinali
1928 764 2080 820 hora

416 865 475 918 et
502 860 819 917 ecclesiam
846 858 1104 925 intravit,
1134 861 1191 914 et
1217 872 1423 914 coram
1448 855 1731 912 omnibus
1752 858 1940 911 Deum
1965 852 2080 910 evi-

417 949 583 1007 denti
606 948 975 1023 professione
1003 946 1289 1014 laudavit,
1316 950 1373 1002 et
1395 944 1788 1018 postmodum
1808 944 1873 1001 in
1892 943 2077 1000 ﬁnem

416 1039 549 1096 vitae
577 1037 914 1108 incolumis,
944 1040 1172 1110 quanto
1203 1035 1446 1105 diutius,
1478 1038 1644 1091 tanto
1668 1033 1942 1091 devotius
1967 1033 2078 1089 mi-

416 1128 709 1185 nistravit.

486 1222 574 1274 52.
617 1217 821 1275 Mulier
848 1215 1027 1273 etiam
1057 1214 1363 1289 quaedam,
1388 1210 1634 1272 nomine
1655 1212 1927 1284 Mersvid,
1951 1229 2076 1270 om-

411 1304 592 1361 nibus
622 1304 942 1360 nobiscum
980 1302 1505 1360 commanentibus
1547 1302 1879 1373 notissima,
1937 1318 2073 1375 qum

409 1408 520 1468 per
546 1391 767 1452 multos
795 1409 989 1451 annos
1014 1393 1254 1450 errabat
1276 1392 1549 1463 cmca,ad
1569 1392 1731 1449 idem
1751 1392 1910 1449 beati
1927 1408 2075 1465 pras-

410 1483 558 1541 sulis
588 1483 1030 1558 sepulcrum,in
1061 1483 1388 1540 crastinum
1410 1486 1549 1556 post
1587 1482 2074 1556 Assumptionem

2194 316 2304 383 ret,
2333 312 2394 369 in
2415 314 2617 372 villam
2647 333 2782 390 qum.
2815 318 3227 376 Eckershuson
3252 320 3375 392 [al.,
3400 322 3727 395 Aschgereshu

2195 403 2325 473 sen]
2356 403 2574 461 dicitur
2598 405 2851 479 devenit,
2904 412 2962 465 et
3004 408 3068 465 in
3109 408 3354 466 domum
3380 414 3648 484 quamdam
3680 421 3726 477 ad

2190 493 2616 564 prandendum
2646 496 2963 567 divertens,
2987 498 3306 572 puerulum
3333 500 3525 559 misera
3552 505 3727 577 languo-

2190 581 2270 637 ris
2296 581 2635 643 inﬁrmitate
2664 586 2970 644 detentum
3001 588 3247 659 invenit,
3272 591 3371 663 qui
3394 594 3515 648 tunc
3553 609 3634 667 per
3664 598 3728 655 ali

2188 675 2338 742 quot
2356 671 2794 747 hebdomadas,
2817 677 2986 733 omni
3013 676 3413 735 membrorum
3435 680 3596 738 ofﬁcio
3613 685 3729 743 desti-

2187 763 2351 816 tutus
2394 762 2653 834 jacebat,
2712 770 2770 822 et
2818 765 2897 822 ad
2941 766 3170 823 exitum
3221 767 3429 837 dietim,
3455 776 3508 826 ut
3532 774 3728 831 omnibus

2183 848 2505 907 videbatur
2527 854 3077 928 appropinquabat.
3112 856 3298 922 Quem
3324 856 3469 914 idem
3486 860 3725 934 presbyter,

2185 937 2336 996 sicut
2365 956 2603 1015 semper
2630 948 2755 1000 erat
2785 959 2966 1017 super
3018 945 3237 1002 talibus
3280 946 3555 1019 miserans,
3597 950 3728 1024 lacry-

2183 1028 2413 1085 mando
2438 1030 2662 1088 diutius
2684 1032 3046 1103 intuebatur,
3078 1033 3482 1109 languorisque
3503 1042 3679 1111 tempus
3694 1049 3729 1098 et

2184 1121 2467 1175 eventum
2496 1136 2570 1176 ex
2596 1120 2822 1179 familia
2844 1122 3278 1181 sciscitabatur.
3294 1125 3450 1191 Quod
3474 1132 3527 1182 ut
3543 1131 3727 1201 agnovit,

2183 1206 2346 1264 ﬂenti
2378 1210 2577 1280 matri,
2603 1215 2669 1267 ut
2692 1211 2769 1268 ad
2802 1212 3105 1270 tumulum
3136 1214 3318 1271 sancti
3358 1215 3605 1289 pontiﬁcis
3635 1235 3727 1275 can-

2184 1296 2353 1354 delas
2381 1298 2555 1369 juxta
2583 1300 2752 1373 pueri
2777 1317 3100 1359 mensuras
3126 1303 3471 1376 promitteret
3492 1308 3727 1377 persuasit:

2184 1386 2351 1459 quod
2398 1392 2457 1445 et
2501 1389 2634 1462 ipsa
2659 1391 2854 1448 statim
2888 1391 3280 1449 libentissime
3328 1392 3464 1450 fecit.
3512 1395 3601 1452 Sed
3639 1412 3729 1453 cum

2182 1492 2418 1550 pauper
2468 1478 2570 1535 illa
2621 1496 2820 1537 ceram
2868 1481 2948 1537 ad
2996 1480 3142 1538 talia
3190 1497 3306 1537 non
3342 1482 3557 1540 haberet
3573 1484 3665 1556 ipse
3684 1501 3729 1540 ex

409 1576 631 1632 sanctae
648 1573 861 1645 Mariae,
883 1589 1087 1630 coram
1105 1573 1262 1630 clero
1278 1571 1575 1646 etpopulo
1606 1576 1695 1629 est
1716 1571 2069 1628 illuminata.
2103 1588 2143 1642 Β
2181 1565 2304 1623 lino
2335 1567 2669 1641 [lychnum]
2693 1568 2900 1626 lumen
2928 1570 3135 1643 parari
3162 1572 3443 1645 praecepit,
3482 1577 3530 1629 et
3553 1587 3727 1646 puerum

479 1669 567 1722 53.
609 1662 864 1728 Quidam
893 1678 1138 1736 quoque
1183 1662 1441 1719 rusticus
1495 1662 1571 1718 de
1617 1677 1779 1735 pago
1809 1660 2071 1718 eeclesim

406 1754 512 1827 qui
542 1750 863 1810 Holthlaon
890 1751 1123 1820 dicitur,
1146 1751 1391 1808 nomine
1407 1751 1599 1807 Emko
1626 1750 1915 1824 [Deniko],
1944 1750 2074 1807 diu-

406 1843 533 1900 tina
557 1841 901 1899 inﬁrmitate
929 1840 1346 1898 miserabiliter
1372 1840 1682 1911 fatigatus,
1716 1841 2070 1897 contractio-

403 1946 481 1988 ne
510 1929 861 1987 lumborum
891 1944 999 2002 per
1025 1929 1248 1986 multos
1277 1944 1473 1986 annos
1500 1933 1588 1986 est
1608 1945 1849 1986 crurum
1870 1928 2068 1986 ofﬁcio

404 2018 694 2093 spoliatus
745 2034 758 2073 :
813 2018 918 2091 qui
963 2017 1209 2075 tandem
1234 2016 1314 2075 ad
1350 2017 1460 2074 viri
1490 2017 1681 2075 sancti
1709 2017 2066 2075 memoriam

399 2102 762 2165 baeulorum
809 2106 1240 2163 sustentatione
1288 2106 1389 2162 vix
1440 2106 1589 2163 dum
1657 2106 2065 2180 proreptando

398 2197 686 2273 pervenit,
713 2197 919 2270 ibique
948 2196 1010 2252 in
1041 2195 1452 2253 anniversario
1480 2196 1611 2267 ejus
1635 2194 1731 2252 die
1768 2195 2064 2266 integram

400 2289 721 2346 sanitatem
750 2302 957 2345 coram
989 2286 1148 2344 clero
1176 2290 1235 2344 et
1257 2286 1505 2361 populo,
1555 2286 1840 2344 omnibus
1884 2286 2063 2344 nobis

397 2376 767 2435 intuentibus
794 2376 1035 2450 recepit.

472 2470 560 2523 54.
604 2464 829 2523 Nobilis
854 2480 998 2522 vero
1026 2464 1311 2539 quaedam
1336 2463 1560 2522 femina
1580 2480 1703 2521 non
1731 2460 1956 2538 ignota,
1984 2465 2061 2522 de

397 2559 751 2631 episcopatu
804 2554 1196 2620 Mlndonensi,
1255 2554 1430 2612 Siuve
1475 2556 1742 2628 nomine,
1794 2555 2061 2628 puellam

395 2646 596 2704 fratris
647 2645 742 2701 sui
784 2643 974 2701 ﬁliam
1021 2643 1286 2712 nutrivit,
1341 2659 1528 2717 quam
1566 2644 1628 2700 in
1673 2644 1876 2701 locum
1919 2645 2057 2702 ﬁliae

396 2736 752 2809 adoptatam
782 2733 988 2789 intime
1025 2732 1231 2789 dilexit
1279 2751 1293 2789 :
1340 2750 1477 2806 quas
1507 2734 1865 2803 gravissima
1892 2734 2059 2791 infir-

394 2825 601 2882 mitate
630 2825 957 2897 praeventa,
988 2821 1307 2894 periclitari
1336 2822 1535 2894 ccepit,
1592 2827 1649 2878 et
1691 2823 1867 2895 quasi
1911 2840 2060 2897 prae-

393 2918 634 2971 mortua
659 2910 849 2968 biduo
877 2910 1169 2967 exanimis
1202 2910 1460 2983 jacebat.
1506 2911 1864 2986 Propinquis
1911 2929 2055 2971 vero
2085 2947 2127 3004 ρ

393 3017 534 3057 eum
578 3000 806 3057 familia
856 3004 914 3056 et
964 2998 1195 3056 civibus
1249 2999 1670 3070 assidentibus,
1720 3006 1778 3058 et
1823 3004 2055 3059 tantam

390 3089 606 3166 puellae
679 3087 1039 3162 elegantiam
1114 3103 1225 3162 pro
1305 3088 1618 3162 multiplici
1673 3090 2053 3147 miseratione

394 3194 601 3239 amare
620 3178 1004 3247 deﬂentibus,
1035 3194 1190 3235 anus
1218 3178 1524 3251 quaedam,
1572 3195 1710 3252 quae
1756 3179 1832 3236 ad
1864 3179 2052 3236 eccle-

389 3269 543 3329 siam
573 3268 889 3338 serviebat,
937 3268 1015 3325 de
1053 3267 1349 3324 memoria
1395 3268 1584 3324 nostri
1636 3268 1906 3341 praesulis
1934 3285 2053 3325 ser-

386 3375 632 3418 monem
656 3358 888 3429 habuit,
919 3361 976 3414 et
1003 3356 1257 3431 qualiter
1285 3356 1363 3413 ad
1402 3356 1533 3427 ejus
1561 3357 1861 3414 tumulum
1889 3357 2052 3415 infir-

385 3450 470 3507 mi
499 3464 607 3522 per
642 3446 912 3505 divinam
966 3445 1415 3502 miserationem
1469 3450 1829 3502 sanarentur
1867 3463 2050 3521 expo-

388 3538 526 3595 suit.
559 3536 742 3607 Cujus
771 3533 1181 3592 admonitione
1211 3533 1460 3591 domina
1496 3535 1629 3608 ipsa
1659 3541 2044 3608 compuncta,

383 3622 722 3679 matutinali
772 3626 1041 3696 tempore
1087 3620 1400 3679 ecclesiam
1450 3622 1707 3692 intravit,
1753 3627 1810 3678 et
1838 3638 2045 3680 coram

382 3711 553 3770 altari
581 3716 897 3786 prostrata,
924 3710 1186 3785 profusis
1213 3711 1517 3784 lacrymis,
1545 3714 1683 3781 Deo,
1700 3717 2045 3787 sanctasque

379 3801 594 3870 Marias,
626 3805 685 3858 et
700 3800 867 3858 beati
893 3800 1074 3858 etiam
1105 3800 1376 3874 praesulis
1405 3803 1646 3869 animm,
1686 3817 1798 3875 pro
1827 3802 2044 3861 eadem

380 3907 492 3948 sua
518 3895 697 3964 nepte
726 3890 1062 3949 oblationes
1090 3890 1302 3948 intima
1326 3891 1643 3948 devotione
1669 3890 1944 3962 devovit;
1987 3898 2045 3951 et

378 3979 685 4051 continuo,
715 3983 782 4037 ut
807 3980 942 4054 ipsa
969 3978 1147 4037 nobis
1182 3978 1385 4037 ﬂendo
1409 3980 1652 4053 juravit,
1692 3982 2038 4053 regrediens

375 4068 641 4141 puellam
683 4069 814 4140 jam
849 4068 1175 4138 videntem,
1231 4069 1360 4140 jam
1410 4068 1757 4142 loquentem
1800 4071 2037 4144 reperit,

373 4172 510 4229 quas
530 4156 912 4214 refectionem
937 4157 1122 4230 petiit,
1154 4160 1212 4213 et
1237 4158 1486 4230 accepit,
1518 4162 1594 4231 et,
1652 4159 1881 4216 Christo
1926 4176 2039 4233 pro

371 4244 534 4303 beati
559 4245 669 4302 viri
717 4246 945 4303 meritis
983 4251 1307 4315 annuente,
1366 4247 1684 4305 sanitatem
1740 4248 2035 4320 integram

370 4334 612 4409 recepit.
646 4338 838 4404 Quam
866 4335 1052 4394 amita
1087 4336 1295 4410 ipsius,
1353 4337 1564 4411 quinto
1620 4342 1759 4411 post
1811 4339 1907 4395 die
1955 4340 2035 4397 ad

371 4430 592 4484 sanctas
616 4425 809 4484 Mariae
834 4424 1021 4483 altare
1050 4429 1108 4481 et
1137 4426 1213 4481 ad
1239 4425 1541 4482 tumulum
1588 4427 1863 4499 praesulis
1891 4444 2033 4485 cum

367 4515 682 4588 promissis
712 4513 1119 4573 oblationibus
1145 4514 1410 4583 deduxit,
1451 4520 1509 4571 et
1536 4514 1792 4587 qualiter
1819 4522 2033 4576 sanata

368 4603 462 4675 sit,
493 4620 634 4661 eum
674 4603 991 4662 sufﬁcienti
1033 4603 1255 4660 civium
1302 4619 1372 4660 ac
1402 4603 1859 4675 provincialium
1889 4622 2029 4665 suo-

364 4708 503 4751 rum
531 4694 892 4763 testimonio,
924 4709 1131 4751 coram
1160 4692 1541 4750 multitudine
1590 4694 2026 4767 comprobavit.

436 4789 526 4843 55.
564 4785 767 4843 Frater
795 4799 1041 4859 quoque
1064 4788 1264 4840 noster
1288 4799 1411 4839 non
1450 4782 1667 4854 ignotae
1698 4785 2026 4857 memoriae,

361 4873 748 4931 Volewardus
787 4874 914 4946 [al.,
963 4871 1352 4943 Folchardus]
1401 4872 1733 4945 presbyter,
1780 4890 1851 4930 eo
1878 4878 2027 4931 tem-

359 4980 508 5039 pore
534 4963 968 5033 vicedominus,
998 4968 1210 5037 postea
1249 4967 1450 5020 noster
1496 4963 1873 5036 praepositus,
1921 4979 2029 5038 po-

360 5058 584 5112 stremo
611 5053 752 5111 felix
777 5053 1327 5125 Brandeburgensis
1358 5052 1633 5109 Ecclesiae
1675 5053 2022 5127 episcopus,

357 5143 467 5217 qui
489 5143 685 5202 eidem
714 5143 867 5202 Patri
894 5148 1124 5215 nostro,
1152 5147 1217 5201 ut
1244 5142 1528 5200 omnibus
1557 5147 1770 5200 notum
1809 5147 1917 5216 est,
1968 5147 2027 5202 et

2179 1671 2289 1729 per
2311 1656 2551 1729 singula
2579 1658 2853 1716 membra
2899 1659 3097 1716 metiri
3144 1660 3278 1717 fecit
3322 1666 3383 1718 ut
3406 1666 3537 1718 certe
3560 1678 3726 1718 mensa.

2178 1760 2312 1800 ram
2344 1761 2551 1802 secum
2574 1746 2847 1817 deferret,
2874 1751 2931 1804 et
2955 1763 3069 1821 per
3093 1765 3156 1805 se
3181 1749 3430 1822 praestita
3451 1765 3562 1806 cera
3579 1752 3726 1806 cande-

2177 1833 2268 1891 las
2298 1850 2410 1908 pro
2439 1841 2761 1907 aegrotante
2787 1836 2865 1893 ad
2890 1836 3051 1894 beati
3071 1838 3182 1895 viri
3210 1839 3530 1896 memoriam
3549 1840 3724 1896 offerret

2176 1925 2305 1989 Quo
2348 1924 2526 1999 facto,
2586 1925 2666 1982 ad
2714 1926 3043 1999 prandium
3101 1927 3491 1995 consederunt,
3533 1932 3577 1984 et
3608 1929 3723 2001 quasi

2176 2012 2362 2069 oblito
2387 2030 2599 2087 puero,
2631 2014 2747 2072 alia
2773 2015 3062 2088 quaedam
3091 2016 3242 2073 inter
3272 2033 3332 2073 se
3355 2016 3573 2073 fabulari
3596 2033 3724 2089 caepe-

2174 2108 2334 2161 runt.
2386 2105 2624 2161 Interim
2653 2121 2796 2161 vero
2826 2122 2978 2178 puer
3005 2106 3163 2164 mira
3204 2107 3473 2164 celeritate
3513 2107 3642 2179 quasi
3676 2122 3722 2161 ex

2173 2197 2366 2250 morte
2421 2193 2648 2263 revixit,
2697 2199 2754 2251 et
2799 2193 2863 2250 in
2916 2194 3072 2253 lecto
3118 2196 3339 2253 eunetis
3394 2195 3720 2253 admirantibus

2172 2282 2415 2354 resedit,
2470 2288 2527 2341 et
2576 2289 2791 2341 vocata
2838 2289 3032 2341 matre
3079 2283 3155 2342 de
3202 2291 3379 2342 stratu
3416 2284 3661 2358 prorepsit,
3686 2286 3720 2337 et

2171 2371 2554 2429 refectionem
2585 2373 2768 2447 petiit,
2800 2378 2857 2431 et
2881 2374 3101 2432 eodem
3130 2379 3419 2433 momento
3442 2374 3660 2447 percepit,
3682 2376 3718 2427 et

2169 2466 2381 2533 postea
2432 2477 2545 2536 pro
2600 2462 2760 2519 beati
2812 2463 2925 2520 viri
2951 2463 3180 2521 meritis
3208 2463 3495 2521 incolumis
3526 2474 3722 2536 per-mam

2173 2549 2269 2608 sit.

2239 2644 2327 2698 56.
2371 2644 2506 2699 Erat
2553 2641 2730 2699 etiam
2779 2642 2841 2699 in
2872 2647 3083 2700 nostra
3112 2640 3531 2715 congregatione
3548 2637 3713 2712 juvenis

2168 2730 2420 2803 quidam
2450 2747 2525 2787 ex
2549 2731 2703 2788 laico
2733 2747 3093 2805 conversus,
3123 2732 3442 2790 Desiderius
3461 2729 3659 2797 nomine,
3678 2732 3713 2782 et

2166 2820 2384 2877 eodem
2407 2820 2585 2878 beato
2613 2821 2741 2878 viro
2762 2822 3014 2893 jubente
3062 2822 3124 2879 in
3164 2822 3315 2880 clero
3358 2823 3642 2885 tonsoratus,
3676 2821 3711 2870 et

2164 2925 2358 2983 usque
2388 2910 2467 2967 ad
2493 2910 2848 2968 diaconatus
2877 2912 3158 2970 ordinem
3186 2916 3473 2987 promotus
3509 2927 3520 2964 :
3555 2904 3705 2979 etquis

2163 2998 2413 3072 plenum
2440 2999 2706 3057 ofﬁcium
2734 3001 3042 3057 cantando
3073 3006 3131 3058 et
3157 3000 3400 3072 legendo
3438 3015 3549 3055 cum
3582 2993 3706 3050 fratri-

2159 3087 2277 3144 bus
2308 3088 2683 3163 frequentare
2711 3104 2836 3146 non
2864 3091 3081 3163 potuit,
3116 3106 3276 3161 eum,
3318 3105 3386 3145 ne
3428 3086 3609 3161 penitus
3637 3097 3701 3137 ra-

2160 3181 2341 3248 earet,
2373 3195 2512 3235 eum
2537 3178 2887 3236 custodibus
2910 3180 3178 3237 ecclesias
3222 3178 3517 3236 ministrare
3552 3186 3700 3246 praece-

2157 3267 2263 3340 pit.
2324 3270 2613 3342 Tempore
2662 3273 2863 3326 autem
2907 3269 3135 3327 Azelini
3182 3268 3359 3325 nostri
3384 3260 3693 3341 praesulis(73).

2157 3361 2295 3430 post
2316 3358 2659 3415 miserabile
2687 3358 3037 3416 incendium
3066 3359 3249 3416 nostri
3275 3350 3686 3418 monasterii,de

2156 3447 2320 3504 idem
2350 3448 2530 3506 frater
2574 3454 2775 3506 noster
2824 3450 2979 3508 infra
3026 3450 3272 3507 festivos
3324 3447 3441 3505 dies
3476 3435 3679 3502 Natiritatis

2159 3536 2414 3605 Domini,
2465 3538 2733 3611 quadam
2786 3554 3041 3612 vespera
3092 3539 3155 3595 in
3204 3535 3411 3595 scholis
3437 3521 3673 3612 cumpuerls

2155 3610 2616 3684 sermocinando
2647 3610 2936 3697 consedit,
2969 3628 3173 3685 subita
3201 3627 3442 3684 caecitate
3478 3610 3681 3677 miserabi-

2149 3712 2280 3771 liter
2322 3716 2637 3790 pereulsus
2694 3716 2922 3786 cecidit,
2980 3722 3041 3774 et
3086 3716 3203 3773 alia
3249 3716 3414 3772 etiam
3453 3703 3685 3768 inﬁrmitate

2149 3810 2568 3863 concrescente
2592 3805 2776 3877 longo
2803 3809 3076 3879 tempore
3118 3804 3406 3863 decubuit.
3448 3794 3687 3887 Quadrati?-

2148 3892 2345 3951 simali
2374 3911 2519 3952 vero
2546 3900 2833 3970 tempore,
2858 3895 3121 3953 caecitate
3153 3895 3408 3964 durante,
3442 3905 3501 3945 ex
3520 3883 3688 3941 inﬁmi-

2146 3985 2264 4040 tate
2295 3984 2613 4053 convaluit,
2645 3990 2703 4041 et
2728 3984 3045 4042 ecclesiam
3087 3984 3286 4042 debito
3311 3995 3457 4038 more
3495 3975 3688 4044 frequen-

2145 4077 2279 4129 tans
2305 4073 2385 4129 ad
2410 4073 2752 4146 pontificale
2784 4073 3130 4146 sepulcrum
3162 4088 3266 4147 spe
3291 4064 3509 4127 sanandi
3534 4056 3687 4131 sapius

2142 4166 2476 4234 prostratus
2497 4162 2835 4236 procubuit,
2854 4167 2911 4218 et
2940 4146 3448 4235 contigitquadam
3467 4151 3577 4208 feria
3597 4146 3689 4236 ante

2140 4252 2389 4323 Pascha,
2426 4234 2578 4310 certe
2600 4252 2661 4308 in
2689 4252 2967 4309 Kalendis
2988 4253 3223 4327 Aprilis,
3267 4244 3482 4323 quando
3505 4234 3687 4334 cciéb’a'

2138 4357 2276 4398 mus
2302 4342 2630 4399 adventum
2658 4341 3047 4417 reliquiarum
3102 4345 3419 4398 sanctorum
3459 4330 3687 4388 Cantiam)-

2137 4446 2275 4488 rum
2305 4433 2419 4504 (74)
2448 4436 2805 4504 martyrum,
2823 4432 2970 4488 dum
2991 4432 3054 4489 in
3082 4427 3371 4489 matutinis
3400 4418 3686 4504 ibidemproj

2137 4500 2464 4589 cumberet,
2513 4500 2669 4577 illico
2716 4520 2888 4595 quasi
2944 4522 3244 4594 pruriente
3285 4516 3467 4573 dextro
3497 4501 3628 4562 oculo
3648 4500 3686 4551 εί

2136 4609 2346 4668 durius
2370 4627 2555 4667 manu
2585 4609 2931 4679 confricata,
2947 4611 3190 4681 sanguis
3207 4622 3320 4665 non
3347 4597 3571 4660 modicus
3585 4600 3683 4663 pro-

2135 4700 2316 4773 rupit,
2348 4704 2405 4756 et
2429 4698 2629 4755 statim
2650 4699 2712 4754 in
2741 4698 2954 4755 eodem
2984 4699 3159 4755 oculo
3187 4697 3365 4753 visum
3391 4682 3582 4758 recepit,
3604 4687 3680 4749 Pm

2134 4803 2259 4861 qua
2290 4788 2601 4845 clementia
2629 4787 2831 4843 divina
2859 4788 3049 4861 pietas
3075 4787 3153 4844 ab
3201 4781 3451 4867 omnibus
3485 4773 3534 4829 ill
3560 4777 3682 4867 ξουξς

2135 4893 2320 4934 mune
2340 4876 2722 4945 laudabatur,
2755 4882 2811 4933 et
2830 4893 2940 4951 pro
2956 4878 3182 4951 reliquo
3199 4873 3355 4931 solita
3377 4862 3679 4924 miserationis

2134 4968 2367 5023 Domini
2400 4966 2665 5041 potentia
2690 4967 3169 5041 exspectabatur.
3212 4966 3335 5020 Post
3374 4951 3558 5014 Pascha
3579 4953 3677 5037 τεξο

2131 5055 2194 5112 in
2221 5056 2627 5113 anniversario
2675 5056 2772 5114 die
2814 5056 3002 5113 sancti
3050 5054 3226 5113 Patris
3263 5044 3446 5110 nostri,
3488 5049 3595 5094 cum
3632 5041 3674 5083 In

2130 5146 2261 5217 ejus
2292 5146 2584 5204 memoria
2612 5146 2800 5203 missa
2829 5162 2940 5219 pro
2968 5143 3253 5203 defunctis
3271 5139 3340 5197 ab
3367 5131 3594 5219 episc0_P°
3617 5130 3674 5219 cc:

358 5208 609 5291 fideliter
632 5221 874 5292 servivit
918 5238 977 5292 et
1025 5208 1233 5291 intime
1280 5231 1662 5307 complacuit,
1722 5250 1861 5290 cum
1888 5208 2025 5308 post
2126 5208 2359 5293 lebrata
2400 5240 2508 5305 est,
2555 5208 2852 5311 tempore‘
2870 5236 3237 5295 oblationum
3290 5237 3465 5285 coram
3494 5214 3613 5273 clero
3633 5208 3671 5260 ei

359 5379 544 5507 cepis).
580 5378 918 5453 Bamberg.,
965 5379 1278 5439 reverendi
1296 5378 1600 5451 pontiﬁcis
1643 5380 1838 5436 nostri
1897 5379 2024 5436 Wc-

455 5467 473 5504 ι
520 5467 560 5507 2.

455 5467 538 5507 1m
547 5492 560 5506 .

356 5587 765 5665 Cantianilius,
815 5594 920 5671 qui
972 5610 1112 5653 eum
1144 5597 1317 5653 Proto
1343 5587 1682 5672 paedagogo
1712 5609 1825 5652 suo
1849 5592 2018 5669 passi

2127 5361 3668 5468 ἐίὲἓιξιίιξξ.ΑςΙυὲ¹θ8ἓαὲ.Ρνὲξ1ίθΚειιθηέ·δῗῗέξςηὲἶξὲηῗιξῗιὲ

2127 5433 2949 5508 sienis'Histhria‘ftriliuitur
3000 5433 3198 5507 sancto
3237 5433 3510 5508 Ambrosio
3542 5433 3657 5508 ἓξὲξ

725 5522 866 5579 dicti
906 5526 1062 5605 sunt
1114 5524 1211 5605 εξ.
1262 5521 1535 5605 ‘Cantius,
1594 5521 1920 5579 Cantianus
1962 5525 2022 5604 et
2123 5497 3659 5605 ii§£li§riiiﬁiigfKiiaféE'QHﬁﬁuBfé‘o'digguagam

2124 5570 2777 5654 διςίηξέιςῑῑεδίιέιῖξιῑίῐ
2790 5570 3385 5672 massilienses
3404 5570 3655 5634 eamme.
