3996 6168
223 186 360 246 ηοί

1876 190 2061 247 νιΤΑ.

3552 201 3699 255 £203
3728 237 3733 241 -

213 310 456 387 populo
485 309 669 385 quasi
700 308 1041 367 infirmatus
1085 311 1325 381 corruit,
1357 316 1416 369 et
1450 316 1905 386 praerumpente
1942 320 1991 374 A
2018 318 2187 386 teste,
2215 332 2427 374 verum
2453 333 2587 375 esse
2608 320 2914 392 novimus,
2940 322 3085 396 quia
3105 322 3307 397 plures
3331 324 3693 399 plerumque

214 402 385 460 illico
410 399 716 470 sanguine
742 415 817 456 ex
846 399 1035 456 oculis
1065 403 1123 457 et
1146 401 1413 470 naribus,
1446 407 1502 459 et
1532 402 1718 459 etiam
1749 403 1908 459 auri-

220 492 368 560 bus,
398 494 613 564 aperto
657 488 835 546 oculo
862 489 1061 547 visum
1105 490 1334 565 liquido
1362 492 1649 566 percepit.
1692 493 1908 550 Missali

214 581 494 654 denique
525 578 729 635 officio
758 581 1357 655 peracto,episcopus
1386 580 1593 637 habito
1624 595 1907 636 sermone

217 669 460 727 clerum
488 673 547 726 et
574 668 873 743 populum
904 668 984 725 ad
1025 669 1235 726 laudes
1264 670 1497 728 debitas
1520 670 1645 725 Deo
1674 668 1907 742 persol-

220 759 463 817 vendas
489 757 831 827 admonuit,
849 761 907 815 et
922 759 1182 831 profusis
1206 759 1567 817 unanimiter
1590 759 1905 831 lacrymis,

221 851 421 905 Deum
470 849 695 921 pariter
740 851 797 903 et
848 847 977 921 ipse
1007 846 1289 904 laudavit.
1323 848 1433 915 Qui
1478 848 1660 905 frater
1690 848 1909 906 eodem

228 942 544 998 momento
577 938 706 1009 [al.,
734 937 876 1009 die],
902 938 1023 992 Deo
1048 937 1290 1008 gratias.
1311 938 1551 1012 penitus
1577 938 1906 1008 convaluit,

231 1035 291 1087 et
321 1035 459 1104 post
502 1030 632 1085 haec
663 1028 725 1085 iu
756 1027 1058 1101 promissa
1093 1028 1465 1102 professione
1510 1044 1708 1102 usque
1751 1028 1813 1086 in
1842 1030 1908 1086 ti-

230 1137 376 1178 nem
405 1119 659 1176 fideliter
690 1118 1044 1191 permansit.

303 1214 394 1265 57.
418 1208 684 1265 Plurima
698 1207 882 1279 igitur
900 1207 1061 1264 beati
1086 1208 1346 1282 pastoris
1366 1208 1557 1265 nostri
1580 1210 1904 1283 praeconia,

224 1314 303 1356 ea
334 1296 721 1354 solummodo
741 1312 933 1370 quam
963 1298 1363 1371 praemisimus
1392 1299 1646 1368 ratione,
1670 1304 1907 1373 praeter-

222 1388 416 1455 imus,
429 1402 566 1459 quze
589 1401 700 1459 per
714 1385 988 1442 divinam
1008 1385 1394 1465 clementiam
1420 1388 1499 1445 ab
1520 1388 1688 1446 initio
1709 1406 1905 1464 usque

223 1477 434 1534 adhuc
464 1475 722 1547 gloriose
752 1475 883 1533 fieri
933 1476 1153 1550 saepius
1202 1480 1513 1535 sentimus.
1549 1482 1664 1536 Nec
1702 1485 1905 1537 tamen

221 1567 379 1625 illud
421 1566 809 1624 reticebimus
858 1566 1049 1640 quod,
1083 1570 1205 1625 tota
1252 1572 1463 1626 sancta
1512 1568 1615 1627 Dei
1646 1570 1907 1628 Ecclesia

2019 405 2101 461 ad
2145 407 2494 480 sepulcrum
2546 409 2676 480 ejus
2720 427 2863 468 cum
2909 412 3317 471 oblationibus
3354 414 3692 485 gaudentes

2020 495 2372 565 adveniunt,
2406 497 2512 570 qui
2542 514 2674 554 sese
2720 516 2986 574 suosque
3016 518 3053 559 a
3081 502 3263 559 variis
3293 502 3691 560 tribulationi-

2017 584 2135 640 bus
2165 584 2264 640 vcl
2290 585 2740 644 infirmitatibus
2781 588 2955 645 celeri
2984 590 3403 664 subventione,
3435 607 3541 664 per
3570 591 3693 647 vii"

2018 679 2220 732 tutum
2245 676 2295 747 ej
2307 692 2376 731 us
2403 677 2614 734 merita
2642 678 2926 736 liberatos
2951 681 3189 753 publice
3216 682 3498 740 referunt.
3518 686 3695 739 Nam-

2018 780 2139 838 que
2171 769 2237 822 ut
2265 765 2440 822 alicui
2472 766 2703 841 aliquid
2722 769 3253 839 incommoditatis,
3276 772 3373 829 vel
3403 772 3690 829 molestiae

2019 854 2365 922 occurrerit,
2396 856 2599 912 statim
2644 874 2785 914 cum
2815 858 2895 914 ad
2924 860 3117 917 sancti
3146 861 3329 931 hujus
3359 860 3544 918 Patris
3569 877 3692 917 me.

2017 943 2304 1012 moriam,
2337 944 2432 1002 vel
2455 946 2676 1003 absens
2706 947 3029 1006 oblationis
3056 967 3180 1007 suae
3208 955 3416 1008 votum
3445 950 3694 1008 ubicun-

2015 1050 2136 1108 que
2189 1034 2551 1106 promiserit,
2603 1037 2815 1111 procul
2870 1038 3058 1097 dubio
3111 1040 3329 1097 eodem
3385 1045 3695 1098 momento

2014 1139 2453 1198 quamcunque
2505 1126 2981 1185 consolationem
3010 1129 3074 1186 in
3102 1146 3247 1187 vera
3274 1130 3395 1186 fide
3443 1146 3696 1204 sperans

2014 1211 2315 1280 obsecrat,
2348 1213 2596 1270 celerius
2626 1230 2762 1272 eam
2800 1217 3026 1274 meritis
3060 1217 3190 1290 ejus
3220 1218 3695 1289 suffragantibus

2013 1303 2320 1375 impetrat,
2354 1304 2481 1377 [per
2505 1320 2666 1375 eum,
2699 1305 2805 1378 qui
2844 1307 3052 1364 omnia
3100 1312 3385 1382 operatur
3413 1308 3476 1364 in
3505 1310 3695 1367 omni-

2013 1392 2159 1460 bus,
2190 1393 2513 1450 Dominum
2538 1398 2814 1451 nostrum
2840 1398 3048 1452 Jesum
3074 1396 3396 1465 Christum,
3424 1398 3693 1471 quicum

2013 1485 2186 1539 Patre
2237 1487 2295 1539 et
2325 1484 2545 1557 Spiritu
2576 1488 2786 1541 sancto
2814 1485 2960 1542 vivit
3002 1490 3061 1543 et
3105 1490 3320 1558 regnat
3365 1486 3428 1543 in
3472 1488 3694 1546 saecula

2015 1570 2402 1630 sreculorum.
2450 1576 2688 1649 Amen.]

796 1820 1152 1880 MIBACULA
1198 1823 1431 1882 DECEM
1470 1824 1518 1878 A
1560 1826 1616 1882 S.
1660 1824 2105 1883 GODEHARDO
2149 1825 2395 1895 FACTA,
2438 1827 2585 1882 DUM
2623 1824 2866 1883 ADHUC
2907 1826 3124 1883 ESSET

1830 1935 2080 1992 ABBAS.

232 2112 276 2168 Ι.
301 2110 1259 2183 Dequodam/ebriciiante,quem
1276 2115 1515 2169 sanavit
1535 2115 1596 2170 in
1613 2115 1906 2171 Bavaria.
1949 2113 1992 2166 Β
2014 2116 2092 2170 ta.
2128 2137 2155 2164 »
2189 2117 2252 2170 Et
2284 2114 2366 2171 ait
2393 2116 2638 2171 sanctus
2668 2110 3065 2168 Godehardus
3091 2129 3104 2168 :
3140 2135 3168 2163 «
3194 2116 3258 2170 In
3285 2114 3532 2171 nomine
3553 2118 3693 2174 Jesu

304 2205 390 2257 58.
430 2204 691 2257 Joannes
724 2199 980 2274 quidam
1019 2198 1163 2254 civis
1196 2201 1563 2258 Pataviensis
1609 2202 1789 2259 febris
1814 2202 1906 2258 in-

224 2290 555 2348 commodo
606 2289 944 2345 vexabatur
974 2303 1081 2361 per
1107 2287 1292 2358 longa
1324 2294 1615 2366 tempora.
1652 2291 1909 2362 Contigit

228 2385 433 2437 autem
466 2383 531 2435 ut
573 2382 818 2435 sanctus
858 2378 1031 2434 Pater
1060 2377 1455 2436 Godehardus
1487 2381 1688 2438 adhuc
1717 2380 1908 2437 abbas

225 2469 293 2526 in
345 2485 456 2525 suo
507 2466 877 2525 monasterio
922 2466 1154 2536 Altach,
1185 2482 1299 2540 pro
1338 2471 1582 2543 negotio
1631 2470 1771 2527 dicti
1817 2469 1908 2525 sui

231 2557 585 2614 monasterii
635 2555 947 2613 Pataviam
996 2554 1325 2624 adveniret,
1369 2562 1427 2614 et
1469 2558 1747 2615 infirmus
1788 2558 1904 2625 ille,

232 2646 425 2721 ipsius
469 2645 707 2717 cognita
737 2642 1076 2719 praesentia,
1112 2642 1357 2702 fratrem
1407 2664 1586 2703 suum
1630 2646 1792 2702 misit
1829 2646 1908 2702 ad

233 2752 397 2807 eum,
429 2751 673 2805 rogans,
697 2739 763 2790 ut
790 2734 997 2806 ipsum
1027 2748 1214 2789 causa
1244 2734 1346 2790 Dei
1367 2735 1608 2793 visitare
1634 2736 1911 2807 dignare-

240 2830 374 2882 tur:
425 2824 593 2898 quod
632 2828 690 2880 et
718 2822 873 2879 fecit.
911 2821 1054 2877 Visis
1085 2827 1287 2879 autem
1335 2824 1525 2899 ipsius
1572 2826 1634 2882 in
1682 2825 1906 2900 quibus

236 2913 525 2971 decubuit
583 2912 877 2978 febribus,
938 2911 1250 2984 ingemuit,
1311 2919 1369 2970 et
1416 2916 1535 2972 ait:
1589 2918 1689 2973 «Ο
1739 2919 1909 2989 pater

234 3003 452 3071 Adam,
484 3003 620 3076 quis
651 3009 703 3059 te
735 3007 860 3058 tam
893 3000 1158 3058 celeriter
1187 3006 1531 3077 exctecavit,
1567 3010 1629 3062 ut
1658 3005 1909 3062 manda-

234 3093 310 3150 tis
357 3093 456 3149 Dei
499 3092 781 3148 creatoris
828 3090 909 3147 tui
959 3091 1307 3158 contraires,
1342 3099 1399 3150 et
1446 3100 1531 3151 tot
1574 3095 1751 3152 malis
1797 3110 1909 3150 nos

234 3199 450 3240 omnes
472 3186 718 3255 peccato
752 3187 854 3238 tuo
882 3180 1207 3253 subjiceres
1234 3183 1246 3239 !
1280 3186 1421 3240 Ecce
1443 3190 1582 3259 post
1604 3186 1752 3253 haec,
1771 3200 1907 3259 quae

234 3271 647 3345 temporaliter
676 3272 773 3328 hic
795 3271 1078 3345 patimur,
1102 3272 1219 3329 nisi
1244 3275 1537 3333 mandata
1564 3277 1693 3348 ejus
1715 3292 1911 3331 serva-

234 3362 523 3429 verimus,
555 3362 908 3418 internaliter
933 3361 1055 3435 pati
1087 3361 1520 3434 formidamus;
1563 3371 1619 3423 et
1657 3365 1766 3422 erit
1793 3365 1907 3421 hoc

234 3452 471 3509 malum
504 3452 831 3525 temporale
861 3451 1095 3508 initium
1125 3453 1299 3509 nobis
1331 3455 1633 3513 malorum
1659 3460 1908 3513 aeterno-

234 3560 396 3599 rum.
426 3567 453 3593 »
504 3543 624 3599 Hoc
677 3546 882 3599 autem
930 3558 1070 3598 cum
1113 3543 1378 3611 dixisset,
1430 3546 1733 3621 accipiens
1771 3563 1906 3619 scy-

235 3633 430 3705 phum
462 3632 813 3705 quemdam,
838 3634 895 3687 et
922 3631 1126 3687 vinum
1158 3632 1216 3688 in
1249 3650 1385 3689 cum
1422 3635 1701 3704 fundens,
1733 3635 1905 3705 signo

239 3721 429 3777 crucis
462 3722 767 3791 signatum
797 3719 1121 3789 benedixit,
1146 3725 1202 3778 et
1230 3722 1469 3779 tradidit
1500 3725 1625 3782 viro
1655 3726 1903 3781 decum-

232 3811 419 3884 benti,
474 3812 712 3867 dicens:
767 3834 791 3859 ‹‹
825 3811 983 3878 Bibe,
1028 3813 1226 3882 frater,
1263 3811 1319 3867 in
1378 3814 1622 3871 nomine
1671 3815 1905 3872 Domini

233 3902 421 3959 nostri
451 3904 587 3959 Jcsu
618 3900 848 3967 Christi,
881 3905 939 3957 et
965 3901 1026 3957 in
1056 3918 1127 3958 eo
1167 3903 1521 3960 confortare.
1548 3925 1577 3957 ›
1616 3906 1726 3971 Qui
1755 3903 1904 3960 bibit

233 3992 548 4050 confidens
597 3991 658 4048 in
709 3990 809 4048 Dei
836 3990 1151 4049 clementia
1180 3996 1237 4049 et
1266 3992 1455 4048 sancti
1496 3993 1607 4050 viri
1637 3992 1899 4061 meritis;

233 4081 392 4139 illico
437 4082 692 4138 surrexit
721 4081 801 4138 ab
831 4082 996 4137 omni
1027 4081 1208 4137 febris
1243 4082 1631 4139 incommodo
1663 4082 1902 4155 penitus

230 4173 543 4241 liberatus,
574 4176 632 4229 et
654 4172 759 4229 ivit
784 4171 862 4228 ad
892 4170 1206 4228 ecclesiam
1240 4171 1439 4228 Sancti
1471 4172 1753 4246 Stephani
1775 4172 1902 4229 lau-

233 4263 393 4320 dans
426 4265 631 4319 Deum.

307 4372 375 4425 11.
410 4370 497 4425 De
523 4369 781 4440 quodam
812 4368 1121 4434 monacho,
1147 4384 1315 4438 quem
1342 4368 1615 4436 precibus
1641 4370 1762 4424 suis
1792 4384 1829 4425 a

629 4440 799 4510 febre
826 4441 1172 4497 acutissima
1206 4440 1505 4496 liberavit.

310 4537 398 4587 59.
442 4530 537 4586 Vir
574 4533 816 4586 sanctus
862 4528 1254 4585 Godehardus
1285 4529 1657 4585 monachum
1687 4545 1899 4602 quem-

232 4622 384 4678 dam
415 4620 490 4677 de
519 4618 884 4676 monasterio
930 4635 1039 4675 suo
1078 4619 1282 4676 Altach
1340 4618 1417 4674 ad
1467 4619 1900 4676 monasterium

240 4710 636 4767 Herveldense
685 4724 891 4764 secum
933 4708 1140 4777 duxit;
1199 4708 1303 4783 qui
1349 4712 1490 4781 post
1543 4708 1766 4765 ibidem
1816 4708 1900 4765 fe-

2017 2202 2249 2270 Christi,
2283 2202 2387 2275 qui
2438 2201 2717 2273 graviora
2756 2215 2867 2273 pro
2906 2199 3085 2257 nobis
3134 2202 3434 2271 sustinuit,
3468 2219 3689 2274 surge;

2014 2296 2072 2348 et
2116 2291 2180 2348 in
2223 2292 2478 2349 fratrum
2536 2295 2774 2348 tuorum
2826 2288 3079 2361 collegio
3122 2291 3392 2364 psallens
3435 2291 3692 2350 benedie

2014 2397 2174 2448 eum,
2208 2381 2313 2455 qui
2358 2387 2414 2439 te
2465 2397 2578 2437 suo
2610 2378 2906 2449 sanguine
2937 2379 3147 2449 abluit,
3179 2386 3238 2438 et
3261 2380 3532 2437 redemit.
3562 2404 3591 2433 ››
3624 2384 3691 2440 Et

2013 2470 2293 2527 inﬁrmus
2331 2470 2450 2528 ait:
2496 2472 2801 2539 «Surgam
2829 2467 2891 2523 in
2930 2468 3179 2526 nomine
3206 2472 3344 2526 Jesu
3372 2470 3601 2541 Christi,
3632 2476 3690 2530 et

2012 2558 2117 2615 ibo
2166 2558 2247 2614 ad
2286 2563 2523 2631 patrem
2566 2572 2792 2622 meum,
2826 2555 2930 2628 qui
2970 2561 3028 2612 et
3074 2559 3246 2614 Pater
3290 2557 3523 2615 Domini
3566 2559 3687 2617 mei

2013 2648 2151 2702 Jesu
2192 2645 2426 2714 Christi,
2457 2650 2516 2702 et
2542 2645 2738 2702 dicam
2785 2643 2876 2700 ei:
2923 2647 3057 2701 Jam
3103 2660 3231 2702 non
3283 2662 3420 2704 sum
3461 2647 3684 2717 dignus

2013 2734 2218 2792 vocari
2246 2735 2406 2792 filius
2456 2740 2591 2791 tuus
2621 2733 2862 2803 (Matth.
2894 2750 2998 2806 xv,
3030 2734 3141 2803 19),
3177 2734 3282 2791 sed
3319 2734 3414 2791 fac
3442 2750 3685 2791 mecum

2014 2824 2493 2881 misericordiam
2534 2828 2725 2894 tuam,
2753 2822 2932 2895 quasi
2963 2838 3104 2879 cum
3149 2838 3319 2880 servo
3362 2828 3465 2881 tuo
3494 2825 3681 2896 (Psal.

2016 2930 2209 2982 cxvui,
2248 2915 2390 2984 1-2;),
2418 2913 2525 2970 sed
2556 2929 2592 2969 a
2620 2911 2716 2968 via
2764 2916 2870 2969 tua
2914 2911 3217 2983 deviante,
3249 2918 3306 2970 et
3348 2913 3429 2970 ad
3476 2918 3529 2970 te
3575 2914 3687 2971 cleo

2016 3008 2248 3060 menter
2275 3003 2512 3076 suscipe
2543 3005 2958 3058 revertentem.
2982 3023 3010 3052 »
3061 3005 3128 3059 Et
3163 3002 3318 3060 inter
3344 3003 3470 3060 haec
3498 3004 3685 3061 verba

2016 3091 2292 3164 surrexit,
2322 3095 2379 3148 et
2408 3091 2487 3148 ad
2516 3091 2770 3147 chorum
2813 3090 2936 3157 ivit,
2968 3095 3027 3147 et
3064 3090 3349 3147 omnibus
3376 3090 3684 3148 admiran-

2016 3180 2199 3248 tibus,
2233 3197 2374 3237 cum
2424 3178 2762 3237 astantibus
2806 3178 3069 3237 laudans
3103 3182 3294 3236 Deum
3320 3183 3378 3236 et
3403 3184 3680 3247 cantans,

2014 3269 2341 3327 benedixit.

2090 3360 2179 3415 ΙΙΙ.
2220 3362 2307 3417 De
2335 3360 2600 3432 quadam
2620 3360 2955 3430 juvencula
2984 3374 3021 3415 a
3050 3358 3324 3415 molestia
3346 3357 3609 3427 febrium

1948 3474 1988 3529 (ς
2711 3449 2985 3506 liberata.

2086 3545 2174 3596 60.
2206 3539 2534 3597 Juveneula
2553 3538 2837 3613 quaedam
2858 3538 2919 3594 in
2938 3537 3165 3612 oppido
3184 3536 3597 3606 Teckendorfl‘,
3616 3537 3678 3595 in

2014 3628 2306 3685 territorio
2330 3628 2686 3697 Davariensi,
2701 3644 2840 3685 cum
2854 3627 3109 3684 febrium
3134 3625 3406 3683 molestia
3423 3625 3678 3685 nimium

2014 3718 2670 3788 gravaretur,astabant
2685 3717 3034 3791 eiquaedam
3050 3716 3317 3773 honesta:
3330 3715 3685 3789 feminae,re-

2013 3807 2267 3863 ferentes
2280 3808 2331 3863 ei
2348 3807 2603 3880 qualiter
2613 3806 2934 3881 praedictus
2950 3806 3011 3861 in
3027 3805 3270 3861 Patavia
3280 3805 3505 3862 meritis
3519 3805 3679 3865 beati

2014 3894 2352 3950 Godehardi
2381 3899 2516 3967 post
2544 3896 2832 3951 haustum
2854 3892 2971 3949 vini
2995 3908 3104 3965 per
3129 3908 3269 3947 eum
3294 3888 3613 3955 benedicti,
3640 3904 3680 3944 a.

1982 3982 2268 4039 'febrium
2290 3983 2485 4052 rigore
2506 3983 2699 4038 fuerat
2724 3981 3026 4037 liberatus.
3054 3979 3284 4046 Quibus
3311 3976 3550 4046 auditis,
3583 3975 3675 4032 di-

2010 4071 2097 4127 xit
2125 4071 2364 4127 inﬁrma
2394 4071 2549 4144 patri
2578 4086 2688 4127 suo
2713 4088 2726 4126 :
2758 4089 2788 4123 ‹
2812 4072 2855 4126 Ο
2881 4069 2963 4125 mi
2995 4068 3205 4126 dilecte
3232 4070 3421 4141 pater,
3449 4080 3599 4136 rogo
3623 4070 3677 4123 te

2010 4177 2119 4235 per
2146 4162 2353 4217 Jesum
2395 4161 2692 4219 Christum
2742 4162 2805 4215 ut
2833 4158 3034 4216 mittas
3064 4158 3144 4216 ad
3173 4161 3449 4214 sanctum
3476 4155 3677 4214 virum

2012 4250 2460 4321 Godehardum,
2483 4249 2741 4325 petendo
2759 4264 2901 4306 eum
2926 4253 2992 4305 ut
3016 4247 3337 4305 benedicat
3358 4262 3578 4321 parum
3597 4245 3678 4305 vi-

2009 4341 2073 4398 ni
2102 4342 2162 4397 in
2194 4340 2415 4414 cupha,
2433 4340 2528 4396 vel
2556 4339 2787 4413 scypho
2809 4355 2941 4407 suo,
2963 4342 3022 4395 et
3046 4338 3241 4397 mittat
3264 4338 3345 4395 ad
3372 4353 3471 4395 me
3500 4341 3565 4393 ut
3582 4336 3675 4394 bi-

2010 4432 2153 4489 bam
2182 4447 2254 4487 ex
2284 4446 2375 4501 eo,
2396 4434 2458 4488 ut
2475 4430 2715 4489 allevier
2739 4444 2777 4486 a
2804 4428 3034 4487 fervore
3062 4429 3318 4486 febrium
3345 4426 3568 4501 quibus
3589 4426 3677 4482 in-

2011 4525 2315 4579 cessanter
2339 4519 2574 4593 afﬂigor
2595 4523 2774 4593 atque
2796 4535 2955 4575 uror.
2984 4542 3012 4569 ››
3038 4521 3207 4575 Pater
3227 4520 3428 4573 autem
3452 4515 3547 4570 his
3568 4529 3673 4573 au-

2009 4611 2166 4681 ditis,
2196 4610 2356 4667 misit
2383 4615 2449 4667 ut
2478 4609 2683 4678 voluit,
2716 4613 2773 4666 et
2798 4607 3006 4664 vinum
3032 4604 3415 4662 benedictum
3441 4602 3673 4676 accepit

2010 4719 2046 4759 a
2076 4707 2284 4759 sancto
2314 4700 2692 4770 Godehardo,
2713 4698 2879 4773 quod
2897 4695 3223 4769 juvencula
3250 4692 3401 4750 bibit
3427 4692 3671 4751 inﬁrma

232 4799 441 4858 brium
464 4798 737 4856 molestia
767 4797 1185 4854 decumbebat.
1223 4801 1386 4854 [tunc
1436 4801 1680 4854 sanctus
1732 4801 1902 4855 Pater
1939 4829 1984 4883 Ι)
2012 4788 2073 4844 in
2113 4790 2357 4883 nomine
2405 4793 2545 4883 {esu
2592 4787 2822 4857 Christi,
2863 4791 2929 4883 et.
2968 4784 3168 4883 subito
3213 4785 3429 4883 sanata
3462 4784 3670 4883 ‘e‘st,‘et

237 4888 664 4947 consolationis
731 4888 921 4959 gratia
981 4887 1321 4960 frequenter
1386 4886 1658 4944 visitavit.
1740 4890 1898 4955 Quo-

237 4981 383 5037 dam
428 4984 630 5036 autem
680 4982 946 5052 tempore
992 4976 1137 5034 dixit
1178 4978 1458 5034 infirmo:
1512 5001 1539 5025 ‹‹
1568 4981 1764 5035 Frater
1793 4978 1895 5047 mi,

235 5068 551 5143 quomodo
581 5068 813 5125 habes?
842 5091 871 5118 »
902 5070 971 5123 Et
1000 5066 1274 5124 inﬁrmus
1303 5067 1411 5124 ait:
1463 5071 1678 5137 «Ecce,
1709 5072 1896 5138 Pater,

240 5158 497 5215 febrium
544 5156 815 5214 molestia
860 5155 1113 5213 nimium
1171 5171 1266 5211 me
1321 5161 1518 5223 vexat,
1566 5158 1647 5215 ita
1702 5162 1767 5214 ut
1818 5157 1897 5213 vi-

238 5252 300 5304 ta
327 5245 504 5320 quasi
531 5245 696 5303 nulla
724 5244 948 5302 amodo
980 5244 1056 5300 sit
1080 5244 1141 5299 in
1169 5260 1283 5298 me.
1305 5268 1331 5292 »
1365 5246 1428 5299 Et
1452 5244 1534 5300 ait
1561 5245 1614 5301 ei
1645 5245 1732 5303 vir
1759 5261 1898 5302 san-

239 5341 407 5393 ctus:
459 5334 801 5393 «Dominus
844 5337 1046 5390 noster
1103 5335 1272 5388 Jesus
1334 5331 1601 5389 Christus
1666 5334 1900 5405 majora

235 5443 351 5502 pro
400 5424 577 5483 nobis
608 5440 828 5499 passus
858 5426 964 5493 est,
996 5438 1181 5495 quam
1214 5421 1342 5477 lure
1374 5421 1630 5479 febrium
1658 5427 1895 5479 tuarum

237 5519 499 5589 possunt
533 5528 665 5569 esse
711 5512 1119 5569 incommoda.
1145 5534 1173 5560 »
1228 5510 1331 5564 Cui
1369 5509 1742 5566 decumbens
1776 5511 1894 5568 ait:

241 5627 267 5655 ι(
296 5602 450 5672 Scio,
500 5606 669 5660 Pater
715 5601 821 5671 mi,
856 5600 980 5656 scio
1026 5597 1195 5672 quod
1238 5596 1424 5653 multo
1473 5597 1747 5669 graviora
1787 5614 1897 5671 pro

239 5693 417 5752 nobis
448 5709 667 5768 passus
696 5695 788 5750 est
811 5690 889 5748 ad
917 5688 1123 5748 mortis
1149 5687 1611 5747 amaritudinem
1635 5692 1895 5747 tormen-

2012 4880 2266 4937 surrexit
2298 4880 2558 4937 laudans
2592 4882 2797 4944 Deum,
2828 4875 2935 4950 qui
2978 4873 3202 4932 meritis
3245 4871 3435 4929 sancti
3482 4871 3668 4930 Gode-

2006 4969 2180 5026 hardi
2207 4985 2341 5025 eam
2367 4966 2687 5025 clementer
2715 4982 2752 5023 a
2780 4964 2839 5021 vi
2864 4964 3123 5022 febrium
3150 4961 3443 5019 liberavit.

2008 5062 2095 5116 ιν.
2136 5061 2221 5116 De
2248 5058 2549 5131 quondam
2578 5056 2854 5112 scholare
2880 5058 3093 5111 sanato
3126 5068 3164 5110 a
3190 5050 3380 5109 simili
3399 5051 3665 5122 febrium

2694 5146 2983 5202 molestia.

2078 5244 2166 5295 61.
2210 5240 2426 5295 Servus
2457 5237 2558 5295 Dei
2587 5234 3000 5302 Godehardus,
3031 5232 3177 5306 quia
3213 5234 3340 5288 erat
3368 5246 3441 5288 ex
3484 5230 3663 5288 corde

2005 5328 2362 5397 misericors,
2394 5331 2451 5385 et
2481 5341 2662 5400 super
2685 5323 2937 5381 afﬂictos
2974 5322 3079 5395 pia
3106 5310 3659 5392 gestabat'viscera,

2006 5418 2382 5475 infirmorum
2406 5417 2526 5473 sive
2548 5410 3060 5481 decumbentium,
3078 5409 3171 5467 vel
3188 5425 3296 5484 per
3316 5425 3401 5481 se,
3424 5412 3529 5467 aut
3554 5424 3664 5483 per

2008 5507 2158 5564 alios
2218 5522 2456 5579 semper
2502 5500 2761 5561 visitavit
2806 5499 3127 5557 domicilia.
3160 5497 3414 5569 Contigit
3458 5503 3663 5556 autem

2004 5597 2274 5671 quodam
2306 5600 2594 5671 tempore,
2616 5606 2753 5649 cum
2783 5589 2982 5647 adhuc
3004 5588 3067 5646 in
3095 5587 3339 5646 abbatia
3357 5586 3663 5645 Altahensi

2005 5686 2368 5761 praesideret,
2391 5684 2721 5760 quemdam
2752 5679 3087 5739 scholarem
3116 5677 3436 5753 cujusdam
3460 5676 3659 5736 viduae
