3998 6176
401 217 418 276 1
431 223 533 276 203

1329 216 1385 271 S.
1427 212 1839 272 GODEHARDI
1879 202 2190 268 EPISCOPI
2233 209 2881 273 HILDESHEIMENSIS.

3689 215 3796 276 ΠΜ

387 323 670 416 pauperis
692 339 947 398 febrium
967 339 1240 396 molestia
1261 335 2042 410 graviterinﬁrmari,quem
2071 338 2117 394 Δ
2153 352 2378 408 magna
2407 343 2499 396 est
2526 340 2675 396 ﬁdes
2707 344 2807 396 tua
2837 339 3074 411 (Matth.
3107 357 3205 410 xv,
3235 344 3345 408 28),
3377 340 3496 396 ﬁat
3541 339 3648 396 tibi
3679 341 3806 400 sicut

386 433 599 506 pietate
631 429 802 486 solita
833 429 1049 502 saepius
1079 428 1356 496 visitavit,
1388 427 1486 484 cui
1515 432 1572 483 et
1601 425 1871 500 quodam
1904 429 2046 482 tem-

384 537 531 594 pore
574 519 758 575 dixit:
815 542 842 568 «
867 517 990 581 Fili.
1022 517 1266 574 viriliter
1305 533 1436 588 age,
1471 517 1772 573 sustinens
1809 513 2048 586 ﬂagella

381 609 642 680 Domini,
713 625 784 666 ac
850 609 1214 666 confortetur
1282 609 1342 664 in
1404 626 1475 665 eo
1523 625 1626 664 cor
1670 611 1861 664 tuum.
1917 605 2047 677 Ipse

388 699 548 757 enim
593 704 680 756 est
721 699 826 773 qui
873 699 1126 772 percutit
1175 703 1232 755 et
1284 699 1576 766 medetur,
1624 701 1804 770 atque
1852 697 2044 762 sanat,

391 805 535 846 suos
566 788 868 859 castigans
906 787 1144 855 electos,
1173 803 1248 844 ne
1279 788 1456 845 morti
1485 787 1798 844 tradantur
1828 784 2046 857 sempi-

391 885 592 936 ternas.
623 901 648 928 ››
701 881 766 933 Et
785 877 1022 949 juvenis
1052 877 1131 934 ait
1159 896 1171 933 :
1228 901 1254 926 «
1280 880 1422 944 Quae
1453 882 1541 934 est
1572 875 1852 933 fortitudo
1890 891 2046 942 mea,

391 975 456 1027 ut
508 970 636 1026 haec
689 968 895 1038 gravia
953 968 1282 1025 sustineam
1339 973 1395 1024 et
1449 968 1742 1042 patienter
1793 981 2048 1037 agam.»

393 1062 460 1115 Et
489 1060 661 1116 Pater
699 1063 943 1114 sanctus
993 1057 1108 1114 ait:
1161 1081 1188 1107 ‹‹
1213 1057 1477 1125 Conﬁde,
1525 1057 1628 1125 ﬁli,
1663 1057 1856 1112 sciens
1885 1055 2050 1129 quod

393 1165 516 1205 non
549 1153 688 1204 sunt
731 1147 1045 1218 condignae
1074 1147 1391 1221 passiones
1429 1148 1611 1218 hujus
1658 1145 1943 1219 temporis
1972 1144 2052 1201 ad

394 1238 657 1294 futuram
687 1237 938 1309 gloriam
981 1255 1118 1310 quae
1158 1237 1517 1294 revelabitur
1560 1237 1621 1292 in
1651 1235 1826 1292 nobis
1860 1236 2046 1307 (Rom.

395 1343 515 1396 vui,
552 1327 677 1397 18);
739 1331 795 1381 et
835 1326 1088 1382 libenter
1138 1325 1378 1396 gloriari
1425 1325 1570 1382 velis
1601 1342 1739 1381 cum
1769 1323 2050 1398 Apostolo

393 1415 456 1470 in
484 1415 928 1472 inﬁrmitatibus
980 1415 1119 1483 tuis,
1151 1420 1217 1472 ut
1255 1415 1315 1471 in
1365 1420 1418 1471 te
1467 1416 1617 1472 sicut
1665 1415 1726 1470 in
1772 1431 1843 1470 eo
1886 1413 2054 1471 habi-

395 1509 475 1562 tet
501 1505 687 1562 virtus
719 1506 948 1575 Christi,
980 1522 1124 1562 nam
1154 1506 1342 1562 virtus
1388 1505 1448 1560 in
1497 1503 1838 1561 inﬁrmitate
1871 1505 2050 1578 perﬁ-

396 1595 548 1651 citur
587 1595 675 1666 (ΙΙ
707 1597 844 1651 Cor.
885 1612 986 1665 xu,
1036 1596 1109 1666 9).
1133 1619 1160 1644 »
1213 1595 1317 1651 Cui
1365 1594 1637 1650 inﬁrmus
1688 1593 1803 1650 ait:
1839 1595 2050 1664 «Peto,

2153 427 2387 499 petiisti.
2414 452 2439 478 »
2470 432 2536 486 Et
2565 429 2859 486 transiens
2886 445 3025 486 cum
3055 445 3126 485 ea
3155 428 3233 485 ad
3263 429 3540 486 cadaver
3573 430 3632 485 in
3661 430 3806 487 libiti-

2156 533 2232 572 na
2255 517 2485 588 jacens,
2519 525 2575 576 et
2607 525 2813 577 tenens
2843 535 3094 576 manum
3147 519 3296 591 ejus,
3324 519 3527 575 dixit:
3567 543 3598 567 u
3619 520 3806 577 Adole-

2157 622 2354 676 scens,
2387 607 2491 665 tibi
2518 608 2675 679 dico,
2705 624 2900 679 surge.
2928 631 2954 657 ››
2988 611 3053 664 Et
3085 608 3324 679 juvenis
3371 609 3646 666 surrexit
3674 610 3806 667 inco-

2153 695 2334 753 lumis
2387 703 2566 772 atque
2618 715 2837 767 sanus;
2893 703 2950 754 et
2996 702 3272 754 sanctum
3301 698 3514 754 virum
3573 697 3728 770 petiit
3758 703 3808 752 ut

2156 803 2344 844 causa
2393 788 2493 844 Dei
2531 788 2971 844 confessionem
3015 788 3146 859 ejus
3177 787 3434 856 audiret,
3470 791 3532 843 et
3565 804 3672 860 pro
3698 803 3806 859 pec-

2157 877 2301 934 cetis
2358 879 2482 934 suis
2543 879 2656 934 sibi
2712 879 3048 950 injungeret
3117 877 3549 950 pcenitentiam
3616 877 3807 932 saluta-

2155 984 2315 1037 rem;
2349 973 2406 1024 et
2431 971 2643 1025 annuit
2674 973 2918 1025 sanctus
2951 969 3122 1024 Pater
3153 967 3427 1041 petitioni
3460 967 3618 1038 ejus,
3648 971 3701 1024 et
3725 985 3807 1023 au-

2159 1057 2283 1115 dita
2309 1058 2683 1115 confessione
2731 1059 2883 1130 ejus,
2933 1058 3117 1116 sacris
3140 1057 3415 1114 Ecclesiae
3435 1059 3804 1117 sacramentis

2159 1163 2300 1204 eum
2347 1148 2745 1222 praemunivit.
2799 1149 2928 1214 Quo
2974 1147 3152 1215 facto,
3181 1146 3428 1218 juvenis
3462 1145 3586 1202 ait:
3634 1147 3802 1204 «lube

2159 1252 2277 1303 me,
2309 1241 2511 1292 sancte
2541 1239 2732 1302 Pater,
2763 1253 2925 1293 nunc
2955 1237 3170 1292 iterum
3221 1235 3283 1291 in
3313 1251 3472 1308 pace
3507 1235 3800 1309 quiescere,

2158 1325 2323 1398 quod
2353 1325 2652 1382 mundum
2698 1325 2876 1382 nimis
2915 1326 3151 1395 horreo,
3183 1325 3288 1399 qui
3330 1341 3482 1381 suos
3537 1330 3799 1382 amatores

2160 1414 2335 1472 mittit
2375 1415 2437 1470 in
2485 1415 2846 1485 gehennam,
2881 1415 3057 1486 cujus
3108 1430 3356 1489 poenam
3407 1413 3802 1485 gravissimam

2161 1521 2232 1560 ex
2263 1509 2428 1578 parte
2462 1522 2596 1561 sum
2639 1510 2937 1578 expertus.
2969 1529 2994 1554 ››
3037 1508 3104 1560 Et
3132 1505 3222 1560 vir
3253 1503 3350 1560 Dei
3385 1505 3514 1560 ait:
3562 1527 3587 1550 ‹‹
3613 1502 3796 1567 Dormi,

2160 1593 2243 1650 ﬁli
2272 1595 2374 1662 mi,
2406 1598 2464 1650 et
2509 1594 2749 1667 quiesce
2779 1593 3020 1650 feliciter
3073 1594 3135 1650 in
3182 1610 3330 1667 pace
3357 1594 3517 1649 Jesu
3563 1592 3800 1650 Christi.»

397 1689 602 1740 sancte
633 1687 819 1752 Pater,
852 1688 914 1740 ut
945 1687 1132 1740 Deum
1162 1701 1272 1756 pro
1316 1701 1413 1740 me
1461 1683 1683 1740 misero
1714 1682 2055 1757 suppliciter
2084 1695 2125 1749 Β
2165 1683 2229 1736 Et
2257 1679 2352 1736 ille
2380 1682 2693 1754 respondit
2721 1699 2733 1736 :
2771 1686 3076 1738 «Amen.»
3110 1686 3176 1738 Et
3202 1681 3500 1738 inclinato
3531 1679 3724 1754 capite,
3751 1679 3797 1734 in

397 1789 624 1830 exores.
658 1797 685 1823 »
717 1774 787 1829 At
814 1774 986 1829 Pater
1032 1777 1296 1838 sanctus,
1329 1789 1583 1845 pomum
1623 1772 1684 1828 in
1722 1787 1909 1828 manu
1950 1772 2056 1827 ha-

396 1863 569 1932 bens,
598 1863 764 1936 quod
789 1862 995 1918 forsan
1018 1879 1225 1918 secum
1248 1862 1482 1931 tulerat,
1512 1867 1614 1920 aut
1635 1863 1808 1933 juxta
1835 1861 2055 1918 lectum

395 1952 618 2008 inﬁrmi
667 1952 994 2022 invenerat,
1022 1951 1346 2018 benedixit,
1378 1956 1435 2008 et
1477 1951 1641 2008 dedit
1684 1952 1924 2007 inﬁrmo
1965 1950 2056 2005 di-

399 2058 576 2098 cens:
628 2041 914 2113 «Accipe,
945 2040 1046 2108 ﬁli,
1092 2046 1147 2098 et
1185 2041 1490 2097 manduca
1534 2057 1806 2112 pomum,
1839 2040 1901 2096 in
1947 2055 2056 2096 no-

398 2133 560 2190 mine
583 2135 714 2189 Jesu
745 2131 955 2188 Christi
983 2149 996 2186 :
1030 2135 1106 2200 et,
1136 2131 1183 2187 si
1213 2137 1302 2188 est
1325 2131 1601 2187 voluntas
1628 2132 1781 2202 ejus,
1807 2130 1882 2185 de
1906 2130 2058 2186 lecto

403 2239 580 2294 surge
621 2238 842 2290 sanus;
884 2221 978 2276 sin
1015 2225 1238 2293 autem,
1285 2225 1528 2278 maneat
1569 2221 1697 2276 haec
1745 2219 2058 2276 inﬁrmitas

403 2311 527 2380 tibi,
558 2315 616 2369 et
639 2310 930 2384 patienter
955 2327 1066 2382 age
1096 2316 1160 2368 ut
1185 2327 1221 2368 a
1251 2312 1372 2369 Deo
1400 2310 1718 2385 prmmium
1744 2311 1878 2366 vitie
1900 2295 2062 2366 teter:-

403 2418 518 2464 nae,
547 2401 607 2457 in
650 2417 772 2475 quo
799 2405 1020 2458 aeterna
1049 2404 1137 2457 est
1166 2402 1410 2468 sanitas,
1443 2399 1646 2456 valeas
1675 2399 2058 2473 promereri.»

405 2489 674 2547 Comedit
700 2489 814 2559 ille,
844 2494 901 2547 et
929 2490 1184 2546 surrexit
1214 2506 1398 2547 sanus
1427 2489 1684 2546 laudans
1714 2491 1924 2545 Deum.

405 2653 468 2705 V.
501 2652 587 2708 De
618 2652 842 2721 juvene
885 2651 1205 2718 submerso,
1239 2652 1464 2709 meritis
1493 2651 1692 2708 sancti
1719 2649 2064 2707 Godehardi

1047 2743 1417 2798 resuscz'tato.

407 2863 412 2870 ί
477 2854 563 2904 62.
604 2847 844 2904 Iuvenis
874 2847 1126 2921 quidam
1157 2847 1231 2903 de
1271 2852 1467 2904 castro
1503 2846 1972 2905 Stauwenborch
2001 2847 2063 2902 in

406 2936 672 3007 Bavaria,
703 2953 889 3010 prope
923 2937 1260 2993 Danubium
1295 2937 1548 2993 ﬂuvium
1577 2937 1934 3010 pertransire
1963 2953 2062 2992 vo-

405 3026 555 3093 lens,
582 3025 858 3099 procellis
889 3042 1107 3082 rsavem
1147 3026 1652 3098 subvertentibus,
1685 3026 1973 3097 mergitur
2000 3025 2061 3082 in
2093 3055 2133 3111 ρ

407 3118 664 3184 flumen;
697 3115 802 3171 ubi
830 3115 1153 3190 plusquam
1179 3116 1369 3172 tribus
1399 3117 1561 3173 horis
1589 3116 1876 3174 remansit
1902 3117 2062 3172 inco-

406 3206 630 3278 gnitus.
663 3205 927 3262 Tandem
956 3223 1173 3280 corpus
1201 3206 1476 3263 examine
1522 3207 1597 3263 ad
1628 3206 1789 3264 littus
1814 3206 2060 3278 ejicitur,

409 3299 466 3351 et
493 3299 768 3352 mortuus
801 3295 878 3352 ad
911 3295 1165 3352 domum
1195 3299 1514 3368 parentum
1562 3295 1928 3369 deportatur.
1966 3297 2067 3350 La-

409 3390 758 3457 crymantur
785 3385 1063 3458 proximi,
1095 3389 1152 3441 et
1181 3389 1430 3456 gemunt
1459 3384 1669 3441 afﬁnes
1700 3385 1780 3440 ob
1809 3386 2066 3440 mortem

411 3478 532 3542 tam
564 3473 825 3530 subitam
851 3473 1088 3544 juvenis
1137 3477 1261 3528 tam
1306 3473 1540 3528 famosi.
1579 3475 1830 3530 Sanctus
1865 3476 2065 3528 autem

409 3562 599 3618 abbas
628 3560 1020 3617 Godehardus
1051 3578 1194 3616 casu
1239 3560 1531 3617 transiens
1560 3561 1758 3617 locum
1789 3561 1978 3629 illum,
2011 3564 2069 3617 et

396 3646 660 3708 audiens
706 3666 882 3705 voces
925 3649 1304 3720 ululantium,
1338 3649 1455 3706 ait:
1505 3671 1532 3698 (ί
1559 3654 1601 3708 0
1651 3667 1833 3718 mors,
1879 3666 2067 3722 quam

408 3757 618 3798 amara
665 3742 753 3796 est
805 3738 1096 3795 memoria
1139 3743 1240 3796 tua
1278 3739 1536 3795 homini!
1587 3741 1797 3811 (Eccli.
1850 3757 1964 3808 xu,
2021 3739 2064 3813 ί)

407 3833 600 3895 Quam
666 3829 861 3887 subito
919 3833 975 3886 et
1025 3829 1328 3904 inopinate
1397 3829 1754 3902 exstinguis!
1811 3846 1947 3903 quin
2013 3834 2070 3887 et

407 3919 820 3996 peccatoribus
847 3937 909 3976 es
956 3919 1238 3994 pessima,
1268 3919 1446 3991 justis
1476 3924 1678 3978 autem
1708 3919 1887 3976 nimis
1916 3919 2068 3976 desi-

406 4011 688 4070 derabilis
735 4015 913 4085 atque
952 4010 1233 4084 pretiosa.
1263 4032 1289 4059 ››
1333 4010 1482 4066 Cum
1507 4013 1708 4066 autem
1739 4011 1867 4067 haec
1897 4014 1954 4066 et
1977 3999 2092 4066 his‘

409 4100 623 4156 similia
652 4100 890 4165 diceret,
924 4090 1084 4156 venit
1125 4105 1317 4156 mater
1345 4099 1570 4156 misera
1609 4098 1871 4170 juvenis,
1905 4103 1962 4155 et
1990 4098 2070 4155 ad

407 4186 592 4257 pedes
632 4185 886 4258 procidit
934 4187 1041 4242 viri
1092 4187 1300 4256 sancti,
1343 4187 1589 4244 dicens:
1646 4210 1674 4238 ‹‹
1704 4187 1969 4260 Domine,
2020 4187 2067 4244 si

407 4273 554 4348 quid
580 4278 750 4346 potes
780 4273 945 4346 apud
977 4277 1182 4345 Deum,
1217 4276 1497 4332 miserere
1529 4277 1666 4346 mei,
1699 4281 1756 4334 et
1778 4277 2070 4334 resuscita

407 4361 597 4419 ﬁlium
626 4379 851 4419 meum.
883 4386 910 4410 »
959 4364 1062 4420 Cui
1116 4369 1356 4420 sanctus
1381 4367 1552 4423 Pater
1584 4384 1596 4421 :
1631 4391 1656 4415 ‹‹
1685 4367 1867 4424 Crede
1897 4366 2064 4437 mihi,

409 4451 643 4522 mulier,
677 4456 744 4508 ut
793 4467 1005 4508 verum
1062 4457 1151 4508 est
1197 4458 1252 4509 et
1293 4455 1656 4528 experientia
1702 4456 1878 4514 docet
1920 4473 2067 4530 quo-

409 4541 669 4612 tidiana,
744 4557 956 4597 omnes
1033 4541 1422 4613 subjacemus
1501 4545 1710 4602 mortis
1776 4546 2064 4619 imperio,

411 4633 666 4706 ideoque
716 4631 878 4688 beati
935 4631 1153 4688 mortui
1208 4632 1312 4706 qui
1384 4632 1442 4688 in
1495 4634 1750 4691 Domino
1807 4635 2070 4692 moriun-

412 4725 506 4778 tur
532 4723 739 4794 (Apoc.
768 4739 884 4789 xiv,
923 4722 1030 4793 l3).
1065 4725 1215 4779 Mors
1243 4723 1406 4779 enim
1434 4739 1646 4780 omnes
1676 4724 1781 4798 qui
1810 4725 1870 4781 in
1900 4742 2073 4781 mun-

412 4811 492 4868 do
541 4812 778 4882 vivunt,
835 4827 958 4869 non
1017 4829 1170 4881 uno,
1232 4813 1340 4869 sed
1401 4813 1578 4886 quasi
1655 4813 1816 4870 mille
1872 4815 2071 4871 modis

414 4902 636 4960 sternit.
689 4905 898 4959 Beatus
945 4902 1050 4976 qui
1097 4902 1307 4974 vigilat
1352 4905 1562 4974 (Apoc.
1610 4921 1733 4972 xvr,
1773 4906 1873 4977 l5),
1908 4909 1966 4961 et
2011 4905 2072 4960 in

414 4992 678 5049 adventu
706 4992 1118 5064 prtemunitur.
1149 5016 1175 5041 »
1221 4995 1287 5048 Et
1319 4992 1535 5049 iterum
1575 4994 1789 5051 mulier
1817 4995 1899 5051 ait
1925 5011 2074 5051 voce

414 5077 756 5150 lacrymosa
784 5095 796 5132 :
829 5100 854 5125 ‹‹
882 5079 968 5132 En
997 5076 1154 5133 ﬁlius
1184 5094 1356 5133 meus
1401 5078 1614 5134 unicus
1647 5084 1703 5136 et
1731 5079 1982 5137 dilectus
2012 5079 2074 5136 in

418 5166 662 5223 flumine
701 5165 1026 5223 suffocatus
1061 5166 1275 5224 interiit
1301 5167 1530 5236 subito;
1554 5168 1692 5224 huic
1707 5169 1885 5227 timeo
1905 5170 2076 5226 dam-

418 5254 903 5326 nationem,quia
935 5256 1284 5312 mundanus
1314 5260 1439 5312 erat
1464 5256 1660 5314 nimis.
1687 5261 1851 5328 Rogo
1876 5258 2074 5329 igitur,

417 5346 513 5420 pie
563 5347 751 5412 Pater,
800 5343 850 5400 si
895 5345 1043 5418 quid
1089 5350 1258 5419 potes
1304 5346 1470 5419 apud
1523 5350 1738 5417 Deum,
1793 5348 2078 5406 resuscita

420 5434 609 5490 tilium
641 5450 840 5490 meum
849 5475 866 5505 ,
898 5438 962 5489 ut
992 5439 1225 5491 tantum
1275 5452 1387 5493 sua
1415 5437 1810 5493 conﬁteamur
1839 5437 2074 5505 delicta,

423 5529 480 5581 ct
501 5523 722 5580 sanctis
755 5523 1023 5580 Ecclesia:
1055 5526 1442 5583 sacramentis
1471 5527 1796 5597 muniatur,
1831 5532 1887 5584 et
1916 5531 2074 5600 post,

427 5613 477 5669 si
504 5616 622 5669 Deo
649 5613 860 5686 placet,
884 5613 944 5668 in
975 5630 1123 5686 pace
1154 5615 1396 5672 feliciter
1422 5617 1774 5689 requiescat.
1803 5642 1829 5667 ››
1861 5617 1965 5675 Cui
1988 5618 2078 5673 vir

427 5705 691 5768 sanctus,
727 5701 1044 5758 Salvatoris
1082 5707 1255 5759 utens
1299 5704 1512 5776 verbis,
1544 5706 1658 5764 ait:
1713 5729 1740 5756 ‹‹
1766 5709 1809 5764 Ο
1840 5707 2072 5778 mulier,

2164 1769 2353 1838 gratia
2381 1769 2481 1825 Dei
2510 1769 2755 1826 feliciter
2784 1770 3167 1827 obdormivit.
3204 1769 3361 1827 Felix
3407 1774 3612 1825 autem
3645 1773 3798 1824 mater

2164 1858 2313 1928 ejus;
2345 1858 2438 1914 his
2477 1859 2694 1915 auditis
2725 1863 2781 1915 et
2810 1859 3085 1930 cognitis,
3120 1868 3351 1916 semota
3382 1874 3638 1932 prorsus
3664 1855 3798 1912 omni

2165 1947 2414 2016 tristitia,
2437 1965 2576 2004 cum
2595 1948 2818 2018 gaudio
2843 1965 3063 2022 corpus
3092 1949 3197 2005 ﬁlii
3225 1947 3633 2004 ecclesiastico
3662 1963 3795 2002 more

2167 2037 2409 2093 tradidit
2456 2038 2795 2110 sepulturae,
2825 2053 2895 2094 ac
2944 2039 3082 2106 Deo,
3115 2037 3441 2094 devotione
3473 2041 3688 2110 quanta
3711 2051 3795 2108 po-

2167 2125 2294 2193 tuit,
2327 2126 2596 2184 animam
2627 2127 2816 2200 ipsius
2841 2127 3141 2184 laetissime
3167 2125 3638 2183 commendavit.

2168 2271 2254 2324 Vl.
2295 2270 2383 2326 De
2407 2270 2656 2326 muliere
2704 2270 2763 2325 in
2789 2275 2979 2339 partu
3010 2269 3346 2336 laborante,
3373 2274 3439 2324 et
3471 2266 3788 2323 orationibus

2479 2342 2676 2396 sancti
2698 2357 2736 2398 α
2759 2341 2967 2397 dolore
2993 2346 3208 2411 partus
3241 2341 3528 2396 liberata.

2239 2452 2326 2503 63.
2369 2449 2618 2504 Sanctus
2644 2449 2813 2503 Pater
2851 2447 3262 2525 Godehardus,
3286 2446 3446 2504 dum
3475 2447 3536 2503 in
3557 2445 3685 2504 cella
3705 2461 3784 2501 sua

2168 2541 2305 2610 post
2331 2536 2563 2608 vigilias
2609 2536 2931 2594 matutinas
2962 2536 3248 2594 orationis
3294 2552 3489 2593 causa
3531 2536 3780 2594 resideret.

2169 2626 2413 2698 contigit
2441 2632 2506 2683 ut
2533 2626 2814 2700 quaedam
2843 2626 3056 2682 mulier
3079 2625 3359 2682 habitans
3403 2627 3468 2682 in
3493 2625 3778 2684 confinibus

2168 2715 2548 2786 monasterii,
2615 2720 2793 2789 partu
2854 2715 3189 2772 laborando
3263 2715 3656 2780 cruciaretur;
3709 2711 3777 2767 cui

2169 2805 2541 2878 compatiens
2569 2805 2656 2860 vir
2686 2809 2951 2874 sanctus,
2975 2809 3142 2861 terrae
3171 2804 3575 2877 procumbens
3603 2801 3775 2859 oratio-

2169 2894 2229 2950 ni
2256 2911 2317 2950 se
2348 2893 2530 2962 dedit,
2559 2893 2766 2950 dicens
2791 2910 2804 2948 :
2840 2917 2866 2942 «
2893 2896 2937 2951 0
2969 2893 3213 2950 Domine
3240 2897 3400 2949 Deus
3431 2893 3772 2964 omnipotens,

2171 2983 2396 3055 adjuva
2423 2983 2662 3057 plasma
2691 2988 2882 3050 tuum,
2909 2983 3188 3056 miserere
3214 2982 3351 3038 ﬁliae
3376 2987 3504 3038 Eva:
3531 2982 3585 3037 in
3612 2978 3774 3036 matris

2172 3090 2294 3129 sure
2325 3073 2642 3129 maledicto
2667 3073 2999 3129 laborante.
3025 3095 3052 3121 ‹‹
3070 3075 3136 3128 Et
3159 3071 3339 3143 illico,
3357 3072 3532 3128 modo
3551 3068 3772 3144 quodam

2171 3163 2500 3238 inopinato,
2532 3163 2747 3219 mulier
2791 3162 3090 3229 conticuit,
3152 3161 3298 3236 quia
3347 3162 3560 3236 peperit
3598 3158 3769 3216 ﬁlium.

2174 3257 2318 3321 Quae
2359 3257 2569 3327 postea
2617 3251 3028 3318 odbormiens,
3061 3251 3114 3308 ei
3165 3251 3486 3308 revelatum
3524 3253 3603 3305 est
3635 3243 3768 3320 quod

2174 3341 2451 3416 precibus
2474 3341 2665 3398 sancti
2697 3341 3034 3399 Godehardi
3059 3357 3096 3398 a
3123 3341 3330 3398 dolore
3357 3345 3540 3414 partus
3565 3338 3629 3392 sit
3650 3335 3768 3391 libe-

2172 3437 2319 3490 rata.
2346 3435 2487 3498 Quae
2520 3431 2744 3502 gratias
2771 3431 2890 3502 egit
2917 3433 3056 3498 Deo,
3080 3430 3186 3504 qui
3211 3446 3341 3487 eam
3369 3428 3532 3486 sancti
3554 3425 3642 3480 viri
3657 3439 3761 3478 me-

2174 3521 2295 3578 ritis
2327 3525 2446 3576 tam
2498 3521 2822 3577 clementer
2848 3519 3137 3585 visitavit;
3184 3520 3358 3575 ﬁlium
3393 3521 3562 3592 autem
3595 3526 3744 3564 suum

2176 3609 2598 3668 Godehardum
2639 3609 2836 3665 vocari
2878 3608 3035 3679 fecit,
3066 3613 3124 3665 et
3155 3608 3217 3665 in
3250 3605 3440 3681 puerili
3459 3605 3599 3658 aetate
3623 3613 3737 3654 eum

2175 3697 2416 3755 tradidit
2437 3702 2644 3754 saneto
2658 3698 2785 3754 viro
2813 3697 3192 3768 regularibus
3213 3692 3508 3770 disciplinis
3524 3688 3748 3746 imbuen~

2174 3788 2342 3844 dum.
2377 3789 2500 3844 Hac
2527 3787 2705 3856 igitur
2753 3787 2828 3843 de
2878 3802 3064 3843 causa
3109 3786 3388 3843 mulieres
3429 3775 3681 3853 religionis
3702 3772 3757 3830 il~

2174 3876 2308 3942 lius,
2340 3877 2400 3932 in
2446 3876 2652 3932 dolore
2700 3881 2910 3949 partus
2964 3877 3154 3932 sancti
3196 3871 3518 3932 Godehardi
3554 3864 3767 3943 patroci-

2175 3966 2346 4024 nium
2389 3970 2830 4022 consueverunt
2875 3965 3177 4033 invocare,
3208 3970 3268 4022 et
3294 3963 3489 4021 multa.
3526 3953 3770 4035 petitionis

2178 4071 2301 4112 suae
2332 4054 2666 4111 sentiebant
2693 4054 2973 4111 effectum
3001 4054 3384 4127 adoptatum.

2179 4203 2288 4256 VII.
2331 4205 2410 4256 De
2447 4199 2703 4270 quodam
2736 4215 2906 4270 quem
2939 4200 3001 4254 in
3034 4199 3130 4255 via
3168 4201 3395 4254 socium
3429 4193 3672 4270 habebat,
3698 4190 3778 4261 qui

2251 4267 2486 4353 cadens
2518 4285 2656 4326 crus
2701 4267 2905 4342 fregit,
2937 4271 3041 4327 sed
3067 4277 3309 4327 sanctus
3364 4272 3456 4327 vir
3481 4267 3651 4325 subito
3676 4277 3779 4318 eum

2249 4348 2507 4400 sanavit.

2249 4452 2336 4505 (ii.
2381 4451 2528 4506 Cum
2558 4453 2799 4506 sanctus
2833 4449 3224 4506 Godehardus
3254 4465 3369 4522 pro
3407 4444 3630 4517 negotio
3656 4437 3785 4497 forsi-

2178 4542 2281 4596 tan
2323 4539 2415 4594 sui
2459 4539 2804 4595 monasterii
2833 4539 2913 4595 ad
2944 4541 3280 4595 Romanam
3308 4539 3419 4595 iret
3447 4534 3674 4598 curiam,
3707 4529 3786 4586 ha-

2175 4628 2328 4684 bens
2356 4628 2589 4701 aliquos
2630 4629 2706 4684 de
2733 4628 2855 4685 suis
2882 4628 3198 4684 monachis
3224 4644 3434 4685 secum
3484 4627 3542 4683 in
3583 4638 3679 4680 suo
3715 4633 3790 4673 eo-

2175 4717 2408 4787 mitatu,
2435 4719 2586 4773 inter
2610 4734 2766 4790 quos
2804 4716 3055 4791 quidam
3104 4717 3329 4773 caeteris
3377 4715 3589 4782 senior,
3619 4709 3789 4768 Erken-

2178 4809 2365 4865 fridus
2394 4809 2658 4876 nomine,
2691 4809 2928 4866 incaute
2975 4808 3332 4882 procedens,
3368 4809 3514 4864 dum
3543 4806 3788 4862 montem,

2177 4898 2281 4972 qui
2317 4897 2654 4954 Godehardi
2695 4898 2928 4964 dicitur,
2959 4897 3324 4965 ascenderet,
3358 4912 3548 4970 equus
3595 4905 3716 4948 cum
3737 4901 3788 4941 eo

2180 4988 2408 5056 cecidit,
2449 4993 2506 5044 et
2555 5005 2690 5044 crus
2739 4989 2868 5060 ejus
2917 4989 3196 5045 dextrum
3237 5004 3312 5044 ex
3356 4992 3479 5044 toto
3529 4975 3786 5048 confregit.

2183 5079 2295 5146 Qui
2347 5094 2592 5148 gemens
2645 5095 2784 5134 cum
2831 5078 3115 5151 lacrymis
3163 5078 3262 5144 ait,
3305 5082 3515 5134 contra
3562 5075 3786 5129 sanctum

2183 5169 2283 5225 Dei
2333 5168 2806 5226 murmurando:
2864 5192 2890 5217 ‹‹
2921 5168 3160 5242 thuid,
3220 5168 3410 5238 Pater,
3471 5182 3564 5223 me
3616 5153 3787 5218 duxisti

2184 5264 2263 5316 ad
2291 5259 2512 5316 montis
2544 5259 2712 5316 istius
2742 5258 3138 5332 prtecipitium
3165 5262 3234 5314 ut
3257 5274 3354 5314 me
3381 5248 3785 5313 interfieeres?-"

2185 5349 2290 5406 Cui
2356 5353 2597 5405 sanctus
2651 5352 2820 5406 Pater
2865 5348 2977 5404 ait:
3035 5371 3063 5396 «
3090 5348 3242 5416 Scio,
3311 5347 3397 5404 ﬁli
3462 5345 3543 5402 mi
3601 5339 3784 5398 dilecte.

2184 5439 2352 5511 quod
2405 5438 2584 5494 invite
2639 5455 2876 5495 mecum
2934 5437 3041 5494 iter
3095 5439 3210 5494 hoc
3261 5435 3511 5510 coepisti,
3564 5437 3618 5488 et
3673 5428 3786 5484 intra

2186 5533 2242 5584 te
2272 5528 2468 5602 ipsum
2513 5527 2953 5584 murmurando
2998 5527 3144 5584 mihi
3173 5525 3497 5584 detraxisti.
3531 5523 3658 5578 Ideo
3685 5522 3785 5571 tunc

2186 5617 2418 5674 reddita
2446 5623 2536 5674 est
2562 5617 2664 5673 tibi
2697 5634 2926 5674 merces
2953 5621 3074 5674 tua.
3110 5618 3392 5674 Poenitere
3420 5613 3612 5686 igitur,
3641 5612 3688 5664 et
3707 5615 3789 5658 ora

2190 5711 2375 5765 Deum
2407 5713 2471 5765 ut
2493 5707 2753 5766 dimittat
2783 5707 2888 5766 tibi
2917 5708 3211 5768 offensam
3238 5708 3414 5777 hanc,
3447 5708 3516 5762 ut
3538 5694 3748 5762 seueris.
3767 5715 3787 5736 η
