3996 6168
248 159 395 215 1205

1864 196 1865 199 η
1898 149 2076 207 νιΤΑ.

3598 159 3785 237 1206,

246 282 372 349 Qui
398 281 523 341 ait:
560 302 587 330 «
623 278 884 352 Adjuva,
912 281 1100 349 Pater,
1143 275 1559 335 inﬁrmitatem
1605 288 1835 363 meam,
1877 274 1939 330 et
1972 274 2025 327 A
2055 296 2084 324 «
2126 274 2279 347 Scio,
2305 274 2452 350 quia
2476 290 2704 346 magna
2735 278 2827 333 est
2850 275 3084 333 malitia
3128 279 3235 334 tua
3285 281 3345 335 et
3387 283 3635 338 tuorum
3671 283 3753 363 sig

240 372 491 428 remitte
520 368 671 427 mihi
698 367 862 442 quod
882 366 1105 441 deliqui
1135 371 1346 424 contra
1374 368 1430 422 te
1455 383 1469 432 ;
1503 365 1562 420 et
1590 360 1815 419 cruciet
1835 377 1936 418 me

239 460 567 531 ﬂagellum
590 458 714 529 Dei,
737 462 1033 533 quantum
1058 457 1218 515 libet.
1244 477 1275 510 ›
1308 455 1404 512 Vir
1433 457 1640 512 autem
1669 450 1791 519 Dei,
1824 467 1936 507 au-

242 549 383 606 dita
411 549 547 622 ejus
576 548 906 616 devotione,
962 546 1152 618 tetigit
1189 544 1569 603 confractum
1622 557 1692 598 os
1742 539 1937 596 cruris

244 637 411 709 ejus,
440 640 500 694 et
528 636 613 693 ait
644 653 657 692 :
688 657 715 685 ε(
751 637 930 692 Sanat
958 634 1246 704 te,frater,
1267 632 1560 690 Dominus
1580 633 1752 686 Jesus
1775 627 1939 685 Chri-

247 732 390 784 stus
415 745 429 793 ;
455 731 515 784 et
544 731 608 784 tu
630 726 691 783 in
721 725 964 782 nomine
994 726 1124 797 ejus
1150 740 1348 793 surge,
1379 727 1443 779 ut
1467 718 1879 779 ambulemus.
1906 741 1934 768 ››

248 815 370 882 Qui
398 814 657 873 surrexit
684 830 756 871 ex
778 817 897 871 toto
933 829 1134 879 sanus,
1185 817 1244 869 et
1271 811 1427 867 ultra
1451 807 1760 890 profectus
1791 822 1935 864 cum

252 922 330 963 eo
356 905 516 963 idem
530 903 922 980 postmodum
941 908 1182 961 secutus
1197 906 1286 959 est
1297 918 1439 959 eum
1456 896 1932 969 Hildenesheim,

254 1001 318 1054 et
342 995 560 1054 mansit
588 995 757 1069 apud
803 1011 942 1052 eum
986 1010 1179 1070 usque
1222 992 1303 1052 ad
1332 992 1497 1049 diem
1525 987 1740 1049 mortis
1780 1004 1928 1047 suae.

253 1089 393 1142 Vill.
424 1087 507 1142 De
529 1086 786 1143 muliere
812 1100 989 1154 caeca,
1017 1099 1193 1157 quam
1233 1085 1361 1154 ipse
1390 1078 1771 1139 illuminavit
1792 1095 1931 1137 cum

1012 1176 1153 1231 Deo.

315 1269 403 1324 65.
447 1265 714 1338 Contigit
739 1264 1008 1340 quadam
1044 1264 1188 1332 vice,
1242 1268 1307 1321 ut
1348 1267 1599 1321 sanctus
1626 1263 1930 1321 Godehar-

235 1356 350 1414 dus
366 1355 769 1431 pertransiret
783 1355 1077 1430 oppidum
1095 1354 1422 1426 Strawigen
1436 1355 1453 1427 [
1463 1353 1784 1412 Stravubin
1792 1356 1929 1428 gen]

227 1446 515 1504 dioecesis
564 1445 1042 1515 Batisbonensis,
1102 1448 1159 1501 et
1209 1444 1480 1501 obvnavit
1530 1444 1586 1501 ei
1638 1444 1926 1518 quaedam

221 1552 388 1593 caeca
403 1534 640 1593 mulier
660 1534 942 1591 mendica
956 1534 1215 1591 ostiatim
1232 1549 1513 1607 quaerens
1533 1549 1924 1608 panem,quie

2049 364 2287 422 milium
2316 383 2329 433 ;
2358 381 2471 421 nec
2500 368 2705 421 tamen
2732 364 2965 436 dubito,
3024 365 3200 438 quod
3251 369 3453 442 major
3490 370 3751 431 bonitas

2048 453 2161 515 Dei,
2181 458 2274 511 est
2294 459 2353 511 et
2376 452 2713 511 clementia.
2748 456 2923 526 Ergo,
2962 455 3289 515 immunde
3341 460 3612 534 spiritus,
3669 464 3753 527 da

2044 544 2343 601 honorem
2371 545 2516 612 Deo,
2549 547 2606 600 et
2633 544 2844 601 recede
2871 545 2950 602 ab
2980 546 3107 605 hac
3146 554 3420 609 creatura
3467 553 3625 625 ejus,
3683 560 3750 624 ut

2044 632 2251 690 redeat
2276 634 2357 691 ad
2386 634 2664 705 gratiam,
2692 651 2883 709 quam
2905 640 2967 692 tu
2995 635 3083 692 ab
3116 654 3189 695 ea
3219 640 3536 700 abstulisti.
3596 666 3625 695 ››
3677 648 3746 703 Et

2044 722 2291 780 daemon
2321 723 2402 781 ait
2434 741 2446 778 :
2480 748 2507 773 ‹‹
2537 727 2652 782 Cur
2677 742 2774 783 me
2804 724 2865 782 in
2892 729 3139 784 tantam
3180 730 3308 802 agis
3336 733 3687 793 violentiam
3713 741 3741 795 ?

2045 812 2203 879 Quid
2234 812 2346 869 feci
2372 812 2499 882 tibi,
2531 818 2636 871 aut
2664 815 2813 888 quid
2841 814 3038 871 habes
3073 822 3281 876 contra
3307 837 3402 877 me
3422 824 3450 878 ?
3478 845 3504 873 ››
3547 827 3615 880 Et
3638 824 3734 883 ille

2044 902 2127 958 ait
2156 919 2169 957 :
2198 924 2225 950 ‹‹
2262 902 2439 973 Audi,
2473 908 2748 976 proterve
2778 910 2836 961 et
2862 904 3187 964 immunde
3214 909 3454 983 spiritus
3490 930 3502 967 ε
3536 916 3602 969 In
3630 913 3733 972 illa

2044 996 2271 1048 aeterna
2299 991 2513 1065 patria,
2546 992 2620 1049 de
2644 1010 2770 1067 qua
2798 998 2864 1051 tu
2889 997 3251 1068 superbiens
3283 998 3567 1069 cecidisti,
3595 1005 3727 1058 tan-

2042 1084 2104 1136 ta
2135 1079 2285 1135 mihi
2318 1079 2426 1136 erit
2453 1080 2655 1137 laetitia
2684 1080 2759 1137 de
2789 1080 2956 1139 bono
3007 1085 3341 1155 communi,
3392 1091 3457 1144 ut
3485 1087 3561 1143 de
3588 1101 3727 1146 meo

2039 1169 2311 1245 proprio,
2339 1171 2462 1226 imo
2492 1176 2549 1227 et
2574 1171 2763 1227 multo
2794 1174 2995 1246 major
3036 1180 3140 1232 :et
3184 1175 3320 1231 ideo
3363 1176 3459 1232 hic
3514 1178 3723 1235 dolore

2037 1258 2324 1316 convenit
2350 1259 2425 1317 de
2456 1260 2618 1318 malo
2668 1260 2865 1318 alieno
2912 1263 3104 1321 multo
3151 1263 3362 1321 fortius
3394 1254 3591 1338 quam
3642 1268 3718 1325 de

2035 1348 2205 1407 malo
2228 1350 2489 1423 proprio.
2518 1355 2625 1409 Per
2650 1352 2764 1408 hoc
2802 1352 2966 1410 enim
3008 1354 3200 1412 vitam
3247 1360 3532 1414 aeternam
3580 1376 3717 1432 pro-

2035 1438 2337 1496 merebor.
2394 1441 2596 1499 Habeo
2627 1458 2770 1512 ergo
2824 1447 3036 1500 contra
3086 1447 3140 1500 te
3181 1443 3411 1515 justam
3458 1461 3713 1502 causam

2032 1528 2207 1602 quod
2262 1529 2462 1587 minus
2512 1532 2671 1603 juste
2716 1532 3014 1606 possides,
3096 1537 3154 1590 et
3195 1534 3377 1606 punis
3441 1550 3710 1593 sororem

217 1624 433 1682 forsan
461 1640 780 1699 equorum
808 1624 1108 1681 nitebatur
1134 1623 1436 1680 declinare
1479 1623 1813 1697 strepitum,
1867 1629 1925 1681 et
1958 1641 2005 1695 Β
2031 1634 2258 1687 meam,
2281 1619 2519 1693 plasma
2542 1620 2641 1677 Dei
2672 1621 2955 1678 creatoris
2987 1621 3091 1678 tui.
3127 1625 3255 1679 Non
3287 1622 3470 1685 enim.
3521 1628 3587 1680 ut
3615 1639 3709 1680 as-

220 1713 285 1771 in
312 1714 532 1788 lapide
582 1713 815 1770 laedens
861 1713 1100 1787 pedem,
1158 1712 1371 1770 cecidit
1421 1712 1682 1782 graviter
1717 1713 1917 1770 nimis.

227 1805 489 1860 Sanctus
522 1806 737 1861 autem
758 1802 1168 1873 Godehardus,
1216 1802 1332 1860 hoc
1384 1801 1531 1869 viso,
1587 1800 1784 1859 subito
1822 1802 1922 1859 de-

232 1892 468 1951 scendit
495 1892 579 1950 de
608 1908 795 1967 equo,
846 1896 905 1949 et
957 1906 1276 1950 aecurrens
1323 1891 1730 1965 amplexando
1779 1908 1917 1950 eam

238 1982 546 2052 relevavit,
580 1987 661 2051 et,
700 1985 1000 2055 quantum
1044 1982 1259 2056 potuit,
1316 1982 1424 2038 luti
1473 1981 1781 2039 sorditiem
1840 1982 1916 2039 de

241 2072 527 2131 mantello
553 2071 925 2130 muliercula:
945 2072 1109 2130 tersit
1128 2071 1463 2142 diligenter,
1483 2076 1540 2128 et
1560 2071 1641 2129 ait
1666 2089 1680 2128 :
1715 2095 1741 2121 ‹‹
1764 2074 1916 2139 Qua-

236 2179 303 2220 re
331 2161 621 2229 cecidisti,
672 2162 914 2218 mater?
944 2185 972 2211 »
1028 2164 1093 2218 Et
1138 2160 1240 2218 illa
1276 2161 1463 2217 dixit:
1498 2183 1527 2210 ‹‹
1562 2163 1726 2218 (laeca
1754 2178 1910 2229 sum,

239 2251 454 2319 amice,
485 2254 545 2307 et
563 2249 703 2307 ideo
724 2247 1088 2306 offendicula
1116 2249 1355 2306 viarum
1405 2265 1616 2307 cavere
1653 2265 1778 2306 non
1808 2266 1912 2307 va-

238 2340 356 2409 leo,
388 2356 499 2397 nec
524 2355 784 2414 possum
807 2338 1085 2395 devitarc.
1115 2362 1143 2389 ››
1189 2341 1441 2397 Sanctus
1486 2343 1691 2396 autem
1741 2340 1915 2395 Pater

239 2428 354 2487 sibi
386 2446 457 2485 ex
487 2427 670 2485 corde
704 2426 1094 2501 compatiens,
1123 2427 1205 2484 ait
1232 2445 1244 2481 :
1279 2449 1306 2477 ‹‹
1340 2430 1385 2484 0
1414 2426 1501 2484 mi
1530 2429 1686 2483 Deus
1715 2443 1910 2495 meus,

238 2524 392 2594 quot
416 2522 559 2575 sunt
586 2518 649 2575 in
675 2522 832 2575 terra
859 2516 1126 2573 convicia
1169 2522 1228 2573 et
1270 2515 1626 2588 gravamina
1666 2516 1750 2572 tui
1788 2516 1913 2588 pla-

242 2609 455 2666 smatis
480 2608 491 2664 !
518 2611 673 2665 Bene
704 2622 847 2679 ergo
876 2605 1092 2663 dicitur
1118 2624 1131 2663 :
1166 2628 1194 2656 «
1223 2609 1341 2675 Vae,
1374 2623 1484 2670 vae,
1516 2622 1608 2661 va:
1633 2605 1913 2663 habitan-

239 2698 406 2756 tibus
434 2698 497 2755 in
527 2702 685 2755 terra
714 2697 921 2768 (Apoc.
954 2712 1070 2767 vin,
1105 2697 1211 2769 l3).
1244 2718 1271 2745 »
1332 2699 1397 2752 Et
1448 2712 1590 2752 cum
1641 2695 1911 2765 dixisset,

238 2790 437 2846 lutum
468 2804 609 2845 cum
631 2791 812 2861 sputo
836 2785 1092 2857 miscuit,
1150 2800 1317 2843 more
1358 2786 1548 2843 nostri
1590 2786 1912 2845 Salvatoris

242 2879 555 2951 (Joan.1x,
587 2877 663 2949 6),
715 2874 988 2933 etlinivit
1017 2875 1223 2933 oculos
1270 2876 1421 2947 ejus,
1475 2876 1681 2934 dicens
1730 2894 1742 2933 :
1789 2900 1815 2927 α
1867 2880 1910 2934 Ο

239 2965 495 3023 Domine
520 2967 663 3022 Jesu
694 2963 941 3062 9hriste,
992 2962 1097 3037 qui
1124 2963 1188 3020 in
1218 2964 1911 3062 copspectundiscipulo-
1949 3006 1990 3062 Ο
2030 3022 2031 3025 η

238 3071 380 3112 rum
426 3058 669 3112 tuorum
707 3052 903 3109 lutum
950 3068 1023 3110 ex
1071 3056 1248 3126 sputo
1286 3053 1492 3119 fecisti,
1549 3054 1912 3129 linivistique

238 3143 453 3222 oculos
482 3141 1108 3215 carcicujusdam,‘et
1161 3142 1342 3211 vidit;
1398 3142 1674 3201 illumina
1730 3144 1911 3201 etiam

238 3234 453 3292 oculos
477 3233 659 3306 hujus
702 3231 1087 3306 pauperculae
1123 3236 1260 3303 tuae,
1307 3237 1372 3289 ut
1416 3234 1770 3291 confiteatur
1806 3250 1912 3290 no-

239 3323 391 3380 mini
420 3327 546 3391 tuo,
578 3326 636 3379 et
660 3320 944 3393 glorietur
972 3320 1032 3377 in
1060 3321 1372 3395 priedigua
1385 3321 1565 3377 laude
1596 3326 1698 3380 tua
1722 3324 1907 3395 (Psal.

239 3430 333 3484 (εγ,
356 3408 470 3484 47).
517 3433 545 3462 ››
587 3411 688 3468 llis
716 3409 800 3466 sic
830 3410 976 3467 actis
1006 3415 1062 3467 et
1091 3410 1263 3467 dictis
1295 3408 1508 3466 mulier
1548 3412 1727 3486 erepit
1770 3427 1910 3468 san-

238 3504 407 3558 ctum
435 3490 632 3556 virum
662 3497 899 3570 intueri,
933 3499 1262 3573 ceciditque
1289 3498 1366 3555 ad
1397 3499 1581 3572 pedes
1621 3500 1771 3573 ejus,
1826 3500 1912 3558 di-

240 3606 385 3647 cens
416 3608 428 3646 :
464 3610 492 3639 «
518 3588 803 3645 Viderunt
830 3588 986 3644 oculi
1017 3588 1133 3645 mei
1169 3588 1429 3645 salutare
1462 3589 1559 3645 Dei
1594 3607 1606 3645 :
1631 3615 1658 3640 η
1689 3595 1746 3647 et
1776 3605 1909 3662 pro-

242 3695 324 3736 na
367 3677 759 3736 osculabatur
800 3676 987 3751 pedes
1043 3676 1216 3750 ejus;
1264 3682 1321 3734 ct
1374 3677 1477 3734 ivit
1515 3680 1593 3735 ad
1640 3679 1906 3755 propria,

236 3767 496 3824 laudans
524 3769 712 3825 Deum
742 3781 853 3840 pro
882 3764 1195 3823 virtutibus
1225 3771 1282 3823 et
1301 3766 1526 3822 meritis
1556 3769 1744 3825 sancti
1773 3767 1903 3824 viri.

242 3932 245 3933 γ
274 3858 360 3913 lx.
401 3858 488 3913 De
515 3856 748 3913 obsessa
776 3861 994 3913 sanata
1024 3857 1250 3913 meritis
1278 3856 1477 3912 sancti
1506 3857 1867 3913 Godehardi.

267 3933 270 3937 ’
309 3948 397 4001 66.
442 3949 504 4001 In
534 3944 767 4002 civitate
795 3944 1140 4015 Ratisbona,
1172 3945 1443 4018 quodam
1469 3949 1905 4018 tempore,san-

237 4039 370 4092 ctus
419 4034 814 4092 Godehardus
866 4034 1219 4091 morabatur
1266 4050 1375 4107 pro
1411 4034 1652 4104 negotio
1698 4034 1905 4091 forsan

235 4123 329 4210 api
354 4123 701 4187 monasterii
730 4140 743 4179 :
777 4122 882 4180 ubi
909 4123 1193 4196 quaedam
1216 4123 1469 4180 obsessa
1520 4140 1557 4180 a
1602 4123 1902 4181 daemonio

236 4212 318 4270 ad
339 4229 481 4270 eum
508 4212 864 4281 ducebatur,
896 4218 962 4270 ut
984 4218 1297 4270 sanaretur
1316 4212 1394 4269 ab
1425 4229 1516 4271 eo.
1572 4215 1764 4280 Quam
1818 4214 1905 4270 vir

239 4301 343 4358 Dei
370 4300 802 4374 inspiciens,ait
832 4320 846 4358 :
878 4320 909 4355 ‹
932 4301 1244 4374 Responde
1275 4300 1760 4367 mihi,immunde
1788 4302 1902 4375 spi-

239 4389 408 4461 ritus,
437 4390 514 4447 ad
543 4406 616 4447 ea
643 4407 781 4464 quae
811 4407 849 4447 a
875 4393 927 4447 te
956 4389 1351 4463 quaero.Quid
1380 4389 1477 4446 hic
1501 4390 1633 4460 agis
1660 4389 1717 4446 in
1743 4408 1904 4447 crea-

242 4484 378 4536 tura
408 4480 556 4537 Dei?
582 4503 611 4530 »
641 4485 715 4537 At
743 4480 982 4537 daemon
1016 4474 1096 4536 ait
1128 4499 1139 4536 :
1173 4503 1199 4528 ‹‹
1227 4480 1405 4536 Pleno
1425 4481 1560 4552 jure
1580 4486 1667 4538 est
1696 4481 1903 4540 anima

232 4569 431 4643 ipsius
460 4585 617 4639 mea,
648 4569 816 4644 quod
844 4569 1200 4626 incantati-ix
1228 4574 1333 4638 est,
1364 4574 1420 4627 et
1448 4586 1555 4643 per
1583 4587 1717 4627 eam
1745 4573 1899 4629 mul-

243 4662 334 4719 tas
394 4658 631 4717 animas
686 4659 967 4724 lucratus
1004 4675 1160 4716 sum.
1194 4680 1224 4711 »
1283 4662 1348 4717 Et
1387 4660 1467 4717 ait
1495 4660 1587 4716 vir
1616 4666 1896 4719 sanctus:

242 4771 269 4797 ‹‹
305 4750 498 4814 Quare
528 4752 774 4822 propter
791 4747 1261 4805 incantatiouem
1287 4753 1389 4805 tua
1418 4754 1507 4807 est
1535 4750 1562 4805 ?
1604 4772 1631 4801 ››
1672 4753 1742 4807 Et
1776 4752 1899 4809 (ἰω-

242 4854 388 4894 mon
416 4837 500 4894 ait
525 4856 538 4893 :
576 4859 604 4887 ‹‹
632 4841 837 4895 Nonne
866 4837 1062 4907 legisti
1089 4838 1235 4911 quia
1263 4839 1552 4896 Dominus
1576 4841 1899 4915 Pythones,

238 4916 481 4987 divinos
510 4930 569 4983 et
593 4926 990 4984 incantatores
1036 4927 1217 4999 jussit
1273 4930 1697 4987 exterminari?
1746 4932 1900 4998 Quid

238 5016 402 5074 enim
432 5016 580 5074 tales
607 5015 854 5086 faciunt,
882 5016 994 5073 nisi
1021 5016 1185 5089 quod
1216 5017 1362 5074 mihi
1388 5020 1656 5094 meisque
1686 5021 1901 5092 princi~

234 5104 423 5181 pibus
446 5104 810 5177 deserviunt,
841 5104 1168 5163 idololatria
1193 5106 1355 5163 enim
1385 5113 1563 5177 sunt;
1590 5108 1689 5165 vix
1719 5110 1898 5168 etiam

237 5195 476 5269 aliquos
522 5199 690 5253 tanto
741 5195 877 5267 jure
926 5194 1230 5268 possidere
1277 5212 1625 5269 possumus,
1670 5204 1898 5272 quanto

235 5284 591 5357 hujusmodi
615 5283 770 5341 vitiis
790 5283 1061 5341 irretitos.
1093 5285 1369 5359 Nunquid
1416 5286 1679 5357 ignoras,
1731 5289 1895 5363 quod

237 5373 393 5432 inter
418 5373 579 5432 mille
607 5373 1025 5432 incantatriccs
1049 5378 1151 5430 aut
1179 5375 1439 5445 divinos,
1467 5375 1562 5432 vix
1590 5394 1710 5433 una
1733 5378 1895 5435 inve-

118 5504 129 5513 ρ
236 5462 421 5532 nitur,
449 5480 586 5538 quia
614 5464 707 5525 vel
731 5463 835 5538 qui
871 5462 1010 5520 velit
1038 5464 1150 5520 hoc
1197 5464 1409 5520 vilium
1455 5465 1769 5523 conﬁteri?
1816 5467 1898 5524 sic

236 5553 404 5611 enim
424 5570 533 5612 ora
555 5554 827 5629 ipsorum
851 5552 1207 5621 claudimus,
1262 5557 1328 5611 ut
1366 5552 1441 5610 de
1473 5552 1689 5611 talibus
1735 5553 1900 5630 loqui

240 5642 391 5702 nihil
417 5643 660 5704 valeant
684 5642 900 5718 quovis
931 5642 1133 5700 modo.
1161 5663 1191 5698 ›
1236 5645 1299 5699 Et
1349 5642 1431 5701 ait
1480 5642 1568 5701 vir
1609 5647 1850 5703 sanctus
1883 5662 1895 5701 :

2030 1706 2200 1774 seris,
2235 1723 2352 1778 ago
2382 1708 2488 1765 tibi
2519 1708 2900 1778 violentiam;
2962 1710 3069 1766 sed
3122 1726 3233 1784 pro
3281 1710 3472 1781 gloria
3500 1712 3602 1769 Dei
3651 1716 3709 1769 et

2028 1812 2239 1853 amore
2266 1797 2580 1870 plasmatis
2619 1799 2769 1870 ejus,
2830 1815 2942 1872 pro
2994 1816 3119 1872 quo
3174 1800 3520 1872 Unigenitus
3575 1802 3706 1873 ejus

2027 1886 2394 1957 sanguinem
2422 1903 2602 1945 suum
2628 1888 2925 1957 fundens,»
2964 1888 3416 1945 amarissimam
3445 1896 3705 1948 mortem

2027 1975 2331 2048 sustinuit,
2363 1981 2574 2034 contra
2596 1981 2650 2035 te
2681 1993 2805 2033 non
2833 1978 3026 2051 pugil,
3059 1979 3165 2036 sed
3193 1978 3379 2035 victor
3407 1979 3704 2051 gloriosus

2023 2063 2327 2137 [decert0j.
2365 2068 2539 2138 Ergo,
2569 2065 2672 2123 tibi
2695 2065 2999 2140 praecipio,
3021 2067 3278 2142 superbe
3303 2073 3361 2125 et
3387 2068 3703 2125 immunde
3750 2086 3755 2091 '

2023 2152 2290 2226 spiritus,
2324 2153 2387 2210 in
2412 2154 2658 2212 nomine
2685 2157 2825 2211 Jesu
2852 2155 3066 2213 Christi
3107 2157 3319 2213 recede
3373 2156 3451 2213 ab
3501 2172 3592 2226 ea,
3645 2160 3705 2213 et

2020 2257 2146 2298 non
2172 2259 2510 2316 praesumus
2542 2243 2768 2301 amodo
2793 2248 3132 2301 creaturam
3163 2246 3264 2301 Dei
3294 2245 3633 2302 molestare.
3670 2268 3699 2294 ›ι

2022 2333 2090 2387 Et
2115 2331 2198 2388 sic
2229 2332 2473 2405 spiritus
2500 2332 2597 2389 ille
2624 2332 2927 2403 malignus
2959 2333 3269 2405 abscessit,
3304 2338 3360 2390 et
3395 2332 3611 2389 mulier
3634 2336 3702 2390 ut

2020 2425 2263 2478 mortua
2287 2421 2519 2478 cecidit.
2546 2421 2662 2479 Sed
2690 2420 2781 2476 vir
2812 2425 3056 2479 sanctus
3087 2423 3287 2479 subito
3306 2438 3443 2479 eam
3468 2422 3653 2502 erexit
3680 2440 3694 2478 :

2020 2514 2218 2566 erecta
2235 2527 2376 2567 vero
2402 2510 2643 2585 publice
2682 2511 2892 2567 vitium
2916 2510 3365 2580 incantatiouis,
3392 2512 3563 2586 quod
3590 2512 3700 2569 du-

2020 2597 2171 2655 dum
2200 2599 2502 2657 multoties
2531 2600 2877 2674 perfecerat,
2912 2616 3053 2657 cum
3098 2600 3382 2675 lacrymis
3425 2607 3516 2659 est
3556 2618 3696 2659 cons

2019 2688 2180 2745 fessa
2211 2706 2225 2757 ;
2255 2705 2448 2762 quam
2477 2700 2534 2747 et
2562 2690 2652 2746 vir
2670 2694 2915 2747 sanctus
2940 2690 3196 2749 absolvit
3223 2692 3436 2749 virtute
3462 2694 3694 2767 passio-

2008 2776 2113 2839 ,nis
2141 2780 2283 2834 Jesu
2313 2779 2544 2836 Christi.

2021 2869 2080 2923 Χ.
2120 2868 2209 2924 De
2250 2884 2439 2939 puero
2492 2871 2748 2927 multum
2791 2871 3011 2942 hebete,
3066 2890 3239 2945 quem
3287 2874 3557 2947 oratione
3582 2891 3693 2932 sua

2178 3034 2187 3044 θ
2629 2962 2880 3020 docilem
2913 2964 3080 3034 fecit.

2091 3049 2179 3103 67.
2224 3050 2288 3105 In
2315 3049 2545 3107 civitate
2575 3051 2816 3109 Patavia
2862 3058 2990 3111 erat
3024 3054 3278 3128 quidam
3331 3054 3479 3111 civis
3522 3054 3693 3112 dives

2018 3136 2217 3206 valde,
2245 3138 2351 3212 qui
2379 3140 2594 3197 habuit
2614 3140 2806 3198 tilium
2853 3159 3039 3215 quem
3078 3144 3392 3201 tenerrime
3435 3144 3640 3201 dilexit
3672 3161 3687 3200 :

2018 3224 2123 3298 qui
2155 3241 2309 3298 puer
2335 3227 2488 3285 adeo
2517 3229 2703 3287 hebes
2732 3235 2877 3298 erat,
2911 3236 2976 3288 ut
3004 3232 3066 3289 in
3105 3232 3297 3290 tribus
3352 3232 3527 3290 annis
3564 3247 3691 3289 non

2016 3316 2212 3389 potuit
2236 3316 2469 3375 efﬁcere
2496 3322 2562 3376 ut
2589 3318 2812 3377 diceret
2840 3320 3039 3377 minus
3077 3322 3492 3396 alphabetum.
3523 3321 3689 3378 Unde

2018 3398 2188 3477 pater
2217 3406 2267 3477 ej
2280 3422 2347 3462 us
2378 3412 2656 3465 sanctum
2678 3407 3105 3467 Godehardum
3149 3409 3313 3479 adiit,
3370 3409 3689 3484 retulitque

2018 3494 2072 3551 ei
2101 3494 2388 3553 duritiam
2417 3497 2615 3554 cordis
2776 3498 2891 3569 sui,
2918 3504 3127 3573 petens
3157 3498 3438 3556 obnixius
3483 3503 3549 3556 ut
3576 3515 3687 3572 pro

2018 3601 2090 3641 eo
2121 3586 2466 3659 suppliciter
2490 3604 2664 3645 orare
2696 3586 2996 3658 dignetur,
3027 3592 3327 3664 quatenus
3372 3591 3527 3645 Deus
3555 3605 3686 3646 om-

2016 3675 2296 3749 nipotens
2321 3694 2461 3735 eum
2490 3677 2831 3737 illuminare
2861 3678 3229 3751 dignaretur.
3264 3681 3515 3736 Sanctus
3543 3696 3688 3749 vero

2019 3765 2432 3837 Godehardus,
2460 3773 2676 3846 vocato
2705 3767 2785 3824 ad
2809 3785 2870 3824 se
2896 3785 3108 3842 puero,
3141 3785 3323 3841 super
3364 3785 3505 3825 eum
3545 3769 3688 3841 legit

2017 3869 2155 3925 qua:
2185 3859 2518 3927 sequuntur
2551 3873 2563 3911 :
2597 3879 2625 3905 «
2656 3856 2863 3912 Omnis
2897 3856 3189 3929 sapientia
3217 3873 3254 3912 a
3284 3856 3537 3912 Domino
3561 3858 3683 3913 Deo

2016 3942 2335 4011 est(Eccti.
2367 3959 2406 4009 I,
2444 3945 2528 4015 l);
2558 3966 2585 3993 »
2619 3960 2759 4000 cum
2791 3944 3039 4001 collecta
3096 3961 3109 3999 :
3162 3966 3191 3991 «
3240 3945 3394 3999 Deus
3432 3942 3545 4016 qui
3574 3960 3683 4017 per

2014 4022 2376 4087 cozeternam
2406 4031 2512 4087 tibi
2555 4032 2939 4106 Sapientiam,
2996 4033 3306 4091 hominem
3359 4049 3499 4090 cum
3555 4049 3681 4091 non

2014 4124 2172 4178 esset
2195 4120 2533 4191 condidisti,
2566 4141 2597 4175 ›
2627 4127 2737 4179 etc.
2772 4124 2839 4179 Et
2869 4121 3136 4179 addidit:
3171 4141 3201 4176 α
3231 4122 3411 4192 Vade,
3444 4122 3527 4179 (ili
3559 4142 3573 4193 ;
3623 4128 3682 4181 et

2012 4208 2109 4266 ille
2139 4209 2565 4280 magistrorum
2592 4209 2880 4285 optimus,
2905 4212 3009 4286 qui
3040 4211 3238 4269 subito
3287 4212 3491 4293 docuit
3537 4230 3682 4288 apo-

2017 4299 2224 4370 stolos,
2257 4304 2309 4356 te
2339 4299 2613 4369 instruat,
2652 4305 2710 4358 et
2736 4302 2798 4359 in
2841 4303 2941 4360 via
2968 4308 3128 4360 recta
3185 4302 3266 4359 ad
3308 4302 3681 4374 agnitionem

2014 4378 2305 4463 perducat
2329 4388 2661 4447 clariorem.
2696 4414 2724 4440 »
2780 4391 2892 4458 Qui
2943 4408 3093 4466 puer
3143 4391 3225 4448 ita
3269 4396 3536 4448 mutatus
3565 4395 3673 4460 est,

2015 4468 2080 4535 ut
2102 4478 2164 4535 in
2190 4478 2358 4535 brevi
2385 4484 2651 4554 tempore
2680 4497 2892 4538 omnes
2917 4498 3059 4537 suos
3088 4480 3596 4552 consanguineos,
3618 4483 3677 4535 et

2013 4585 2225 4638 omnes
2254 4567 2367 4626 sibi
2386 4575 2743 4639 coaetaueos,
2776 4570 2898 4626 imo
2930 4569 3192 4626 seniores
3220 4571 3401 4640 atque
3442 4566 3674 4623 doctio-

2012 4675 2107 4726 res
2137 4675 2197 4715 se
2231 4660 2536 4733 sapientiae
2580 4659 2949 4734 plenitudine
2977 4658 3242 4715 anteiret.
3300 4655 3408 4722 Qui
3441 4661 3670 4730 postea,

2013 4754 2256 4824 propter
2282 4750 2611 4807 intellectus
2642 4755 2699 4807 et
2727 4747 3031 4822 sapientiae
3070 4747 3559 4820 profunditatem,
3610 4748 3674 4805 in

2013 4840 2368 4914 episcopum
2390 4839 2800 4896 Pataviensem
2830 4842 2919 4895 est
2953 4836 3174 4895 electus
3204 4841 3382 4911 atque
3430 4837 3672 4895 ordina-

2014 4934 2147 4998 tus;
2183 4930 2342 4987 unde
2382 4928 2496 4984 sibi
2541 4932 2598 4985 et
2627 4926 2880 4984 subditis
2924 4943 3035 5001 pro
3084 4925 3425 4985 animarum
3482 4928 3671 4985 salute

2011 5018 2437 5076 instantissime
2463 5016 2778 5073 laboravit.

2085 5112 2353 5181 Sequens
2380 5106 2741 5164 miraculum
2771 5105 2999 5165 factum
3028 5110 3135 5177 est,
3164 5124 3304 5165 cum
3341 5114 3500 5166 esset
3544 5110 3669 5182 epi-

2011 5213 2252 5270 scopus.
2868 5188 2871 5191 λ

2009 5287 2097 5343 De
2142 5287 2413 5358 mortuis,
2466 5288 2573 5359 qui
2621 5287 2704 5343 ad
2744 5292 3111 5359 praeceptum
3158 5288 3355 5345 sancti
3386 5289 3670 5360 praesulis

2080 5382 2477 5432 sum'exerunt
2508 5376 2581 5433 de
2608 5377 2921 5447 sepulcris,
2961 5382 3241 5435 exeuntes
3277 5376 3351 5434 de
3401 5377 3669 5443 ecclesia,

2080 5467 2225 5538 quia
2246 5467 2764 5536 excommunicati,
2779 5467 2937 5539 quod
2966 5468 3090 5525 vivi
3102 5469 3307 5539 facere
3320 5469 3659 5525 noluerunt

2081 5559 2167 5612 68.
2209 5555 2434 5613 Accidit
2460 5560 2527 5614 ut
2556 5561 2801 5614 sanctus
2829 5556 3050 5631 praesul
3079 5557 3472 5616 Godehardus
3517 5571 3635 5632 quc

2011 5646 2187 5707 sdam
2214 5645 2290 5704 de
2321 5646 2447 5704 suis
2472 5644 2746 5717 subditis,
2772 5646 2852 5705 ob
2877 5663 3086 5706 eorum
3102 5645 3511 5722 rebellionem,
3536 5662 3620 5722 po
