3998 6176
340 92 475 183 120'?

1280 87 1337 144 S.
1381 85 1794 144 GODEHARDI
1829 86 2144 161 EPISCOPI
2182 85 2831 145 HILDESHEIMENSIS.

3651 77 3774 161 me

335 214 700 274 monitiones
748 214 1063 271 consuetas
1112 211 1696 293 excommunicaret;
1729 228 1991 287 quorum
2028 214 2076 269 A
2111 216 2184 284 te,
2215 211 2465 270 rebelles
2493 215 2552 270 et
2574 208 2886 282 increduli,
2917 211 2974 266 et
3000 207 3194 268 videte
3214 209 3449 282 justum
3492 208 3605 293 Dei
3627 208 3773 282 judi.

337 304 523 381 aliqui
544 303 781 361 malitia:
813 317 935 357 suae
957 316 1190 356 veneno
1211 301 1464 369 excitati,
1483 302 1614 377 ipso
1635 302 1995 375 celebrante,

338 395 650 453 ecclesiam
677 391 1049 446 intraverunt
1077 395 1426 461 arroganter
1455 396 1514 448 et
1541 396 1833 466 proterve.
1868 395 1997 459 Quo

340 483 596 555 cognito,
629 496 690 535 se
720 479 956 535 divertit
1003 479 1082 536 ab
1130 479 1321 549 altari,
1373 481 1577 537 dicens
1611 500 1623 537 :
1655 504 1683 532 ‹‹
1717 481 1998 556 Przecipio

336 571 505 629 vobis
534 567 837 640 omnibus,
861 568 964 642 qui
994 568 1137 626 estis
1167 570 1691 643 excommunicati,
1707 571 1768 627 in
1788 572 1999 628 virtute

339 659 589 735 Spiritus
617 660 806 716 sancti
836 665 895 717 et
921 665 1143 717 sanctae
1171 660 1521 718 obedientiae
1553 665 1617 718 ut
1655 662 1875 718 exeatis
1924 661 2000 717 de

336 751 610 810 ecclesia.
644 774 672 802 »
714 750 980 807 Rebelles
1007 756 1209 807 autem
1239 755 1296 807 et
1346 752 1850 811 excommunicati
1885 752 2002 809 hoc

335 845 707 916 praeceptum
736 856 858 896 non
888 845 1165 897 curantes
1190 841 1591 913 perstiterunt,
1622 844 1999 898 remanentes

338 932 398 990 in
435 930 707 989 ecclesia.
745 929 857 988 Sed
894 930 1149 1003 quidam
1191 930 1265 987 de
1314 931 1586 1003 mortuis,
1641 931 1745 1005 qui
1801 931 2003 988 multis

342 1021 518 1079 annis
572 1020 923 1094 quieverunt
978 1019 1039 1076 in
1081 1008 1509 1088 monumentis,
1554 1020 1658 1095 qui
1696 1025 1753 1076 et
1778 1019 2002 1091 forsan,

340 1109 761 1183 ignorantibus
788 1109 872 1165 eis
899 1109 1002 1183 qui
1034 1125 1138 1165 eos
1173 1109 1554 1182 sepelierunt,
1578 1110 1639 1166 in
1661 1126 2006 1167 excommu-

344 1199 643 1258 nicatione
672 1199 784 1270 (‘75)
826 1197 1038 1272 sepulti
1084 1198 1340 1265 fuerant,
1392 1203 1775 1256 surrexerunt
1821 1203 1879 1256 et
1931 1199 2006 1256 de

345 1287 595 1345 ecclesia
625 1286 911 1344 exierunt.
945 1286 1117 1351 Quod
1144 1286 1413 1343 videntes
1440 1286 1521 1343 illi
1569 1287 1819 1345 rebelles
1871 1305 2007 1346 eri:-

346 1377 627 1447 buerunt,
659 1381 716 1433 et
743 1378 880 1450 post
908 1381 1177 1433 mortuos
1201 1376 1486 1433 exierunt.
1523 1378 1774 1434 Sanctus
1805 1382 2007 1435 autem

346 1466 587 1543 praesul,
616 1466 784 1523 ﬁnita
808 1467 1013 1536 missa,
1045 1466 1125 1524 ad
1148 1483 1251 1523 eos
1278 1466 1499 1536 exiens,
1532 1466 1681 1525 dixit
1714 1485 1726 1524 :
1771 1490 1798 1519 ‹‹
1829 1468 2008 1527 Audi-

2106 294 2267 359 ciuin
2298 307 2508 360 contra
2538 319 2661 358 vos.
2696 303 2842 358 Ecce
2871 298 3091 357 mortui
3138 298 3237 356 Dei
3282 297 3345 355 in
3390 291 3521 356 suo
3565 298 3773 356 vicario

2107 391 2531 468 obediunt,vos
2558 395 2759 448 autem
2791 389 3052 464 superbo
3074 389 3272 446 referti
3300 387 3522 463 spiritu
3540 388 3775 445 obedire

2109 480 2568 559 contempsistis.
2591 483 2844 550 Surgunt
2870 478 3048 550 igitur
3076 477 3297 534 mortui
3325 477 3416 533 isti
3434 481 3660 534 contra
3685 494 3775 534 vos

2108 571 2172 627 in
2195 570 2424 643 judicio
2471 574 2529 628 et
2576 568 2936 627 sententiam
2978 566 3385 624 damnationis
3426 566 3778 637 allegabunt

2110 664 2318 717 contra
2339 659 2591 728 vos,nisi
2620 660 2863 734 plenam
2888 662 2946 714 et
2971 656 3336 726 condignam
3358 656 3775 729 paenitentiam

2111 749 2366 822 egeritis.
2403 773 2431 801 »
2463 754 2548 819 Et,
2580 750 2673 806 his
2705 748 2896 818 dictis,
2926 747 3216 805 convertit
3245 763 3308 803 se
3357 746 3439 803 ad
3494 751 3775 812 mortuos,

2110 841 2318 898 dicens
2351 859 2364 897 :
2401 863 2428 890 «
2462 843 2582 911 Ego
2607 856 2738 908 vos,
2765 839 2993 908 fratres,
3025 836 3374 894 auctoritate
3406 835 3658 893 Domini
3681 851 3775 892 no-

2112 931 2216 988 stri
2237 934 2373 988 Jesu
2406 929 2616 989 Christi
2647 928 2895 986 absolvo
2921 944 2958 984 a
2980 925 3271 984 sententia
3296 925 3776 983 excommunica-

2112 1019 2309 1088 tionis,
2341 1036 2465 1094 qua
2491 1019 2610 1075 huc
2632 1034 2823 1092 usque
2852 1017 3093 1075 fueratis
3115 1015 3409 1084 innodati,
3442 1017 3512 1072 in
3543 1015 3772 1071 nomine

2112 1109 2299 1166 Patris
2324 1114 2382 1167 et
2406 1108 2527 1166 Filii
2557 1112 2614 1165 et
2644 1107 2891 1183 Spiritus
2924 1106 3132 1165 sancti.
3158 1110 3370 1163 Amen.
3407 1109 3517 1172 lte,
3550 1105 3773 1161 reverti-

2114 1199 2259 1255 mini
2281 1198 2361 1255 ad
2386 1199 2540 1268 loca,
2591 1202 2649 1255 et
2699 1197 2762 1254 in
2818 1212 2968 1270 pace
3022 1193 3771 1269 requiesciteradventum

2112 1288 2333 1346 Judicis
2388 1287 2819 1363 praestolantes.
2874 1308 2903 1336 ››
2962 1285 3170 1343 Mortui
3220 1289 3453 1355 autem,
3500 1284 3772 1341 inclinatis

2115 1377 2412 1452 capitibus
2439 1380 2495 1433 et
2519 1375 2741 1449 junctis
2771 1373 3078 1446 manibus,
3126 1373 3300 1447 quasi
3349 1373 3587 1445 gratias
3612 1388 3771 1443 agen-

2115 1472 2204 1526 tes
2235 1467 2315 1525 ad
2342 1467 2477 1525 loca
2509 1483 2620 1525 sua
2642 1468 3061 1523 remeaverunt
3085 1468 3143 1521 et
3167 1463 3559 1539 quieverunt.

753 1870 1469 1959 CANONIZATIO
1548 1872 1678 1958 ET
1751 1870 2436 1960 TRANSLATIO
2509 1871 2598 1958 S.
2686 1867 3383 1973 GODEHABDI.

545 2069 889 2144 Quomodo
922 2069 1148 2139 beatus
1183 2069 1627 2140 Godehczrdus
1656 2075 1729 2141 in
1757 2078 2150 2141 sanctorum
2176 2092 2542 2139 numerum
2585 2070 2670 2139 sit
2714 2069 2990 2153 relatus,
3043 2076 3105 2136 et
3140 2065 3221 2135 de
3254 2065 3616 2135 miraculis
3678 2154 3693 2164 .

1789 2214 2363 2306 subsequentibus.

438 2433 486 2485 1.
528 2429 722 2487 Gloria
752 2447 994 2488 summo
1034 2430 1314 2502 Creatori,
1373 2434 1431 2488 et
1482 2430 1736 2487 humani
1788 2429 2022 2502 generis
2058 2431 2104 2483 Β
2132 2432 2319 2499 ratus,
2351 2428 2648 2486 cathedras
2672 2432 2891 2485 nostrae
2919 2427 3179 2485 ecclesia:
3206 2426 3585 2500 prmsidebat,
3606 2441 3753 2500 quam

362 2520 713 2596 reparatori,
744 2520 851 2594 qui
873 2536 997 2577 non
1022 2521 1245 2577 nostris
1295 2519 1543 2587 meritis,
1602 2520 1708 2576 sed
1757 2536 1872 2576 sua
1911 2519 2024 2576 im-

362 2625 574 2667 mensa
604 2608 869 2665 bonitate
911 2609 1197 2679 dignatus
1252 2613 1341 2665 est
1391 2609 1797 2665 confessorem
1846 2624 2026 2664 suum

361 2697 612 2755 beatum
636 2697 1063 2753 Godehardum
1091 2697 1438 2770 pontiﬁcem
1482 2697 1561 2754 ad
1604 2697 1858 2753 salutem
1894 2712 2024 2752 om-

363 2786 534 2842 nium
564 2785 934 2841 credentium
962 2785 1312 2841 hominibus
1339 2786 1524 2841 nostri
1558 2784 1843 2858 temporis
1872 2800 2028 2841 reve-

362 2875 506 2942 lare,
530 2864 598 2930 'et
624 2889 766 2929 eum
795 2873 900 2945 qui
925 2889 1035 2945 pro
1078 2872 1513 2945 longinquitate
1550 2872 1861 2946 temporis,
1897 2874 2028 2945 jam

363 2961 635 3035 quadam
662 2961 825 3017 nube
854 2961 1172 3017 oblivionis
1201 2960 1551 3018 obfuscatus
1583 2963 1793 3030 fuerat,
1817 2967 1882 3020 ut
1901 2967 2028 3020 tan-

365 3050 509 3108 dem
540 3049 620 3107 ab
647 3049 858 3107 incolis
885 3055 1102 3108 nostrae
1124 3051 1396 3108 Ecclesiae
1418 3057 1819 3122 veneraretur,
1845 3052 2031 3111 voluit

363 3140 713 3198 nationibus
753 3140 1126 3198 diversarum
1170 3145 1463 3198 terrarum
1515 3143 1917 3212 manifestare,
1966 3146 2032 3199 ut

367 3232 558 3305 gloria
614 3232 805 3307 ipsius
871 3248 995 3289 non
1068 3236 1300 3290 tantum
1360 3234 1439 3290 ad
1491 3234 1853 3291 domesticos
1889 3233 2031 3290 ﬁdei

369 3322 705 3392 attingeret,
736 3321 843 3378 sed
867 3323 1049 3378 etiam
1068 3321 1129 3378 in
1150 3326 1381 3397 exteras
1411 3323 1685 3380 nationes
1728 3340 1789 3379 se
1819 3323 2031 3380 dilata-

366 3415 474 3467 ret.
504 3410 762 3474 Qualiter
789 3415 992 3467 autem
1023 3415 1080 3466 et
1116 3428 1239 3484 quo
1287 3411 1496 3467 ordine
1546 3411 1854 3468 translatio
1884 3428 2033 3485 prae-

371 3498 513 3555 dicti
537 3499 898 3555 confessoris
944 3500 1130 3556 nostri
1183 3500 1340 3556 facta
1394 3500 1587 3569 fuerit,
1632 3517 1755 3556 non
1795 3500 2033 3571 turgido

371 3586 612 3660 eloquio
631 3586 727 3641 vel
763 3587 958 3643 nitens
989 3588 1205 3659 grandi
1251 3589 1565 3659 cothurno,
1617 3589 1726 3646 sed
1781 3589 2035 3662 simplici

373 3676 528 3750 stylo
559 3675 882 3746 aggredior
908 3676 1248 3733 describere
1281 3694 1294 3732 :
1322 3694 1446 3734 non
1496 3678 1762 3735 conﬁsus
1812 3678 2036 3750 ingenii

2133 2517 2388 2575 discrete
2420 2517 2836 2589 gubernando,
2871 2521 2928 2573 et
2955 2517 3263 2589 religiosos
3315 2517 3482 2573 viros
3530 2515 3753 2587 undique

2134 2623 2205 2664 ex
2238 2607 2484 2663 diversis
2514 2606 2777 2664 ecclesiis
2808 2606 2889 2663 ad
2919 2623 2984 2663 se
3014 2604 3373 2677 colligendo,
3409 2606 3561 2663 adeo
3606 2603 3750 2660 subli~

2134 2697 2323 2753 mavit
2345 2701 2408 2753 ut
2434 2696 2704 2753 diversas
2726 2696 2905 2753 cellas
2956 2696 3077 2752 suis
3120 2696 3497 2770 temporibus
3534 2694 3751 2750 aediﬁca-

2134 2791 2240 2855 ret,
2274 2791 2332 2844 et
2360 2787 2421 2843 in
2451 2787 2699 2860 spiritali
2723 2785 3175 2843 conversatione
3201 2786 3363 2842 dulci
3384 2784 3748 2842 adhortatione

2136 2876 2537 2933 conﬁrmaret.
2572 2878 2702 2943 Quo
2743 2876 3042 2933 residente
3070 2875 3133 2931 in
3162 2876 3475 2933 communi
3502 2877 3750 2931 conventu

2136 2965 2277 3022 cleri
2307 2965 2420 3022 sibi
2450 2964 2776 3033 commissi,
2809 2970 2865 3021 et
2893 2965 2968 3022 de
2997 2964 3207 3040 populi
3259 2965 3523 3022 Ecclesiae
3569 2966 3746 3020 nostrae

2136 3055 2406 3125 utilitate,
2449 3055 2533 3112 uti
2555 3071 2690 3111 mos
2719 3056 2850 3127 ejus
2892 3060 3038 3126 erat,
3088 3068 3327 3128 semper
3384 3055 3746 3128 pertractante,

2138 3149 2259 3204 Deo
2279 3145 2550 3213 faciente,
2583 3145 2668 3201 uti
2696 3148 2834 3219 post
2863 3146 3107 3203 effectus
3132 3144 3430 3211 indicavit,
3458 3161 3523 3201 ex
3563 3143 3745 3215 impro-

2136 3235 2265 3292 \iso
2296 3251 2494 3292 sermo
2524 3234 2599 3291 de
2621 3238 2877 3308 patrono
2898 3238 3103 3292 nostro
3145 3234 3323 3291 beato
3355 3234 3550 3291 scilicet
3589 3229 3742 3288 Gode-

2137 3324 2331 3381 hardo
2357 3323 2657 3392 exoritur;
2691 3323 2832 3380 item
2862 3328 3043 3397 atque
3070 3323 3213 3380 item
3243 3339 3278 3380 a
3321 3323 3561 3397 pluribus
3583 3316 3734 3391 repli-

2141 3418 2329 3484 catur,
2388 3412 2894 3486 conquerentibus
2935 3417 2993 3471 et
3048 3410 3473 3469 condolentibus
3519 3423 3574 3463 se
3617 3411 3719 3459 tam

2140 3500 2590 3558 misericordem
2633 3501 2856 3557 habere
2914 3505 3254 3575 patronum,
3302 3503 3353 3555 et
3399 3494 3707 3563 condignum

2143 3590 2258 3646 sibi
2287 3590 2347 3646 in
2371 3589 2629 3647 Ecclesia
2660 3589 2759 3646 Dei
2788 3606 2913 3647 non
2957 3590 3241 3647 exhibere
3278 3589 3550 3646 honorem.
3590 3585 3720 3639 Nam

2142 3684 2434 3754 quantam
2461 3678 2934 3735 misericordiam
2966 3684 3022 3736 et
3052 3695 3239 3754 quam
3268 3676 3607 3735 manifestam
3626 3685 3735 3742 gra-

370 3765 491 3823 mei
518 3764 802 3837 igniculo,
835 3765 941 3823 sed
964 3765 1065 3822 illo
1095 3766 1441 3837 evangelico
1468 3767 1627 3825 dicto
1659 3787 1672 3824 :
1706 3788 1736 3823 ‹
1760 3768 1936 3843 Aperi
1964 3785 2032 3825 os
2074 3795 2114 3851 ρ
2144 3769 2288 3824 tiam
2340 3767 2660 3841 praedictus
2712 3768 3021 3824 confessor
3075 3767 3359 3824 fratribus
3409 3762 3597 3822 nostris
3639 3757 3742 3814 suis

373 3861 565 3925 tuum,
598 3858 657 3912 et
684 3871 798 3926 ego
828 3855 1175 3929 adimplebo
1217 3856 1365 3913 illud
1415 3859 1601 3924 (Psal.
1637 3864 1849 3930 Lxxx);
1900 3880 1928 3908 »
1980 3862 2038 3915 et

371 3946 627 4004 iterum:
655 3968 683 3995 «
714 3949 843 4002 Non
871 3963 977 4002 vos
998 3946 1156 4015 estis,
1190 3948 1294 4020 qui
1322 3946 1674 4021 loquimini;
1717 3948 1821 4005 sed
1855 3947 2036 4022 Spiri-

373 4040 471 4094 tus
490 4036 675 4094 Patris
702 4035 841 4104 inei,
874 4035 981 4110 qui
1022 4035 1286 4109 loquitur
1312 4036 1373 4093 in
1416 4038 1586 4094 vobis
1609 4038 1849 4109 (Matth.
1881 4039 1961 4111 x).
2007 4061 2034 4089 ››

375 4128 483 4183 Per
510 4124 833 4198 scripturas
861 4124 1022 4181 enim
1068 4141 1163 4181 res
1211 4125 1541 4198 praeteritae,
1596 4130 1652 4182 et
1692 4126 1861 4183 brevi
1885 4131 2035 4184 tem-

376 4231 526 4291 pore
550 4214 613 4271 in
640 4214 1005 4272 oblivionem
1031 4215 1341 4272 tradendae
1371 4216 1450 4272 ad
1480 4216 1836 4274 memoriam
1865 4232 2037 4274 revo-

378 4308 623 4373 cantur;
654 4308 713 4361 et
738 4320 847 4377 per
867 4320 962 4361 res
991 4304 1257 4362 virtuose
1286 4305 1348 4361 in
1378 4306 1637 4363 Ecclesia
1658 4312 1880 4378 gestas,
1899 4323 2040 4363 cum

377 4394 677 4466 leguntur,
707 4393 914 4450 ﬁdeles
942 4395 1436 4464 accenduntur,et
1454 4399 1723 4469 torpores
1748 4395 2040 4453 mentium

379 4483 796 4541 discutiuntur.

451 4580 505 4632 2.
545 4578 720 4631 Anno
752 4573 1072 4632 Dominicze
1102 4574 1531 4632 lncarnationis
1564 4579 1698 4632 H28
1731 4576 1861 4648 (76),
1920 4575 2044 4632 obi-

384 4669 480 4722 tus
523 4680 666 4721 vero
708 4664 887 4721 beato
937 4664 1276 4721 Godehardi
1316 4664 1734 4734 nonagesimo,
1780 4665 2042 4722 Berthol-

383 4756 500 4812 dus
534 4755 643 4827 (77)
675 4754 765 4811 vir
793 4754 1195 4823 venerandus,
1244 4759 1301 4811 et
1344 4754 1406 4811 in
1453 4754 1620 4811 omni
1649 4754 2046 4812 ecclesiastica

383 4844 669 4916 religione
693 4843 1071 4918 perspicuus,
1128 4848 1332 4917 utpote
1374 4843 1633 4901 scientia
1676 4844 1911 4901 litterali
1937 4844 2044 4901 ad-

385 4933 641 4991 modum
667 4932 957 5004 eruditus,
980 4936 1037 4989 et
1064 4947 1306 4989 morum
1334 4932 1644 4990 honestate
1672 4933 1847 4990 valde
1875 4933 2048 4990 deco-

462 5094 571 5175 _(7:_i)
614 5092 877 5150 Similem
900 5092 1211 5175 historiam
1233 5092 1411 5175 refert
1433 5095 1488 5175 ζῆ.
1511 5092 1961 5175 Gregorius,]i_b.
1985 5111 2045 5175 LI.

2142 3857 2367 3915 meritis
2396 3857 2561 3932 apud
2592 3860 2778 3914 Deum
2801 3857 3144 3931 obtinuerit,
3171 3857 3249 3914 ab
3275 3856 3419 3931 ipsis
3437 3854 3562 3911 viris
3584 3852 3748 3907 aucto-

2142 3946 2454 4017 rabilibus,
2488 3946 2548 4002 in
2576 3947 2863 4020 prtedicto
2892 3951 3192 4004 conventu
3220 3945 3585 4004 existentibus
3599 3937 3751 3996 omni-

2144 4036 2258 4093 bus
2290 4036 2703 4094 manifestatur
2731 4054 2743 4093 :
2775 4052 2884 4110 per
2912 4037 3098 4110 quod,
3156 4041 3391 4093 mentes
3419 4032 3751 4092 assidentium

2145 4126 2420 4183 omnium
2476 4141 2599 4182 non
2648 4125 2844 4182 solum
2902 4125 3331 4192 exhilarantur,
3394 4123 3495 4181 sed
3544 4118 3756 4196 qualiter

2144 4215 2356 4273 laudes
2378 4214 2569 4290 ipsius
2592 4214 2654 4272 in
2685 4214 2944 4272 Eiclesia
2976 4215 3075 4271 Dei
3116 4214 3591 4288 multiplicentur,
3637 4220 3757 4262 una-

2145 4304 2385 4360 nimiter
2413 4319 2624 4360 omnes
2648 4303 3077 4360 accenduntur.

2218 4399 2270 4450 3.
2304 4392 2623 4450 Praedictus
2641 4393 2802 4449 enim
2823 4393 3064 4450 antistes
3084 4396 3287 4449 noster
3308 4389 3640 4450 Bertholdus
3666 4383 3762 4459 pri—

2148 4487 2353 4541 vatam
2385 4483 2659 4554 gratiam,
2684 4482 2795 4539 sibi
2823 4501 2858 4539 a
2886 4487 3141 4557 patrono
3190 4488 3399 4540 nostro
3443 4491 3762 4539 concessam,

2151 4572 2431 4631 omnibus
2459 4571 2860 4628 assidentibus
2896 4572 3197 4641 indicavit,
3253 4576 3310 4628 et
3367 4570 3610 4646 qualiter
3654 4579 3765 4622 eum

2150 4662 2318 4736 pium
2333 4661 2786 4718 intercessorem
2800 4661 2963 4734 apud
2982 4664 3167 4718 Deum
3190 4679 3318 4718 esse
3332 4656 3657 4733 cognoverit
3669 4668 3765 4711 non

2152 4751 2278 4809 sine
2295 4749 2644 4807 contritione
2661 4750 2857 4807 cordis
2876 4750 3158 4807 fratribus
3189 4750 3410 4807 nostris
3425 4742 3763 4807 enumeravit

2152 4845 2603 4914 Nam,tempore
2627 4840 2956 4912 juventutis
2986 4856 3285 4909 suae,cum
3316 4840 3448 4915 ipse
3473 4839 3613 4896 inter
3637 4835 3768 4891 caete.

2152 4948 2251 4989 ros
2282 4930 2687 4988 adolescentes
2709 4930 2952 4987 ludicris
2980 4930 3161 4987 rebus
3194 4934 3356 4988 esset
3378 4931 3644 4999 intentus,
3663 4938 3767 4981 con-

2160 5092 2420 5149 hardum
2451 5107 2613 5149 anno
2641 5095 2776 5148 1038
2797 5090 3036 5148 obiisse.
3066 5090 3126 5148 Si
3153 5090 3314 5148 enim
3340 5106 3535 5149 annos
3573 5092 3636 5143 90
3669 5080 3768 5140 aliis

387 5151 802 5238 Diuldgorum,
835 5181 966 5238 cap.
1000 5170 1114 5238 23,,
1146 5164 1252 5220 ubi
1302 5151 1784 5238 sanctimoniales
1831 5151 1867 5221 ἓ).
1896 5168 1954 5222 Β.
1986 5168 2044 5221 Ρ.
2087 5155 2131 5210 D
2167 5167 2302 5223 t038
2332 5164 2655 5238 addideris,
2674 5178 2903 5219 annum
2934 5166 3291 5237 tl28,quem
3317 5164 3417 5220 hic
3442 5164 3637 5220 auctor
3655 5151 3767 5213 assi-

390 5236 706 5309 Benedieto
735 5236 1290 5309 excommunicatre,
1318 5236 1396 5292 ab
1427 5236 1676 5309 ecclesia
1714 5236 1927 5309 inqua
1959 5252 2049 5293 se-

389 5308 571 5390 pulta;
602 5307 856 5390 fuerant,
887 5308 1454 5390 videbanturexire,
1484 5308 1717 5380 quoties
1761 5307 2051 5390 diaconus

391 5378 454 5435 in
481 5380 671 5435 missa
699 5378 1000 5452 clamabat
1026 5398 1040 5436 :
1073 5380 1146 5452 Si
1167 5380 1298 5452 quis
1326 5396 1446 5437 non
1487 5378 1927 5452 communz'eat,_
1955 5381 2053 5435 det

392 5451 754 5578 ﬁocum.tSed
785 5451 1026 5507 tandem
1051 5450 1352 5508 oblatione
1412 5453 1467 5509 S.
1519 5451 1707 5508 Patris
1759 5450 2052 5508 absolutae

421 5538 605 5578 uerun
637 5564 648 5578 .

421 5527 648 5579 uerunt.

463 5593 577 5665 (76)
616 5596 700 5649 Ex
726 5593 840 5650 hoc
868 5591 1002 5651 loco
1030 5592 1209 5651 etiam
1239 5593 1528 5675 probatur
1574 5593 1819 5651 beatum
1869 5592 2053 5653 Gode-

2159 5235 2654 5308 gnat,reperies.A
2785 5305 2800 5308 Α
3087 5235 3147 5308 _'
3353 5305 3362 5308 _
3433 5307 3444 5308 ί
3526 5304 3535 5308 _
3735 5292 3744 5302 ,

2232 5304 2734 5380 (77)Bertl1oldlis
2784 5305 2942 5362 hanc
3000 5306 3207 5362 sedem
3260 5304 3612 5380 quindecim
3633 5310 3768 5380 annis

2161 5374 2451 5451 obtinuit,
2469 5378 2734 5451 obiitque
2765 5393 2925 5433 anno
2959 5382 3114 5433 1130.
3137 5374 3355 5451 Erexit
3383 5374 3763 5451 monasterium

2161 5447 2740 5520 Bertholdiroden’se
2767 5465 2878 5520 pro
2931 5448 3236 5505 canonicis
3276 5447 3656 5520 regularibus
3673 5450 3763 5520 twn

2158 5521 2446 5596 longeab
2472 5513 3080 5596 urbeLHildeshemio,
3137 5519 3306 5595 quod
3345 5513 3560 5596 postea
3605 5513 3765 5571 Cister-

2161 5591 2459 5652 ciensibus
2479 5592 2673 5649 cessit.
