3998 6176
190 192 325 251 1209

1792 185 1969 243 νιτΑ.

3470 170 3609 247 mo

192 316 321 388 tigit
345 320 411 375 ut
448 315 580 392 ipse
608 315 670 375 in
723 315 1015 375 suburbio
1066 318 1285 374 nostra;
1342 313 1593 374 civitatis
1644 327 1850 387 quem-
1876 315 1924 369 Α
1956 309 2051 382 tis,
2081 315 2137 371 et
2157 311 2285 389 ipse
2312 313 2697 374 manifestam
2728 312 2982 388 gratiam
3008 311 3245 388 patroni
3272 310 3460 371 nostri
3512 327 3609 369 ex.

190 405 334 461 dam
363 405 587 462 laicum
616 422 739 463 non
767 405 1100 463 voluntarie
1130 406 1345 463 lancea
1381 404 1729 479 perforarat,
1794 406 1852 458 et

194 510 334 551 eum
364 496 543 569 quasi
572 501 880 554 mortuum
908 497 987 553 ad
1025 502 1242 553 terram
1275 498 1642 570 posterneret
1672 512 1685 550 :
1746 492 1850 566 qui

189 585 363 658 quasi
392 585 713 642 semivivus
738 586 991 642 domum
1020 585 1357 654 deducitur,
1396 585 1548 651 lecto
1589 582 1879 654 affigitur‘

192 679 251 731 et
266 691 464 749 usque
494 675 576 731 ad
612 680 869 733 mortem
894 675 1282 750 periclitatur.
1309 675 1421 733 Sed
1438 674 1720 749 praefatus
1749 688 1852 728 an-

193 763 356 821 tistes
382 769 582 821 noster
610 764 822 821 dolens
854 771 912 827 et
946 783 1210 823 moerens
1239 766 1300 822 in
1332 765 1569 822 diversa
1598 762 1846 837 rapitur,

196 871 260 911 se
289 854 470 912 sacris
489 854 800 912 ordinibus
823 856 998 928 quasi
1018 854 1384 912 homicidam
1407 871 1538 911 esse
1567 852 1852 927 repellen-

193 943 343 999 dum
381 947 755 1014 angustatur,
780 949 837 1001 et
855 944 937 1001 ita
956 944 1020 1001 in
1039 944 1307 1001 diversas
1323 943 1708 1014 cogitationes
1728 940 1852 998 ani-

192 1049 332 1089 mus
362 1032 555 1106 ipsius
585 1034 887 1091 invitatur.
920 1034 1187 1091 Tandem
1216 1039 1438 1092 nutans
1475 1032 1649 1108 quasi
1678 1031 1849 1088 navis

191 1121 572 1197 deprehensa
596 1124 658 1181 in
681 1123 963 1181 ﬂuetibus
993 1124 1197 1193 maris,
1240 1124 1321 1181 ad
1371 1131 1696 1198 patronum
1740 1138 1849 1179 no-

194 1216 382 1271 strum
411 1214 659 1273 beatum
686 1214 1113 1272 Godehardum
1144 1219 1209 1272 ut
1238 1214 1319 1271 ad
1360 1218 1603 1289 portum
1655 1217 1850 1270 tutum

196 1318 259 1358 se
287 1302 507 1373 dirigit,
527 1318 700 1377 spem
732 1319 906 1360 suam
931 1304 993 1359 in
1022 1320 1162 1361 eum
1200 1302 1378 1377 quasi
1409 1303 1738 1360 anchoram
1790 1301 1851 1358 in

194 1389 438 1449 ﬁrmum
467 1392 629 1450 littus
680 1392 890 1463 infigit,
923 1397 989 1449 ut
1025 1393 1104 1450 ab
1158 1393 1508 1450 imminente
1555 1391 1851 1449 anxietate

195 1495 335 1537 eum
357 1480 630 1554 eriperet,
662 1482 842 1538 corde
872 1481 1125 1539 contrito
1167 1486 1225 1539 et
1277 1481 1592 1538 humiliato
1642 1480 1851 1554 spiritu

192 1570 539 1641 postulavit.
575 1571 689 1629 Sed
716 1571 808 1627 vir
857 1570 1225 1640 vulneratus,
1262 1571 1411 1627 dum
1434 1572 1565 1643 jam
1595 1575 1748 1628 esset
1789 1569 1851 1627 in

1955 407 2177 474 pertus,
2217 422 2357 464 cum
2388 411 2802 482 opportunum
2828 405 3074 477 videret,
3103 420 3226 461 non
3255 420 3389 461 eam
3421 402 3606 462 subti-

1955 491 2095 557 cuit,
2128 495 2235 551 sed
2263 496 2546 554 omnibus
2575 496 2636 553 in
2666 500 2966 553 conventu
2988 499 3193 552 nostro
3224 492 3608 550 existentibus

1956 581 2259 641 evidenter
2282 587 2574 659 patefecit,
2603 587 2810 644 dicens
2843 603 2855 641 :
2882 607 2909 635 ‹‹
2945 585 3070 642 Fuit
3098 583 3259 641 enim
3288 598 3438 658 puer
3485 580 3611 659 qui-

1957 670 2101 728 dam
2123 658 2406 732 custodire
2427 676 2615 750 ipsius
2647 675 2943 743 addictus,
2971 674 3034 732 in
3064 670 3455 730 clericaliarte
3486 658 3614 728 eru-

1957 761 2238 832 diendus,
2269 764 2374 837 qui
2404 764 2718 839 epileptico
2747 764 2982 835 morbo,
3014 780 3198 839 quem
3250 760 3485 833 vulgari
3512 777 3616 817 no-

1955 851 2118 908 mine
2130 852 2430 935 caducum
2449 855 2773 929 appellant,
2797 855 2949 913 adeo
2976 852 3303 911 vexabatur
3337 856 3403 911 ut
3420 850 3614 925 quoti-

1957 940 2054 997 die
2094 941 2284 999 sexies
2333 943 2412 999 ad
2463 944 2665 1000 minus
2727 944 2806 1001 ad
2870 950 3088 1001 terram
3119 944 3611 1017 prosterneretur,

1956 1035 2015 1088 et
2088 1048 2280 1106 usque
2328 1034 2407 1090 ad
2485 1039 2740 1091 mortem
2811 1035 3000 1092 nimia
3083 1024 3429 1105 fatigatione
3514 1038 3615 1104 pe-

1955 1121 2330 1195 riclitaretur,
2384 1123 2656 1198 quadam
2707 1120 2804 1181 die
2880 1124 2960 1181 ad
2999 1123 3398 1198 patrocinium
3451 1120 3615 1179 beati

1958 1212 2320 1270 confessoris
2349 1214 2539 1271 nostri
2557 1214 2891 1285 deducitur,
2924 1213 3030 1270 sed
3060 1213 3122 1269 in
3147 1213 3245 1269 via
3267 1213 3359 1269 bis
3376 1212 3457 1269 ad
3500 1216 3614 1269 ter-

1956 1318 2089 1358 ram
2102 1302 2519 1376 prosternitur.
2553 1303 2863 1361 Orationes
2879 1302 2961 1359 ad
2983 1301 3257 1359 tumbam
3278 1300 3467 1374 ipsius
3502 1316 3613 1373 pro

1958 1407 2031 1448 co
2052 1391 2421 1463 funduntur;
2455 1392 2853 1466 eleemosynas
2874 1391 3242 1466 pauperibus
3260 1389 3614 1462 largiuntur,

1959 1486 2017 1538 et
2046 1482 2303 1555 perfecte
2334 1487 2581 1540 sanatus
2613 1483 2676 1540 in
2705 1483 2960 1539 domum
2978 1481 3171 1555 ipsius
3202 1479 3551 1551 regreditur.
3586 1500 3615 1529 ››

2034 1576 2086 1627 6.
2113 1572 2214 1628 His
2241 1572 2432 1628 tribus
2463 1572 2648 1643 signis
2677 1573 2738 1629 in
2768 1571 3079 1628 communi
3094 1573 3394 1628 conventu
3418 1568 3496 1625 ab
3517 1583 3620 1625 au-

192 1674 390 1730 agone
438 1660 690 1734 positus,
744 1660 873 1741 ipse
924 1661 1044 1719 ﬁde
1099 1663 1335 1732 firmus,
1367 1661 1445 1718 ad
1507 1660 1850 1734 sepulcrum
1882 1679 1922 1733 3
1960 1660 2346 1718 ctorabilibus
2402 1660 2545 1717 viris
2595 1660 2873 1729 recitatis,
2929 1675 3141 1717 omnes
3192 1657 3368 1716 hilari
3419 1660 3618 1714 mente

197 1749 389 1807 sancti
417 1750 658 1823 patroni
686 1750 875 1808 nostri
898 1767 961 1808 se
986 1750 1324 1825 prostravit,
1354 1756 1661 1825 totamque
1717 1767 1854 1809 noc—

198 1841 319 1896 tem
343 1839 406 1896 in
435 1840 705 1897 oratione
731 1841 1120 1914 pernoctavit,
1155 1844 1212 1898 et
1239 1840 1435 1913 magis
1482 1842 1684 1913 rugitu
1728 1858 1854 1899 cor-

194 1928 289 1985 dis
313 1945 501 2002 quam
525 1930 941 2004 propalatione
992 1930 1157 1988 vocis
1205 1930 1683 1989 misericordiam
1746 1931 1855 1987 im-

192 2016 473 2092 ploravit.
521 2019 634 2077 Sed
666 2020 908 2076 tandem
933 2035 1121 2092 prope
1147 2019 1398 2076 termino
1420 2018 1613 2076 noctis
1641 2019 1852 2090 vigiliis

192 2107 578 2179 defatigatus,
610 2112 668 2164 et
686 2108 892 2167 dolore
924 2108 1609 2181 conturbatus,quietem
1632 2109 1851 2166 intrare

190 2192 591 2264 compellitur.
623 2198 685 2250 In
714 2211 838 2267 qua
861 2195 915 2252 ei
942 2199 1001 2252 et
1029 2200 1256 2253 statura
1286 2201 1343 2253 et
1393 2196 1589 2259 forma
1614 2197 1853 2271 patroni

189 2280 380 2337 nostri
399 2280 462 2336 in
491 2281 714 2339 visione
740 2284 856 2355 (78)
884 2288 1179 2356 quantum
1213 2289 1416 2342 tamen
1444 2302 1631 2359 quam
1655 2285 1716 2343 in
1740 2287 1853 2343 hac

194 2367 320 2426 vita
357 2369 603 2439 viderat,
631 2371 956 2429 certissime
994 2372 1429 2431 manifestatur.
1482 2378 1654 2440 Nam,
1703 2375 1853 2433 dum

192 2458 395 2515 adhuc
425 2464 582 2516 esset
622 2460 775 2517 inter
830 2461 1065 2531 vigilias
1126 2466 1184 2518 et
1236 2463 1507 2520 adultam
1567 2463 1852 2537 quietem,

192 2564 456 2621 persona
484 2549 724 2623 patroni
747 2551 938 2608 nostri
966 2553 1019 2608 ei
1047 2551 1111 2608 in
1164 2551 1393 2608 visione
1448 2553 1746 2626 apparuit,
1792 2557 1857 2609 ut

192 2636 519 2694 missarum
547 2638 841 2696 solemnia
876 2639 1164 2698 celebrari
1193 2641 1410 2699 faceret
1438 2641 1491 2699 ei
1535 2640 1858 2711 diligentis-

194 2726 347 2783 sime
371 2727 605 2800 indixit,
637 2732 779 2785 etut
807 2728 1076 2786 ofﬁcium
1104 2747 1116 2785 :
1180 2752 1207 2779 ‹‹
1235 2734 1315 2786 Ne
1370 2732 1599 2802 timeas,
1630 2731 1853 2787 Zacha-

192 2814 304 2886 ria,
332 2816 615 2885 exaudita
643 2822 736 2874 est
758 2818 950 2874 oratio
977 2822 1079 2875 tua
1119 2820 1280 2890 (Luc.
1312 2837 1351 2890 ι,
1388 2822 1546 2891 13),»
1576 2821 1856 2878 decanta-

194 2904 245 2960 ri
274 2904 510 2973 faceret,
540 2906 825 2962 continuo
856 2906 1151 2978 adjunxit.
1187 2905 1287 2963 His
1342 2907 1487 2964 visis
1538 2908 1850 2977 excitatus,

1961 1750 2314 1825 percipiunt,
2344 1750 2545 1825 ipsum
2568 1750 2891 1807 antistitem
2948 1753 3244 1817 nostrum,
3300 1744 3469 1822 quod
3517 1762 3619 1802 vo-

1959 1842 2213 1898 luntarie
2239 1857 2347 1915 per
2376 1856 2438 1897 se
2460 1840 2716 1897 faceret:
2749 1840 3053 1911 instigant,
3086 1843 3155 1896 ut
3180 1838 3466 1896 omnibus
3495 1853 3622 1893 mo-

1959 1930 2052 1987 dis
2083 1930 2435 1996 elaboraret,
2476 1929 2730 2003 qualiter
2780 1928 3029 1985 beatum
3083 1926 3429 2001 pontificem
3479 1940 3620 1981 nos-

1959 2025 2116 2077 trum
2141 2018 2565 2076 Godehardum
2586 2017 2740 2075 inter
2771 2022 3016 2075 caeteros
3049 2020 3290 2074 sanctos
3311 2015 3412 2073 Dei
3442 2030 3622 2073 eano-

1959 2110 2203 2167 nizaret.
2239 2109 2355 2167 Sed
2382 2108 2531 2165 dum
2589 2107 2652 2164 in
2699 2107 2880 2164 rebus
2942 2107 3230 2175 minimis,
3285 2106 3511 2163 nedum
3556 2104 3620 2162 in

1959 2198 2262 2267 maximis,
2294 2198 2357 2255 in
2381 2197 2605 2271 quibus
2629 2197 2832 2254 laetum
2860 2200 3281 2271 exspectamus
3300 2195 3507 2263 finem,
3538 2193 3622 2250 di-

1960 2288 2173 2345 vinum
2199 2286 2609 2344 invocandum
2640 2285 2714 2342 sit
2738 2285 3051 2354 auxilium,
3080 2284 3307 2359 placuit
3334 2282 3623 2340 omnibus

1961 2381 2028 2434 ut
2052 2375 2342 2449 speciales
2371 2375 2595 2448 ubique
2624 2374 2687 2430 in
2710 2373 2970 2430 Ecclesia
2993 2377 3200 2429 nostra
3229 2372 3624 2428 funderentur

1964 2465 2042 2522 ad
2073 2467 2261 2522 Deum
2285 2480 2397 2538 pro
2421 2464 2538 2520 hac
2567 2478 2752 2519 causa
2772 2477 2999 2535 preces,
3027 2477 3103 2518 ne
3140 2460 3286 2534 quid
3314 2460 3622 2517 incassum

1964 2553 2059 2610 vel
2084 2552 2490 2610 inconsultum
2524 2556 2733 2611 contra
2783 2556 3000 2608 nutum
3056 2549 3291 2608 Domini
3340 2548 3627 2622 incipere-

1966 2660 2124 2713 mus,
2178 2641 2346 2716 quod
2397 2641 2478 2698 ad
2532 2641 2765 2698 bonum
2813 2640 3091 2697 effectum
3138 2639 3466 2714 perducere
3498 2652 3622 2693 non

1964 2733 2326 2790 valeremus.
2352 2731 2533 2803 Igitur
2562 2734 2850 2787 statutum
2874 2734 2964 2787 est
2988 2734 3054 2787 ut
3081 2745 3293 2786 omnes
3330 2732 3456 2785 tam
3500 2741 3625 2782 ma-

1961 2823 2123 2893 jores
2151 2838 2341 2896 quam
2370 2820 2661 2891 minores,
2716 2820 2886 2877 finita
2930 2819 3268 2877 matutinali
3313 2818 3485 2885 hora,
3544 2808 3625 2872 ad

1964 2911 2239 2969 tumbam
2267 2911 2455 2985 ipsius
2475 2909 2635 2967 beati
2663 2909 2903 2984 patroni
2925 2909 3112 2967 nostri
3129 2904 3467 2966 Godehardi
3488 2920 3627 2962 con-

195 2992 496 3049 orationes
526 3011 669 3050 suas
696 2995 893 3065 magis
942 3012 1013 3052 ac
1060 2996 1255 3068 magis
1294 2997 1643 3054 continuare
1694 2998 1859 3055 insti-
1886 3032 1927 3086 ο
1964 3002 2254 3070 venirent,
2286 3006 2345 3060 et
2373 3017 2505 3059 sese
2532 3000 2835 3058 humiliter
2888 3001 2967 3057 ad
3019 3005 3240 3058 terram
3294 3002 3626 3073 prosterne—

199 3082 305 3139 tuit
338 3100 352 3151 ;
385 3080 490 3138 sed
513 3082 572 3139 in
599 3083 697 3140 via
727 3084 1008 3140 nuntium
1050 3086 1331 3159 suscepit,
1379 3086 1485 3159 qui
1531 3087 1856 3143 certissime

196 3188 428 3242 (egrum
467 3172 728 3230 evasisse
785 3178 1041 3231 mortem
1094 3175 1409 3233 nuntiavit.
1468 3177 1567 3232 His
1614 3177 1853 3246 auditis,

195 3262 377 3319 corde
404 3267 461 3320 et
489 3263 694 3319 animo
723 3264 1106 3335 exhilaratus,
1152 3268 1341 3322 Deum
1370 3266 1500 3322 caeli
1530 3266 1855 3336 benedixit,

193 3351 303 3425 qui
331 3353 507 3409 nobis
537 3353 714 3409 talem
733 3358 1057 3427 patronum
1073 3355 1135 3411 in
1161 3355 1414 3413 ecclesia
1434 3361 1640 3414 nostra
1667 3373 1856 3414 reser-

196 3440 376 3497 vavit.

269 3533 322 3586 4.
357 3530 489 3587 Fuit
511 3548 650 3588 vero
672 3535 813 3588 tunc
839 3532 1121 3606 temporis
1138 3533 1200 3590 in
1229 3538 1529 3592 conventu
1546 3539 1754 3593 nostro
1774 3552 1860 3592 sa-

197 3621 410 3677 cerdos
450 3622 702 3694 quidam
726 3621 1059 3693 religiosus,
1088 3624 1440 3681 Adclhertus
1462 3626 1728 3697 nomine,
1753 3627 1859 3699 qui

200 3709 458 3780 regulari
488 3711 608 3767 vita
631 3712 692 3767 in
722 3711 869 3768 cella
895 3711 1055 3768 beati
1084 3714 1519 3782 Bartholomzci,
1559 3732 1696 3788 qure
1749 3718 1861 3773 sita

199 3803 292 3856 est
318 3799 376 3856 in
406 3800 678 3857 orientali
698 3800 881 3875 plaga
908 3806 1128 3858 nostra:
1158 3803 1433 3873 civitatis,
1464 3805 1720 3862 vivebat.
1751 3808 1861 3873 Qui

200 3904 342 3945 cum
369 3889 635 3945 audisset
664 3906 800 3962 quae
830 3890 1049 3962 praesul
1086 3895 1289 3947 noster
1312 3893 1595 3964 narravit,
1650 3894 1863 3952 videns

198 3981 442 4051 tempus
469 3977 779 4046 idoneum,
809 3982 867 4035 et
895 3978 1025 4053 ipse
1059 3978 1169 4035 sibi
1214 3980 1473 4051 gratiam
1523 3997 1563 4039 a
1607 3983 1861 4040 Domino

195 4066 481 4124 collatam
510 4072 766 4143 patrono
798 4072 1028 4137 nostro,
1060 4069 1345 4125 omnibus
1372 4069 1684 4128 intimavit.
1710 4074 1863 4129 Dum

194 4157 365 4214 enim
410 4157 538 4231 ipse
586 4158 858 4232 quadam
908 4162 1085 4215 nocte
1136 4159 1467 4232 patrocinia
1515 4165 1862 4219 sanctorum

192 4246 607 4320 implorando,
638 4248 849 4306 altaria
875 4252 1091 4305 nostrae
1123 4248 1395 4306 circuiret
1422 4250 1705 4311 ecclesia.
1734 4255 1863 4308 tan-

194 4337 343 4394 dem
367 4338 538 4409 juxta
566 4338 910 4412 sepulcrum
938 4338 1101 4396 beati
1122 4338 1480 4396 confessoris
1509 4358 1572 4398 se
1601 4346 1863 4414 prostra-

1964 3097 2114 3163 rent,
2147 3096 2204 3150 et
2231 3092 2580 3166 psalmum:
2634 3092 3030 3158 Benedzxisti,
3074 3090 3344 3159 Domine,
3400 3095 3624 3146 terram

1969 3188 2135 3240 tuam
2160 3183 2345 3254 (Psal.
2378 3196 2612 3249 Lxxxw,
2640 3183 2720 3251 '2),
2744 3179 2924 3235 corde
2951 3178 3203 3235 contrito
3228 3182 3286 3234 et
3313 3176 3625 3242 humiliato

1970 3272 2223 3329 Domino
2249 3271 2658 3328 decantarent.
2695 3271 3113 3341 Statutumque
3142 3270 3231 3323 est
3278 3270 3344 3322 ut
3398 3266 3460 3321 in
3513 3264 3630 3320 sin-

1967 3361 2123 3433 gulis
2152 3359 2463 3431 coenobiis,
2495 3359 2559 3416 in
2581 3358 2868 3417 territorio
2898 3362 3114 3414 nostrae
3158 3354 3430 3413 Ecclesiae
3483 3369 3625 3410 con-

1968 3451 2203 3519 stitutis,
2227 3448 2515 3523 speciales
2545 3464 2657 3522 pro
2686 3465 2758 3504 eo
2786 3447 2997 3504 tierent
3037 3446 3340 3503 orationes
3396 3448 3456 3502 et
3483 3443 3630 3501 elee-

1967 3556 2368 3613 mosynarum
2388 3539 2732 3610 largitiones
2758 3556 2773 3607 ;
2802 3538 2948 3611 quia
2974 3536 3344 3612 impossibile
3373 3538 3462 3593 est
3479 3533 3630 3590 mul-

1968 3637 2167 3688 tarum
2205 3646 2329 3686 non
2356 3628 2627 3687 exaudiri
2655 3644 2833 3685 voces
2858 3628 3219 3685 orationum.

2028 3710 2093 3777 ⁷7.
2128 3720 2229 3776 His
2256 3735 2399 3791 ergo
2428 3718 2740 3791 aliquanto
2768 3723 3034 3792 tempore
3063 3716 3338 3791 peractis,
3372 3714 3627 3773 Ecclesia

1968 3815 2178 3866 nostra
2199 3823 2355 3865 nova
2382 3807 2766 3864 tribulatione
2804 3806 3158 3863 concutitur.
3220 3810 3367 3863 Nam
3420 3803 3630 3876 praedi-

1972 3903 2102 3954 ctus
2134 3900 2300 3952 Pater
2321 3900 2548 3965 noster,
2587 3895 2742 3968 proh
2770 3894 2943 3950 dolor
2971 3894 2982 3949 Ι
3018 3893 3195 3949 nobis
3224 3909 3297 3948 ex
3336 3893 3450 3947 liae
3507 3891 3629 3946 vita

1973 3984 2368 4055 subtrahitur,
2397 3988 2455 4040 et
2483 3983 2680 4040 omnis
2728 3981 3023 4037 Eccelesia
3072 3985 3283 4037 nostra
3334 3982 3496 4037 tanto
3520 3994 3628 4052 pa-

1972 4075 2129 4127 store
2172 4070 2439 4128 desolata
2490 4070 2904 4128 conturbatur.
2966 4068 3081 4128 Sed
3130 4068 3237 4142 qui
3289 4066 3632 4127 consolatur

1970 4161 2222 4217 miseros
2252 4159 2314 4216 in
2338 4158 2718 4217 tribulatione
2776 4175 2904 4227 sua,
2964 4160 3140 4227 Deus,
3185 4173 3309 4215 non
3363 4156 3633 4231 permisit

1973 4249 2297 4307 Ecclesiam
2324 4266 2499 4306 suam
2524 4250 2587 4306 in
2604 4248 2884 4306 ﬂuctibus
2909 4250 3092 4322 hujus
3133 4248 3335 4307 saeculi
3357 4247 3484 4305 sine
3527 4264 3631 4319 gu-

1974 4341 2290 4413 bernatore
2311 4338 2416 4395 diu
2438 4339 2750 4406 ﬂuctuare,
2779 4339 2974 4395 sciens
3013 4338 3177 4413 quia,
3236 4338 3343 4395 ubi
3389 4354 3514 4396 non
3543 4341 3632 4395 est

195 4428 287 4484 vit
313 4446 326 4497 ;
353 4427 460 4483 sed
499 4428 801 4500 surgendo
821 4445 1008 4485 manu
1040 4428 1352 4486 indiscrete
1376 4431 1635 4488 tenendo
1665 4448 1863 4490 sarco-
1890 4427 1932 4442 ⁶’
1974 4431 2359 4501 gubernator,
2391 4434 2628 4487 corruet
2653 4429 2935 4503 populus.
2968 4433 3115 4487 Nam
3142 4429 3339 4487 omnis
3370 4427 3630 4486 Ecclesia

194 4517 471 4593 phagum
499 4518 626 4589 ejus
656 4536 717 4576 se
744 4518 1075 4575 sublevavit
1102 4562 1115 4589 ,
1149 4518 1307 4575 illico
1359 4519 1559 4593 pollex
1607 4522 1736 4593 ejus
1783 4522 1858 4580 de

198 4607 449 4680 propria
464 4608 747 4679 junctura
777 4609 1089 4667 emarcuit.
1117 4609 1335 4666 Videns
1365 4615 1566 4667 autem
1586 4612 1715 4683 jam
1733 4629 1861 4670 sese

200 4712 394 4753 manu
420 4697 816 4767 debilitatum,
850 4697 1108 4772 supplex
1145 4703 1203 4756 et
1232 4699 1654 4769 gemebundus
1687 4717 1750 4758 se
1781 4702 1860 4758 ad

200 4788 423 4844 terram
467 4787 833 4860 prostravit;
892 4788 1132 4845 veniam
1187 4793 1245 4845 et
1301 4788 1773 4847 misericordiam
1825 4808 1861 4849 a

198 4876 385 4934 beato
415 4877 772 4933 Godehardo
786 4877 1129 4951 postulavit.
1152 4879 1212 4934 Ei
1232 4878 1430 4935 statim
1459 4880 1521 4935 in
1545 4880 1860 4953 proprium

200 4967 406 5023 locum
435 4966 560 5022 sine
582 4983 754 5024 mora
783 4973 840 5023 et
866 4966 1107 5022 laesione
1136 4968 1333 5040 pollex
1362 4970 1606 5026 resiluit.

277 5056 330 5109 5.
363 5054 627 5111 Audiens
645 5056 773 5111 haee
799 5054 1083 5125 magister
1106 5056 1356 5128 quidam
1379 5057 1453 5112 dc
1485 5063 1687 5115 monte
1713 5062 1862 5116 San-

204 5144 283 5203 cti
310 5144 587 5214 Mauricii,
620 5145 950 5202 lteinardus
975 5144 1239 5211 nomine,
1265 5145 1356 5201 vir
1378 5154 1675 5219 provectas
1725 5152 1864 5206 reta-

284 5326 391 5397 (78)
424 5324 565 5398 Bolt.
598 5324 825 5398 habet;
868 5341 1047 5398 quam
1098 5330 1295 5381 tamen
1347 5342 1661 5398 nunquam
1709 5328 1864 5384 vide-

204 5401 308 5467 rat
337 5395 552 5467 (quod
584 5413 662 5452 an
685 5395 922 5465 rectius,
954 5396 1265 5452 incertum.
1304 5396 1358 5453 Si
1389 5395 1549 5452 enim
1600 5398 1863 5455 Berthol-

205 5466 760 5537 dusoc’togcnarius
782 5472 884 5524 aut
938 5467 1384 5537 nonagenarius
1424 5468 1654 5538 obierit,
1699 5485 1866 5525 sane-

205 5543 338 5594 tum
360 5539 783 5613 Godehardum
800 5539 998 5613 adhuc
1020 5539 1534 5613 viventemvidere
1549 5540 1861 5613 potuisset.

280 5612 390 5679 (79)
422 5611 753 5667 Bernardus
784 5610 862 5668 ab
891 5626 1051 5667 anno
1087 5614 1220 5666 H30
1260 5610 1337 5667 ad
1401 5610 1532 5667 1157
1552 5610 1569 5613 “
1594 5611 1865 5667 Ecclesiae

211 5679 703 5739 Hildeshcimensi
762 5682 1015 5756 praefuit,
1058 5698 1197 5752 cum
1234 5682 1438 5749 tamen
1464 5688 1495 5740 9
1524 5682 1697 5741 annis
1726 5686 1865 5740 ante

1970 4525 2174 4578 nostra
2196 4519 2375 4577 simul
2403 4520 2761 4590 coadunata,
2794 4520 3163 4577 Bernardum
3185 4519 3300 4590 (79)
3321 4531 3626 4573 summum

1970 4610 2386 4684 praepositum,
2409 4609 2604 4667 virum
2632 4609 2796 4666 omni
2844 4608 3099 4665 clericali
3142 4605 3386 4664 scientia
3439 4603 3631 4661 erudi-

1971 4704 2120 4771 tum,
2171 4704 2229 4757 et
2292 4699 2564 4756 moribus
2615 4698 2858 4772 optimis
2904 4698 3277 4767 decoratum,
3317 4694 3627 4752 communi

1971 4806 2271 4846 consensu
2302 4788 2443 4846 cleri
2471 4792 2528 4844 et
2581 4786 2884 4844 alacritate
2930 4784 3160 4859 populi,
3201 4783 3627 4842 reclamantem

1968 4884 2026 4936 et
2057 4879 2343 4936 omnibus
2394 4877 2595 4935 modis
2643 4876 3017 4944 renitentem,
3073 4890 3261 4948 seque
3305 4873 3627 4945 indignum

1967 4969 2416 5033 vociferantem,
2439 4965 2501 5021 in
2546 4964 2918 5039 spiritualem
2966 4967 3270 5036 pastorem
3326 4963 3520 5035 elegit,
3574 4967 3632 5019 et

1968 5075 2164 5132 usque
2195 5057 2276 5115 ad
2312 5054 2663 5113 cathedram
2692 5054 2917 5111 summi
2955 5053 3272 5111 sacerdotii
3328 5052 3624 5127 perduxit.

1971 5149 2073 5205 His
2104 5148 2185 5203 ita
2210 5145 2410 5217 gestis,
2453 5159 2640 5201 causa
2667 5142 2903 5216 patroni
2948 5143 3159 5215 nostri,
3216 5159 3354 5217 quae
3385 5146 3632 5217 propter

1971 5328 2227 5383 mortem
2258 5340 2451 5380 caecus
2479 5323 2673 5380 factus
2702 5322 2929 5392 fuisset,
2982 5323 3325 5381 Bruuonem
3356 5321 3631 5379 Ecclesiae

1975 5413 2097 5454 suae
2128 5394 2429 5451 decanum
2450 5394 2863 5467 coadjutorem
2892 5393 3121 5464 habuit,
3146 5394 3249 5467 qui
3278 5393 3630 5467 posteauipsi

1975 5413 2097 5454 suae
2128 5411 2429 5451 decanum
2450 5411 2863 5465 coaajurorem
2892 5411 3121 5464 nanuu,
3146 5411 3249 5466 qui
3278 5411 3528 5467 posreai
3579 5411 3628 5463 si

1973 5469 2035 5549 in
2060 5467 2413 5549 episcopatu
2442 5465 2742 5549 successit.
2763 5467 3075 5549 Quantum
3102 5464 3398 5549 Ecclesiae
3432 5411 3628 5549 HilSe-e

1977 5536 2385 5613 sheimensi'et
2407 5536 2607 5613 ordini
2644 5541 2850 5613 nostro
2902 5536 3210 5613 profuerit,
3261 5552 3333 5613 ex
3382 5537 3630 5613 transla-

1976 5612 2134 5668 tione
2165 5610 2354 5666 sancti
2392 5608 2749 5675 Godehardi,
2782 5613 2839 5663 et
2869 5607 3212 5664 monasterii
3265 5607 3463 5665 Sancti
3521 5611 3629 5678 Ge;

1976 5682 2229 5740 dehardi
2254 5680 2546 5739 erectione
2575 5679 2742 5738 facile
2772 5683 2864 5737 est
2881 5678 3173 5752 judicare,
