3996 6168
546 224 672 284 1211

1482 225 1537 280 s.
1579 206 1990 280 connexum
2028 215 2343 276 EPISCOPI
2379 216 3023 278 HILDESHEIMENSIS.
3747 229 3825 284 mg

542 347 952 407 tribulationes
1029 350 1270 404 nostras
1320 348 1450 420 jam
1516 344 1962 421 aliquantulum
2031 342 2195 399 deci-
2225 342 2276 398 Α
2305 346 2424 400 ster
2451 343 3216 418 Bernardusapostolicum
3234 341 3614 400 Innocentium
3637 361 3738 402 cum
3757 351 3819 404 sui-

540 435 728 506 derat,
768 436 1228 506 redintegratur,
1259 441 1464 512 etquo
1523 437 1734 493 ordine
1787 434 1867 491 ad
1917 433 2197 490 effectum

538 527 964 602 perduceretur
993 526 1072 582 ab
1094 526 1379 582 omnibus
1408 527 1769 584 elaboratur.

609 621 666 678 8.
693 615 806 672 Sed
837 631 978 672 cum
1010 615 1300 672 canonica
1323 631 1594 685 censura,
1625 619 1871 688 propter
1888 611 2193 669 illusiones

535 703 907 772 damonum,
941 721 1077 777 qua
1108 704 1450 778 frequenter
1472 706 1531 761 in
1567 704 1823 760 Ecclesia
1845 701 1945 760 Dei
1969 703 2031 758 in
2061 701 2192 758 tali-

533 791 653 848 bus
682 793 1075 864 contigerunt,
1109 798 1396 851 statutum
1426 794 1500 851 sit
1521 810 1597 850 ne
1627 793 1762 866 quis
1791 792 1917 849 sine
1955 795 2193 865 aposto-

532 881 651 938 lica
680 882 1050 952 auctoritate,
1080 888 1136 940 et
1165 884 1288 939 vita
1320 883 1507 956 ipsius
1547 900 1654 957 per
1701 883 1861 938 viros
1916 886 2192 938 auctora-

532 971 685 1028 biles
725 972 1081 1044 approbata,
1140 973 1608 1043 canonizaretur,
1663 971 1830 1046 quod
1885 976 2085 1028 tamen
2129 970 2190 1027 in

532 1061 1012 1133 praeedentibus
1063 1067 1189 1118 tum
1241 1067 1484 1136 propter
1545 1061 1980 1130 difﬁcultatem,
2062 1065 2190 1116 tum

532 1153 778 1222 propter
805 1148 1304 1222 longinquitatem
1332 1150 1574 1221 itineris,
1623 1165 1874 1206 causam
1922 1153 2191 1206 nostram

533 1236 708 1293 valde
745 1237 1170 1309 retardaverat,
1204 1239 1428 1294 factum
1459 1244 1570 1306 est,
1605 1241 1724 1295 Deo
1763 1244 2086 1306 annuente,
2127 1242 2192 1294 ut

530 1325 696 1398 quod
727 1330 865 1381 ante
897 1325 1023 1382 sine
1056 1343 1279 1397 magna
1308 1327 1584 1400 impensa
1615 1345 1685 1385 ac
1716 1344 1955 1384 summo
1984 1327 2189 1384 labore

529 1429 653 1470 non
683 1419 915 1488 poterat
945 1415 1022 1470 ad
1049 1416 1328 1472 affectum
1358 1417 1627 1491 perduci,
1671 1418 1732 1474 id
1780 1417 1957 1475 nobis
2013 1416 2191 1490 quasi

529 1506 667 1560 ante
696 1505 915 1558 ostium
946 1502 1256 1576 inopinate
1287 1506 1635 1563 deferretur.
1665 1510 1813 1563 Nam
1861 1506 1922 1564 in
1979 1504 2188 1563 Leodi-

529 1607 771 1648 censem
801 1590 1102 1649 civrtatem
1134 1593 1300 1649 curia
1327 1594 1552 1650 indicta
1581 1600 1689 1664 est,
1745 1593 1850 1652 ubi
1899 1599 2187 1652 Innocen-

2303 432 2712 489 cardinalibus
2738 434 3028 501 convenit,
3061 437 3124 490 et
3153 432 3232 489 de
3264 448 3446 488 causa
3479 434 3680 506 patroni
3719 447 3822 492 nosti.

2301 521 2828 579 beatiicodehardi
2859 539 3047 596 usque
3093 538 3169 578 eo
3228 520 3523 577 induciata
3562 521 3821 580 devotissime

2303 610 2675 668 submonuit.
2710 612 2843 681 Sed,
2869 613 2990 668 Deo
3015 616 3329 668 annuente
3359 615 3413 667 et
3444 610 3499 666 id
3523 611 3736 683 faciente,
3754 630 3823 668 om.

2298 715 2410 755 nes
2437 701 2756 759 unanimes
2783 707 2840 759 et
2869 701 3205 759 concordes
3235 700 3298 756 in
3328 716 3435 756 sua
3473 699 3703 774 petitione
3737 701 3826 757 inve

2298 789 2406 859 nit,
2442 793 2505 846 ut
2528 795 2665 863 post
2691 791 2824 864 ipsa
2852 807 2946 847 res
2972 789 3280 847 indicavit.

2374 883 2460 935 to.
2493 883 2644 936 Nam
2673 885 2910 954 postera
2956 881 3048 937 die
3101 896 3248 936 cum
3301 879 3362 935 in
3416 879 3624 951 synodo
3662 882 3825 950 generali

2298 969 2664 1040 apestolicus
2694 969 2994 1041 resideret,
3025 969 3198 1027 nullo
3253 969 3608 1037 admonente,
3648 971 3723 1026 sed
3760 974 3823 1026 Deo

2298 1055 2572 1127 faciente,
2596 1059 2962 1132 apostolicus
2989 1059 3068 1116 ad
3099 1075 3319 1115 omnes
3343 1059 3667 1115 luculentam
3690 1061 3821 1115 oratio.

2295 1160 2437 1202 nem
2461 1146 2691 1216 habuit,
2723 1147 2784 1204 in
2813 1164 2934 1221 qua
2961 1147 3354 1204 disertissime
3381 1147 3678 1221 petitionem
3691 1153 3819 1204 nostris

2298 1235 2573 1293 Ecclesia
2621 1237 2696 1293 de
2753 1243 3007 1311 patrono
3051 1244 3270 1294 nostro
3306 1238 3578 1310 exposuit,
3627 1243 3686 1306 et,
3715 1244 3756 1291 ut
3774 1254 3822 1291 ιν

2297 1340 2543 1382 sensum
2571 1326 2924 1399 praberent,
2957 1327 3347 1383 devotissime
3371 1325 3667 1400 postulavit.
3693 1327 3760 1382 His
3777 1328 3819 1381 ita

2296 1413 2497 1483 gestis,
2525 1415 2845 1488 episcopus
2869 1415 3452 1486 Tarraconensist8l)
3501 1415 3577 1471 vir
3600 1415 3819 1485 religiosus,

2295 1507 2352 1559 et
2379 1503 2614 1561 litterali
2645 1505 2888 1562 scientia
2913 1505 3210 1576 eruditus,
3243 1505 3405 1579 quod
3445 1504 3623 1562 ordine
3660 1505 3817 1562 transla-

2296 1592 2378 1648 tio
2406 1593 2534 1650 ﬁeri
2560 1594 2820 1666 deberet,
2854 1595 3133 1668 exposuit
3163 1613 3176 1651 :
3211 1595 3428 1652 scilicet
3450 1595 3493 1650 si
3518 1612 3580 1651 ea
3603 1611 3703 1667 qua
3723 1594 3816 1649 dice.

526 1677 642 1734 tius
670 1695 834 1753 papa
865 1697 1003 1738 cum
1037 1685 1309 1740 Romana
1341 1683 1619 1748 Ecclesia,
1651 1689 1708 1740 et
1740 1699 1962 1754 magna
2020 1687 2188 1757 parte
2220 1705 2259 1758 Β
2295 1681 2520 1740 bantur
2543 1684 2617 1740 de
2647 1689 2904 1758 patrono
2925 1691 3154 1752 nostro,
3190 1684 3447 1741 Ecclesia
3473 1689 3643 1741 nostra
3662 1699 3737 1757 per
3769 1682 3813 1738 le-

530 1767 751 1836 Gallia,
785 1787 924 1826 cum
957 1772 1233 1828 Lothario
1252 1789 1393 1844 rege
1425 1778 1482 1830 et
1519 1774 1639 1830 fere
1679 1774 1977 1831 universis
2027 1775 2184 1848 epis-
2297 1771 2539 1843 gitimos
2595 1778 2778 1830 testes
2833 1789 2906 1829 ac
2954 1775 3308 1846 juramento
3353 1773 3812 1867 comprobaret..Hi_a.

527 1858 695 1930 copis
725 1859 1058 1916 Teutonica
1089 1861 1352 1930 regionis
1393 1868 1822 1933 convenerunt,
1845 1868 1912 1920 ut
1961 1864 2038 1920 de
2063 1863 2185 1920 vio-
2294 1876 2438 1917 vero
2459 1861 2658 1918 verbis
2693 1863 3061 1936 apostolicus
3089 1879 3156 1920 se
3181 1862 3536 1954 interp0§t1il,
3562 1866 3608 1954 ei
3628 1859 3812 1954 {Pfinf‘l‘

524 1944 706 2002 lentia
736 1949 1016 2004 Romanae
1047 1949 1316 2006 Ecclesia
1350 1968 1456 2024 per
1485 1953 1723 2009 Petrum
1747 1953 1956 2010 Leonis
1979 1969 2187 2027 perpe-
2293 1950 2476 2044 pibus
2506 1955 2673 2008 terra
2702 1957 2921 2044 nostra
2970 1952 3128 2010 adeo
3180 1955 3243 2009 in
3290 1950 3601 2009 Leodicensi
3645 1949 3812 2044 Ecclesia

524 2037 698 2103 trata,
725 2035 831 2109 qui
856 2040 984 2093 tum
1040 2040 1330 2113 temporis
1378 2047 1671 2114 papatum
1727 2041 1840 2099 sibi
1897 2041 2186 2100 violenter
2292 2040 2686 2099 certiﬁcatum
2719 2042 2898 2099 fuisse
2928 2044 3204 2110 asseruit,
3237 2046 3303 2099 ut
3335 2057 3451 2098 non
3491 2056 3620 2114 opus
3643 2043 3748 2096 esset
3775 2036 3808 2092 id

526 2125 855 2197 usurpavit,
889 2130 1335 2199 pertractarent,
1363 2134 1420 2186 et
1465 2131 1721 2203 qualiter
1775 2131 1924 2188 illud
1953 2131 2183 2189 idolum
2293 2132 2560 2188 secundo
2589 2133 2909 2199 testiﬁcari,
2933 2133 3103 2207 quod
3127 2133 3384 2189 lucidius
3411 2130 3521 2189 sole
3539 2135 3692 2204 posset
3710 2143 3806 2183 com-

525 2211 588 2268 in
619 2213 842 2288 templo
872 2217 1104 2273 Domini
1133 2218 1400 2290 positum
1449 2220 1844 2291 destruerent,
1907 2221 2180 2279 elabora-

521 2306 673 2359 rent.
706 2305 950 2360 Pactum
977 2305 1156 2375 igitur
1184 2313 1274 2364 est
1317 2316 1379 2365 ut
1410 2310 1488 2366 ad
1547 2311 1918 2369 Dominicam
1949 2314 2184 2369 Latere

519 2391 858 2447 Jerusalem
890 2393 968 2447 ad
998 2394 1348 2466 pradictam
1377 2397 1674 2455 civitatem
1704 2400 1873 2457 multi
1903 2400 2180 2458 catholici

520 2478 650 2548 viri,
680 2483 805 2537 tam
833 2495 972 2537 cum
994 2483 1328 2555 apostolico
1353 2503 1539 2559 quam
1571 2505 1710 2546 cum
1734 2506 1872 2560 rege
1895 2491 2178 2547 conveni-

519 2571 671 2638 rent,
705 2569 857 2626 etde
887 2574 1196 2628 communi
1227 2579 1382 2631 statu
1425 2577 1697 2634 Ecclesiae
1727 2584 2173 2652 pertractarent.

520 2659 678 2715 Inter
703 2674 860 2732 quos
890 2675 1112 2732 prases
1143 2667 1345 2719 noster
1372 2666 1706 2722 Bernardus
1745 2684 1884 2724 cum
1939 2669 2178 2740 majori-

516 2748 634 2824 bus
652 2753 872 2804 nostra
902 2749 1175 2806 Ecclesia
1213 2753 1516 2824 assistens,
1565 2757 1778 2812 videns
1829 2759 2175 2831 opportuni-

516 2841 698 2895 tatem
728 2837 884 2894 ultro
915 2838 1026 2894 sibi
1059 2840 1360 2910 collatam,
1385 2843 1586 2916 ipsum
1613 2847 2013 2919 apostolicum
2033 2865 2174 2906 cum

515 2926 682 3013 omni
720 2927 886 2983 curia
945 2931 1216 2987 Romana
1263 2934 1629 3006 aggreditur,
1679 2937 1921 3012 vitaque
1974 2946 2175 3013 pasto-

513 3012 595 3069 ris
618 3015 807 3072 nostri
836 3031 1041 3073 coram
1069 3017 1214 3092 ipsis
1235 3021 1536 3092 recitatur,
1567 3029 1624 3082 et
1665 3031 1731 3084 ut
1784 3044 1890 3102 per
1937 3012 2078 3086 eum
2110 3031 2171 3088 in
2201 3064 2242 3120 ρ

514 3101 776 3162 Ecclesia
805 3103 906 3162 Dei
935 3106 1339 3179 canonizetur,
1371 3111 1753 3174 devotissime
1782 3101 1991 3190 preces
2042 3119 2174 3176 fun-

511 3189 756 3249 duntur.
1785 3189 1805 3190 ί
1905 3209 1912 3215 ’

581 3285 635 3337 9.
665 3281 779 3338 Sed
809 3299 947 3341 cum
992 3289 1367 3347 consuetudo
1427 3291 1503 3349 sit
1558 3296 1840 3352 Romana
1896 3297 2169 3355 Ecclesia

508 3369 571 3426 in
597 3373 862 3442 generali
887 3376 1138 3434 concilio
1171 3385 1414 3438 sanctos
1440 3382 1541 3438 Dei
1570 3385 1942 3455 canonizare,
2000 3389 2168 3461 quod

508 3462 651 3516 tunc
708 3464 996 3536 temporis
1037 3465 1097 3521 in
1146 3470 1502 3527 Remensem
1557 3473 1857 3533 civitatem
1909 3477 1971 3533 in
2019 3477 2166 3534 festo

508 3549 699 3604 sancti
728 3553 897 3607 Luca
925 3551 1215 3610 indictum
1248 3557 1461 3626 fuerat,
1497 3569 1744 3636 accepto
1765 3566 2034 3633 consilio,
2068 3583 2167 3640 pe-

505 3635 774 3695 titionem
808 3639 1076 3697 Ecclesia
1106 3650 1324 3701 nostra
1350 3664 1542 3722 usque
1571 3635 1650 3708 in"
1670 3654 2020 3725 praedictum
2068 3635 2164 3713 lo-

507 3741 648 3819 cum
676 3727 925 3819 distulit,
956 3729 1160 3805 ibique
1191 3734 1590 3795 difﬁniturum
1645 3743 1973 3801 certissime
2022 3762 2163 3819 pro-

502 3814 684 3910 misit.
710 3817 812 3875 His
837 3818 918 3876 ita
943 3822 1147 3895 gestis,
1179 3825 1423 3881 antistes
1450 3833 1653 3888 noster
1676 3834 2004 3905 apostolica
2023 3814 2164 3910 pro-

503 3905 796 3966 missione
827 3909 1156 3979 animatus,
1182 3913 1353 3972 latus
1382 3920 1735 3988 regreditur,
1767 3927 1823 3980 et
1842 3925 1921 3982 ab
1971 3905 2163 3984 omni-

499 3994 618 4052 bus
656 3995 868 4056 devote
896 4000 1238 4075 suscipitur,
1271 4009 1328 4061 et
1357 4022 1494 4079 qua
1526 4008 1638 4066 sibi
1676 4027 1970 4086 responsa
2022 4015 2158 4086 sint,

500 4091 877 4143 enarrantur.
903 4091 1066 4146 Tunc
1095 4106 1309 4149 omnes
1344 4096 1656 4155 audientes
1687 4116 1824 4174 qua
1885 4120 1992 4177 per
2021 4121 2163 4178 apo-

499 4172 746 4230 tolicum
775 4178 1078 4248 promissa
1105 4187 1264 4251 sunt,
1310 4187 1674 4246 unanimiter
1700 4172 1995 4263 laetantur,
2032 4172 2161 4267 pre-

498 4275 717 4333 cesque
743 4265 908 4336 apud
937 4268 1284 4339 pontificem
1314 4280 1588 4334 nostrum
1613 4279 1996 4339 devotissime
2026 4265 2159 4341 fun-

497 4349 743 4442 duntur,
773 4367 848 4442 ne
891 4369 953 4410 se
993 4359 1172 4414 tanta
1222 4364 1605 4432 promissioni
1663 4370 1996 4442 subtrahat,
2053 4375 2159 4431 sed

496 4437 632 4495 licet
657 4438 1029 4498 laboriosum
1061 4445 1153 4516 sit,
1179 4447 1306 4521 ipse
1333 4469 1395 4508 se
1425 4459 1627 4512 tamen
1655 4475 1779 4516 una
1809 4477 1947 4518 cum
1968 4437 2157 4535 majo-

495 4527 662 4585 ribus
687 4531 961 4588 Ecelesia
982 4539 1200 4590 nostra
1231 4539 1309 4594 ad
1357 4541 1651 4602 indictam
1701 4551 2006 4620 synodum
2061 4527 2155 4610 re-

495 4623 838 4712 prasentet.
870 4623 1002 4712 lam
1031 4622 1174 4712 dies
1219 4627 1542 4688 advenerat
1593 4633 1654 4689 in
1701 4651 1827 4707 qua
1882 4641 2153 4712 synodus

492 4706 788 4765 universa
819 4711 1095 4769 Ecclesia
1143 4714 1597 4777 citramontana
1648 4706 1873 4784 indicta
1905 4706 2149 4787 ‘vfuerat.

492 4797 641 4853 Tum
670 4813 812 4855 vero
842 4801 1126 4874 prafatus
1149 4805 1393 4864 antistes
1411 4814 1616 4868 noster
1644 4815 2000 4886 Bernardus,
2030 4835 2155 4877 una

491 4900 640 4982 cum.
663 4889 1124 4982 metropolitano
1154 4895 1662 4969 Magdeburgense
1691 4903 1978 4962 Norberto
2015 4909 2150 4982 (80),

490 4973 594 5046 qui
625 4977 766 5033 tunc
797 4980 1081 5053 temporis
1105 4981 1166 5039 in
1197 4985 1461 5044 Ecclesia
1486 4990 1586 5046 Dei
1633 4993 1841 5064 magni
1888 4973 2151 5056 nominis

490 5063 702 5158 fuerat,
729 5071 788 5124 et
812 5070 1146 5158 majoribus
1179 5075 1445 5134 Ecclesia
1475 5085 1714 5152 nostra,
1738 5063 1817 5141 ad
1837 5087 2149 5158 prafatam

489 5155 794 5226 synodum
816 5156 926 5215 iter
961 5159 1228 5232 instituit,
1255 5169 1329 5234 et,
1362 5169 1482 5224 Deo
1511 5155 2000 5244 annuente,_cum
2022 5195 2150 5236 ma-

489 5259 611 5313 gna
639 5247 1028 5321 prosperitate
1058 5257 1116 5310 et
1157 5259 1601 5330 opportunitate
1656 5263 1735 5319 ad
1793 5267 2146 5326 Remensem

488 5331 689 5430 locum
719 5340 1004 5430 pervenit.
1039 5342 1148 5430 [lbi
1172 5344 1502 5405 honorifice
1529 5353 1808 5427 suscepti,
1840 5355 1990 5413 dum
2014 5358 2146 5430 jam

490 5422 763 5493 synodus
791 5425 1018 5500 aliquot
1045 5429 1174 5488 dies
1205 5439 1358 5493 esset
1387 5422 1978 5513 celebrata—antistes
2014 5422 2142 5504 ἠο-

561 5599 680 5687 (εο),
699 5602 802 5685 Hic
823 5609 911 5687 est
930 5607 1182 5687 celebris
1206 5585 1530 5675 Norbertus
1559 5620 2141 5683 Pramonstratensis

491 5669 717 5728 ordinis
744 5674 1060 5740 institutor.

2290 2220 2555 2293 probari.
2587 2221 2814 2278 Auditis
2845 2227 3047 2279 autem
3099 2238 3237 2295 quae
3297 2222 3374 2277 ab
3418 2219 3684 2294 apostolico
3714 2217 3804 2271 dice

2287 2308 2530 2380 bantur,
2553 2327 2765 2368 omnes
2806 2311 3175 2368 unanimiter
3205 2315 3270 2368 ut
3312 2310 3638 2368 canonizetur
3677 2321 3799 2362 assen-

2288 2415 2424 2456 sum
2461 2401 2752 2474 prabent,
2784 2405 2841 2458 et
2877 2406 2943 2457 ut
2961 2401 3178 2458 laudes
3209 2400 3450 2457 Domino
3495 2395 3795 2471 pcrsolvantur,

2287 2489 2619 2548 admonent
2647 2492 2753 2565 qui
2780 2491 3061 2564 dignatur
3096 2507 3302 2548 servos
3334 2507 3465 2546 suos
3488 2486 3795 2546 abinﬁrmitate

2284 2579 2469 2651 hujus
2499 2581 2694 2636 carnis
2732 2581 2978 2655 eripere,
3032 2585 3095 2638 et
3150 2583 3303 2637 inter
3339 2584 3552 2635 sanctos
3595 2581 3638 2631 et
3663 2574 3792 2630 electos

2285 2684 2428 2724 suos
2454 2669 2768 2727 collocare.
2795 2670 3091 2727 Continuo
3134 2673 3213 2728 Te
3230 2672 3410 2727 Deum
3465 2667 3708 2724 laudamus
3740 2676 3789 2714 ca-

2281 2757 2442 2814 nitur
2466 2776 2480 2826 ;
2512 2758 2646 2829 laus
2674 2760 3063 2832 omnipotenti
3099 2763 3223 2816 Deo
3251 2758 3580 2833 persolvitur,
3605 2758 3646 2809 et
3664 2749 3788 2806 sic'de

2280 2865 2449 2905 mum
2482 2850 2827 2907 coadunata
2859 2851 3136 2922 synodus
3183 2850 3523 2907 terminatur.
3568 2845 3678 2899 Tum
3708 2855 3783 2894 rem

2278 2937 2525 2996 antistes
2575 2944 2796 3008 noster,
2858 2941 3128 2997 munitus
3180 2938 3498 3014 apostolicis
3537 2932 3708 2999 litteris,
3741 2927 3783 2982 ad

2279 3042 2391 3083 nos
2447 3044 2639 3102 usque
2695 3030 3049 3100 regreditur,
3114 3036 3173 3088 et
3219 3047 3256 3087 a
3283 3030 3430 3086 clero
3455 3033 3504 3082 et
3533 3020 3694 3098 populo
3726 3017 3781 3072 be

2280 3117 2462 3188 nigne
2502 3119 2844 3192 suscipitur,
2897 3119 3230 3194 litteraque
3283 3116 3578 3193 apostolica
3618 3119 3778 3166 reseran-

2280 3210 2392 3262 tur.
2447 3208 2676 3274 Quibus
2729 3209 3010 3275 recitatis,
3059 3213 3186 3266 Deo
3242 3208 3439 3265 laudes
3483 3200 3774 3290 persolvuntiir.

2275 3299 2465 3354 'l‘enor
2513 3314 2658 3356 vero
2715 3299 3058 3372 apostolica
3121 3295 3500 3356 concessionis
3527 3290 3706 3364 sequitur
3736 3298 3772 3336 ιιι

2275 3386 2406 3442 hac
2437 3387 2623 3444 verba
2657 3406 2670 3443 :
3741 3460 3745 3467 ,

2349 3481 2434 3532 lt.
2463 3477 2824 3535 Ixsocsxrws
2855 3479 3199 3554 episcopus,
3230 3495 3429 3536 servus
3457 3466 3756 3558 servorum-DEI.

2270 3565 2500 3622 dilectis
2532 3567 2689 3640 filiis,
2717 3568 2876 3625 clero
2905 3573 2963 3625 et
2986 3569 3220 3642 populo
3252 3562 3750 3625 Hildenesheimensisa-

2271 3655 2455 3712 lutem
2482 3661 2538 3713 et
2563 3658 2959 3730 apostolicam
2985 3659 3472 3717 benedictionem.

2343 3747 2594 3804 Veniens
2624 3749 2704 3804 ad
2734 3766 2845 3805 nos
2873 3750 3234 3807 venerabilis
3257 3749 3427 3806 frater
3446 3749 3596 3802 noster
3614 3740 3754 3792 llum"

2269 3835 2387 3891 dus
2416 3837 2739 3911 episcopus
2790 3845 3003 3907 vester,
3050 3841 3116 3897 in
3161 3838 3419 3914 plenaria
3468 3828 3647 3908 synodo,
3676 3834 3753 3914 (ΙΨ

2269 3925 2466 3981 Remis
2488 3942 2595 3999 per
2620 3910 2722 3984 Dei
2744 3929 2997 3998 gratiam
3027 3910 3224 3988 fuerat
3248 3927 3578 3999 congregata,
3617 3910 3756 3999 attesta-

2267 4013 2426 4070 tione
2452 3994 2703 4073 fratrum
2745 4023 3088 4075 nostrorum
3142 4019 3541 4092 episcoporum,
3576 4013 3615 4062 cl
3650 3994 3756 4055 3W"

2269 4107 2417 4172 tum,
2451 4109 2508 4161 et
2532 4105 2787 4162 aliorum
2817 4107 2921 4180 qui
2947 4124 3156 4165 secum
3185 4109 3467 4171 venerant,
3506 4096 3758 4180 5300??”

2266 4171 2472 4249 moria
2504 4171 2926 4252 Godehardum
2959 4198 3310 4272 episcopum
3337 4198 3554 4251 vestrum
3589 4171 3755 4280 Ῑδυάξίρς

2263 4282 2394 4338 liter
2423 4283 2639 4340 vixisse
2672 4285 2731 4341 in
2761 4285 3010 4353 mundo,
3046 4294 3104 4345 et
3131 4294 3250 4344 tam
3273 4287 3332 4342 in
3382 4283 3484 4338 vita
3512 4261 3756 4364 qua???

2265 4375 2520 4428 mortem
2542 4373 2744 4430 multis
2778 4373 3081 4430 miraculis
3104 4387 3428 4432 coruscasse
3451 4344 3754 4454 asseruittlntit

2263 4476 2376 4516 nos
2397 4477 2538 4518 cum
2567 4462 2847 4519 fratribus
2875 4463 3094 4520 nostris
3127 4456 3486 4535 omnipotenti
3509 4441 3754 4536 0803??“

2263 4551 2603 4622 referentes,
2636 4553 2842 4610 habito
2861 4569 3072 4610 eorum
3098 4534 3339 4610 consilio
3362 4553 3411 4604 et
3435 4534 3752 4635 COIJdUdBUOTr

2262 4640 2407 4714 quia
2434 4642 2717 4698 eumdem
2746 4643 2807 4698 in
2836 4642 3003 4699 calis
3033 4659 3172 4700 cum
3196 4639 3396 4698 sanctis
3434 4628 3658 4723 crediItlllS

2259 4730 2480 4799 ronari,
2509 4731 2710 4804 ipsum
2737 4732 2888 4789 inter
2912 4740 3152 4791 sanctos
3171 4725 3428 4790 honorari
3451 4717 3748 4804 prmclplm'fs‘

2260 4795 2622 4877 mandantes
2642 4821 2815 4877 vobis
2843 4827 2906 4878 ut
2921 4827 2978 4878 et
3001 4823 3195 4879 eidem
3217 4822 3379 4877 beato
3398 4814 3502 4869 viro
3525 4795 3747 4860 solemnita-

2261 4911 2380 4965 tem
2405 4909 2467 4967 in
2495 4916 2690 4967 vestra
2721 4911 2978 4969 Ecclesia
3003 4911 3287 4981 statuatis,
3313 4913 3364 4964 et
3380 4903 3445 4960 ad
3467 4911 3570 4955 eam
3599 4894 3745 4944 διωυῶ

2256 4995 2388 5054 liter
2416 4999 2734 5057 convenire
2764 5002 3000 5058 curetis.

2281 5107 2289 5112 ·
2333 5091 2480 5145 Data
2508 5090 2706 5146 Remis
2737 5107 2791 5145 ιν
2811 5090 3112 5147 Kalendas
3141 5080 3467 5148 Novembris'
3491 5165 3498 5173 ,
3602 5155 3608 5173 ς

2265 5199 2268 5201 λ
2332 5182 2416 5234 12.
2444 5178 2558 5235 Sed
2587 5179 2730 5252 quia
2757 5184 2895 5236 tunc
2923 5146 3236 5236 hibernum
3262 5181 3465 5244 tempus
3487 5146 3732 5252 Πρηξίθῗίῗξ

2253 5282 2365 5324 nec
2381 5267 2462 5324 ad
2483 5243 2712 5325 tantum
2734 5268 3043 5340 negotium
3065 5286 3128 5325 se
3148 5263 3397 5339 expedire
3417 5243 3733 5370 νειιθῢῖξιξιξὲῇ

2252 5361 2341 5413 est
2369 5373 2727 5428 congruum,
2747 5375 2881 5432 qua
2902 5355 3394 5448 PBI‘0P05t01icu'.”
3421 5337 3727 5457 Tamiani:

2251 5423 2557 5504 catholicis
2579 5453 2635 5505 et
2659 5423 2948 5521 religiosis
2970 5449 3110 5506 viris
3131 5440 3380 5506 nuntiari,
3399 5440 3444 5492 εί
3458 5432 3603 5503 ipsam
3619 5423 3698 5470 mm

2321 5630 2337 5699 (
2345 5628 2803 5705 81)_Michaelem
2825 5629 3087 5705 appellat
3110 5617 3460 5689 Henschenius
3483 5609 3528 5665 in
3560 5592 3659 5657 notis
3675 5579 3723 5640 ad

2247 5699 2420 5766 hunc
2436 5699 2659 5764 locum.
