3998 6176
189 221 328 278 1213

1767 248 1769 250 η
1806 207 1990 266 νιΤΑ.

3475 212 3610 274 1214

173 342 463 402 lationem
491 357 686 416 usque
714 339 776 399 in
807 344 1093 415 quartum
1121 342 1322 398 Nonas
1351 337 1483 398 Maii
1509 334 1750 395 differri.
1776 336 1843 391 Et
1873 335 1922 391 Α
1950 349 2176 406 magna
2199 336 2530 396 reverentia
2558 335 2697 394 cieri
2729 339 2787 394 et
2813 335 3022 411 populi
3057 335 3338 407 defertur,
3366 337 3614 410 contigit

169 431 301 503 jam
333 435 572 504 tempus
603 429 944 496 advenerat,
979 445 1119 485 cum
1157 433 1282 486 tam
1332 425 1582 484 celebris
1612 437 1841 492 rumor,

176 519 400 576 scilicet
449 519 526 574 de
571 517 962 576 translatione
1011 517 1156 574 tanti
1193 515 1451 591 patroni,
1478 515 1540 572 in
1568 517 1843 572 nostram

175 609 477 666 civitatem
507 607 710 681 plures
760 613 885 664 tam
933 607 1246 678 religiosos
1285 622 1473 680 quam
1515 602 1844 679 promiscui

180 715 360 756 sexus
384 697 660 754 homines
687 696 1091 754 coadunabat.
1123 696 1222 752 llis
1249 695 1410 767 visis,
1441 693 1760 752 consilium
1779 692 1842 748 in

181 787 490 846 communi
534 792 833 844 conventu
880 786 1131 860 capitur,
1170 785 1428 860 qualiter
1468 788 1664 852 caute,
1715 784 1841 838 sine

182 878 522 936 turbatione
547 876 956 947 transferatur,
980 892 1056 934 ne
1087 875 1333 950 aliquod
1363 873 1718 933 scandalum
1744 888 1839 929 ec-

180 966 380 1023 clesiae
409 970 625 1023 nostrae
655 965 795 1022 inde
825 965 1067 1023 oriatur.
1101 968 1251 1022 Nam
1276 964 1440 1021 fuere
1468 962 1719 1038 quidam
1747 977 1840 1018 re-

177 1054 374 1127 ligiosi
404 1055 514 1112 viri
538 1055 875 1112 admodum
901 1055 1196 1124 timentes,
1226 1057 1472 1128 propter
1497 1050 1841 1126 longinqui-

177 1148 362 1202 tatem
395 1146 700 1218 temporis,
731 1144 826 1201 vel
854 1160 1076 1217 corpus
1117 1159 1242 1202 non
1285 1141 1558 1212 inveniri,
1588 1139 1679 1197 vel
1707 1140 1841 1196 nul-

178 1232 306 1288 lum
334 1231 624 1289 indicium
653 1232 980 1289 sanctitatis
1008 1231 1272 1305 reperiri.
1293 1230 1409 1289 Sed
1437 1229 1678 1287 tandem
1709 1232 1846 1302 post

181 1321 400 1379 multas
424 1321 887 1396 disceptationes
911 1321 972 1378 in
996 1322 1112 1378 hoc
1143 1336 1356 1378 omnes
1375 1319 1741 1378 conveniunt
1757 1322 1842 1387 ut,

182 1415 409 1470 remota
436 1411 837 1481 multitudine,
869 1415 1006 1468 ante
1066 1409 1451 1468 matutinales
1496 1410 1678 1466 horas
1717 1423 1844 1465 om-

183 1516 289 1557 nes
315 1500 694 1570 conveniant,
713 1504 770 1557 et
795 1499 877 1556 sic
907 1499 1206 1568 tumbam,
1225 1499 1287 1556 in
1311 1515 1436 1573 qua
1464 1497 1694 1572 positus
1718 1497 1843 1554 fue-

180 1594 291 1658 rat,
319 1607 460 1648 cum
484 1590 651 1648 omni
679 1589 994 1647 devotione
1021 1590 1309 1663 aperiant.
1343 1589 1545 1648 Mediae
1569 1601 1712 1659 ergo
1731 1604 1842 1644 no-

1949 425 2280 498 quemdam
2308 427 2372 484 in
2400 426 2628 484 ﬁumen
2661 427 2792 499 (82),
2824 426 2995 500 quod
3031 426 3377 500 praeterﬂuit
3404 427 3610 485 civita~

1951 520 2071 572 tem
2099 521 2391 588 nostram,
2421 516 2724 586 incidisse,
2757 521 2814 574 et
2840 517 3024 588 longo
3054 520 3324 591 tempore
3355 517 3467 573 sub
3495 533 3610 574 un-

1948 604 2041 661 dis
2065 611 2403 665 morantem
2429 607 2678 665 omnino
2709 607 3069 682 exspirasse.
3098 605 3199 664 Hic
3222 606 3371 663 dum
3393 622 3610 680 corpus

1947 695 2188 768 patroni
2216 697 2401 753 nostri
2429 696 2511 753 ad
2539 713 2679 754 eum
2709 696 3052 770 appropiat,
3078 694 3211 752 vita:
3237 693 3421 768 priori
3445 694 3612 751 resti-

1948 783 2148 851 tuitur,
2180 788 2257 856 et,
2291 786 2544 843 Domino
2573 786 2925 860 opitulante,
2957 800 3144 844 sanus
3193 789 3252 841 et
3292 783 3613 842 incolumis

1948 891 1986 931 a
2013 879 2171 932 terra
2199 875 2564 933 sublevatur.
2602 876 2712 944 Qui
2740 881 2950 950 postea
2975 892 3082 950 per
3107 875 3298 935 multa
3338 879 3612 949 tempora

1946 964 2009 1020 in
2053 963 2347 1021 famulatu
2391 965 2631 1038 patroni
2676 966 2862 1022 nostri
2915 965 3216 1041 apparuit,
3247 967 3305 1022 et
3348 979 3460 1038 pro
3487 962 3612 1021 vita

1947 1053 2218 1111 restituta
2246 1070 2371 1111 non
2400 1054 2672 1125 ingratus
2701 1058 2820 1112 Deo
2847 1055 3085 1114 exstitit.

2024 1146 2108 1198 14.
2151 1143 2248 1200 His
2272 1158 2416 1201 vero
2446 1143 2685 1213 auditis,
2716 1143 2965 1200 ecclesia
2994 1147 3206 1202 nostra
3251 1158 3373 1200 non
3405 1141 3608 1200 statim

1948 1235 2006 1290 et
2048 1231 2363 1288 indiscrete
2403 1232 2721 1306 acquievit,
2755 1232 2860 1288 sed
2891 1231 3055 1289 aliud
3090 1230 3306 1290 certius
3333 1234 3392 1287 et
3419 1231 3610 1287 mani-

1948 1320 2155 1378 festius
2209 1320 2572 1378 miraculum
2618 1320 2922 1377 humiliter
2949 1318 3334 1393 exspectavit.
3367 1319 3611 1376 Postera

1948 1426 2092 1467 vero
2137 1410 2255 1477 die,
2286 1427 2426 1468 cum
2474 1410 2603 1467 dies
2650 1409 3092 1468 anniversarius
3140 1407 3378 1482 patroni
3424 1406 3612 1464 nostri

1947 1500 2260 1570 illuxisset,
2288 1500 2456 1558 ﬁnita
2500 1500 2686 1557 missa
2733 1504 2790 1557 et
2815 1499 2980 1557 horis
3010 1497 3366 1566 constitutis,
3398 1497 3613 1556 mulier

1947 1591 2232 1664 quaedam
2279 1595 2469 1659 muta,
2501 1590 2733 1647 habens
2774 1588 2964 1646 ﬁlium
3016 1589 3316 1664 privatum
3361 1587 3611 1657 lumine,

181 1680 289 1736 etis
319 1686 590 1754 tempore
619 1680 864 1738 antistes
891 1684 1116 1748 noster,
1135 1696 1258 1738 una
1289 1695 1427 1737 cum
1454 1678 1744 1750 religiosis
1762 1678 1846 1734 vi-
1871 1697 1911 1751 Β
1949 1681 2146 1738 subito
2193 1680 2371 1754 quasi
2416 1680 2480 1737 in
2525 1679 2809 1736 exstasim
2859 1679 3110 1752 rapitur,
3143 1695 3214 1736 ac
3259 1694 3368 1752 per
3396 1677 3613 1735 horam

179 1769 263 1826 ris
293 1774 418 1827 tam
448 1769 764 1827 monachis
789 1786 979 1843 quam
1001 1769 1378 1840 regularibus
1407 1769 1520 1826 sibi
1541 1769 1846 1826 coaduna-

180 1859 276 1927 tis,
299 1876 440 1916 cum
470 1876 695 1930 magno
724 1859 936 1917 timore
957 1876 1027 1917 ac
1050 1865 1308 1918 tremore
1329 1863 1603 1935 cryptam
1623 1863 1843 1916 nostra:

181 1948 446 2006 ecclesiae
498 1949 698 2018 subiit,
729 1955 786 2006 et
832 1949 1298 2024 sarcophagum,
1329 1950 1392 2006 in
1439 1965 1563 2022 quo
1611 1948 1842 2021 positus

182 2037 376 2095 fuerat
421 2043 623 2095 noster
650 2043 959 2111 patronus,
993 2038 1210 2112 aperiri
1258 2037 1558 2112 praecepit,
1591 2034 1842 2110 ipseque

179 2143 321 2183 cum
350 2128 572 2183 caeteris
594 2126 871 2183 ﬁdelibus
892 2127 1264 2184 orationibus
1284 2128 1510 2184 interea
1534 2126 1843 2184 devotissi-

175 2231 276 2272 me
300 2215 527 2284 institit;
546 2215 651 2272 sed
675 2215 776 2270 ubi
801 2232 1075 2273 summus
1094 2215 1268 2273 labor
1286 2216 1348 2274 in
1367 2215 1704 2287 frangendo
1723 2231 1843 2272 sar-

174 2303 457 2378 cophago
486 2308 662 2361 antea
689 2302 856 2360 visus
881 2303 1090 2376 fuerat,
1115 2305 1266 2376 jam.
1293 2309 1414 2363 Deo
1439 2305 1711 2372 faciente,
1736 2305 1844 2362 illi-

172 2410 253 2451 co
299 2409 362 2450 se
411 2393 738 2467 aperiebat,
771 2399 829 2451 et
854 2395 1084 2452 aditum
1116 2395 1469 2454 facillimum
1511 2397 1592 2452 ad
1623 2411 1843 2469 corpus

173 2482 505 2556 praebebat.
533 2486 683 2540 Tum
711 2500 856 2539 vero
897 2488 1106 2558 aperto
1150 2485 1552 2557 sarcophago,
1585 2489 1843 2558 quantas

170 2573 484 2645 lacrymas
507 2572 837 2629 astantium
875 2573 1196 2646 aspiceres,
1227 2590 1384 2647 quos
1413 2574 1705 2646 singultus
1735 2590 1844 2630 au-

174 2661 362 2729 dires,
415 2677 604 2734 quam
650 2661 1025 2734 spiritualem
1078 2662 1534 2735 dispositionem
1580 2663 1846 2738 corporis

173 2750 371 2823 ipsius
399 2749 798 2823 prospiceres,
826 2749 962 2822 quis
986 2749 1078 2806 vel
1109 2767 1408 2820 sermone,
1430 2751 1524 2808 vel
1553 2753 1714 2825 stylo
1742 2769 1845 2808 ex-

173 2839 439 2912 primere
486 2839 733 2896 valeat?
775 2839 927 2905 Quid
957 2839 1133 2912 plura
1157 2841 1185 2896 ?
1231 2840 1472 2896 divinus
1509 2840 1760 2914 quidam
1791 2845 1847 2898 et

174 2927 522 2998 incognitus
551 2928 703 2984 odor
730 2926 1064 3000 fragrabat,
1095 2928 1200 3002 qui
1227 2929 1530 3002 quosdam
1559 2934 1844 3000 astantes,

177 3017 363 3090 quasi
385 3017 656 3090 quadam
687 3016 936 3090 spiritali
961 3017 1278 3074 dulcedine
1304 3018 1691 3090 refocillabat,
1714 3019 1847 3076 etin
1873 3048 1912 3104 ρ

184 3106 450 3179 perfecta
487 3105 606 3162 ﬁde
645 3105 973 3164 sanctitatis
1001 3107 1195 3180 ipsius
1244 3124 1348 3164 eos
1393 3109 1846 3167 corroborabat.

177 3199 334 3253 Tum
362 3212 502 3252 vero
530 3195 763 3253 videres
791 3212 1004 3252 omnes
1037 3213 1170 3253 sese
1206 3196 1508 3254 humiliter
1537 3214 1844 3267 excusare,

181 3302 366 3359 seque
395 3301 528 3342 esse
559 3285 843 3355 indignos
886 3286 1032 3343 tanti
1065 3287 1303 3360 patroni
1347 3304 1567 3362 corpus
1595 3285 1848 3359 attinge-

179 3393 268 3446 re,
293 3393 434 3433 cum
457 3375 732 3433 noverint
756 3375 944 3432 vitam
974 3392 1149 3433 suam
1175 3377 1352 3448 longe
1383 3377 1460 3434 ab
1487 3379 1617 3450 ejus
1637 3379 1851 3437 sancti-

186 3472 306 3524 tate
357 3466 722 3523 discordare.
757 3466 1046 3533 Tandem,
1096 3467 1383 3524 omnibus
1427 3470 1848 3526 cunctantibus

185 3561 245 3614 et
263 3557 508 3628 longam
533 3572 770 3613 moram
792 3555 1166 3629 facientibus,
1190 3573 1298 3630 per
1317 3557 1558 3615 fratrem
1574 3563 1848 3616 nostrum

188 3647 578 3721 praepositum
639 3646 1022 3703 Bertholdum
1089 3664 1309 3720 corpus
1369 3648 1735 3718 sublevatur,
1792 3654 1850 3707 et

190 3742 432 3810 propter
457 3736 904 3794 multitudinem
928 3737 1159 3810 populi,
1189 3754 1326 3811 qua:
1353 3738 1431 3794 ad
1460 3743 1691 3796 tantam
1719 3756 1848 3796 rem

185 3826 508 3884 videndam
540 3829 921 3895 convenerat,
952 3826 1015 3882 in
1040 3831 1336 3884 secretum
1383 3828 1622 3886 sacrarii
1662 3829 1851 3886 nostri

184 3916 555 3990 deportatur.

264 4011 349 4063 l3.
390 4005 506 4063 Sed
544 4007 672 4064 haec
716 4006 1008 4064 hactenus
1054 4007 1214 4064 dicta
1255 4007 1555 4065 suﬁiciant
1594 4008 1851 4082 qualiter

187 4096 264 4152 sit
313 4095 526 4152 beatus
599 4096 992 4154 Godeliardus
1056 4097 1398 4154 translatus.
1449 4101 1615 4154 Nunc
1671 4113 1850 4170 supe-

184 4190 312 4243 rest
362 4185 634 4244 charitati
682 4190 895 4243 vestrae
949 4186 1226 4244 intimare
1263 4187 1517 4260 qualiter
1560 4203 1669 4260 per
1709 4204 1851 4244 eum

183 4275 457 4333 mundus
513 4275 588 4333 sit
640 4275 1030 4345 illuminatus,
1088 4281 1146 4334 et
1196 4293 1392 4350 usque
1449 4277 1530 4334 ad
1575 4277 1851 4335 remotis-

1949 1786 2202 1844 parvam
2249 1769 2312 1826 in
2363 1774 2520 1827 terra
2561 1768 2881 1826 volutatur.
2935 1771 3258 1831 Transacto
3312 1783 3456 1824 vero
3504 1765 3611 1824 ali-

1948 1865 2176 1934 quanto
2219 1863 2508 1934 tempore,
2558 1858 2735 1915 matri
2787 1857 2994 1928 lingua
3041 1860 3358 1923 reseratur,
3402 1856 3612 1912 lumen

1947 1963 2136 2020 puero
2163 1946 2522 2003 restituitur:
2564 1951 2622 2002 et
2647 1945 3039 2002 manifestum
3071 1961 3201 2003 esse
3247 1942 3610 2009 miraculum

1946 2037 2230 2094 omnibus
2255 2036 2703 2110 comprobatur.
2737 2040 2884 2092 Nam
2913 2035 3077 2093 fuere
3124 2034 3186 2090 in
3231 2033 3468 2091 civitate
3499 2049 3609 2090 no-

1947 2131 2070 2184 stra
2115 2131 2258 2184 tunc
2303 2125 2591 2200 temporis
2636 2125 2891 2200 quidam
2939 2125 3051 2185 viri
3097 2123 3497 2185 auctorabiles
3534 2122 3610 2180 de

1947 2214 2197 2276 Corbeia
2226 2219 2359 2282 (83),
2387 2215 2577 2288 ipsius
2617 2214 2883 2270 mulieris
2917 2211 3476 2288 comprovinciales,
3505 2211 3612 2284 qui

1947 2320 2084 2362 eam
2113 2308 2525 2374 cognoverunt
2553 2307 2612 2359 et
2635 2302 2936 2359 verissime
2967 2317 3104 2360 eam
3132 2305 3365 2362 mutam
3389 2299 3611 2355 ﬁlium-

1948 2410 2068 2468 que
2096 2395 2230 2466 ejus
2281 2393 2510 2450 lumine
2556 2392 2857 2465 privatum
2899 2390 3082 2464 longo
3128 2398 3399 2463 tempore
3428 2387 3612 2444 fuisse

1950 2484 2398 2544 nuntiaverunt.
2429 2482 2528 2539 His
2557 2481 2800 2550 auditis,
2833 2480 2940 2553 [in]
2971 2479 3222 2542 ecclesia
3249 2482 3460 2536 nostra
3485 2482 3612 2536 tam

1951 2573 2144 2632 clerus
2172 2588 2360 2646 quam
2390 2570 2652 2644 populus
2681 2570 2744 2626 in
2772 2585 2966 2632 unum
3009 2568 3447 2636 coadunantur,
3479 2567 3610 2624 lau-
3655 2581 3660 2585 '

1950 2664 2058 2722 des
2087 2661 2345 2719 Creatori
2365 2659 2764 2734 persolvutur,
2790 2659 2896 2733 qui
2921 2658 3088 2718 novit
3111 2658 3330 2716 electos
3363 2674 3507 2715 suos
3531 2657 3610 2713 ab

1950 2752 2118 2813 omni
2159 2750 2552 2822 ambiguitate
2604 2749 2938 2819 absolvere,
2983 2753 3040 2805 et
3083 2748 3145 2807 in
3186 2747 3449 2823 perfecta
3491 2746 3612 2803 ﬁde

1951 2842 2230 2899 solidare.
2265 2840 2447 2910 Signa
2474 2839 2638 2896 enim
2679 2838 2975 2896 debentur
3015 2837 3360 2897 inﬁdelibus
3397 2852 3519 2893 non
3544 2835 3612 2892 ﬁ-

1952 2931 2211 3000 delibus,
2233 2934 2299 2987 ut
2326 2945 2434 3004 per
2461 2929 2753 2987 miracula
2782 2933 2840 2986 et
2868 2927 3156 2989 inusitata
3183 2926 3614 2986 conﬁrmentur

1953 3021 2014 3078 in
2037 3021 2133 3078 his
2163 3036 2299 3094 quas
2327 3037 2364 3078 a
2395 3019 2673 3076 sensibus
2700 3017 2918 3076 nostris
2947 3022 3004 3076 et
3028 3018 3320 3077 memoria
3350 3019 3491 3074 sunt
3519 3031 3611 3074 re—

1953 3115 2138 3168 mota.
3003 3137 3026 3170 ι

2029 3206 2114 3257 15.
2155 3200 2259 3256 Vix
2305 3198 2517 3257 laudes
2566 3198 2643 3255 de
2681 3197 2973 3254 miraculo
3004 3196 3290 3274 prcedicto
3335 3198 3455 3252 Deo
3485 3210 3617 3268 per-

1955 3290 2288 3362 solvuntur,
2321 3305 2463 3345 cum
2511 3287 2763 3344 claudus
2793 3286 3067 3360 quidam,
3095 3285 3200 3361 qui
3247 3284 3430 3355 longo
3472 3287 3617 3339 tem-

1955 3395 2101 3453 pore
2144 3382 2484 3436 contractus
2530 3377 2742 3445 fuerat,
2777 3392 2838 3431 se
2870 3374 3068 3434 subito
3111 3372 3398 3443 erigebat,
3426 3375 3483 3428 et
3510 3388 3616 3444 pe-

1954 3469 2096 3526 dem
2122 3467 2299 3524 tirmo
2346 3482 2562 3539 gressu
2591 3471 2760 3523 terras
2789 3463 3092 3536 aﬁigebat.
3129 3462 3342 3536 Sicque
3391 3461 3617 3519 factum

1955 3563 2045 3616 est
2094 3561 2160 3614 ut
2210 3557 2343 3631 ipsa
2388 3556 2484 3613 die
2534 3554 2928 3613 anniversarii
2975 3552 3213 3628 patroni
3240 3552 3433 3610 nostri
3463 3550 3619 3608 infra

1953 3648 2273 3706 basilicam
2328 3650 2598 3704 nostram
2653 3645 2922 3718 quinque
2975 3641 3270 3702 miracula
3316 3640 3619 3712 contingee

1953 3742 2104 3806 rent,
2135 3754 2272 3812 quae
2315 3736 2600 3794 omnibus
2641 3734 2961 3793 manifesta
3003 3732 3184 3792 fuisse
3233 3734 3612 3805 apparerent.

1955 3831 2161 3885 Caecus
2214 3827 2376 3884 enim
2418 3826 2600 3894 videt,
2631 3830 2823 3882 mater
2864 3823 3053 3896 ipsius
3093 3823 3378 3897 loquitur,
3419 3819 3617 3878 claudi

1953 3923 2074 3975 tres
2131 3920 2489 3990 potestatem
2545 3911 2900 3970 ambulandi
2949 3913 3320 3982 receperunt.
3383 3909 3478 3964 llis
3537 3908 3619 3964 ita

1958 4005 2158 4076 gestis,
2187 4019 2396 4061 rumor
2425 4007 2484 4058 et
2523 4002 2688 4057 fama
2716 3999 2953 4072 patroni
2999 3996 3188 4054 nostri
3231 3999 3475 4068 propter
3503 3994 3614 4050 fre-

1957 4094 2269 4168 quentiam
2297 4089 2714 4157 multitudinis,
2731 4104 2868 4161 quae
2893 4086 2973 4143 ad
3006 4084 3460 4144 translationem
3491 4087 3620 4140 tan-

1956 4185 2001 4242 ti
2029 4183 2141 4241 viri
2167 4184 2548 4247 convenerat,
2582 4177 2778 4248 magis
2805 4181 2863 4234 et
2882 4175 3078 4247 magis
3111 4174 3387 4244 innotuit,
3407 4178 3465 4231 et
3487 4189 3618 4236 sese

1956 4275 2020 4332 in
2048 4288 2261 4330 omnes
2309 4267 2846 4343 comprovinciales
2895 4271 3085 4325 terras
3131 4263 3418 4324 dilatavit.
3448 4264 3618 4322 Unde

183 4363 374 4462 simas
418 4367 622 4462 gentes
663 4369 720 4422 et
759 4365 1204 4462 paganissimas
1242 4366 1554 4462 exaltatus.
1587 4369 1736 4424 Nam
1775 4383 1848 4423 ex
1874 4405 1920 4462 Β
1959 4365 2185 4422 factum
2215 4365 2395 4462 estut
2433 4363 2600 4462 tanta
2623 4356 2961 4462 multitudo
3012 4355 3332 4462 hominum
3358 4353 3619 4462 patroci-

181 4452 621 4526 longinquitate
662 4453 946 4526 temporis
991 4453 1203 4511 merita
1230 4453 1364 4510 vitae
1393 4454 1582 4527 ipsius
1610 4454 1851 4514 fuerunt

185 4557 346 4616 pene
375 4541 598 4600 abolita
633 4545 692 4599 et
727 4542 938 4615 paucis
972 4542 1392 4600 tantummodo
1422 4543 1680 4614 cognita,
1711 4560 1849 4618 quas

185 4647 300 4706 per
346 4631 796 4689 translationem
849 4632 1116 4705 corporis
1168 4631 1358 4706 ipsius
1413 4631 1850 4691 evidentissime

188 4719 477 4776 omnibus
533 4724 674 4778 sunt
725 4720 1125 4779 manifestata.
1181 4725 1287 4779 Tot
1339 4721 1500 4778 enim
1563 4723 1851 4779 Dominus

188 4826 302 4884 per
347 4825 487 4865 eum
541 4809 676 4866 fecit
725 4809 1038 4879 miracula,
1095 4815 1160 4868 ut
1205 4828 1316 4868 nec
1364 4811 1570 4883 lingua
1614 4812 1855 4870 valeant

189 4897 450 4972 exprimi
480 4899 569 4955 vel
597 4898 911 4972 scriptura.
945 4903 1028 4957 Ea
1073 4905 1274 4958 autem
1304 4918 1438 4975 quae
1484 4906 1624 4958 sunt
1665 4903 1855 4959 notio-

190 5005 265 5046 ra
313 4992 370 5045 et
424 4988 838 5045 manifestiora
889 4990 1206 5060 aggredior
1260 4991 1618 5060 describere,
1672 4997 1738 5049 ut
1791 4992 1854 5049 iu

191 5077 280 5133 eis
305 5076 618 5150 posteritas
648 5077 724 5134 de
753 5077 1084 5151 patrocinio
1110 5079 1255 5135 tanti
1277 5079 1460 5136 Patris
1489 5080 1681 5154 possit
1710 5098 1854 5138 con-

193 5165 398 5224 ﬁdere.
450 5170 595 5224 Nam
644 5167 777 5241 ipsa
821 5167 919 5224 die
965 5167 1389 5240 translationis,
1439 5187 1576 5226 cum
1635 5189 1854 5245 corpus

192 5255 385 5329 ipsius
445 5272 637 5330 usque
689 5257 768 5314 ad
825 5260 1094 5314 montem
1149 5257 1350 5314 Sancti
1399 5259 1657 5316 Mauricii
1713 5277 1854 5318 cum

269 5417 378 5492 (82)
416 5421 594 5492 _lngra
625 5417 716 5492 ab
743 5416 953 5492 incolis
997 5417 1232 5492 dicitur,
1263 5417 1391 5492 qui,
1412 5419 1597 5475 tribus
1627 5420 1855 5477 circiter

196 5487 382 5544 leucis
413 5487 566 5546 infra
594 5487 1061 5546 Hildcshemium
1093 5487 1613 5547 Leinte'miscetur.

414 5561 651 5645 Insigne
680 5561 1113 5642 monasterium
1143 5560 1630 5645 Senoniaetquod
1648 5567 1853 5645 sancto

197 5629 562 5705 Adhelardo'
590 5648 766 5705 suam
813 5632 1106 5704 originem
1157 5633 1357 5703 debet,
1389 5637 1455 5691 ut
1477 5629 1550 5690 in
1580 5633 1854 5705 ejusdem

203 5703 391 5760 sancti
423 5703 546 5765 Vita
582 5703 810 5763 Saeculo
843 5707 924 5764 lx.

1958 4455 2061 4512 nia
2105 4451 2364 4529 pastoris
2409 4449 2597 4507 nostri
2619 4447 3071 4522 implorantium
3101 4446 3163 4505 in
3191 4445 3485 4504 civitatem
3514 4459 3620 4500 no-

1959 4550 2145 4603 stram
2174 4541 2523 4609 conﬂueret,
2551 4543 2846 4614 quantam
2893 4537 3095 4594 nullus
3141 4534 3460 4594 hominum
3507 4547 3619 4588 nec

1960 4638 2138 4692 antea
2185 4633 2249 4690 in
2293 4630 2543 4688 ecclesia
2585 4631 2797 4687 nostra
2847 4626 3012 4691 vidit,
3060 4641 3191 4692 nec,
3240 4627 3304 4678 ut
3339 4621 3615 4689 arbitror,

1959 4723 2243 4796 deinceps
2270 4719 2513 4779 videbit.
2546 4720 2697 4774 Nam
2727 4730 2939 4772 omnes
2984 4712 3276 4772 habentes
3321 4707 3615 4778 inﬁrmos,

1958 4810 2298 4883 languidos,
2347 4807 2615 4873 claudos,
2667 4802 2883 4861 surdos
2956 4804 3014 4857 et
3058 4803 3280 4866 mutos,
3333 4813 3444 4854 nec
3493 4812 3616 4854 non

1961 4908 2016 4960 et
2044 4898 2473 4964 deemon‘iacos,
2503 4894 2598 4951 vel
2618 4892 2844 4966 quovis
2870 4889 3084 4951 morbo
3121 4888 3393 4948 detentos
3421 4902 3617 4960 usque

1962 4991 2038 5049 ad
2068 4986 2471 5064 patrocinium
2515 4981 2773 5057 pastoris
2820 4978 3008 5037 nostri
3054 4993 3166 5053 pro
3204 4975 3621 5050 recuperanda

1961 5080 2214 5138 sanitate
2243 5074 2538 5133 deferunt.

2040 5169 2122 5224 16.
2164 5163 2420 5234 Contigit
2440 5177 2580 5219 vero
2610 5160 2768 5217 circa
2811 5158 2974 5216 idem
3003 5161 3262 5232 tempus,
3293 5156 3460 5231 quod
3487 5154 3618 5230 qui-

1961 5259 2107 5316 dam
2136 5256 2247 5313 viri
2272 5251 2667 5312 auctorabiles
2692 5250 2767 5307 de
2791 5247 3112 5321 Thuringia
3136 5247 3246 5321 (84)
3267 5245 3615 5317 adveniunt,

2033 5419 2143 5496 (84)
2173 5413 2494 5496 Ίζῂιξνίηεξθ,
2509 5409 3052 5496 amplissimaolim
3077 5407 3261 5481 regio,
3282 5405 3618 5496 quaeetiam

1962 5481 2146 5562 Regni
2177 5481 3015 5562 titulum'hahuitsubprima
3033 5496 3245 5562 regum
3270 5483 3618 5562 nostrorum

1961 5551 2183 5635 stirpe:
2230 5575 2396 5635 _nun_c
2425 5557 2598 5635 valde
2646 5551 2982 5635 imminuta,
3014 5551 3454 5635 provinciacst
3485 5552 3620 5635 per:

1960 5620 2178 5690 manias
2226 5632 2288 5688 in
2343 5628 2604 5689 Saxonia
2631 5625 2943 5702 superiori,
2969 5620 3104 5703 quae
3134 5620 3384 5682 diversis
3413 5620 3620 5682 subest

1959 5703 2352 5782 principibus.
