3996 6168
494 199 632 260 1215

1423 204 1478 262 S.
1521 200 1933 262 GODEHARDI
1982 197 2298 258 EPlSCOPI
2331 198 2972 261 HILDESHEIMENSIS.
3710 210 3793 264 ηίε

489 325 596 402 qui
624 342 802 384 suum
831 329 1133 400 pastorem
1163 343 1286 386 una
1316 345 1504 386 manu
1531 329 1792 386 debilem
1823 341 2028 383 secum
2057 323 2138 382 ad
2166 324 2218 379 Α
2255 339 2374 396 gne
2403 327 2778 393 miraculum,
2810 331 2866 385 et
2891 327 3151 399 dignum
3192 325 3490 384 memoriis
3515 327 3791 390 tradendum

490 416 812 473 duxerunt.
840 417 904 472 Hi
933 421 997 472 ut
1023 419 1424 490 patrocinium
1469 421 1627 476 beati
1666 417 2002 475 Godehardi
2031 415 2140 471 im-

490 506 895 581 ploraverunt,
918 507 1075 564 illico
1097 509 1416 565 sanitatem
1439 509 1676 583 recepit,
1701 513 1758 565 et
1773 522 2024 563 manum
2044 505 2143 561 de-

489 592 672 652 bilem
703 595 904 652 erexit.
939 599 1070 664 Quo
1095 596 1272 666 facto,
1301 613 1512 654 omnes
1543 598 1903 655 unanimiter
1930 595 2141 652 laudes

491 684 611 741 Deo
637 677 994 756 referebant,
1026 693 1082 743 et
1105 687 1166 744 in
1197 689 1436 758 signum
1460 689 1722 745 veritatis
1748 701 1997 743 manum
2020 698 2146 741 ma-

489 773 598 832 nui
638 775 1096 848 comparabant.
1132 780 1279 834 Nam
1321 793 1573 834 manum
1613 791 1735 850 qua
1783 771 2145 848 pastoralem

489 863 726 934 virgam
755 865 894 920 ante
925 863 1182 932 tenebat,
1215 881 1496 936 rugosam
1529 872 1586 921 ct
1614 864 1957 922 induratam
1985 861 2146 918 inve-

490 957 711 1009 nerunt
739 971 752 1022 ;
803 953 1055 1011 alteram
1087 968 1227 1012 vero
1275 973 1412 1012 cum
1444 973 1566 1030 qua
1595 972 1718 1012 non
1747 954 2143 1022 laboraverat,

495 1039 824 1099 Candidam
855 1043 912 1100 ct
940 1045 1180 1101 mollem
1212 1049 1575 1119 repererunt;

572 1135 655 1187 l7.
699 1132 796 1188 His
826 1132 910 1189 ita
953 1134 1152 1204 gestis,
1189 1140 1473 1191 matronae
1503 1135 1784 1208 qnzcdain
1816 1135 1894 1191 ab
1933 1133 2146 1191 eadem

497 1223 650 1276 terra
681 1237 871 1293 usque
908 1223 985 1278 ad
1034 1239 1146 1278 nos
1177 1229 1592 1296 pervenerunt,
1628 1223 1914 1280 ducentes
1943 1239 2147 1280 secum

494 1311 736 1364 mutum.
761 1309 943 1379 longo
976 1315 1245 1382 tempore
1299 1313 1460 1386 loqui
1509 1330 1630 1369 non
1658 1313 1972 1369 valentem.
2005 1314 2148 1378 Qum

494 1395 644 1452 dum
673 1398 1042 1455 orationibus
1071 1400 1424 1468 insisterent,
1459 1419 1529 1459 ac
1573 1419 1683 1475 pro
1726 1403 1858 1475 ipso
1895 1401 2150 1475 patroci-

493 1483 664 1540 nium
693 1484 852 1542 beati
895 1489 1230 1546 Godehardi
1270 1493 1678 1565 implorarent,
1713 1492 1910 1548 subito
1947 1491 2151 1547 vincu-

493 1572 622 1630 lum
649 1574 868 1646 lingum
899 1581 986 1633 est
1015 1585 1280 1652 ruptum,
1317 1586 1373 1638 et
1397 1583 1661 1638 officium
1690 1582 1876 1656 ipsius
1907 1598 2014 1654 per
2037 1579 2150 1636 mi-

495 1663 882 1722 sericordiam
913 1668 1014 1724 Dei
1039 1674 1126 1724 est
1151 1671 1508 1728 restitutum.

571 1758 654 1811 l8.
699 1756 830 1812 Fuit
855 1771 994 1813 vero
1039 1763 1178 1816 tunc
1211 1761 1498 1835 temporis
1531 1762 1902 1835 Erpisfordiae
1935 1763 2038 1835 (85)
2070 1761 2154 1818 vi-

495 1844 868 1914 eedominus,
895 1847 1129 1904 habens
1151 1867 1261 1922 pro
1289 1851 1694 1908 misericordia
1723 1853 1821 1910 Dei
1843 1853 2148 1921 claudum,

497 1938 554 1992 et
579 1950 733 2008 pene
761 1937 1045 1994 omnibus
1078 1941 1366 1996 membris
1397 1942 1791 2009 debilitatum,
1825 1943 2153 2015 eleemosy-

495 2022 590 2079 nis
633 2023 757 2080 suis
801 2025 1140 2095 addictum;
1173 2045 1378 2102 quem,
1411 2030 1629 2085 auditis
1661 2031 1984 2100 miraculis,
2015 2046 2152 2103 quas

494 2127 602 2187 per
630 2117 952 2187 patronum
983 2121 1258 2173 nostrum
1293 2118 1534 2184 ﬁebant,
1569 2136 1760 2192 usque
1793 2120 1871 2174 ad
1901 2119 2155 2192 patroci-

494 2203 665 2260 nium
691 2205 900 2279 ipsius,
933 2207 994 2263 in
1019 2209 1335 2265 ecclesiam
1355 2215 1623 2266 nostram
1657 2211 1884 2266 direxit.
1917 2215 1980 2266 Et
2004 2211 2155 2266 sicut

497 2293 768 2366 credidit,
801 2297 889 2351 sic
938 2314 1046 2370 per
1094 2299 1561 2356 misericordiam
1607 2301 1706 2356 Dei
1736 2302 1974 2373 recepit.
2005 2305 2153 2358 Nam

497 2399 676 2456 quem
731 2385 990 2442 debilem
1022 2392 1079 2444 et
1107 2388 1355 2444 omnino
1385 2389 1661 2446 incedere
1705 2405 1824 2446 non
1859 2389 2154 2446 valentem

497 2488 694 2546 usque
741 2475 819 2531 ad
870 2491 983 2531 nos
1028 2479 1374 2547 transmisit,
1411 2481 1528 2534 Deo
1561 2479 1904 2550 adjuvante,
1939 2495 2156 2536 sanum

499 2566 557 2619 et
585 2563 954 2621 incolumem
985 2568 1266 2640 suscepit.

573 2658 655 2710 t9.
700 2655 828 2712 Fuit
855 2671 998 2712 vero
1027 2656 1184 2713 circa
1212 2657 1372 2714 idem
1425 2664 1660 2730 tempus
1693 2659 1750 2714 in
1787 2659 1934 2716 cella
1961 2660 2156 2716 beatas

497 2743 756 2801 Paulinae
787 2747 924 2817 (86),
947 2746 1136 2804 multo
1168 2752 1435 2822 tempore
1459 2749 1713 2822 quidam
1745 2749 2002 2806 claudus
2031 2766 2158 2806 oms

495 2833 678 2891 nibus
725 2840 906 2892 notus
961 2839 1016 2891 et
1054 2837 1428 2894 manifestus.
1466 2838 1632 2893 Hunc
1663 2844 1874 2912 potens
1903 2839 2156 2912 quidam

495 2923 574 2980 de
603 2925 927 2996 Thuringia
959 2942 1066 2999 per
1093 2926 1394 2983 licentiam
1425 2928 1661 2983 abbatis
1701 2929 1778 2984 ad
1828 2944 1890 2984 se
1937 2929 2158 3003 recepit

497 3017 555 3070 et
581 3029 720 3087 quae
751 3016 989 3087 corpori
1013 3017 1317 3074 ncessaria
1345 3018 1580 3074 fuerant
1607 3033 1718 3084 pro
1749 3017 2158 3076 misericordia
2186 3043 2227 3100 ρ

497 3101 734 3158 Domini
784 3102 900 3177 ipsi
949 3105 1232 3174 erogavit.
1278 3105 1376 3162 ilic
1419 3105 1497 3162 ad
1547 3106 1949 3179 patrocinium
1998 3107 2158 3164 beati

496 3192 834 3249 Godehardi
861 3195 1152 3268 pervenit,
1185 3201 1242 3254 et
1269 3196 1669 3268 integritatem
1715 3191 1982 3272 corporis
2022 3214 2156 3272 per-

497 3282 671 3356 cepit.

565 3375 654 3428 20.
701 3372 826 3429 Fuit
853 3373 1033 3431 etiam
1061 3380 1200 3431 tunc
1226 3374 1511 3448 temporis
1541 3375 1602 3431 in
1634 3376 1964 3448 Thuringia
1994 3377 2158 3450 puel-

493 3460 555 3517 la
579 3461 863 3533 quaedam
892 3462 1170 3533 gibbosa,
1203 3463 1264 3518 in
1309 3463 1491 3518 dorso
1523 3463 1694 3519 valde
1724 3469 1990 3522 curvata.
2026 3467 2157 3520 Haec

494 3549 740 3605 veniens
769 3551 848 3607 ad
887 3551 1286 3623 patrocinium
1318 3552 1474 3608 beati
1515 3553 1874 3625 Godehardi,
1909 3572 2016 3628 per
2047 3555 2158 3611 mi—

497 3637 884 3696 sericordiam
912 3641 1010 3696 Dei
1038 3645 1131 3697 est.
1159 3646 1376 3712 erecta,
1399 3645 1455 3699 et
1473 3643 1640 3716 quod
1669 3659 1806 3700 raro
1831 3645 1958 3701 ﬁeri
1989 3645 2156 3715 solet,

497 3726 681 3798 gibbo
707 3733 798 3784 est
826 3729 1077 3787 omnino
1104 3731 1357 3804 privata.
1393 3732 1487 3787 Vir
1533 3732 1784 3806 quidam
1830 3734 1907 3790 ab
1945 3735 2160 3791 eadem

497 3819 653 3874 terra
699 3823 896 3888 natus,
937 3835 1045 3893 per
1095 3819 1569 3878 misericordiam
1618 3822 1855 3878 Domini
1898 3829 1956 3880 et
2001 3823 2157 3880 beati

497 3906 855 3980 Godehardi,
887 3909 966 3966 ab
995 3908 1209 3966 eodem
1241 3910 1456 3966 morbo
1485 3915 1574 3968 est
1599 3910 1888 3968 liberatus

563 4001 654 4056 2t.
697 3997 918 4056 Iisdem
977 4015 1120 4056 vero
1151 4001 1522 4073 temporibus
1552 3999 1660 4057 fuit
1687 4007 1966 4059 matrona
1992 4018 2157 4076 qure-

493 4087 639 4145 dam
669 4087 748 4144 ab
792 4088 1003 4144 Hassia
1042 4089 1176 4160 (87),
1209 4089 1494 4146 omnibus
1545 4091 2158 4164 comprovincialibus

492 4181 658 4246 nota,
685 4180 741 4234 et
769 4178 1054 4234 maximis
1097 4178 1546 4236 infirmitatibus
1573 4195 1681 4252 per
1705 4180 1897 4236 multa
1925 4186 2156 4255 tempo-

493 4281 564 4322 ra
600 4265 859 4327 detenta.
894 4268 1028 4324 Hrec
1077 4283 1216 4324 cum
1269 4269 1417 4324 nihil
1457 4271 1589 4340 jam
1639 4274 1854 4342 praeter
1901 4277 2159 4328 mortem

497 4359 784 4430 speraret,
844 4355 1088 4412 tandem
1142 4358 1544 4430 patrocinium
1608 4358 1769 4414 beati
1822 4359 2158 4430 Godehardi

494 4429 798 4502 humiliter
819 4429 1180 4518 imploravit,
1203 4461 1453 4519 seseque
1475 4447 1554 4504 ad
1575 4451 1796 4503 terram
1819 4429 2156 4521 prostravit,

495 4539 554 4592 et
581 4534 734 4590 miro
761 4535 946 4592 modo
979 4533 1296 4592 sanitatem
1327 4536 1566 4608 recepit.
1599 4540 1748 4592 Nam
1787 4543 1846 4594 et
1869 4537 1933 4594 in
1962 4538 2157 4609 ingui-

495 4641 573 4682 ne
619 4624 722 4681 ubi
751 4629 927 4681 antea
957 4640 1097 4680 caro
1141 4641 1290 4682 sana
1339 4625 1549 4692 fuerat,
1583 4626 1782 4682 subito
1811 4643 1874 4682 se
1904 4633 2156 4700 aperuit,

496 4719 554 4774 et
598 4714 754 4771 duos
798 4714 1032 4788 lapides
1085 4718 1263 4771 tantae
1313 4715 1773 4785 magnitudinis,
1816 4721 2058 4789 quantm
2098 4718 2158 4774 in

495 4808 768 4864 humano
799 4820 1047 4879 corpore
1091 4820 1270 4862 nemo
1317 4806 1482 4878 prius
1510 4803 1762 4876 viderat,-
1794 4805 1990 4862 subito
2020 4809 2158 4863 emi-

498 4895 590 4952 sit.
620 4895 750 4961 Quo
801 4893 978 4958 facto,
1013 4907 1204 4950 unum
1234 4909 1439 4950 secum
1483 4893 1545 4950 in
1591 4894 1832 4964 signum
1861 4893 2156 4966 miraculi,

495 4998 692 5058 usque
719 4983 797 5042 ad
812 4981 1212 5056 patrocinium
1233 4983 1745 5059 beatiGodehardi
1763 4983 1824 5040 in
1843 4983 2159 5041 ecclesiam

498 5077 770 5132 nostram
800 5071 1046 5140 detulit;
1087 5071 1348 5129 alterum
1379 5088 1517 5129 vero
1547 5072 1609 5128 in
1655 5072 1897 5144 signum
1931 5072 2160 5129 virtutis

501 5163 602 5236 Dei
633 5159 800 5219 domi
827 5160 1172 5218 reservavit.

572 5257 662 5309 22.
687 5251 853 5311 Circa
879 5249 1042 5312 idem
1067 5253 1307 5324 tempus
1329 5251 1572 5324 contigit
1594 5251 1655 5309 in
1672 5252 1994 5326 Thuringia
2017 5252 2158 5310 insi-

576 5413 684 5490 (δεῇ)
727 5411 876 5490 Urbs
921 5409 1266 5482 Thuringiee
1295 5413 1621 5490 praecipua,
1653 5412 1949 5472 celebrem
1979 5413 2163 5470 habet

506 5485 906 5554 academiam.

578 5557 688 5627 (83)
728 5553 1146 5628 Monasterium
1161 5556 1494 5628 Thuringim
1518 5572 1555 5612 a
1585 5555 1830 5614 Paulina
1859 5555 2160 5628 comitissa

507 5625 772 5703 erectum
797 5629 929 5685 sub.
951 5625 1180 5703 lienrici
1201 5625 1664 5703 lYimperatoris
1681 5629 2040 5703 principatu,
2059 5627 2163 5703 ad-

507 5697 738 5770 vocatis
766 5715 798 5754 e
826 5697 1190 5763 monasterio
1245 5697 1650 5772 Hirsaugiensi
1681 5697 2006 5758 monachis
2025 5697 2046 5761 f:
2086 5702 2162 5756 de

2253 416 2409 472 Nam
2439 417 2561 474 duo
2589 417 2714 489 viri,
2743 418 2896 491 proh
2919 417 3094 474 dolor
3118 419 3132 473 l
3165 417 3332 474 male.
3355 417 3607 474 societate
3627 422 3794 490 conjun-

2250 504 2346 573 cti,
2366 505 2589 563 furtum
2618 507 2926 580 quoddam
2953 510 3345 580 peregerunt,
3369 510 3428 562 et
3448 505 3611 580 pelles
3631 509 3796 582 quidam

2251 594 2699 669 subripuerunt.
2734 599 2970 653 Factum
3001 600 3098 653 est
3120 612 3270 668 ergo
3309 601 3374 652 ut
3401 601 3622 669 uterque
3643 615 3799 670 capere-

2248 689 2346 742 tur
2388 687 2446 740 et
2469 685 2548 741 ad
2573 684 2864 756 judicium
2896 685 3256 741 traheretur.
3291 683 3400 740 Sed
3436 699 3564 740 cum
3584 685 3686 757 jam
3707 694 3801 744 uter-

2251 786 2370 848 que
2401 773 2654 831 convicti
2685 774 3005 848 suspendio
3035 774 3439 844 traderentur,
3469 774 3598 830 alter
3620 775 3802 848 ipsorum

2251 864 2377 922 toto
2422 865 2600 920 corde
2629 863 2936 936 ingemuit,
2967 868 3037 931 et,
3077 864 3252 938 quod
3284 863 3474 919 solum
3507 868 3712 938 poterat,
3728 881 3804 921 cor-

2252 953 2327 1010 de
2356 947 2608 1010 contrito
2637 957 2698 1010 et
2736 953 3044 1009 humiliato
3098 951 3502 1025 patrocinium
3525 953 3658 1009 beati
3686 955 3802 1009 Gede-

2251 1043 2427 1100 hardi
2456 1042 2791 1117 imploravit
2815 1061 2828 1111 ;
2861 1043 3006 1100 alter
3034 1059 3189 1100 vero
3213 1041 3391 1116 quasi
3418 1042 3696 1116 desperans
3715 1041 3804 1099 nuli

2252 1133 2520 1208 petitioni
2543 1133 2768 1203 institit,
2795 1131 2885 1188 vel
2921 1149 3138 1190 vocem
3191 1132 3638 1206 compunetionis
3661 1133 3800 1189 emisit.

2255 1224 2503 1278 Factum
2531 1225 2620 1278 est
2645 1220 2822 1290 igitur
2852 1225 2915 1277 ut
2944 1237 3066 1277 uno
3085 1219 3234 1276 fune
3254 1219 3657 1290 colligerentur,
3674 1224 3804 1276 etum

2253 1327 2428 1368 ramo
2445 1310 2969 1384 suspenderentur.-
2991 1313 3126 1376 Quo
3151 1310 3332 1377 facto,
3351 1308 3491 1366 alter
3508 1309 3729 1384 spiritum
3745 1309 3805 1365 illi-

2257 1417 2326 1458 co
2357 1401 2583 1467 emisit;
2615 1399 2762 1457 alter
2784 1415 2944 1467 vero,
2973 1399 3081 1473 qui
3112 1398 3511 1471 patrocinium
3536 1398 3666 1454 beati
3686 1398 3806 1454 Gods

2255 1491 2428 1549 bardi
2476 1490 2918 1564 imploraverat,
2949 1489 3077 1545 sine
3107 1489 3358 1545 laesione
3403 1493 3458 1546 et
3499 1488 3718 1546 molestia
3747 1499 3806 1562 pe-

2256 1579 2482 1654 pendit.
2516 1579 2628 1636 Sed
2650 1579 2781 1651 jam
2822 1579 3003 1649 longo
3033 1577 3239 1652 spatio
3267 1577 3542 1634 horarum
3579 1582 3804 1643 transacto,

2182 1689 2222 1743 Β
2257 1669 2354 1726 ille
2371 1670 2546 1742 cujus
2574 1669 2756 1742 pelles
2783 1667 3292 1742 fuerantpropius
3322 1665 3592 1724 accedens
3615 1671 3660 1723 et
3671 1666 3805 1722 videns

2260 1759 2516 1816 alterum
2544 1758 2904 1832 exspirasse,
2927 1758 3065 1814 huic
3087 1775 3280 1832 quem
3310 1757 3501 1814 adhuc
3525 1757 3685 1814 vivere
3701 1761 3808 1829 puts

2258 1849 2342 1906 vit
2369 1849 2432 1905 in
2460 1849 2588 1905 haec
2615 1849 2802 1906 verba
2830 1848 3127 1922 prorupit,
3159 1847 3468 1922 quaerebat
3493 1846 3628 1904 enim
3651 1845 3688 1902 si
3708 1845 3806 1901 vive

2259 1945 2366 2008 ret,
2397 1943 2502 1996 aut
2549 1939 2600 1995 si
2627 1939 2813 1996 vitam
2849 1938 3104 1996 retinere
3153 1939 3459 2012 potuisset.
3491 1937 3575 1994 Ille
3597 1951 3708 1992 vero
3728 1950 3807 2007 spe-

2258 2045 2403 2087 rans
2433 2029 2546 2086 sibi
2569 2028 2938 2100 adjutorium
2963 2028 3312 2095 advenisse,
3345 2027 3620 2084 confessus
3639 2028 3806 2081 estetse

2259 2121 2480 2188 vivere,
2513 2123 2570 2176 et
2617 2119 2850 2176 nullum
2897 2119 3176 2176 dolorem
3231 2119 3459 2175 sentire.
3493 2121 3597 2174 lioc
3636 2114 3804 2172 audiens

2261 2211 2365 2284 qui
2408 2226 2546 2266 eum
2597 2208 2884 2281 suspendi
2916 2208 3160 2278 fecerat,
3196 2223 3477 2280 magnam
3510 2203 3804 2262 inhumanita-

2261 2300 2385 2353 tem
2414 2297 2467 2354 ei
2493 2297 2708 2354 intulit.
2734 2301 2878 2353 Nam
2911 2298 3050 2354 fune
3081 2314 3211 2372 quo
3243 2312 3553 2371 suspensus
3577 2294 3802 2350 fuerattot'

2263 2391 2425 2455 nato,
2454 2387 2629 2444 ﬁrmo
2659 2387 2799 2444 nisu
2825 2387 2900 2444 ad
2932 2393 3158 2444 terram
3190 2403 3408 2462 corpus
3430 2383 3685 2460 depressit,
3698 2384 3736 2437 et
3752 2379 3802 2434 sic

2265 2477 2556 2534 scondilia
2596 2477 2729 2534 colli
2777 2494 2841 2534 se
2879 2477 3220 2535 tracturum
3267 2476 3524 2552 speravit.
3553 2477 3655 2540 Quo
3688 2471 3796 2536 facit),

2263 2567 2464 2624 statim
2510 2567 2799 2635 discessit,
2832 2573 2888 2624 et
2931 2583 3188 2624 omnem
3226 2567 3572 2624 voluntatem
3607 2577 3734 2618 suam
3763 2576 3797 2614 se

2256 2657 2388 2728 jam
2419 2657 2784 2730 adimplesse
2826 2673 2948 2714 non
2976 2655 3304 2714 dubitavit.
3339 2659 3555 2713 Factum
3575 2657 3645 2710 est
3669 2655 3793 2707 autem

2262 2751 2400 2820 post
2419 2746 2752 2804 discessum
2771 2761 2980 2804 eorum
3001 2746 3193 2819 longo
3216 2753 3491 2820 tempore,
3507 2749 3562 2799 ut
3581 2739 3796 2815 praedictus

2262 2837 2354 2894 vir
2378 2853 2598 2894 manus
2626 2841 2767 2910 post
2793 2843 3027 2908 tergum
3058 2836 3286 2909 ligatas
3310 2834 3630 2898 dissolveret,
3649 2836 3691 2886 et
3706 2841 3792 2906 pali-

2263 2943 2410 2984 num
2442 2943 2566 3001 prie
2594 2927 2782 2983 oculis
2832 2927 3087 2996 ligatum
3139 2926 3534 2997 disrumperet.
3561 2925 3606 2976 et
3633 2918 3792 2972 sictan-

2263 3017 2403 3072 dem
2459 3016 2665 3072 funem
2713 3031 2836 3089 quo
2881 3031 3221 3088 suspensus
3275 3014 3456 3070 fuerat
3498 3005 3789 3076 confringeret.

2263 3105 2354 3160 Ad
2387 3109 2600 3160 terram
2629 3120 2774 3160 vero
2803 3109 3144 3177 prostratus
3173 3103 3385 3160 videns
3405 3118 3460 3157 se
3478 3098 3656 3156 nullam
3674 3090 3791 3148 hesio-

2263 3209 2405 3249 nem
2434 3192 2657 3249 habere
2687 3192 2747 3248 in
2776 3193 2984 3264 fugam
3017 3208 3082 3250 se
3117 3191 3422 3256 convertit,
3452 3193 3502 3245 et
3531 3185 3686 3242 silvam
3703 3193 3786 3252 qm

2265 3282 2462 3339 vicina
2517 3287 2641 3338 erat
2687 3299 2828 3338 cum
2859 3281 3241 3340 festinatione
3269 3279 3528 3337 introivit.
3551 3278 3638 3331 Hoc
3658 3268 3787 3325 viden-

2264 3377 2350 3428 tes
2405 3371 2652 3445 quidam
2715 3372 2819 3444 qui
2871 3387 2994 3428 non
3048 3375 3284 3428 remote
3340 3365 3660 3425 discesserant
3695 3370 3782 3412 eum

2265 3461 2630 3518 admirantes
2658 3465 3130 3535 prosequuntur,
3156 3463 3214 3518 et
3239 3462 3505 3530 rogantes
3526 3467 3622 3510 eum
3639 3447 3776 3535 silvam

2264 3551 2444 3619 exire,
2475 3555 2532 3606 et
2556 3533 2703 3606 nihil
2733 3551 2848 3607 nisi
2877 3552 3027 3607 bene
3049 3550 3131 3607 de
3161 3551 3249 3608 eis
3277 3563 3517 3623 sperare.
3533 3540 3602 3608 Qui
3615 3533 3766 3629 ttlnttettt

2265 3639 2680 3696 adhortatione
2729 3640 2999 3714 ipsorum
3046 3621 3437 3706 confortatus,
3466 3634 3620 3691 silvam
3645 3621 3768 3719 coiit“,

2266 3734 2322 3784 et
2365 3745 2504 3784 cum
2543 3729 2628 3784 eis
2676 3730 3077 3800 magniﬁcans
3124 3734 3185 3785 et
3232 3725 3544 3798 gloriﬁcans
3571 3719 3776 3774 Dominum

2268 3835 2460 3891 usque
2492 3818 2568 3874 ad
2599 3818 2913 3874 ecclesiam
2937 3819 3234 3890 pervenit.
3269 3816 3368 3871 Hic
3393 3816 3566 3888 postea
3584 3803 3639 3861 ad
3658 3801 3778 3889 llam?

2267 3908 2491 3963 ciuium
2519 3907 2680 3964 beati
2710 3907 3049 3964 Godebardi
3078 3907 3280 3974 venit;
3313 3909 3367 3961 et
3387 3917 3508 3976 quae
3531 3893 3615 3953 sibi
3635 3897 3782 3976 ρειπω-

2265 3997 2652 4054 sericordiam
2701 3998 2803 4054 Dei
2848 4002 2905 4053 et
2938 3995 3098 4052 beati
3153 3975 3476 4054 Godehardi
3511 3975 3779 4048 contigeram

2264 4085 2736 4143 contestantibus
2765 4085 2996 4142 civibus
3025 4085 3175 4156 suis,
3207 4085 3310 4158 qui
3339 4081 3517 4156 plures
3540 4086 3634 4130 una
3652 4072 3781 4120 secum

2263 4175 2648 4243 advenerant,
2679 4175 2855 4232 nobis
2903 4174 3196 4232 omnibus
3243 4167 3530 4232 enarravit.
3557 4161 3670 4228 Quot
3695 4161 3781 4204 vero

2265 4281 2597 4338 suspensos
2627 4270 2685 4322 et
2705 4282 2836 4336 3am
2864 4265 2924 4321 in
2955 4265 3211 4322 articulo
3239 4262 3436 4320 mortis
3461 4261 3586 4313 Deus
3614 4251 3782 4338 per-me:

2266 4335 2568 4411 rita—beati
2603 4335 2944 4410 Godehardi
2984 4352 3328 4410 liberaverit
3352 4350 3566 4416 longum
3589 4335 3784 4435 eis“Et

2267 4444 2504 4514 singula
2523 4444 2861 4500 describere
2886 4461 2897 4498 :
2931 4443 3198 4500 maxime
3227 4457 3361 4499 cum
3383 4439 3534 4494 funes
3550 4423 3712 4514 quibus
3726 4427 3786 4469 Stl-

2267 4511 2470 4606 spehsi
2525 4533 2782 4605 fuerant,
2839 4531 3124 4588 omnibus
3175 4533 3237 4588 in
3290 4523 3563 4586 ecclesiam
3601 4511 3783 4570 nostram

2265 4621 2728 4678 adventantibus
2755 4620 2984 4695 possint
3017 4616 3426 4676 demonstrari.
3472 4699 3481 4701 _
3590 4691 3599 4701 .

2337 4673 2415 4769 '25
2414 4673 3086 4782 7i~§ﬁ$1$b§é§iskitte
3098 4673 3369 4766 ariis...
3389 4703 3456 4759 de
3469 4691 3721 4782 ιοηςίηψξίξ
3734 4673 3782 4782 ειξῖ

2265 4800 2665 4874 patrocinium
2681 4799 2839 4856 beati
2852 4799 3188 4856 tiodebardi
3201 4775 3781 4874 venerunt}!um

2267 4867 2378 4946 sibi
2399 4889 2478 4946 ab
2500 4906 2570 4946 eo
2587 4888 2864 4946 collatam
2886 4887 2960 4944 de
2969 4888 3267 4945 votissime
3287 4881 3447 4941 nobis
3465 4867 3782 4963 omniin-Isti?"

2265 4983 2562 5036 ravernnt.
2586 4982 2729 5034 Nam
2754 4977 2938 5034 altera
2959 4981 3094 5050 post
3108 4977 3448 5033 immensam
3465 4955 3777 5050 ἱηῆἷωίίίξῳ]

2267 5085 2513 5126 omnem
2531 5067 2864 5140 appetitum
2884 5041 3001 5122 cibi
3021 5073 3078 5122 et
3102 5071 3276 5140 potus
3289 5057 3484 5124 amisit,
3502 5048 3622 5108 adeo
3645 5041 3779 5140 υίι

2267 5159 2472 5215 cibum
2501 5122 2852 5232 ne‘c‘potum
2878 5157 3032 5212 intra
3047 5155 3204 5212 duos
3221 5164 3437 5210 menses
3455 5122 3774 5237 sumpserit):

2269 5249 2420 5307 dens
2450 5219 2663 5306 autem
2685 5265 2748 5304 se
2770 5247 2954 5304 vitam
2983 5245 3065 5301 sic
3094 5245 3272 5315 longo
3299 5246 3530 5310 tempore
3545 5237 3640 5283 non
3661 5219 3775 5290 ll"sse

2266 5411 2384 5501 hac
2426 5407 3062 5501 οοηευιρεείιιρρίιυρ
3109 5407 3171 5463 in
3199 5383 3770 5501 cessaverat:

2267 5463 2930 5557 illi'miﬁiihi’iicﬁiiii
2957 5463 3185 5557 primus
3217 5463 3402 5557 abbas
3442 5463 3618 5520 dicitur
3652 5463 3746 5501 ιωδδ

2269 5559 2581 5624 Gerungus
2609 5551 3406 5628 monachusltiirsaugien§l$
3518 5601 3526 5612 ,
3584 5591 3630 5650 ul
3676 5579 3772 5638 “hc.

2343 5626 2449 5650 [nm
2498 5625 2700 5650 11....-:..
2733 5623 3055 5650 σμηκηης...
3085 5627 3367 5650 “annumin
3403 5623 3464 5650 nt
3487 5613 3582 5650 mre
3631 5605 3656 5645 0

2341 5605 3056 5701 (armasesama
3085 5605 3378 5701 propnat
3386 5605 3656 5701 εξςξτοωο

2271 5684 2356 5768 ni,
2378 5684 2550 5769 cujus
2577 5695 2876 5770 principes
2906 5684 3232 5766 Lantgravii
3255 5684 3528 5744 dicuntur;
