3998 6176
472 158 609 216 1219

1403 149 1461 208 s.
1500 147 1912 208 conatuum
1950 134 2262 204 EPISCOPI
2301 141 2944 209 HILDESHEIMENSIS.
3745 155 3839 212 ιω

471 279 871 340 Hervordensi
911 278 1018 350 (9t)
1068 277 1202 333 loco
1247 274 1468 346 genita,
1524 291 1662 348 quae
1718 273 1968 332 omnino
2020 270 2131 328 fuit
2167 270 2217 324 Α
2247 284 2420 328 mora
2449 271 2526 330 ad
2550 273 2951 346 patrocinium
2973 273 3134 331 beati
3163 274 3502 332 Godehardi
3542 292 3609 332 se
3640 281 3842 336 contulit

463 369 796 445 paralytica
824 371 880 423 et
898 364 1184 422 omnibus
1216 363 1506 420 membris
1534 363 1827 421 dissoluta
1851 382 1864 420 :
1893 361 2130 420 nullum

466 460 627 517 enim
672 456 1018 514 membrum
1059 454 1248 528 ipsius
1296 455 1613 529 proprium
1656 455 1925 511 ofﬁcium
1961 467 2130 510 exer-

466 550 605 618 cuit,
623 546 728 603 sed
757 561 864 602 nec
894 559 1002 620 per
1025 545 1248 602 multos
1277 544 1406 602 dies
1435 543 1764 618 adimplere
1782 541 2129 602 valuit.Haec

467 637 800 694 maximam
829 638 1062 710 partem
1097 634 1450 692 substantiae
1483 651 1605 691 sua;
1634 635 1696 691 in
1726 634 1993 691 medicos
2026 648 2129 689 ex-

465 726 776 802 penderat,
806 725 911 782 sed
939 741 1047 800 per
1066 733 1174 782 eos
1211 725 1529 782 sanitatem
1575 725 1842 798 corporis
1887 739 2130 797 recupe-

464 833 596 874 rare
626 833 748 874 non
775 819 1027 890 poterat.
1080 814 1344 872 Audiens
1398 831 1542 872 vero
1598 819 1829 872 tantam
1871 813 2126 885 gratiam

465 899 574 982 per
601 906 813 965 merita
838 905 998 964 beati
1024 904 1362 964 Godehardi
1390 905 1742 963 hominibus
1787 921 1824 962 a
1871 904 2125 961 Domino

459 991 834 1066 'concessam,
867 996 1075 1069 spretis
1105 993 1494 1052 exterioribus
1536 993 1805 1061 medicis,
1847 997 2031 1050 totam
2062 1009 2124 1048 se

464 1084 882 1142 misericordiae
915 1084 1146 1142 Domini
1177 1083 1641 1151 commendavit,
1691 1088 1748 1140 et
1797 1082 1876 1140 ad
1921 1087 2124 1156 patro-

467 1174 689 1230 cinium
744 1174 904 1230 beati
960 1173 1298 1230 Godehardi
1347 1172 1562 1230 deferri
1617 1172 1920 1247 praecepit.
1981 1173 2123 1237 Quae

465 1264 612 1320 dum
639 1263 946 1338 aliquanto
977 1269 1242 1338 tempore
1273 1279 1508 1320 moram
1538 1263 1757 1320 faceret
1803 1263 1863 1318 in
1919 1265 2126 1318 nostra

465 1351 732 1424 ecclesia,
765 1356 892 1409 tum
920 1367 1027 1426 per
1055 1353 1354 1409 orationes
1376 1352 1810 1423 ﬁdelium,tum
1838 1367 1946 1428 per
1963 1350 2123 1408 beati

465 1441 801 1498 Godehardi
824 1441 1225 1516 patrocinium
1256 1442 1492 1499 sanitati
1519 1446 1607 1498 est
1633 1441 1883 1509 reddita,
1907 1445 1965 1498 et
1991 1457 2124 1496 om-

463 1529 566 1587 nia
619 1530 896 1587 membra
941 1531 1084 1602 ejus.
1125 1529 1376 1604 pristino
1422 1530 1614 1600 vigori
1662 1531 1948 1588 restituta.
1990 1532 2124 1585 Haec

2240 363 2298 416 et
2335 360 2446 434 pro'
2477 364 2590 419 sua
2619 363 2913 420 solutione
2969 365 3193 436 gratias
3241 365 3494 422 Domino
3549 365 3617 422 in
3660 368 3848 427 eccles‘z

2237 454 2443 507 nostra
2472 451 2778 524 persolvit.

2308 543 2397 596 33.
2437 540 2570 598 Fuit
2596 558 2737 599 vero
2769 547 2909 600 tunc
2938 543 3224 618 temporis
3247 543 3308 600 in
3338 545 3600 603 Marchia
3633 548 3852 620 Ungarir

2233 628 2324 685 vir
2352 630 2602 707 quidam
2650 631 2713 690 in
2765 633 3104 707 captivitate
3149 635 3401 708 positus,
3451 640 3515 692 et
3571 636 3854 694 fortissimi:

2233 720 2630 794 compedibus
2679 723 3076 796 compeditus,
3118 723 3223 797 qui
3246 724 3394 780 nihil
3423 725 3599 781 aliud
3625 727 3856 800 sperabat

2231 823 2418 883 quam
2443 811 2536 867 vel
2565 811 2772 869 omnia
2798 829 2908 870 sua
2935 813 3204 870 amittere
3245 813 3337 870 vel
3366 819 3631 871 mortem
3680 817 3854 874 subire.

2230 897 2321 953 Ad
2345 913 2522 955 aures
2552 899 2741 973 ipsius
2769 901 2932 958 fama
2957 901 3116 958 beati
3142 903 3480 960 Godehardi
3521 904 3782 966 intonuit,
3820 912 3856 962 et

2230 993 2458 1062 quanta
2489 990 2778 1047 Dominus
2823 1007 2935 1065 pro
2965 991 3095 1063 ejus
3134 1008 3339 1049 amore
3391 999 3739 1067 operaretur
3774 996 3853 1069 ipsi

2229 1077 2506 1136 innotuit.
2533 1078 2662 1136 Mox
2689 1079 2769 1137 ad
2799 1085 3020 1138 terram
3047 1097 3109 1138 se
3138 1083 3484 1155 prostravit,
3537 1088 3595 1140 et
3645 1085 3762 1155 ejus
3782 1101 3855 1158 pa-

2231 1167 2550 1225 trocinium
2575 1169 2958 1227 devotissime
2983 1169 3346 1244 imploravit.
3396 1175 3646 1229 Factum
3670 1179 3748 1229 est
3773 1175 3850 1243 igi-

2229 1260 2325 1313 tur
2353 1261 2418 1314 ut
2446 1257 2579 1332 ipsa
2605 1264 2780 1317 nocte
2809 1265 3020 1318 catena
3047 1277 3171 1334 qua
3199 1259 3419 1331 ligatus
3441 1267 3573 1318 erat
3604 1279 3664 1319 se
3691 1262 3851 1320 dissol-

2228 1351 2410 1418 veret,
2443 1353 2499 1405 et
2523 1349 2650 1422 ipse
2679 1349 2754 1405 de
2782 1350 3141 1422 captivitate,
3183 1353 3301 1407 Deo
3356 1351 3701 1423 adjuvante,
3745 1370 3847 1409 eva-

2231 1436 2414 1494 deret.
2445 1441 2610 1494 Hunc
2640 1454 2852 1497 omnes
2880 1440 2942 1495 in
2969 1439 3222 1497 ecclesia
3248 1445 3459 1498 nostra
3511 1441 3783 1507 viderunt,
3812 1451 3848 1497 et

2232 1527 2316 1583 sic
2343 1527 2613 1584 evenisse
2641 1529 2799 1585 circa
2825 1545 2966 1587 eum
2994 1529 3284 1586 veraciter
3311 1535 3717 1604 perceperunt.

462 1624 672 1694 postea
701 1620 1040 1694 frequenter
1063 1621 1140 1677 ad
1165 1620 1374 1678 limina
1399 1620 1560 1677 beati
1605 1619 1942 1677 Godeliardi
1987 1635 2123 1693 per-
2155 1631 2194 1688 Β
2302 1621 2389 1674 34.
2432 1617 2649 1675 lisdem
2678 1635 2817 1676 vero
2847 1619 3220 1693 temporibus
3265 1619 3388 1677 fuit
3422 1621 3675 1694 quidam
3711 1637 3844 1694 pag:-

461 1710 639 1778 venit,
670 1714 728 1766 et
753 1726 863 1783 pro
892 1709 1054 1766 dono
1085 1710 1197 1766 sibi
1226 1709 1442 1767 collato
1471 1709 1691 1780 gratias
1740 1725 1864 1767 non
1905 1709 2123 1766 immo-

461 1797 629 1855 dicas
658 1797 913 1855 Domino
944 1797 1246 1870 persolvit.

535 1889 623 1946 3t.
665 1892 791 1944 Non
816 1886 1006 1945 multo
1031 1892 1168 1961 post
1191 1892 1458 1962 tempore
1485 1888 1647 1945 venit
1670 1888 1757 1944 vir
1780 1887 2030 1962 quidam
2061 1887 2124 1943 in

462 1981 733 2034 nostram
762 1976 1096 2046 ecclesiam,
1122 1975 1352 2032 habens
1384 1976 1572 2032 ﬁliam
1613 1976 1789 2034 valde
1819 1975 2118 2044 dilectam,

463 2081 598 2140 quae
622 2065 789 2136 gravi
819 2064 1033 2121 morbo
1061 2062 1379 2122 laborabat
1405 2070 1462 2122 et
1485 2066 1617 2137 jam
1655 2065 1833 2122 morti
1879 2065 2122 2139 propia-

461 2154 588 2212 bat.
617 2163 764 2211 Nam
787 2153 1008 2224 gutturi
1036 2154 1224 2228 ipsius
1243 2171 1312 2211 os
1333 2155 1643 2211 immensa:
1667 2154 2120 2226 magnitudinis,

463 2248 519 2301 et
543 2261 617 2301 ex
635 2249 888 2317 utraque
914 2248 1082 2316 parte
1112 2243 1317 2314 magni
1363 2244 1659 2301 acuminis
1708 2260 1816 2318 per
1861 2260 1965 2301 sex
1993 2243 2122 2300 dies

462 2334 816 2407 adhaeserat,
870 2333 1038 2407 quod
1092 2333 1292 2390 nullus
1344 2340 1696 2408 extorquere
1743 2334 1958 2408 quavis
1997 2337 2122 2390 arte

458 2424 718 2481 valebat.
751 2423 861 2490 Qui
889 2422 1154 2497 primum
1202 2424 1470 2481 medicos
1526 2425 1588 2481 in
1647 2424 1878 2482 civitate
1917 2428 2122 2480 nostra

461 2515 603 2571 tunc
633 2514 920 2587 temporis
950 2518 1390 2570 commorantes
1447 2514 1756 2585 circuibat,
1811 2519 1867 2571 et
1912 2513 1990 2571 ab
2037 2513 2122 2570 eis

461 2602 780 2660 consilium
805 2599 951 2677 quid
980 2602 1205 2660 de‘ﬁlia
1251 2607 1406 2660 esset
1441 2608 1682 2661 acturus
1732 2602 2076 2677 requirebat
2104 2621 2118 2672 ;

464 2693 572 2750 sed
600 2692 836 2750 nullum
862 2692 1099 2750 salubre
1130 2693 1446 2750 consilium
1468 2693 1909 2751 adinveniebat.
1943 2692 2122 2749 Desti-

461 2786 623 2841 tutus
651 2787 852 2839 autem
881 2783 1049 2839 omni
1094 2783 1366 2839 exteriori
1417 2783 1687 2855 consilio,
1743 2782 1822 2839 ad
1860 2781 2118 2856 patroci-

458 2873 630 2930 nium
679 2872 839 2929 beati
893 2868 1230 2930 Godehardi
1273 2888 1336 2928 se
1382 2888 1507 2929 una
1531 2888 1670 2928 cum
1698 2871 1820 2928 ﬁlia
1849 2870 2118 2943 contulit,

460 2961 782 3035 ipsumque
807 2973 916 3034 pro
942 2976 1016 3017 ea
1041 2960 1378 3018 humillima
1408 2961 1725 3038 devotione
1754 2961 2113 3035 imploravit.
2149 2989 2188 3045 ρ

458 3050 705 3107 Factum
733 3053 822 3106 est
849 3064 992 3121 ergo
1021 3049 1088 3105 ut
1115 3048 1247 3124 ipsa
1275 3049 1371 3106 die
1396 3049 1598 3123 puella
1627 3066 1695 3106 os
1727 3049 1854 3106 sine
1875 3048 2116 3107 laesione

458 3138 713 3212 ejiceret,
740 3142 798 3195 et
825 3137 1121 3210 integram
1160 3139 1507 3213 sospitatem
1536 3143 1932 3213 recuperaret.
1988 3141 2117 3196 Non

456 3229 648 3287 multo
676 3233 815 3303 post
832 3227 1047 3285 eodem
1077 3228 1292 3286 morbo
1319 3229 1569 3303 quidam
1600 3245 1706 3303 per
1727 3234 1957 3303 septem
1985 3229 2115 3286 dies

453 3317 789 3387 laborabat,
816 3323 875 3374 et
897 3318 1028 3390 jam
1058 3319 1381 3376 certissime
1420 3318 1473 3375 ei
1498 3335 1662 3375 mors
1712 3317 2069 3375 imminebat
2099 3337 2112 3374 :

453 3407 552 3465 hic
579 3408 822 3465 veniens
852 3407 929 3464 ad
957 3408 1359 3482 patrocinium
1399 3407 1560 3464 beati
1609 3407 1967 3478 Godehardi,
2001 3412 2116 3464 sta-

454 3497 561 3554 tim
587 3497 873 3553 liberatus
901 3497 1071 3568 est,et
1105 3497 1167 3552 in
1197 3497 1516 3569 pristinum
1547 3500 1772 3554 statum
1792 3497 2112 3554 restitutus.

473 3587 480 3591 ’
526 3589 615 3641 32.
656 3583 912 3653 Contigit
937 3599 1078 3641 vero
1099 3584 1255 3640 circa
1280 3584 1441 3641 idem
1466 3590 1707 3658 tempus
1737 3585 1906 3658 quod
1935 3586 2115 3642 Ecke-

451 3669 682 3728 hardus
705 3671 958 3744 quidam
983 3670 1058 3727 de
1087 3671 1378 3741 Wigcleve
1417 3677 1742 3743 cognatum
1785 3673 2115 3745 quemdam

454 3774 633 3815 suum
663 3757 720 3814 vi
745 3763 802 3815 et
829 3758 1117 3830 injuriuse
1149 3759 1488 3834 captivavit,
1507 3765 1564 3817 et
1593 3765 1801 3818 contra
1815 3761 1917 3833 jus
1949 3767 2006 3818 et
2025 3761 2116 3819 fas

450 3847 859 3907 incarceravit.
894 3847 1006 3916 Qui
1031 3848 1180 3906 dum
1210 3848 1518 3923 aliquanto
1551 3854 1820 3923 tempore
1847 3851 1908 3907 in
1935 3853 2116 3926 capti-

451 3938 630 3998 vitate
658 3938 1040 4008 detineretur,
1073 3939 1322 4010 contigit
1369 3939 1432 3996 in
1470 3940 1604 4014 ipsa
1631 3945 1805 3998 nocte
1834 3945 2112 4000 Penteco-

451 4034 594 4103 stes,
625 4031 775 4088 dum
804 4030 1188 4088 matutinales
1220 4031 1385 4088 horae
1431 4031 1892 4106 celebrarentur,
1932 4039 1994 4090 ut
2035 4033 2115 4091 ad

449 4125 671 4178 terram
702 4137 764 4176 se
787 4125 1191 4194 prosterneret
1217 4137 1288 4178 ac
1317 4120 1718 4195 patrocinium
1746 4121 1905 4179 beati
1931 4122 2116 4180 Gode-

449 4210 627 4268 hardi
656 4227 766 4285 pro
796 4227 907 4268 sua
930 4210 1280 4269 liberatione
1304 4212 1670 4286 imploraret.
1722 4213 1994 4270 Tandem
2033 4213 2112 4270 ab

449 4299 718 4358 oratione
749 4315 813 4356 se
843 4296 1385 4367 elevans,foramen
1403 4300 1557 4357 adeo
1578 4305 1811 4358 arctum
1842 4302 2110 4374 accessit,

447 4393 516 4445 ut
542 4403 694 4462 puer
720 4387 900 4444 trium
925 4402 1226 4444 annorum
1254 4389 1612 4460 pertransirc
1662 4390 1825 4462 [non]
1882 4390 2110 4464 potuis-

448 4482 570 4548 set;
605 4477 712 4535 sed
737 4476 886 4534 dum
905 4480 1087 4550 caput
1117 4476 1461 4550 applicaret,
1505 4482 1569 4535 ut
1617 4478 1730 4534 sibi
1770 4479 1972 4536 visum
2002 4485 2108 4554 est,

446 4568 723 4626 foramen
772 4583 837 4624 se
883 4566 1153 4623 dilatavit
1206 4571 1263 4623 et
1298 4565 1426 4638 ipse
1475 4583 1661 4622 sanus
1704 4572 1762 4625 et
1794 4568 2111 4627 incolumis

444 4656 846 4732 pertransivit.
875 4656 972 4713 His
995 4655 1078 4712 ita
1104 4655 1303 4726 gestis,
1333 4654 1461 4712 sine
1490 4671 1664 4713 mora
1693 4657 1978 4714 omnibus
2024 4659 2112 4715 in-

444 4747 640 4805 notuit
666 4746 972 4821 captivum
999 4744 1075 4803 de
1102 4760 1337 4802 carcere
1355 4745 1644 4819 erupisse,
1668 4751 1724 4803 et
1743 4747 1950 4804 omnia
1977 4765 2113 4806 eva-

447 4837 613 4894 sisse.
628 4837 834 4894 Statim
861 4851 1073 4892 omnes
1099 4836 1460 4893 unanimiter
1481 4851 1620 4893 eum
1640 4843 2108 4910 prosequuntur,

445 4927 571 4984 vias
600 4926 821 5000 quibus
841 4925 1096 4983 evadere
1149 4926 1338 4999 possit
1380 4926 1664 4983 custodiis
1711 4927 2012 4994 muniunt,
2055 4934 2113 4985 et

445 5015 700 5090 qualiter
717 5031 857 5073 eum
887 5016 1345 5090 apprehendant
1368 5017 1651 5073 omnibus
1680 5017 1880 5074 modis
1906 5017 2109 5075 elabo-

447 5110 615 5175 rant;
648 5106 773 5174 sed,
805 5105 1058 5163 Domino
1081 5105 1406 5178 adjuvante
1445 5110 1502 5162 et
1524 5106 1704 5164 beato
1731 5107 2108 5179 Godehardo,

446 5194 672 5252 factum
702 5200 794 5252 est
819 5200 882 5253 ut
909 5195 1184 5253 omnium
1213 5195 1463 5252 insidias
1489 5197 1893 5270 pertransiret,
1941 5203 1999 5255 et
2026 5199 2112 5272 ip-

447 5299 546 5342 sos
575 5301 945 5358 cognoscens
993 5303 1030 5343 a
1072 5286 1312 5343 nemine
1343 5286 1617 5358 cognitus
1647 5292 1759 5346 est.
1819 5287 1924 5344 Hic
1983 5289 2110 5346 sine

519 5503 629 5578 (9t)
668 5501 963 5578 Hervod‘ia
989 5503 1490 5578 urbsimperialis
1515 5509 1573 5578 et
1612 5504 1926 5578 Anzeatica
1948 5507 2110 5562 Vest-

446 5574 685 5708 gb'ali'ae,
719 5575 832 5658 sub
858 5574 1108 5657 electore
1141 5574 1622 5658 Brandeburgico
1677 5592 1800 5634 non
1852 5576 2030 5646 longe
2074 5593 2112 5636 ιι

499 5651 892 5705 onastertenm
917 5650 1150 5705 civitate
1176 5647 1375 5707 distat.

499 5647 892 5705 onasteriensi
917 5647 1150 5705 civitate
1176 5647 1375 5707 distat.

2230 1722 2344 1764 nus
2368 1707 2442 1764 de
2472 1707 2852 1764 ulterioribus
2885 1708 3162 1782 partibus
3185 1709 3436 1768 Sclaviae
3467 1715 3692 1784 captus,
3735 1712 3838 1767 etin

2233 1795 2718 1865 Halverbergensi
2747 1797 2860 1868 (92)
2890 1797 3038 1854 urbe
3086 1797 3517 1857 incarceratus.
3567 1799 3683 1867 Hic,
3723 1799 3838 1854 fama

2231 1885 2549 1955 revelante,
2581 1885 2656 1942 de
2681 1891 2940 1959 patrono
2983 1893 3188 1944 nostro
3217 1887 3520 1961 audierat,
3566 1893 3620 1946 et
3662 1895 3837 1962 quanta

2233 1977 2522 2033 Dominus
2550 1993 2662 2051 pro
2692 1977 2820 2048 ejus
2871 1993 3074 2034 amore
3128 1983 3485 2052 operaretur
3537 1995 3835 2054 quocunque

2231 2065 2438 2135 modo,
2470 2069 2673 2139 utpote
2704 2081 3001 2139 paganus,
3033 2071 3400 2140 perceperat.
3453 2067 3580 2139 Hic,
3619 2067 3828 2142 quadam

2230 2160 2404 2212 nocte
2454 2154 2664 2210 mortis
2723 2155 2934 2211 timore
2984 2160 3246 2226 coactus,
3300 2155 3461 2213 inter
3512 2174 3670 2231 spem
3710 2155 3833 2213 timo-

2229 2259 2478 2317 remque
2524 2242 2846 2317 pendulus,
2887 2244 3219 2300 orationem
3271 2261 3345 2301 ex
3401 2245 3530 2303 imo
3573 2244 3737 2302 cordis
3772 2243 3830 2300 ad

2227 2333 2475 2390 beatum
2505 2331 2931 2389 Godehardum
2959 2333 3190 2402 direxit,
3215 2339 3272 2391 et
3297 2338 3364 2390 ut
3395 2335 3493 2391 sui
3521 2336 3827 2391 misereretur

2228 2422 2605 2479 devotissime
2657 2422 2942 2479 exoravit.
3007 2424 3136 2489 Quo
3184 2424 3361 2492 facto,
3424 2425 3552 2480 sine
3603 2439 3744 2480 mora
3773 2438 3819 2476 ex

2227 2515 2438 2569 trunco
2467 2527 2706 2581 magna:
2735 2511 2912 2568 molis
2943 2515 3000 2568 et
3028 2512 3409 2580 fortitudinis,
3429 2531 3552 2587 quo
3573 2513 3812 2570 conclusus

2227 2601 2441 2673 fuerat,
2467 2601 2699 2672 integro
2719 2607 3086 2671 remanente,
3118 2603 3290 2676 quaSi
3320 2619 3394 2659 ex
3426 2603 3709 2676 liquidarc
3731 2603 3810 2656 sine

2226 2691 2467 2748 laesione
2488 2690 2672 2764 pedes
2698 2690 2934 2760 eduxit;
2966 2695 3023 2747 et
3049 2690 3304 2765 qualiter
3331 2692 3394 2748 id
3423 2694 3537 2749 sibi
3575 2693 3810 2749 accidisset

2227 2781 2547 2852 ignoravit,
2577 2796 2688 2837 nec
2714 2779 2922 2850 fugam
2945 2780 3244 2837 ullatenus
3280 2782 3434 2838 iniit.
3470 2783 3563 2839 Die
3591 2797 3705 2837 vero
3724 2779 3811 2835 illu-

2226 2874 2494 2927 cescente
2515 2868 2796 2926 custodes
2828 2869 3218 2938 advenerunt,
3250 2875 3308 2927 et
3327 2887 3454 2928 non
3483 2872 3596 2927 sine
3618 2869 3810 2927 admira-

2226 2959 2386 3016 tione
2435 2973 2662 3029 magna
2705 2974 2846 3015 eum
2901 2964 3270 3032 repererunt.
3323 2961 3670 3017 Sciscitantes
3711 2972 3809 3011 vero

2225 3046 2480 3120 qualiter
2498 3047 2561 3103 id
2591 3045 2704 3102 sibi
2733 3046 2811 3103 ad
2841 3046 3284 3104 invocationem
3310 3049 3561 3105 nominis
3584 3047 3716 3104 beati
3733 3047 3809 3100 Go-

2225 3136 2478 3194 dehardi
2505 3135 2822 3193 accidisset
2848 3136 3127 3194 admirati
3165 3142 3324 3207 sunt,
3377 3137 3702 3210 dominoque
3726 3149 3806 3189 suo

2221 3226 2570 3297 retulerunt,
2599 3231 2655 3282 et
2682 3226 2830 3300 quid
2859 3225 3145 3301 deinceps
3175 3232 3376 3286 essent
3403 3228 3569 3285 acturi
3607 3224 3805 3300 quaesie-

2223 3321 2381 3374 runt.
2439 3315 2725 3372 Dominus
2773 3332 2912 3372 vero
2961 3323 3363 3390 compunctus
3401 3323 3543 3374 tanto
3568 3313 3803 3372 miraculo

2223 3407 2478 3480 gratiam
2506 3404 2819 3479 impendit,
2846 3406 3167 3480 ipsumque
3193 3407 3478 3482 captivum
3503 3405 3610 3461 sine
3639 3403 3798 3459 laesio-

2221 3513 2299 3553 ne
2327 3495 2653 3552 abscedere
2677 3493 2872 3566 jussit.
2907 3495 3174 3561 Quantos
3198 3512 3349 3562 vero,
3393 3499 3445 3550 et
3479 3497 3604 3564 quot
3623 3491 3790 3544 incar-

2223 3589 2474 3654 ceratos,
2505 3588 2562 3639 et
2591 3583 2870 3640 maximis
2898 3583 3266 3658 compeditos
3290 3579 3644 3656 compedibus,
3682 3578 3774 3632 Do-

2222 3673 2423 3730 minus
2450 3689 2558 3746 per
2584 3673 2986 3746 patrocinium
3027 3673 3188 3731 beati
3219 3670 3516 3730 Godehardi
3535 3685 3566 3726 a
3584 3680 3785 3724 summa

2222 3763 2603 3820 tribulatione
2660 3763 3000 3831 absolverit,
3059 3763 3312 3834 longum
3363 3768 3444 3819 est
3485 3776 3575 3834 per
3614 3756 3796 3830 scripta

2222 3868 2597 3921 enumerare,
2631 3870 2769 3910 cum
2799 3853 3022 3927 quibus
3047 3853 3180 3926 ipsa
3205 3859 3490 3910 tormenta
3511 3851 3564 3908 in
3600 3845 3801 3904 ecclesia

2223 3947 2428 4000 nostra
2476 3943 2799 4016 pendentia
2843 3943 3032 4015 possit
3079 3959 3462 4015 cognoscere.
3502 3941 3803 4013 Quapropter

2220 4051 2345 4092 non
2374 4050 2891 4108 supervacaneum
2913 4035 3196 4093 duximus
3223 4035 3479 4110 plurima
3503 4050 3567 4090 ex
3589 4030 3686 4097 bis,
3701 4040 3803 4098 quin

2219 4125 2402 4196 longa
2429 4126 2622 4182 forent
2645 4125 2921 4195 scribere,
2948 4127 3267 4200 praeterire,
3313 4131 3373 4184 et
3411 4125 3488 4184 ad
3538 4120 3639 4178 alia
3681 4117 3806 4174 inno-

2222 4215 2505 4272 tescenda
2523 4214 2797 4271 transire.

2294 4309 2381 4361 35.
2424 4308 2552 4362 Non
2576 4304 2764 4361 multo
2789 4309 2926 4378 post
2945 4321 3018 4362 ea
3047 4322 3184 4378 quae
3211 4305 3495 4375 diximus,
3517 4301 3612 4359 fuit
3628 4297 3704 4355 vir
3716 4291 3810 4370 qui-

2222 4391 2368 4450 dam
2421 4393 2654 4450 habens
2703 4393 2895 4449 tilium
2968 4395 3349 4464 unigenitum
3422 4392 3586 4451 valde
3627 4386 3718 4444 sibi
3750 4383 3811 4438 di-

2219 4482 2440 4540 lectum
2473 4527 2487 4554 ,
2563 4483 2668 4556 qui
2739 4483 2952 4557 puerili
3025 4501 3193 4541 more
3267 4501 3378 4558 per
3451 4495 3674 4554 campos
3718 4488 3812 4530 cur-

2223 4573 2460 4630 sitando
2531 4571 2825 4642 ludebat,
2910 4573 3016 4629 sed
3108 4573 3352 4630 fortuito
3440 4572 3516 4629 ad
3582 4571 3814 4626 fossatum

2221 4662 2533 4736 quoddam
2579 4661 2848 4735 veniens,
2908 4661 3175 4718 maxima
3220 4659 3539 4719 multitudo
3580 4664 3720 4714 terrae
3762 4665 3812 4706 ex

2218 4752 2548 4826 improviso
2596 4768 2777 4826 super
2827 4769 2969 4809 eum
3022 4750 3360 4809 corruebat.
3416 4751 3524 4807 Sed
3552 4753 3699 4822 pater
3721 4743 3812 4798 hac

2218 4841 2505 4911 ignorans
2537 4883 2551 4907 ,
2606 4856 2718 4897 nec
2755 4840 2956 4914 ipsum
3006 4857 3263 4914 puerum
3314 4839 3484 4897 domi
3537 4832 3811 4908 reperiens,

2217 4947 2655 5006 usquequaque
2685 4931 3014 5004 quaerebat,
3047 4946 3156 4986 nec
3190 4930 3485 4987 ullatenus
3534 4941 3658 4984 eum
3694 4922 3812 4978 inve-

2218 5024 2344 5078 nire
2374 5026 2625 5096 poterat.
2675 5020 2839 5078 Unde
2889 5021 3113 5078 factum
3161 5025 3254 5076 est
3281 5027 3346 5077 ut
3375 5019 3618 5094 quidam
3651 5011 3811 5069 diceret

2221 5128 2284 5168 se
2316 5111 2473 5168 circa
2501 5110 2792 5168 fossatum
2822 5126 3080 5184 puerum
3123 5109 3434 5166 ludentem
3482 5105 3695 5169 vidisse,
3737 5110 3807 5154 ηαξ

2219 5204 2430 5273 postea
2461 5199 2896 5273 comparuisse.
2939 5201 3069 5266 Quo
3100 5198 3326 5266 audito,
3358 5203 3526 5271 pater
3551 5209 3676 5251 cum
3699 5184 3807 5281 festi-

2218 5287 2458 5345 natione
2489 5288 2595 5345 ubi
2624 5287 2869 5345 ultimus
2898 5304 3156 5362 puerum
3188 5287 3418 5344 viderat
3445 5282 3734 5359 praedictus
3752 5287 3806 5326 ﬁt

2290 5504 2404 5576 (92)
2437 5503 2813 5576 ,Havelberga
2843 5502 2988 5559 urbs
3015 5471 3392 5576 episcopalis
3422 5500 3536 5556 sub
3564 5483 3807 5576 metroplej

2221 5570 2819 5704 Magdeburgiensiﬁd
2851 5570 3137 5657 Havelam
3158 5570 3430 5637 {lu—vium,
3455 5584 3629 5654 aquo
3645 5570 3806 5646 namen

2223 5652 2503 5704 sumpsit.
2599 5652 2744 5704 tioni
2782 5645 3053 5704 electoris
3101 5645 3559 5704 Brandeburmci
3583 5631 3806 5704 subiacet-

2223 5636 2503 5722 sumpsit,
2533 5636 2744 5706 ditioni
2782 5645 3053 5705 electoris
3101 5636 3559 5715 Brandeburgici
3583 5636 3807 5707 subiacet.
