3998 6176
461 203 595 259 1223

1400 197 1456 253 S.
1498 194 1908 254 GODEHARDI
1949 193 2260 252 EPISCOPI
2301 191 2927 256 HILDESHEIMENSIS

3744 208 3859 263 1224

456 330 676 385 terram
704 324 971 382 horribili
999 323 1186 380 modo
1214 322 1482 394 dejectus
1515 341 1528 380 :
1561 322 1666 396 qui
1708 322 1857 378 dum
1904 319 1967 377 in
2014 335 2111 376 ec-
2145 322 2192 376 Α
2231 318 2388 377 circa
2412 337 2550 378 cum
2578 321 2662 380 sic
2688 323 2954 381 evenisse
2974 324 3126 382 veris
3152 324 3594 384 assertionibus
3615 334 3859 400 cognovi

458 416 699 474 clesiam
737 415 796 471 vi
820 414 1156 482 duceretur,
1191 418 1249 469 et
1293 412 1372 471 ad
1402 411 1676 470 tumbam
1720 411 1880 468 beati
1931 411 2117 468 Gode-

454 505 628 563 hardi
656 503 1076 578 applicaretur,
1109 506 1274 559 tanto
1305 502 1505 559 furore
1524 502 1704 575 coepit
1733 498 2113 566 debacchari,

454 600 520 651 ut
543 594 736 667 quivis
766 597 971 668 posset
1014 592 1319 651 admirari.
1370 591 1638 648 Tandem
1687 601 1907 664 eorpus
1956 588 2118 646 beati

453 682 792 739 Godehardi
821 682 900 738 ad
924 698 1063 738 eum
1094 680 1377 753 defertur,
1403 682 1461 736 et
1489 679 1663 750 signo
1712 682 1934 735 sanctos
1981 694 2115 734 cru-

452 774 538 830 cis
563 773 936 831 benedicitur
974 777 1031 828 et
1061 772 1187 828 sine
1230 787 1406 829 mora
1459 770 1660 828 statim
1705 786 1843 828 cum
1893 768 2116 826 indicio

450 863 659 935 magni
685 862 885 920 fetoris
915 862 1219 919 liberatur.

488 970 611 1047 (i=2.
646 989 771 1045 Fuit
799 1005 943 1045 vero
967 992 1109 1045 tunc
1152 986 1440 1061 temporis
1472 985 1533 1043 in
1583 986 1938 1059 Trajectensi
1990 986 2114 1059 epi-

451 1082 705 1154 scopatu
733 1078 824 1135 vir
853 1078 1103 1153 quidam
1142 1077 1252 1134 arti
1280 1075 1648 1133 mercatoriae
1703 1076 1965 1147 deditus,
2011 1074 2117 1149 qui

448 1170 786 1243 frequenter
813 1183 981 1225 mare
1008 1167 1292 1235 transivit,
1334 1171 1391 1223 et
1430 1181 1566 1239 quae
1610 1165 1723 1221 sibi
1777 1166 2116 1222 necessaria

448 1265 618 1316 erant
655 1258 1032 1333 conquisivit.
1076 1258 1177 1313 Ilic
1229 1257 1498 1330 quodam
1540 1261 1809 1329 tempore
1848 1257 2116 1313 maxime

447 1348 796 1421 tempestate
825 1346 886 1402 in
910 1345 1110 1403 medio
1131 1346 1285 1401 mari
1309 1344 1795 1417 deprehenditur,
1822 1344 1901 1401 ab
1924 1343 2117 1400 omni-

444 1437 560 1494 bus
589 1436 1023 1506 conclamatur,
1052 1440 1111 1492 et
1138 1435 1221 1491 nil
1246 1436 1372 1508 jam
1424 1435 1538 1491 nisi
1567 1434 1812 1491 ultimus
1844 1434 1978 1491 vitae
2005 1437 2116 1491 ter-

445 1527 647 1584 minus
678 1526 935 1583 timetur.
969 1525 1255 1593 Tandem,
1288 1525 1457 1581 tinito
1484 1524 1793 1598 aliquanto
1819 1529 2109 1598 tempore,

443 1616 765 1690 resumptis
804 1615 1033 1672 viribus
1080 1615 1314 1682 animae,
1369 1614 1660 1670 auxilium
1706 1614 1868 1671 beati
1919 1613 2118 1670 Godc-.

442 1706 616 1763 hardi
646 1704 1073 1779 implorabant,
1104 1709 1162 1761 et
1191 1708 1537 1775 argenteam
1554 1703 1761 1761 navim
1777 1702 2107 1774 delaturos,

443 1795 491 1852 si
520 1795 863 1865 evaderent,
905 1794 1295 1851 devoverant.
1342 1797 1457 1850 Hos
1501 1793 1563 1849 in
1607 1793 1857 1851 ecclesia
1903 1798 2110 1850 nostra

440 1886 645 1941 navim
674 1889 1020 1955 argenteam
1046 1883 1379 1939 deterentes
1396 1886 1607 1955 postea
1631 1882 1914 1951 vidimus,
1948 1888 2004 1940 et
2025 1883 2108 1939 sic

441 1974 525 2029 eis
554 1973 819 2031 evenisse
851 1972 1160 2029 verissime
1191 1973 1609 2044 cognovimus.

509 2094 598 2149 43.
634 2089 888 2161 Contigit
914 2090 1094 2147 etiam
1134 2094 1274 2147 tunc
1324 2090 1609 2164 temporis
1657 2089 1718 2147 in
1768 2090 2103 2158 Hollandia,

438 2179 606 2253 quod
652 2178 923 2251 quodam
966 2184 1233 2251 tempore
1280 2195 1447 2235 mare
1485 2195 1593 2252 per
1648 2178 2106 2236 inundationem

436 2267 691 2337 inﬂuxit,
750 2272 808 2325 et
858 2268 1157 2325 inﬁnitam
1221 2268 1668 2326 multitudinem
1738 2269 2105 2344 populorum

438 2357 778 2416 submersit.
812 2359 935 2415 Hoc
960 2358 1211 2431 quidam
1240 2358 1658 2433 percipientes,
1689 2359 1753 2416 in
1790 2357 2104 2416 basilicam

436 2448 771 2523 quamdam
801 2447 859 2504 in
911 2447 1207 2505 honorem
1258 2453 1478 2505 sanctae
1527 2448 1718 2506 Mariae
1762 2448 2103 2505 dedicatam

436 2553 569 2594 sese
593 2542 964 2611 receperunt,
995 2538 1058 2594 in
1086 2554 1210 2612 qua
1237 2542 1495 2595 mortem
1527 2554 1591 2594 se
1633 2554 1919 2595 evasuros
1964 2554 2100 2611 spe-

432 2632 737 2685 raverunt.
801 2627 915 2685 Sed
964 2644 1103 2684 cum
1149 2628 1279 2700 jam
1324 2644 1490 2685 mare
1539 2628 1733 2701 magis
1783 2645 1853 2685 ac
1905 2628 2101 2697 magis

434 2716 719 2787 efﬂueret,
752 2722 807 2775 et
826 2718 955 2789 jam
994 2718 1195 2790 ipsum
1225 2734 1471 2774 murum
1500 2716 1764 2775 basilicae
1802 2717 2098 2791 impinge-

430 2810 540 2878 ret,
571 2806 842 2863 videntes
872 2823 933 2863 se
965 2823 1090 2863 non
1118 2822 1298 2880 posse
1329 2807 1603 2878 evadere,
1627 2805 1919 2864 auxilium
1940 2806 2100 2863 beati

434 2894 772 2952 Godehardi
800 2894 1273 2968 iinploraverunt
1302 2912 1314 2950 :
1347 2896 1515 2970 quod
1545 2896 1745 2953 statim
1797 2888 2099 2952 evidenter

430 2988 845 3057 perceperunt.
881 2986 1032 3040 Nam
1077 2984 1362 3041 continuo
1404 3001 1573 3043 mare
1600 2984 1679 3043 ad
1727 2984 1968 3042 solitum
2012 2984 2097 3040 lo-

431 3088 571 3130 cum
600 3072 904 3143 relabitur,
936 3078 993 3130 et
1021 3090 1096 3131 ne
1150 3073 1436 3150 deinceps
1476 3075 1679 3133 locum
1708 3075 1931 3132 habeat
1957 3092 2097 3132 eva-

429 3161 616 3233 gandi
642 3161 922 3219 divinitus
950 3162 1269 3220 inhibetur.
1306 3166 1547 3221 Factum
1577 3164 1865 3235 estigitur
1894 3168 1957 3219 ut
1985 3167 2094 3220 Do-

427 3251 630 3310 minus
644 3257 864 3311 noster
891 3253 1293 3327 patrocinium
1322 3254 1484 3311 Beati
1532 3253 1871 3311 Godehardi
1918 3253 2094 3310 nobis

425 3356 551 3401 non
574 3348 808 3401 tantum
836 3342 896 3400 in
926 3344 1094 3401 terris
1123 3344 1483 3417 ostenderet,
1509 3345 1619 3401 sed
1648 3344 1827 3401 etiam
1852 3344 1913 3400 in
1940 3343 2094 3400 mari

426 3432 752 3491 certissime
776 3433 1203 3490 manifestaret.
1234 3437 1382 3490 Nam
1412 3438 1757 3505 quotnaves
1789 3433 1850 3489 in
1867 3449 2094 3504 magna

425 3526 775 3593 tempestate
806 3522 1217 3595 deprehensas
1248 3521 1539 3577 Dominus
1576 3538 1683 3595 per
1711 3538 1850 3577 eum
1878 3521 2093 3579 libera-

423 3608 526 3676 vit,
556 3612 847 3664 testantur
876 3607 1076 3665 adhuc
1102 3624 1282 3665 cerea:
1313 3624 1500 3665 naves
1518 3609 1580 3664 in
1607 3609 1856 3666 ecclesia
1885 3615 2091 3667 nostra

423 3696 773 3770 pendentes.

492 3813 582 3868 44.
611 3810 779 3869 Circa
806 3810 969 3868 idem
992 3814 1232 3885 tempus
1262 3810 1576 3868 Lotharius
1619 3811 1948 3886 imperator
1970 3816 2084 3871 Ro-

416 3912 742 3959 manorum
781 3900 1009 3971 legatos
1063 3916 1225 3969 suos,
1287 3900 1509 3957 scilicet
1564 3900 1889 3959 Eilbertum
1936 3918 2086 3977 prae-

414 3990 683 4063 positum
720 3988 1156 4048 Goslariensem
1209 3989 1455 4047 fratrem
1502 3995 1799 4062 nostrum,
1853 3991 1933 4048 ad
1971 3991 2085 4049 im-

416 4085 757 4154 peratorem
823 4080 1549 4154 Constantinopolitanum
1627 4080 1963 4152 dirigebat,
2030 4087 2087 4139 et

418 4170 735 4242 antiquum
760 4169 955 4226 foedus
975 4169 1430 4244 imperatorum,
1462 4171 1630 4244 quod
1649 4174 1782 4241 jam
1802 4188 1956 4245 pene
1985 4189 2086 4230 ne-

416 4257 677 4329 glectum
726 4258 936 4327 fuerat,
976 4258 1128 4316 inter
1173 4259 1337 4332 ipsos
1385 4259 1724 4332 reparabat.
1778 4262 1877 4318 Hic
1933 4260 2082 4318 dum

414 4358 583 4402 mare
635 4341 932 4415 transiret,
966 4351 1023 4403 et
1045 4348 1177 4418 jam
1219 4363 1509 4421 prospero
1560 4364 1742 4404 cursu
1784 4353 2074 4422 pergeret,

414 4397 1590 4511 Esi—agi?B'i'élﬁéiaiﬁ'Emﬁitiériﬁaué
1603 4397 2078 4512 ἷιὲζυίζίέιῗξξιὲ
2113 4397 2158 4452 θ

411 4526 609 4600 puppi
658 4526 917 4597 caderet,
958 4531 1015 4583 et
1050 4522 1234 4597 longo
1279 4531 1547 4599 tempore
1593 4527 1708 4584 sub
1748 4527 1925 4584 undis
1951 4546 2079 4586 ma-

406 4613 495 4673 ris
556 4616 814 4674 existens
864 4612 1013 4673 nulli
1069 4610 1405 4690 appareret.
1467 4619 1709 4673 Factum
1764 4622 1858 4674 est
1911 4634 2074 4691 ergo,

410 4704 561 4762 dum
609 4706 689 4762 ab
739 4705 919 4762 undis
955 4706 1141 4762 maris
1189 4710 1347 4763 esset
1388 4705 1731 4777 absorptus,
1776 4711 1831 4763 et
1878 4708 2078 4765 omnis

409 4810 530 4852 vox
556 4799 713 4851 esset
740 4795 1092 4869 interrupta,
1138 4794 1267 4851 sola
1294 4794 1621 4852 intentione
1674 4810 1798 4867 qua
1845 4800 2080 4870 poterat

408 4882 813 4957 patrocinium
860 4884 1020 4941 beati
1069 4883 1411 4941 Godehardi
1460 4883 1844 4957 implorabat,
1906 4890 1963 4942 et
2012 4891 2080 4943 ut

408 4987 549 5028 eum
576 4988 612 5030 a
637 4971 847 5029 mortis
878 4970 1144 5046 periculo
1173 4971 1449 5029 liberaret
1486 4971 1872 5029 devotissime
1919 4974 2076 5045 rogi-

407 5062 595 5119 tabat.
638 5065 719 5119 Eo
767 5062 854 5119 sic
884 5062 1205 5133 cogitante,
1246 5061 1526 5136 apparuit
1571 5061 1626 5118 ei
1675 5062 1927 5137 quidam
1974 5081 2075 5123 ca-

405 5155 555 5209 nuta
582 5151 753 5221 facie,
785 5151 1168 5227 educensque
1196 5151 1259 5209 in
1279 5150 1657 5225 superﬁciem
1679 5152 1885 5223 maris,
1906 5155 2075 5227 quod

404 5243 544 5297 ante
574 5255 698 5298 non
726 5244 992 5310 noverat,
1024 5240 1230 5298 docuit
1266 5247 1494 5297 natare.
1549 5240 1823 5298 Videntes
1870 5233 2074 5300 autem

406 5330 512 5403 qui
535 5329 597 5387 in
627 5330 770 5387 navi
795 5329 1052 5400 fuerant,
1083 5330 1287 5387 velum
1337 5329 1711 5402 relaxabant,
1745 5337 1802 5387 et
1853 5332 2073 5389 minori

405 5420 547 5478 navi
602 5437 739 5496 quae
786 5438 889 5479 eos
922 5421 1341 5492 comitabatur,
1371 5437 1561 5495 usque
1602 5421 1680 5478 ad
1701 5438 1841 5478 eum
1867 5438 2074 5497 perve-

404 5513 641 5567 nerunt.
677 5509 768 5567 Sic
796 5509 1112 5583 praedictus
1142 5509 1405 5567 famulus
1439 5526 1475 5565 a
1504 5514 1695 5566 morte
1738 5511 1869 5582 jam
1916 5526 2072 5584 pene

406 5597 731 5672 absorptus
760 5598 1026 5673 eripitur,
1054 5604 1111 5661 et
1138 5600 1291 5657 miro
1331 5599 1518 5656 modo
1560 5600 1695 5656 vita!
1724 5600 2068 5657 restituitur.

394 5688 574 5744 Hune
598 5701 809 5745 omnes
837 5691 1049 5767 postea
1076 5687 1139 5746 in
1181 5688 1432 5747 ecclesia
1469 5692 1672 5749 nostra
1700 5689 1981 5761 vidimus,
2011 5695 2070 5750 et

2227 425 2384 466 mus.

2294 540 2382 594 45.
2412 541 2540 595 Non
2568 539 2759 597 multo
2787 545 2924 614 post
2954 545 3220 617 tempore
3250 544 3501 614 contigit
3547 543 3614 600 in
3664 545 3859 618 Hunga

2223 625 2358 682 ricis
2405 628 2754 699 regionibus
2796 631 3082 689 celebrari
3128 633 3490 691 miraculum
3537 640 3597 690 et
3642 636 3856 708 dignum

2222 716 2515 774 memoria
2542 718 2942 777 retinendum.
2996 724 3147 777 Nam
3193 738 3395 779 eomes
3435 723 3700 796 quidam
3737 726 3858 782 illius

2222 805 2482 875 regionis
2511 806 2702 865 ﬁlium
2718 809 3031 879 habuerat,
3050 812 3112 867 in
3130 828 3252 885 quo
3281 829 3537 869 omnem
3562 830 3729 886 spem
3748 821 3856 872 tem-

2223 896 2493 968 poralem
2522 902 2579 954 et
2604 898 2892 956 ﬁduciam
2921 906 3223 974 posuerat.
3258 902 3519 973 Contigit
3567 918 3710 960 vero
3745 922 3853 961 eum

2222 990 2530 1056 aegrotare,
2563 992 2620 1044 et
2643 988 2773 1060 jam
2805 1006 2995 1063 usque
3026 990 3106 1046 ad
3130 995 3388 1048 mortem
3412 993 3747 1065 periclitari.
3777 999 3850 1052 Fa-

2222 1080 2383 1132 ctum
2415 1082 2504 1133 est
2530 1077 2726 1148 igitur,
2755 1078 2903 1135 dum
2934 1096 3146 1137 omnes
3181 1080 3426 1138 sollicite
3456 1088 3639 1138 nocte
3675 1083 3849 1157 dieque

2222 1166 2380 1222 circa
2431 1183 2571 1223 cum
2618 1166 2934 1239 vigilarent
2982 1174 3040 1226 et
3074 1170 3227 1226 inter
3264 1186 3440 1244 spem
3492 1171 3846 1247 timoremque

2221 1256 2563 1323 hesitarent,
2591 1261 2657 1312 ut
2685 1273 2836 1330 puer
2864 1258 3042 1315 morti
3070 1260 3514 1332 appropriaret,
3548 1266 3603 1317 et
3622 1262 3847 1334 quadam

2221 1345 2317 1401 die
2341 1347 2498 1403 circa
2527 1346 2743 1403 horam
2772 1348 3034 1421 primam
3063 1349 3411 1422 exspiraret.
3448 1350 3553 1406 His
3584 1351 3660 1407 ita
3684 1353 3842 1423 gestis,

2221 1436 2369 1492 dum
2399 1452 2609 1493 omnes
2655 1436 2904 1508 luctum,
2953 1438 3338 1513 lamentaque
3377 1441 3763 1510 geminarent,
3805 1450 3843 1497 et

2221 1541 2354 1597 quae
2385 1524 2687 1597 exsequiis
2715 1531 2885 1582 erant
2912 1527 3249 1583 necessaria
3276 1534 3706 1602 praepararent,
3729 1530 3839 1587 forte

2220 1612 2472 1686 quidam
2502 1613 2593 1669 vir
2619 1614 2695 1671 de
2726 1615 3005 1673 Bavarica
3033 1616 3274 1686 regione
3312 1617 3665 1680 advenerat.
3693 1620 3780 1692 qui
3801 1628 3841 1675 et

2220 1702 2420 1774 ipsum
2450 1719 2706 1776 puerum
2737 1704 2814 1760 de
2843 1721 3015 1761 sacro
3044 1705 3205 1762 fonte
3228 1706 3559 1764 levaverat.
3586 1708 3682 1764 Hic
3702 1708 3838 1778 igitur

2216 1791 2429 1848 videns
2453 1792 2994 1866 incomparabilem
3022 1794 3294 1851 dolorem
3332 1796 3527 1869 patris
3554 1802 3609 1854 et
3652 1799 3834 1861 matris

2217 1880 2495 1937 misertus
2545 1897 2777 1949 eorum,
2811 1883 2992 1955 coepit
3014 1883 3100 1939 eis
3118 1900 3339 1940 nomen
3359 1884 3530 1942 beati
3553 1886 3833 1943 Godehardi

2214 1969 2510 2034 intimare,
2560 1976 2617 2027 et
2661 1976 2955 2044 quantam
3013 1972 3267 2043 gratiam
3317 1972 3605 2031 ﬁdelibus
3642 1975 3695 2032 in
3726 1992 3831 2031 cum

2217 2059 2598 2132 sperantibus
2624 2060 2913 2116 Dominus
2944 2060 3337 2128 administret,
3367 2062 3736 2120 devotissime
3757 2080 3832 2119 an-

2215 2148 2510 2204 nuntiare.
2543 2148 2640 2204 His
2670 2147 2910 2219 auditis,
2939 2149 3067 2205 sine
3096 2152 3482 2208 cunctatione
3501 2158 3661 2225 pater
3674 2158 3721 2208 et
3735 2168 3828 2208 ma-

2214 2242 2302 2294 ter
2327 2237 2505 2294 ﬁrma
2532 2236 2653 2293 ﬁde
2682 2238 2761 2294 ad
2787 2243 3005 2295 terram
3026 2255 3089 2295 se
3119 2244 3533 2312 prosternunt,
3553 2242 3827 2298 misericor-

2214 2326 2381 2383 diam
2401 2326 2560 2383 beati
2580 2326 2920 2383 Godehardi
2944 2327 3324 2386 devotissime
3352 2330 3688 2404 implorant,
3705 2347 3821 2387 sese-

2213 2432 2331 2489 que
2361 2416 2739 2473 devovebant
2767 2432 2906 2472 cum
2937 2417 3063 2472 suis
3089 2416 3503 2476 oblationibus
3544 2420 3619 2476 ad
3656 2420 3815 2476 limina

2211 2505 2400 2578 ipsius
2429 2505 2537 2562 iter
2562 2505 2917 2576 instaurare,
2963 2505 3013 2561 si
3051 2505 3129 2562 ad
3172 2506 3495 2579 pristinam
3541 2510 3704 2566 vitam
3739 2525 3811 2581 per

2213 2595 2345 2666 ejus
2375 2594 2776 2668 patrocinium
2800 2594 2992 2652 ﬁlium
3024 2612 3204 2653 suum
3232 2598 3477 2670 possint
3503 2614 3804 2671 recuperare.

2213 2684 2310 2740 His
2366 2684 2566 2749 ﬁnitis,
2613 2684 2743 2754 jam
2780 2684 3185 2757 vespertinum
3241 2691 3485 2760 tempus
3530 2688 3805 2751 advenerat,

2211 2789 2352 2830 cum
2377 2774 2681 2846 insperato
2707 2774 2895 2830 modo
2920 2789 3071 2846 puer
3098 2774 3178 2830 ad
3202 2774 3392 2833 vitam
3424 2776 3587 2847 redit,
3602 2781 3669 2843 et,
3686 2775 3806 2849 quod

2209 2863 2483 2920 mirabile
2507 2863 2672 2920 dictu
2700 2869 2808 2935 est,
2856 2864 2984 2921 sine
3030 2864 3252 2921 indicio
3292 2864 3555 2923 laesionis
3591 2866 3657 2922 de
3695 2865 3805 2921 lecto

2211 2953 2463 3009 surrexit
2492 2952 2879 3022 aegritudinis.
2913 2956 3127 3009 Votum
3153 2969 3319 3024 vero,
3349 2956 3513 3028 quod
3544 2953 3803 3028 praedictus

2138 3040 2178 3095 C
2208 3047 2378 3117 pater
2406 3048 2463 3099 et
2490 3048 2682 3099 mater
2710 3042 2995 3110 fecerant,
3022 3043 3148 3099 sine
3168 3059 3342 3101 mora
3369 3044 3802 3119 adimpleverunt.

2207 3138 2267 3190 et
2293 3131 2701 3188 oblationibus
2732 3147 2856 3187 non
2894 3131 3149 3188 modicis
3185 3132 3396 3191 limina
3445 3133 3589 3190 beati
3612 3131 3802 3206 patmni

2205 3221 2395 3280 nostri
2423 3220 2760 3278 Godehardi
2785 3220 3195 3278 visitaverunt.
3238 3225 3357 3279 Nos
3383 3223 3441 3280 in
3467 3220 3683 3281 ecclesia
3720 3234 3799 3276 ne

2208 3319 2329 3370 stra
2356 3310 2685 3367 honoriﬁce
2711 3311 3110 3384 suscepimus,
3135 3316 3194 3369 et
3221 3311 3305 3369 sic
3331 3313 3412 3370 eis
3429 3312 3704 3383 contigisse
3717 3326 3798 3365 ve-

2204 3403 2328 3460 raci
2354 3400 2639 3459 relatione
2667 3401 3087 3471 cognovimus.

2274 3523 2361 3574 46.
2397 3518 2563 3575 Circa
2590 3517 2751 3574 idem
2781 3521 3038 3591 tempus,
3067 3518 3217 3575 dum
3245 3523 3389 3575 tanta
3413 3513 3659 3573 miracula
3684 3527 3781 3584 per

2201 3607 2448 3664 beatum
2479 3607 2902 3665 Godehardum
2927 3606 3227 3679 ﬂorerent,
3248 3607 3461 3677 contigit
3480 3605 3611 3661 duos
3631 3601 3766 3657 viros

2201 3697 2389 3755 nimia
2431 3698 2737 3771 potatione
2793 3698 3190 3769 ingurgitatos
3241 3698 3503 3756 civitatem
3545 3697 3780 3751 nostram

2200 3788 2381 3861 exire,
2437 3792 2495 3843 et
2551 3787 2630 3844 ad
2685 3788 3027 3861 proximam
3098 3788 3304 3846 villam
3357 3786 3491 3845 velle
3536 3781 3785 3842 transire:

2198 3877 2305 3950 qui
2356 3877 2502 3932 dum
2553 3875 2753 3933 medio
2792 3892 3011 3951 campo
3060 3878 3462 3943 consisterent,
3503 3874 3630 3932 alter
3662 3872 3791 3944 ipso-

2196 3983 2335 4023 rum
2389 3965 2627 4022 fortuito
2677 3982 2745 4022 os
2790 3965 3035 4032 invenit,
3084 3966 3255 4041 quod
3303 3967 3605 4025 sublevans
3643 3975 3792 4019 manu

2196 4073 2304 4132 per
2332 4057 2547 4113 horam
2573 4072 2778 4113 secum
2819 4058 3097 4131 portavit.
3134 4058 3249 4115 Sed
3296 4056 3504 4115 videns
3541 4056 3713 4130 ipsum
3743 4066 3792 4106 οε

2196 4163 2327 4203 esse
2369 4161 2608 4217 magna;
2660 4146 3119 4220 pulchritudinis
3152 4151 3208 4203 et
3259 4147 3555 4217 candoris,
3608 4139 3794 4200 dicebat

2197 4252 2258 4292 se
2286 4240 2508 4292 terram
2538 4235 2688 4292 velle
2712 4236 3093 4310 pertransire,
3136 4242 3194 4293 et
3219 4238 3505 4294 omnibus
3548 4232 3793 4292 notitiem

2196 4343 2258 4383 se
2289 4326 2570 4400 reliquias
2600 4327 2789 4383 nostri
2812 4327 3313 4401 patronideferre,
3333 4333 3391 4384 et
3424 4329 3504 4385 sic
3528 4320 3795 4399 temporale

2190 4415 2450 4484 lucrum,
2507 4421 2572 4472 ut
2628 4416 2838 4487 caeteri,
2907 4416 3234 4489 acquirere.
3304 4420 3438 4484 Quo
3490 4417 3653 4480 dicto,
3703 4412 3797 4467 sine

2191 4523 2366 4563 mora
2393 4506 2454 4561 in
2482 4505 2795 4562 vesaniam
2832 4509 3121 4578 raptatur,
3154 4512 3213 4563 et
3240 4507 3499 4581 loquens
3527 4505 3698 4564 aliena
3721 4499 3800 4556 do-

2191 4613 2362 4653 mum
2393 4595 2726 4663 deducitur,
2755 4599 2811 4651 et
2838 4595 2997 4651 mala
3029 4600 3220 4652 morte
3243 4599 3523 4670 proxima
3538 4599 3690 4653 nocte
3709 4596 3799 4647 tra-

2190 4686 2369 4743 ditur.
2399 4685 2494 4741 liis
2525 4684 2763 4751 auditis,
2786 4684 3090 4741 maximus
3115 4690 3304 4742 terror
3326 4684 3800 4744 hominibusincu-

2190 4777 2351 4845 titur,
2384 4779 2459 4844 et,
2494 4774 2541 4830 si
2565 4790 2689 4869 qua
2718 4773 2993 4830 dubietas
3023 4774 3307 4869 cordibus
3337 4777 3605 4869 ipsorum
3627 4773 3801 4869 deno-
3898 4792 3899 4869 ι

2192 4869 2316 4921 stro
2340 4868 2597 4939 patrono
2630 4864 2966 4937 irrepserat,
3018 4864 3375 4923 omnimodo
3423 4867 3503 4924 ab
3543 4864 3623 4922 eis
3657 4856 3799 4918 elimi-

2189 4959 2387 5011 natur.

2259 5075 2350 5127 47.
2384 5069 2898 5145 Fuittemporibus
2928 5070 3041 5127 illis
3064 5071 3252 5145 pistor
3269 5067 3796 5143 fratrum,Adelwar~
3896 5050 3897 5067 ¹

2187 5155 2303 5212 dus
2331 5158 2595 5231 nomine,
2624 5158 2703 5215 ad
2731 5160 2903 5229 cuius
2928 5160 3254 5233 hospitium
3274 5161 3577 5235 peregrini
3599 5155 3793 5233 quidam

2187 5243 2654 5312 declinaverunt,
2688 5251 2744 5303 et
2771 5246 3051 5320 hospitali
3076 5265 3265 5319 more,
3298 5266 3508 5306 secum
3536 5251 3796 5318 noctcper-

2184 5341 2555 5393 manserunt.
2590 5337 2701 5403 Qui
2730 5336 2879 5393 dum
2909 5354 3098 5411 equos
3127 5356 3270 5395 suos
3290 5338 3711 5413 adaquandum
3723 5331 3795 5387 de

2184 5366 2555 5393 ωαιιδῠιίυυι.
2590 5366 2701 5403 υυι
2730 5366 2879 5393 Ulli“
2909 5366 3098 5411 chUS
3127 5366 3270 5395 δυυδ
3290 5366 3711 5413 uuaquuuuum
3723 5366 3792 5387 υι“

2183 5423 2491 5496 ducerent,
2523 5425 2712 5482 ﬁlium
2739 5427 2869 5497 ejus
2899 5428 3100 5485 adhuc
3144 5445 3343 5502 parvae
3367 5429 3558 5486 aetatis
3600 5425 3792 5484 existens

2183 5516 2303 5568 tem
2321 5513 2555 5570 caballo
2577 5514 3014 5588 imposuerunt,
3047 5522 3103 5573 et
3122 5522 3289 5590 patre
3318 5518 3631 5588 ignorante
3653 5508 3793 5570 abdu-

2182 5608 2428 5661 xerunt:
2449 5604 2574 5678 qui,
2593 5606 2740 5662 dum
2763 5621 2952 5679 equos
2973 5607 3366 5682 adaquarcnt,
3384 5608 3626 5667 fortuito
3645 5600 3795 5661 iniam5

2182 5694 2493 5753 exterritus
2514 5694 2594 5754 de
2606 5694 2838 5754 caballo
2853 5696 3275 5772 praecipitatur,
3299 5701 3355 5756 et
3378 5697 3511 5755 sine
3532 5710 3687 5756 mora
3711 5701 3794 5747 un'
