3998 6176
217 151 234 200 l
251 151 354 202 “225

1829 138 2008 194 VITA.

3491 158 3628 212 l226

201 270 295 325 dis
334 267 710 335 subducitur,
741 271 797 322 et
839 266 942 322 ubi
984 264 1168 338 quaeri
1216 264 1403 336 possit
1445 263 1524 320 ab
1581 261 1934 320 omnibusA
1974 269 2285 335 vaverunt,
2336 265 2621 340 bonaque
2693 267 2960 339 ipsorum
3027 272 3418 344 diripuerunt.
3479 282 3635 336 Inter

201 359 531 428 ignoratur.
565 357 677 412 Sed
707 355 1001 430 peregrini
1027 370 1150 409 non
1182 352 1448 409 valentes
1495 368 1754 425 puerum
1783 366 1870 406 re-

199 449 414 521 perire,
450 448 639 503 tristes
665 447 916 502 domum
942 445 1213 511 redeunt,
1247 443 1522 516 patrique
1553 459 1690 515 quae
1713 440 1871 496 circa

198 537 392 592 tilium
425 541 747 591 evenerant
775 533 1220 590 nuntiaverunt.
1250 532 1480 598 Quibus
1502 531 1742 600 auditis,
1769 546 1872 603 pa-

199 633 287 683 ter
313 626 548 682 concito
579 625 784 694 surgit,
819 624 995 679 tristis
1025 624 1104 679 ad
1134 639 1358 696 aquam
1387 622 1600 696 pergit,
1633 621 1868 677 navim-

201 733 321 789 que
349 716 524 786 longe
551 714 914 770 subductam
943 713 1190 786 requirit
1213 731 1226 780 ;
1261 717 1318 769 et
1344 717 1409 768 ut
1432 711 1626 767 ﬁlium
1657 710 1868 766 saltem

206 811 509 861 mortuum
540 821 677 860 cum
706 819 842 867 non
858 807 1061 875 posset
1086 802 1316 873 vivum,
1367 799 1715 858 adinvenire
1747 799 1868 856 ela-

202 894 458 950 boravit.
493 893 621 959 Qui,
656 893 805 948 dum
830 892 936 946 diu
964 907 1220 963 puerum
1249 891 1311 946 in
1339 891 1474 947 loco
1503 889 1608 945 ubi
1637 888 1870 945 decide-

202 988 296 1039 rat
326 991 636 1056 quaereret,
668 998 776 1037 nec
803 981 1108 1048 inveniret,
1140 981 1218 1036 ad
1267 985 1486 1036 terram
1516 978 1708 1050 rediit,
1754 993 1867 1034 un-

203 1089 344 1128 cum
373 1072 648 1145 quaesivit
680 1089 692 1125 :
725 1088 848 1143 quo
875 1076 1132 1144 reperto,
1160 1075 1296 1143 post
1321 1070 1574 1139 longum
1605 1069 1866 1142 spatium

201 1180 458 1236 puerum
488 1161 736 1218 invenit.
782 1161 877 1216 His
907 1161 988 1217 ita
1016 1161 1214 1230 gestis,
1263 1160 1326 1216 in
1375 1160 1629 1216 domum
1673 1158 1870 1231 proxi-

202 1270 367 1309 mam
397 1251 732 1319 declinavit,
765 1250 968 1323 ibique
999 1267 1256 1324 puerum
1294 1255 1626 1318 mortuum,
1651 1254 1708 1305 et
1737 1249 1867 1304 nul-

202 1343 328 1399 lum
354 1343 487 1399 vitae
519 1341 762 1412 signum
792 1339 1111 1396 habentem
1163 1339 1463 1413 deposuit,
1511 1343 1866 1412 tantumque

203 1449 333 1504 quae
364 1432 661 1506 exsequiis
698 1431 1037 1488 necessaria
1066 1436 1236 1487 erant
1279 1429 1522 1486 sollicite
1565 1428 1862 1502 quaesivit.

1969 367 2124 424 quos
2149 354 2418 426 captivos
2447 349 2768 429 praedictus
2796 355 2888 411 vir
2935 372 3075 412 cum
3121 363 3388 430 quodam
3441 383 3631 440 puero

1971 438 2096 496 ﬁlio
2121 441 2314 497 fratris
2341 444 2430 500 sui
2459 445 2792 517 captivatur
2815 448 2872 500 et
2891 444 2954 499 in
2971 446 3400 507 remotissimas
3434 438 3631 526 partes

1974 543 2353 600 paganorum
2373 533 2689 590 deducitur
2717 551 2730 601 ;
2762 533 2968 607 ibique
3012 535 3074 589 in
3117 537 3386 608 quadam
3436 542 3634 602 insula

1975 617 2193 673 Oceani
2219 620 2332 688 (96)
2357 621 2674 690 detinetur,
2724 622 2830 678 ubi
2878 639 3018 678 cum
3063 623 3168 680 diu
3217 625 3409 681 servili
3456 645 3635 700 opere

1973 705 2316 780 desudaret,
2345 715 2402 766 et
2431 712 2589 768 unde
2614 712 2941 786 eriperetur
2969 729 3094 768 non
3122 714 3389 784 haberet,
3430 721 3638 790 utpote

1973 795 2078 850 ubi
2106 812 2272 852 mare
2298 799 2565 873 undique
2592 801 3049 869 circumﬂueret,
3078 819 3190 859 nec
3221 803 3412 861 ullum
3433 805 3638 863 locum

1974 884 2272 941 evadendi
2300 886 2605 958 inveniret,
2638 889 2885 946 tandem
2920 907 2982 946 se
3028 894 3430 964 patrocinium
3477 895 3638 952 beati

1975 975 2313 1032 Godehardi
2350 978 2587 1050 patroni
2632 979 2824 1036 nostri
2860 980 3082 1038 iturum
3131 984 3401 1053 devovet,
3435 986 3482 1042 si
3528 1003 3638 1060 per

1971 1080 2161 1136 quam
2191 1070 2424 1136 partem
2477 1083 2696 1123 manus
2727 1067 2965 1124 illorum
2996 1071 3255 1142 etfugere
3283 1080 3507 1147 posset,
3551 1077 3635 1133 illi

1973 1153 2430 1212 demonstraret.
2489 1155 2589 1212 His
2641 1157 2722 1214 ita
2775 1160 2976 1231 gestis,
3025 1163 3292 1233 quadam
3343 1165 3437 1220 die
3485 1165 3633 1224 dum

1974 1243 2132 1299 circa
2155 1243 2317 1300 littus
2346 1246 2530 1302 maris
2561 1249 2986 1319 angustiando,
3014 1255 3070 1306 et
3097 1253 3467 1309 orationibus
3491 1255 3632 1312 insi-

1975 1333 2186 1389 stendo
2208 1333 2644 1404 deambularet,
2680 1337 2967 1409 cymbam
2996 1355 3250 1411 parvam
3286 1341 3347 1396 in
3377 1343 3634 1402 obscuro

1971 1421 2104 1478 loco
2133 1423 2342 1480 littoris
2371 1425 2616 1492 invenit,
2649 1426 2710 1482 in
2764 1443 2888 1500 qua
2926 1445 2988 1484 se
3015 1445 3183 1485 mare
3213 1433 3484 1500 transire,
3536 1434 3637 1488 Dei

205 1525 354 1577 Dum
383 1522 511 1577 haec
542 1522 624 1578 sic
655 1527 960 1591 geruntur,
1012 1525 1204 1577 mater
1249 1520 1421 1593 pueri
1472 1535 1611 1574 cum
1641 1519 1865 1575 caeteris
1971 1512 2290 1583 adjutorio,
2327 1515 2628 1588 speravit;
2679 1515 2785 1572 sed
2831 1517 2976 1590 quia
3022 1534 3188 1574 mare
3237 1536 3531 1590 magnum
3580 1527 3637 1578 et

201 1611 551 1668 mulieribus
581 1627 841 1683 quarum
869 1626 1095 1681 magna
1123 1610 1442 1666 multitudo
1486 1609 1738 1666 domum
1778 1609 1864 1664 in-
1893 1632 1936 1685 Β
1974 1603 2305 1675 spatiosum
2336 1603 2546 1672 fuerat,
2572 1609 2804 1662 tantum
2834 1607 3169 1679 periculum
3197 1613 3484 1666 attentare
3529 1616 3637 1668 tre-

203 1701 461 1768 troierat,
493 1700 967 1757 misericordiam
993 1699 1230 1756 Domini
1256 1704 1313 1756 et
1340 1698 1499 1756 beati
1526 1697 1865 1756 Godehardi
1973 1691 2244 1764 pidabat,
2313 1709 2566 1766 seseque
2633 1695 3005 1751 orationibus
3078 1697 3237 1754 beati
3294 1698 3635 1756 Godehardi

201 1790 487 1863 implorat
511 1809 524 1857 ;
549 1795 627 1860 et,
653 1796 718 1847 ut
743 1789 981 1847 solitam
1010 1790 1460 1861 benignitatem,
1505 1805 1692 1862 quam
1741 1804 1868 1845 om-
1974 1781 2463 1852 commendabat,
2495 1787 2705 1855 petens
2727 1788 2791 1840 ut
2816 1785 3018 1841 animo
3048 1785 3200 1842 illius
3225 1787 3562 1861 inspiraret,
3579 1793 3638 1845 et

202 1879 385 1935 nibus
414 1879 809 1952 impenderat,
842 1895 962 1936 non
986 1879 1097 1935 sibi
1124 1879 1456 1947 subtrahat,
1483 1877 1864 1934 devotissime
1973 1873 2372 1943 competentia
2423 1871 2792 1929 adminicula
2855 1874 2907 1929 ei
2969 1883 3353 1949 praepararet,
3411 1879 3633 1950 quibus

202 1973 428 2024 exorat.
465 1968 618 2034 Quid
658 1968 878 2041 plura?
924 1973 1058 2040 post
1103 1983 1360 2041 parvum
1404 1971 1661 2040 tempus,
1715 1981 1866 2038 puer
1973 1964 2199 2016 tantam
2231 1961 2942 2020 tribulationemevadere
2970 1966 3278 2036 potuisset.
3305 1965 3406 2020 His
3426 1965 3630 2032 ﬁnitis,

203 2057 498 2126 singultus
528 2057 735 2113 emittit
759 2075 771 2123 ;
800 2072 980 2129 aqua,
1014 2072 1199 2128 quam
1228 2057 1528 2124 hauserat,
1562 2072 1703 2112 cum
1732 2071 1862 2111 ma-

201 2161 322 2214 gna
347 2145 574 2216 impetu
622 2144 869 2212 efﬂuxit,
903 2149 959 2200 et
1022 2144 1268 2200 tandem
1297 2144 1484 2200 vitam
1539 2145 1860 2218 pristinam

197 2233 541 2305 resumpsit.

268 2325 356 2378 48.
410 2321 535 2378 Fuit
577 2337 717 2377 vero
765 2322 924 2377 circa
970 2322 1131 2378 idem
1166 2327 1409 2395 tempus
1451 2322 1542 2378 vir
1569 2327 1861 2379 mercato-

196 2411 296 2466 riae
350 2410 456 2466 arti
513 2410 769 2474 deditus,
845 2410 952 2482 qui
1005 2410 1374 2480 negotiando
1431 2410 1696 2466 diversas
1753 2415 1862 2466 ter-

197 2517 294 2556 ras
319 2499 738 2573 pertransibat,
771 2504 829 2554 et
858 2499 971 2554 sibi
1004 2499 1248 2572 suisque
1274 2499 1500 2555 victum
1544 2498 1863 2555 difﬁculter

195 2589 521 2662 quaerebat.
556 2587 812 2658 Contigit
858 2603 1001 2644 vero
1031 2592 1096 2643 ut
1135 2588 1231 2643 hic
1279 2587 1549 2660 quodam
1592 2592 1861 2660 tempore

197 2696 380 2736 causa
427 2683 777 2735 mercatura:
836 2694 976 2734 cum
1032 2676 1309 2750 pluribus
1360 2677 1490 2734 aliis
1547 2678 1702 2734 inter
1759 2693 1862 2751 pa-

197 2785 387 2840 ganos
440 2769 726 2839 tenderet,
774 2773 832 2824 et
879 2765 1330 2840 possessionem
1388 2783 1511 2823 non
1555 2767 1858 2824 modicam

199 2875 406 2916 secum
437 2857 710 2914 deferret.
745 2857 854 2922 Qui
885 2857 1032 2912 dum
1078 2860 1430 2928 prosperato
1474 2855 1678 2912 itinere
1723 2872 1858 2930 per-

1964 2049 2094 2119 jam
2122 2066 2246 2106 nox
2273 2050 2599 2108 advenerat
2629 2069 2768 2108 cum
2789 2053 2920 2124 jam
2944 2051 3066 2109 ﬁxo
3093 2054 3297 2111 animo
3343 2071 3404 2110 se
3435 2055 3514 2110 ad
3542 2054 3632 2110 fu-

1971 2154 2110 2209 gam
2140 2141 2540 2214 praeparabat.
2575 2142 2845 2215 Acceptis
2874 2143 3052 2213 igitur
3080 2144 3319 2201 duabus
3347 2145 3631 2201 lanceolis

1969 2232 2025 2284 et
2044 2244 2250 2301 panno
2278 2229 2353 2285 de
2393 2229 2636 2289 culcitra
2684 2233 2980 2299 abstraco,
3030 2233 3108 2289 ad
3152 2249 3409 2306 puerum
3439 2233 3630 2288 tilium

1970 2317 2164 2374 fratris
2218 2319 2334 2388 sui,
2387 2318 2492 2390 qui
2534 2320 2596 2375 in
2645 2321 2762 2377 alia
2791 2320 2932 2377 villa
2990 2321 3362 2392 morabatur,
3414 2321 3626 2394 pergit,

1969 2423 2229 2480 eumque
2262 2424 2467 2465 secum
2497 2410 2764 2466 abduxit.
2821 2411 2934 2467 Sed
2987 2428 3126 2467 cum
3171 2412 3249 2467 ad
3277 2411 3629 2468 naviculum

1967 2498 2245 2567 venisset,
2276 2499 2561 2555 lanceolis
2587 2504 2644 2556 et
2667 2516 2870 2572 panno
2900 2518 3083 2574 quem
3114 2518 3318 2559 secum
3343 2503 3622 2575 portavit,

1967 2586 2171 2642 velum
2201 2588 2531 2661 adaptavit,
2563 2593 2620 2645 et
2645 2589 2727 2645 sic
2755 2606 2815 2645 se
2843 2591 3267 2647 misericordia:
3314 2592 3548 2647 Domini
3573 2597 3630 2649 et

1969 2676 2128 2733 beati
2157 2677 2495 2734 Godehardi
2523 2679 2989 2736 commendavit.
3025 2681 3197 2747 Quod
3225 2682 3494 2737 videntes
3522 2681 3630 2754 qui

1967 2766 2028 2822 in
2057 2766 2254 2823 insula
2297 2768 2850 2839 commorabantur,
2897 2786 3035 2826 eum
3086 2770 3284 2827 subito
3327 2771 3630 2844 prosecuti

1969 2861 2144 2925 sunt;
2196 2857 2320 2925 sed,
2359 2859 2476 2914 Deo
2526 2858 2872 2931 adiuvante,
2927 2877 3066 2916 eum
3120 2862 3627 2934 comprehendere

196 2952 423 3018 gerent,
451 2945 696 3014 contigit
733 2961 834 3001 eos
877 2949 1114 3001 vastam
1162 2944 1543 3000 solitudinem
1595 2945 1855 3014 introire,
1889 2988 1930 3044 Ο
1967 2945 2320 3019 nequibant,
2375 2947 2750 3021 domumque
2805 2949 3022 3006 infecto
3078 2952 3317 3022 negotio
3367 2952 3624 3023 remiga-

196 3037 299 3094 ubi
330 3052 453 3092 non
484 3035 786 3091 modicam
830 3035 1276 3091 multitudinem
1323 3050 1704 3108 paganorum
1748 3035 1857 3092 ob-

193 3125 358 3182 viam
386 3126 673 3182 habuere.
707 3125 880 3192 Quod
923 3125 1192 3181 videntes
1237 3127 1317 3181 ad
1363 3141 1534 3182 arma
1585 3141 1858 3182 cucurre-

192 3218 353 3287 runt,
412 3214 802 3271 defensacula
847 3215 1113 3287 undique
1171 3214 1284 3270 sibi
1331 3219 1854 3288 praeparaverunt;

193 3304 302 3360 sed
331 3303 696 3360 multitudini
744 3303 984 3360 illorum
1031 3304 1304 3360 resistere
1350 3319 1474 3360 non
1516 3303 1852 3361 valuerunt.

195 3392 370 3450 Tunc
426 3409 568 3451 vero
620 3393 920 3467 quosdam
975 3409 1047 3449 ex
1111 3393 1256 3466 ipsis
1308 3393 1482 3448 morti
1541 3392 1855 3463 dederunt,

192 3481 496 3555 quosdam
547 3497 798 3554 corpore
842 3486 1288 3554 truncaverunt,
1330 3482 1630 3554 quosdam
1680 3483 1860 3556 capti-

1965 3037 2130 3094 bant.
2165 3039 2488 3095 Praedictus
2506 3057 2646 3097 vero
2675 3040 2784 3110 vir,
2808 3057 2931 3098 non
2970 3043 3291 3100 immemor
3317 3044 3482 3118 quod
3506 3047 3626 3101 Deo

1962 3132 2230 3197 voverat,
2281 3127 2408 3184 sine
2462 3145 2634 3186 mora
2663 3130 2738 3185 ad
2793 3132 3192 3203 patrocinium
3235 3133 3394 3189 beati
3444 3134 3629 3190 Gode-

1963 3216 2137 3273 hardi
2165 3216 2461 3287 veniebat,
2497 3223 2553 3274 et
2581 3218 2821 3275 lanceas
2853 3225 2910 3275 et
2933 3237 3206 3292 pannum
3236 3223 3398 3278 unde
3423 3223 3626 3278 velum

1964 3304 2201 3373 fecerat,
2235 3305 2294 3361 in
2315 3306 2672 3363 memoriam
2696 3307 2841 3363 tanti
2865 3308 3136 3365 miraculi
3164 3309 3223 3364 in
3247 3310 3497 3366 ecclesia
3520 3325 3627 3366 no-

1965 3399 2088 3451 stra
2119 3395 2408 3468 suspendi
2437 3396 2709 3466 rogabat.

1600 3831 2200 3918 APPENDIX.

266 4030 354 4087 49.
389 4032 615 4085 Interea
641 4027 790 4084 dum
812 4028 941 4084 haec
972 4030 1253 4097 aguntur,
1278 4031 1336 4083 et
1351 4029 1644 4084 memoria
1692 4028 1852 4084 beati
1962 4029 2058 4084 citi
2089 4044 2319 4096 sumus,
2337 4028 2438 4084 ubi
2463 4029 2514 4084 is
2535 4029 2790 4085 adesset.
2815 4033 2943 4085 Non
2966 4029 3155 4084 multo
3178 4035 3313 4102 post
3334 4033 3623 4112 tempore,

192 4117 535 4174 Godehardi
564 4116 740 4174 valde
772 4115 1022 4173 celebris
1070 4116 1342 4186 habetur,
1375 4117 1619 4188 contigit
1661 4121 1725 4173 ut
1765 4133 1853 4174 ar-

191 4208 614 4281 chiepiscopus
638 4206 1030 4277 Coloniensis,
1087 4206 1375 4262 Henricus
1421 4207 1530 4278 (97)
1585 4207 1850 4278 nomine,

1962 4117 2247 4173 dominus
2268 4121 2470 4172 noster
2491 4133 2628 4172 cum
2649 4117 2711 4173 in
2727 4123 3027 4173 conventu
3044 4123 3246 4175 nostro
3269 4119 3396 4175 hzec
3423 4137 3628 4194 supra-

1961 4207 2120 4262 dicta
2149 4205 2547 4277 cognovisset,
2570 4205 2838 4280 petitioni
2858 4207 3288 4281 archiepiscopi
3312 4209 3625 4283 acquievit,

191 4297 494 4354 civitatem
525 4302 797 4354 nostram
829 4313 968 4352 cum
998 4311 1121 4352 non
1147 4296 1387 4352 modica
1416 4312 1604 4352 manu
1634 4296 1772 4353 cleri
1801 4301 1858 4352 et
1883 4300 1926 4353 D
1963 4302 2020 4354 et
2047 4313 2182 4370 quae
2213 4297 2291 4352 ab
2322 4313 2392 4353 eo
2416 4296 2883 4370 postulabantur
2910 4298 3022 4354 sibi
3065 4299 3280 4356 donari
3322 4302 3622 4375 praecepit.

190 4386 405 4461 populi
431 4387 835 4461 pertransiret,
867 4391 925 4442 et
950 4385 1237 4459 praadicta
1266 4384 1579 4452 miracula,
1599 4403 1735 4460 qua:
1751 4402 1859 4460 per

191 4493 336 4532 eum
365 4475 610 4543 ﬁebant,
635 4480 1043 4548 cognosceret.
1069 4477 1131 4530 In
1161 4479 1528 4531 conventum
1557 4490 1700 4546 ergo
1746 4477 1860 4532 fra-

194 4571 356 4623 trum
381 4571 727 4624 nostrorum
755 4565 963 4636 venit,
1011 4568 1068 4621 et
1112 4563 1544 4621 fraternitatem
1584 4569 1853 4621 nostram

195 4657 411 4714 devote
439 4656 782 4731 postulavit.
815 4655 905 4711 Ad
930 4655 1102 4727 cujus
1135 4654 1515 4712 fraternitatis
1535 4655 1856 4713 conﬁrma-

193 4745 420 4804 tionem
441 4746 572 4803 dari
595 4745 707 4803 sibi
727 4745 802 4802 de
823 4743 1086 4819 reliquiis
1101 4744 1259 4802 beati
1275 4744 1518 4818 patroni
1536 4745 1724 4802 nostri
1749 4745 1858 4801 hu-

193 4835 410 4894 militer
437 4836 620 4910 petiit,
648 4833 999 4910 promittens
1030 4850 1091 4889 se
1123 4834 1422 4891 facturum
1453 4838 1518 4890 ut
1572 4834 1634 4890 in
1691 4833 1858 4891 omni

193 4925 437 4982 dioecesi
468 4942 578 4982 sua
603 4924 852 4982 celebris
875 4924 1217 4995 haberetur,
1251 4928 1309 4980 et
1337 4940 1640 4997 congruas
1663 4924 1859 4981 honor

193 5019 361 5073 tanto
382 5015 510 5072 viro
541 5014 945 5081 exhiberetur;
992 5011 1097 5068 sed
1143 5012 1287 5085 quia
1328 5013 1674 5086 petitionem
1728 5014 1858 5086 ejus

189 5109 442 5179 propter
471 5104 807 5162 absentiam
853 5101 1110 5176 pastoris
1159 5101 1348 5157 nostri
1391 5103 1750 5172 distulimus,
1803 5107 1860 5160 et

191 5199 350 5252 tunc
402 5211 513 5252 nos
577 5193 983 5252 satisfacturos
1060 5191 1353 5248 voluntati
1434 5193 1621 5268 ipsius
1693 5193 1860 5269 polli-

268 5338 386 5411 (96)
416 5338 682 5411 Insulam
700 5337 884 5411 maris
901 5335 1103 5411 Baltici
1126 5333 1328 5391 mallet
1352 5335 1547 5411 legere
1568 5337 1863 5411 Henscbe-

190 5408 335 5467 nius
365 5408 778 5466 verosimiliter
806 5408 1088 5480 Rugiam,
1140 5411 1433 5463 terrarum
1462 5423 1500 5464 a
1529 5408 1718 5465 Salvis
1764 5409 1863 5464 de-

192 5485 502 5539 tantarum
528 5481 824 5538 ultimam.

289 5555 383 5621 ‘97)
411 5553 699 5611 Henricus
729 5556 749 5609 Ι
789 5567 992 5611 comes
1020 5550 1095 5606 de
1126 5549 1461 5608 Molenarck
1499 5554 1706 5606 sancto
1757 5553 1863 5607 En-

289 5557 383 5621 97)
411 5553 699 5611 Henricus
729 5556 749 5609 Ι
789 5567 992 5611 comes
1020 5553 1095 5606 de
1126 5553 1461 5608 Molenarck
1499 5554 1706 5606 sancto
1757 5553 1862 5607 En-

194 5553 466 5697 goibarto
495 5623 780 5684 successit
806 5638 970 5683 anno
1003 5625 1137 5679 1225
1165 5621 1244 5679 ad
1282 5637 1475 5680 annos
1508 5627 1593 5691 I2,
1618 5621 1725 5695 qui
1753 5636 1862 5694 po-

492 5712 738 5772 rma».
780 5713 955 5771 CXLI.

1966 4389 2095 4442 Mox
2123 4385 2314 4442 abbas
2341 4387 2500 4442 beati
2531 4386 2864 4444 Godehardi
2891 4388 2971 4444 ad
3002 4406 3142 4445 eum
3180 4407 3319 4446 cum
3355 4393 3627 4463 portione

1964 4475 2353 4549 reliquiarum
2373 4477 2790 4534 transmittitur
2813 4483 2869 4535 et
2892 4477 2970 4536 ab
2992 4496 3063 4536 eo
3101 4481 3485 4536 devotissime
3534 4497 3629 4535 su-

1967 4565 2229 4640 scipitur.
2262 4567 2429 4624 Hanc
2464 4584 2602 4624 vero
2645 4569 2984 4643 portionem
3032 4569 3519 4641 archiepiscopus
3566 4569 3629 4623 in

1966 4659 2187 4714 terram
2211 4658 2534 4715 nativitatis
2566 4675 2710 4727 sum,
2739 4659 2799 4714 id
2823 4663 2910 4714 est
2939 4659 2999 4713 in
3025 4658 3324 4726 Sueviam,
3355 4657 3629 4713 transmi-

1967 4745 2058 4814 sit,
2080 4745 2284 4818 ibique
2315 4747 2647 4820 quamdam
2678 4745 2992 4802 ecclesiam
3033 4744 3093 4800 in
3123 4745 3414 4801 honorem
3441 4745 3628 4818 ipsius

1964 4835 2248 4892 instituit:
2280 4837 2359 4892 ad
2384 4852 2569 4909 quam
2601 4853 2737 4892 cum
2771 4835 2941 4891 multi
2972 4834 3362 4906 confluerent,
3405 4840 3461 4891 et
3504 4852 3628 4890 cer-

1964 4925 2259 4982 tissimam
2291 4925 2544 4981 salutem
2576 4925 2795 4982 anima:
2820 4929 2877 4981 et
2905 4923 3170 4997 corporis
3187 4929 3628 4997 recuperarent,

1968 5014 2213 5085 contigit
2249 5018 2314 5069 ut
2342 5013 2611 5086 quadam
2651 5014 2746 5071 die
2802 5013 3043 5070 cuidam
3089 5013 3218 5069 viro
3267 5029 3486 5070 manus
3530 5015 3633 5070 ab-

1969 5105 2358 5172 scinderetur,
2393 5103 2546 5161 adeo
2576 5108 2640 5161 ut
2668 5120 2778 5160 nec
2811 5103 3062 5159 minima
3082 5103 3375 5175 particula
3396 5104 3633 5177 corpori

1964 5195 2335 5266 jungeretur.
2364 5192 2582 5250 Videns
2610 5209 2754 5265 ergo
2781 5207 3073 5250 mancum
3117 5209 3179 5247 se
3206 5209 3355 5262 esse,
3379 5209 3632 5250 manum

1972 5336 2087 5408 tius
2129 5335 2224 5391 hic
2252 5335 2578 5408 designari
2624 5336 2856 5393 videtur
2880 5351 3089 5408 quam
3123 5335 3410 5392 Henricus
3459 5337 3503 5392 II
3557 5337 3632 5393 de

1972 5407 2397 5479 Wirnemberg
2423 5424 2584 5466 anno
2618 5413 2753 5466 I306
2784 5407 3112 5465 ordinatus.
3162 5407 3334 5473 Quod
3375 5408 3632 5464 miracu-

1969 5478 2098 5536 lum
2143 5477 2300 5535 infra
2334 5477 2504 5536 n'um.
2564 5485 2622 5536 51
2684 5479 2958 5549 relatum,
3011 5479 3248 5537 Caesarii
3305 5480 3636 5537 Heisterba‘

1972 5551 2209 5609 chensis
2233 5556 2405 5609 aetate
2432 5556 2735 5625 patratum
2765 5552 2856 5608 sit.

3279 5716 3346 5768 39
