3996 6168
385 141 408 193 1
421 139 525 193 227

1319 136 1374 191 S.
1430 134 1837 191 GODEHARDI
1880 130 2192 187 EPISCOPI
2235 132 2881 194 HILDESHEIMENSIS.

3718 142 3859 195 ηπ

380 262 650 335 arripuit,
682 265 739 316 et
765 259 887 314 ﬁde
916 259 1151 313 ﬁrmata
1176 272 1311 314 eam
1334 257 1411 313 ad
1434 262 1712 313 truncum
1733 255 2035 328 apposuit,
2067 261 2114 312 Α
2150 256 2343 313 Deum
2372 258 2727 316 intercessor
2751 276 2856 317 ero
2881 277 3136 333 semper.
3176 286 3203 311 »
3254 262 3470 318 Dictus
3518 266 3739 316 autem
3769 262 3859 316 in-

379 356 438 409 et
483 351 562 408 ad
602 348 880 406 eamdem
930 345 1248 403 ecclesiam
1297 347 1376 403 ad
1426 346 1824 420 patrocinium
1880 344 2039 400 beati

379 439 718 498 Godehardi
748 437 1025 508 migravit
1058 456 1070 492 :
1118 437 1223 493 ubi
1254 454 1392 493 cum
1431 435 1813 495 devotissime
1860 434 2038 489 mise-

377 529 698 587 ricordiam
718 527 907 600 ipsius
927 527 1293 599 imploraret,
1321 527 1565 597 contigit
1585 524 2039 582 celeberrimum

374 618 757 679 miraculum,
791 621 855 672 ut
893 621 1103 673 trunco
1135 633 1356 673 manus
1414 615 1941 685 conglutinaretur,
1981 616 2039 668 et

371 709 435 764 in
464 708 784 781 pristinum
818 710 1038 762 statum
1064 706 1491 763 restitueretur.

446 803 532 854 50.
565 798 657 852 Vir
683 795 937 869 quidam
966 795 1274 861 honestus,
1307 796 1480 865 cujus
1506 809 1729 851 nomen
1775 792 2037 848 Theodo-

370 889 551 955 ricus,
585 886 732 942 civis
776 884 1378 942 Hildeneshemensis.
1430 885 1528 940 Hic
1555 884 1871 940 devotione
1915 884 2035 938 sin-

372 977 567 1048 gulari
593 979 812 1042 motus,
856 974 1283 1031 fraternitatem
1311 973 1561 1029 instituit
1610 972 1798 1029 sancti
1845 973 2034 1028 Gode-

370 1066 566 1137 hardi,
595 1071 650 1121 et
678 1065 740 1121 in
770 1080 904 1119 eam
935 1062 1245 1135 utriusque
1276 1078 1454 1117 sexus
1479 1062 1754 1117 homines
1778 1062 2031 1129 induxit,

370 1154 638 1213 tribuens
654 1154 729 1209 de
748 1153 1006 1226 propriis
1024 1153 1477 1226 eleemosynam
1502 1152 1871 1225 pauperibus
1892 1151 2035 1208 satis

369 1244 603 1313 largam
634 1243 695 1298 in
721 1242 869 1298 festo
890 1241 1032 1297 dicti
1072 1241 1370 1313 pontiﬁcis
1418 1241 1776 1297 Godehardi.
1832 1241 1929 1296 Hic
1971 1240 2034 1296 in

368 1332 709 1388 inﬁrmitate
738 1331 1009 1403 quadam
1038 1331 1433 1401 decumbens,
1467 1348 1602 1403 quae
1643 1331 1855 1404 phtisis
1887 1330 2032 1386 dici-

369 1425 482 1488 tur,
534 1437 572 1476 a
614 1419 863 1476 medicis
901 1419 1352 1492 derelinquitur,
1400 1420 1503 1493 qui
1549 1420 1624 1476 de
1668 1420 1789 1475 vita
1845 1419 2034 1493 ipsius

367 1510 790 1583 desperabant.
853 1509 1128 1575 Quadam
1186 1526 1326 1566 vero
1380 1515 1575 1579 nocte,
1635 1526 1820 1582 quam
1879 1526 2034 1583 pene

2149 346 2367 403 ﬁrmus
2398 352 2666 412 surrexit,
2698 356 2754 407 et
2784 351 2948 423 quod
2975 352 3025 407 ei
3059 352 3293 408 dictum
3328 352 3539 407 fuerat
3590 350 3764 406 fecit.
3798 354 3859 408 Et

2150 449 2365 491 omnes
2393 438 2493 509 qui
2525 440 2840 496 audierant
2861 440 3109 495 verbum
3141 443 3333 495 Deum
3362 439 3855 497 benediceme

2148 525 2252 597 qui
2283 526 2459 582 talem
2503 529 2586 584 eis
2635 535 2953 601 patronum
3003 530 3169 585 dedit
3227 535 3288 584 et
3338 529 3855 584 intercessorem.

2148 614 2352 670 Dictus
2382 621 2582 673 autem
2611 618 3008 673 Theodoricus
3039 635 3230 673 sanus
3260 624 3321 676 et
3351 618 3603 681 hilaris,
3640 623 3859 689 postea

2146 705 2295 761 vixit
2317 707 2491 762 annis
2519 709 2740 771 multis,
2795 708 3006 765 devote
3036 712 3155 764 Deo
3186 714 3245 762 et
3271 714 3498 763 sancto
3531 706 3864 762 Godehar-

2146 794 2226 850 do
2258 812 2322 851 se
2352 797 2814 853 commendans.
3168 843 3188 859 .

2217 889 2305 939 51.
2340 886 2610 957 Magister
2627 890 2887 941 Joannes
2907 889 3016 957 (98)
3047 891 3319 943 Decanus
3338 886 3699 959 Aquensis.
3720 903 3859 941 cum

2146 974 2437 1030 scholaris
2466 980 2638 1041 esset,
2671 982 2789 1031 tam
2818 979 3076 1045 graviter
3107 977 3383 1048 quodam
3421 982 3730 1048 tempore
3778 975 3856 1029 in-

2144 1062 2421 1123 ﬁrmatus
2451 1070 2562 1130 est,
2598 1070 2660 1121 ut
2687 1066 2995 1123 confessus
3023 1072 3082 1121 et
3110 1066 3401 1122 inunctus
3433 1065 3599 1120 nihil
3634 1066 3697 1121 ei
3747 1066 3857 1120 nisi

2143 1168 2308 1207 mors
2335 1153 2651 1209 videretur.
2686 1155 2795 1219 Qui
2833 1171 2974 1211 cum
3023 1154 3276 1210 materia
3329 1161 3524 1226 rapta
3575 1162 3751 1209 esset
3798 1156 3857 1210 in

2142 1242 2477 1313 cerebrum,
2524 1243 2686 1299 solus
2726 1245 2932 1315 jacens
2962 1244 3022 1300 in
3053 1260 3374 1300 excessum
3418 1244 3623 1308 venit,
3679 1244 3853 1298 vidit-

2141 1346 2261 1402 que
2286 1332 2562 1387 homines
2590 1332 2701 1387 sibi
2728 1333 2965 1403 ignotos
2997 1332 3240 1395 intrare,
3273 1332 3385 1404 qui
3436 1331 3668 1387 laneas
3695 1348 3854 1402 quas

2141 1418 2426 1474 manibus
2469 1420 2791 1492 portabant
2839 1437 2979 1476 cum
3022 1420 3200 1490 lignis
3231 1419 3537 1477 brevibus
3586 1425 3652 1475 et
3702 1436 3851 1491 qua-

2140 1506 2327 1562 dratis
2359 1513 2498 1563 ante
2525 1508 2724 1581 ipsum
2747 1508 3075 1580 ponebant.
3097 1508 3413 1564 Stantibus
3436 1508 3598 1579 ipsis
3624 1523 3706 1563 ex
3732 1524 3852 1563 una

367 1598 537 1655 duxit
564 1599 926 1667 insomnem,
958 1598 1239 1670 apparuit
1267 1598 1315 1653 ei
1352 1603 1595 1653 sanctus
1643 1597 2035 1655 Godehardus
2063 1612 2104 1666 Β
2140 1601 2311 1668 parte
2337 1596 2554 1666 lectuli,
2596 1597 3035 1670 contemplatus
3062 1601 3151 1653 est
3174 1596 3427 1653 introire
3478 1603 3609 1653 tres
3664 1596 3850 1668 incly-

365 1688 429 1744 in
457 1687 667 1745 habitu
704 1686 1052 1760 pontiﬁcali,
1100 1686 1306 1742 dicens
1346 1687 1434 1742 ei:
1486 1710 1512 1734 ‹‹
1544 1686 1696 1752 Quid
1740 1686 1887 1755 agis,
1920 1685 2036 1742 fra-

365 1782 454 1834 ter
476 1780 504 1834 ?
533 1794 641 1834 cur
670 1777 754 1833 sic
774 1777 941 1848 jaces
964 1780 1298 1849 prostratus
1320 1776 1379 1831 in
1402 1776 1555 1833 lecto
1574 1778 1602 1832 ‘?
1627 1801 1652 1824 υ
1685 1777 1787 1833 Cui
1809 1776 2034 1832 Thedo—

364 1867 525 1923 ricus
542 1866 850 1939 respondit
873 1882 884 1920 :
911 1888 937 1915 ‹‹
960 1863 1305 1921 infirmitate
1327 1870 1611 1933 gravatus
1628 1864 1848 1931 valida,
1869 1865 2032 1922 aliud

365 1971 488 2011 non
515 1971 763 2027 possum
795 1970 982 2026 quam
1013 1958 1346 2026 prostratus
1370 1954 1570 2024 jacere
1596 1972 1607 2019 ;
1642 1954 1746 2009 sed
1780 1970 1928 2023 rogo
1954 1958 2029 2021 te,

366 2048 569 2100 sancte
600 2042 970 2109 Godehardo,
1001 2058 1107 2097 ora
1136 2059 1248 2115 pro
1278 2059 1393 2098 me.
1432 2066 1457 2091 ››
1506 2042 1608 2098 Cui
1659 2043 1742 2097 vir
1790 2046 2032 2098 sanctus

366 2132 448 2190 ait
476 2152 488 2189 :
521 2157 547 2181 ‹‹
574 2135 759 2202 Surge
785 2131 845 2187 in
874 2132 1117 2188 nomine
1150 2132 1384 2188 Domini
1411 2132 1597 2188 nostri
1628 2134 1769 2187 Jesu
1800 2132 2027 2201 Christi,

365 2227 424 2279 et
450 2222 605 2278 vade
635 2222 713 2278 ad
762 2221 1095 2289 ecclesiam,
1147 2226 1203 2277 et
1245 2222 1493 2278 ostende
1538 2225 1591 2277 te
1630 2221 2031 2277 eoufratribus

364 2311 503 2381 tuis,
536 2316 593 2369 et
620 2311 716 2367 dic
747 2311 831 2366 eis
866 2328 877 2364 :
908 2311 1057 2376 Quia
1088 2311 1375 2367 Dominus
1403 2314 1571 2366 Jesus
1611 2310 1835 2365 meritis
1882 2310 2032 2365 meis

364 2406 421 2458 te
454 2400 704 2470 sanavit,
738 2416 810 2455 eo
835 2400 1002 2472 quod
1027 2400 1320 2455 honorem
1336 2416 1538 2455 meum
1568 2399 1628 2454 in
1650 2399 1761 2454 hac
1788 2398 2035 2455 inﬁrmi-

364 2495 482 2548 tate
507 2489 860 2563 procurasti.
899 2494 1147 2563 Insuper
1172 2489 1268 2544 dic
1296 2489 1381 2544 eis
1412 2494 1476 2545 ut
1504 2488 1563 2545 in
1590 2488 1864 2561 inemptis
1902 2504 2032 2560 per-

366 2584 655 2647 severent,
683 2584 740 2635 et
768 2596 880 2648 ego
907 2578 1087 2635 frater
1114 2595 1325 2634 eorum
1365 2594 1487 2647 ero,
1534 2584 1591 2633 et
1632 2578 1911 2633 defensor
1953 2578 2030 2633 ab

363 2672 535 2728 hoste
564 2669 854 2739 maligno,
886 2674 943 2725 et
972 2669 1050 2724 ab
1078 2669 1364 2724 omnibus
1396 2686 1533 2741 quas
1578 2670 1892 2735 honorem,
1942 2667 2029 2722 vi-

366 2777 512 2834 tam,
542 2759 665 2815 sive
693 2757 922 2814 famam
954 2774 1163 2814 eorum
1190 2757 1406 2813 laudere
1436 2760 1712 2829 possunt,
1764 2760 1822 2812 et
1866 2756 2029 2827 apud

2142 1688 2234 1740 tos
2258 1686 2653 1753 confessores,
2685 1691 2961 1743 sanctum
2988 1685 3265 1742 videlicet
3298 1685 3642 1743 lartiuum
3668 1689 3849 1743 Turo-

2142 1790 2416 1844 nensem,
2451 1781 2508 1832 et
2536 1781 2813 1832 sanctum
2842 1775 3269 1833 Godehardum
3300 1775 3684 1848 episcopum
3738 1776 3848 1832 ltil-

2141 1864 2710 1935 deneshemensem,
2764 1868 3134 1937 beatumque
3198 1864 3684 1929 Bernwardnm,
3740 1865 3846 1936 qui

2141 1968 2284 2009 eum
2329 1957 2499 2025 parte
2546 1969 2619 2009 ex
2676 1954 2861 2010 altera
2906 1954 3373 2010 circumstetere.
3437 1957 3505 2009 In
3566 1969 3845 2025 quorum

2143 2047 2467 2115 conspectu
2494 2058 2644 2114 puer
2689 2047 2949 2098 Joannes
2999 2042 3105 2099 uni
3142 2042 3486 2113 imponitur
3536 2042 3733 2107 lanci,
3784 2048 3845 2098 et

2140 2132 2305 2201 ligna
2328 2132 2613 2205 ponderis
2641 2132 2824 2188 alteri.
2858 2135 3128 2204 Cumque
3159 2131 3397 2189 elevata
3434 2120 3705 2199 statera,
3747 2132 3845 2202 ju-

2140 2222 2309 2277 venis
2367 2237 2525 2291 reger
2574 2221 2771 2276 minus
2822 2220 3057 2275 habens
3108 2220 3390 2275 inventus
3420 2225 3518 2276 est
3558 2220 3839 2292 predicti

2141 2310 2514 2366 confessores
2535 2310 2854 2382 puerulum
2884 2325 3146 2381 parvum
3176 2315 3238 2366 et
3278 2309 3647 2368 mendicum
3676 2310 3835 2366 sinui

2141 2400 2271 2470 ejus
2329 2399 2766 2472 imposuerunt,
2817 2399 2924 2471 qui
2972 2398 3154 2456 simul
3201 2399 3445 2455 lancem
3502 2399 3835 2458 adversam

2140 2503 2293 2544 mox-
2314 2488 2768 2561 suspendentes,
2800 2488 2981 2559 lignis
3022 2488 3327 2558 graviores
3376 2494 3831 2559 apparuerunt,

2141 2577 2463 2649 statimque
2490 2581 2766 2644 Joannes,
2798 2578 2904 2649 qui
2944 2577 3096 2635 mihi
3122 2578 3280 2634 hanc
3319 2576 3633 2635 visionem
3678 2582 3831 2635 retu—

2139 2664 2224 2733 lit,
2252 2665 2313 2720 in
2339 2666 2623 2721 sudorem
2651 2681 2977 2737 erumpens
3010 2665 3187 2723 crisin
3215 2665 3374 2729 fecit.
3405 2671 3464 2721 et
3495 2666 3577 2723 de
3606 2666 3829 2725 eadem

2140 2754 2482 2811 inﬁrmitate
2514 2755 2687 2811 citius
2714 2754 3041 2811 convaluit.

963 2876 1377 2939 Postremum
1436 2872 1840 2938 miraculum
1900 2870 2202 2936 editionis
2262 2870 2615 2961 Dymnum,
2671 2871 2818 2936 vilae
2880 2870 3220 2937 brevioris.

442 3002 530 3054 52.
578 2999 753 3055 Anno
804 2995 1035 3057 Domini
1080 3000 1213 3054 1338
1258 2996 1462 3052 civitas
1515 2995 1876 3051 Patavicnsis
1928 3010 2036 3068 per
2067 2998 2106 3050 C
2148 2998 2370 3064 mento,
2403 2998 2461 3050 et
2490 2999 2695 3051 votum
2729 2993 2997 3052 fecerunt
3021 2994 3384 3053 unanimiter
3416 3012 3483 3051 se
3529 2996 3828 3055 missuros

369 3086 724 3163 episcopum
760 3084 1172 3143 Pataviensem
1203 3088 1339 3156 (99),
1373 3101 1511 3140 cum
1544 3083 1730 3141 multa
1780 3088 2034 3143 armato-

366 3193 505 3235 rum
526 3175 757 3243 militia,
781 3175 1228 3233 circumvallata
1246 3174 1329 3230 sic
1356 3174 1718 3239 arctabatur,
1743 3173 1910 3245 quod
1930 3189 2035 3245 po~

366 3266 547 3340 pullis
578 3265 637 3323 in
669 3281 740 3322 ea
769 3265 1123 3338 desperatus
1151 3264 1225 3321 de
1248 3263 1460 3335 salute,
1498 3263 1771 3319 hostibus
1803 3262 1924 3317 suis
1970 3277 2033 3318 se

366 3356 599 3414 tradere
626 3354 885 3411 volebat.
913 3354 1167 3423 Contigit
1192 3358 1393 3410 autem
1421 3358 1485 3409 ut
1506 3369 1661 3411 unus
1682 3352 1833 3411 inter
1854 3368 1955 3407 eos
1971 3351 2031 3407 in

368 3449 577 3501 sancto
608 3442 964 3499 Godehardo
1013 3440 1335 3514 specialem
1377 3456 1588 3509 gerens
1638 3439 1943 3499 fiduciam.
1978 3443 2033 3494 et

367 3533 520 3589 inter
541 3532 799 3602 majores
833 3529 1083 3585 civitatis
1112 3529 1398 3595 residens,
1432 3529 1687 3583 diceret:
1742 3550 1767 3575 ‹‹
1795 3527 2029 3582 Audivi-

369 3637 510 3676 mus
566 3619 757 3675 multa
802 3618 1039 3690 pictatis
1083 3617 1341 3687 insignia
1389 3621 1447 3673 et
1500 3616 1778 3672 salutaris
1830 3617 2033 3673 auxilii

370 3713 696 3779 augmenta
727 3723 848 3762 non
895 3706 1152 3769 modica,
1195 3706 1506 3778 quomodo
1548 3711 1793 3761 sanctus
1842 3706 2032 3762 Gode-

367 3798 597 3855 hardus
626 3797 700 3852 de
725 3797 839 3852 hac
869 3799 1075 3851 nostra
1104 3799 1270 3850 ortus
1298 3797 1472 3865 terra,
1500 3794 1623 3850 imo
1649 3794 1723 3850 de
1772 3796 1887 3851 hac
1928 3812 2032 3851 no-

372 3892 495 3943 stra
519 3887 780 3955 dioecesi,
816 3884 1016 3940 multis
1042 3883 1221 3940 astitit
1248 3883 1559 3953 tribulatis,
1589 3889 1646 3940 et
1674 3884 2031 3940 consolatio-

367 3994 509 4035 nem
539 3976 617 4033 ab
647 3993 717 4032 eo
743 3978 1115 4049 receperunt,
1159 3978 1223 4030 ut
1266 3973 1467 4029 multis
1493 3977 1580 4030 est
1627 3974 2028 4030 notissimum.

369 4066 624 4140 Expedit
661 4082 803 4136 ergo
840 4068 905 4120 ut
933 4068 989 4120 et
1018 4080 1131 4120 nos
1163 4063 1351 4137 ipsius
1406 4063 1775 4136 adjutorium
1822 4064 2034 4137 implo-

368 4171 592 4223 remus,
624 4160 892 4231 petentes
933 4154 1248 4209 devotione
1290 4152 1544 4227 supplici
1592 4157 1655 4208 ut
1712 4153 2033 4209 clementer

366 4242 544 4303 nobis
576 4243 831 4307 assistat,
864 4247 921 4298 et
949 4242 1099 4299 iram
1148 4242 1266 4307 Dei,
1319 4258 1426 4316 per
1465 4258 1652 4317 quam
1698 4242 2030 4298 meruimus

365 4332 525 4389 hanc
551 4331 974 4399 calamitatem,
1007 4347 1043 4389 a
1070 4331 1245 4386 nobis
1268 4335 1510 4389 avertat.
1534 4355 1561 4381 »
1595 4332 1823 4388 Placuit
1843 4332 2033 4389 omni-

364 4420 482 4479 bus
534 4421 785 4478 verbum
835 4419 1014 4488 senis,
1066 4420 1316 4494 ejusque
1365 4437 1575 4477 omnes
1606 4421 1805 4478 favent
1832 4422 2031 4480 horta-

2143 3082 2371 3155 aliquot
2399 3082 2474 3137 de
2508 3083 2731 3141 civibus
2760 3100 2899 3141 cum
2951 3082 3387 3147 oblationibus,
3438 3092 3720 3160 petentes
3768 3093 3827 3141 ut

2143 3170 2226 3226 eis
2265 3170 2325 3227 in
2370 3171 2821 3231 necessitatibus
2859 3172 2984 3227 suis
3033 3171 3203 3228 citius
3263 3169 3642 3228 subveniret.
3698 3175 3826 3239 Quo

2142 3266 2281 3316 voto
2313 3260 2555 3331 emisso,
2588 3261 2739 3317 mira
2770 3260 3066 3319 celeritate
3098 3277 3161 3316 se
3209 3260 3581 3325 invenerunt
3608 3278 3823 3318 conso-

2140 3347 2315 3404 latos.
2347 3350 2495 3405 Nam
2528 3365 2853 3419 generosus
2882 3348 3162 3422 princeps
3192 3348 3321 3405 dux
3356 3352 3625 3407 Bavarize
3674 3356 3822 3421 (100)

2142 3438 2408 3503 veniens,
2442 3439 2749 3509 negotium
2804 3439 3136 3512 intercepit,
3166 3444 3222 3495 et
3251 3439 3411 3497 inter
3461 3441 3815 3516 episcopum

2144 3529 2554 3583 Pataviensem
2588 3534 2643 3583 et
2672 3528 2825 3584 cives
2857 3529 3029 3584 dictae
3064 3529 3316 3584 civitatis
3353 3530 3520 3585 abeo
3544 3529 3803 3583 obsessas

2145 3619 2387 3686 treugas
2427 3617 2731 3673 constituit
3178 3617 3405 3690 Sicque
3444 3617 3655 3690 prmsul
3695 3616 3799 3674 ab-

2143 3705 2368 3774 scessit,
2400 3710 2458 3761 et
2485 3706 2694 3762 civitas
2723 3722 2870 3779 pace
2902 3705 3208 3776 gaudebat
3254 3706 3586 3779 insperata.
3613 3707 3729 3763 Sed
3754 3712 3812 3762 et

2142 3795 2343 3851 medio
2370 3800 2637 3868 tempore
2677 3796 2869 3852 dictus
2901 3796 3025 3851 dux
3078 3796 3341 3851 Bavariae
3396 3813 3619 3869 pacem
3670 3798 3815 3852 inter

2142 3883 2494 3956 episcopum
2521 3889 2579 3940 et
2607 3885 2904 3940 civitatem
2934 3884 3262 3957 incoeptam
3308 3886 3722 3957 conﬁrmavit,
3766 3892 3817 3942 et

2142 3972 2615 4029 consolationem
2646 3973 2994 4031 hominibus
3025 3973 3337 4046 utriusque
3367 3991 3559 4030 sexus
3602 3975 3816 4032 condo-

2142 4060 2324 4116 navit.
2355 4059 2522 4117 Cives
2549 4065 2745 4116 autem
2785 4059 2958 4116 dictae
3009 4061 3260 4116 civitatis
3305 4078 3471 4129 suos,
3531 4068 3600 4119 ut
3646 4080 3815 4120 vove

2140 4155 2294 4220 rant,
2327 4149 2405 4205 ad
2422 4156 2762 4222 sepulcrum
2781 4149 3076 4206 miserunt
3096 4151 3283 4206 sancti
3305 4150 3663 4208 Godehardi
3688 4170 3813 4209 cum

2139 4240 2353 4295 votivis
2404 4239 2828 4307 oblationibus,
2874 4240 3159 4295 omnibus
3211 4239 3442 4296 ibidem
3503 4248 3814 4300 narrantes

2140 4329 2394 4407 qualiter
2418 4328 2715 4400 suffragiis
2744 4328 2933 4385 sancti
2966 4330 3304 4386 Godehardi
3329 4329 3407 4385 de
3432 4331 3814 4389 tribulatione

2137 4419 2405 4476 maxima
2435 4419 2632 4475 subito
2663 4419 2877 4474 fuerint
2906 4419 3155 4476 liberati.

1528 4642 2093 4730 APPENDIX
2180 4641 2640 4729 ALTERA.

719 4789 1023 4847 Miracula
1055 4790 1115 4849 in
1146 4787 1366 4845 exteris
1395 4787 1723 4858 provinciis
1749 4790 1944 4859 facta,
1980 4789 2040 4845 in
2071 4804 2221 4860 quas
2259 4788 2473 4845 delatae
2500 4793 2640 4843 sunt
2674 4789 2735 4845 S.
2771 4788 3116 4846 Godehardi
3152 4788 3444 4861 reliquie.

434 4914 592 4973 Scire
616 4912 955 4970 volentibus
974 4928 1111 4985 qua:
1139 4916 1197 4969 et
1224 4917 1453 4985 quanta
1483 4913 1772 4969 Dominus
1788 4913 2023 4985 operari
2051 4916 2092 4967 D
2134 4914 2284 4969 viter
2301 4913 2587 4986 quaedam
2599 4913 2889 4970 adnotare
2909 4914 3729 4977 curavimnsﬂonorabilem
3742 4918 3814 4975 vi-

358 5006 431 5062 sit
446 5005 727 5074 dignatus
756 5018 865 5076 per
892 5002 1104 5058 merita
1132 5001 1293 5058 beati
1322 5001 1681 5072 Godehardi,
1706 5020 1845 5058 cum
1863 5019 2025 5059 esse-

357 5110 495 5149 mus
519 5092 580 5148 in
601 5091 912 5164 provincia
955 5089 1339 5161 Trajectensi,
1370 5094 1429 5145 et
1456 5090 1519 5146 in
1550 5090 1680 5147 aliis
1710 5090 1874 5157 locis,
1924 5091 2024 5147 ha-

354 5182 565 5241 bentes
574 5182 892 5238 nobiscum
908 5180 1276 5238 venerabiles
1287 5179 1571 5252 reliquias
1583 5180 1854 5251 ejusdem
1864 5224 1877 5250 ,
1898 5180 2026 5237 bre-

424 5327 537 5397 (98)
562 5324 734 5397 idem
781 5324 1142 5382 miraculum
1190 5322 1445 5379 refertur
1484 5338 1523 5380 θ.
1569 5323 1824 5381 Οωεθτὶο
1870 5322 2023 5379 libro

355 5395 469 5453 vni.
506 5395 944 5463 Miraculorum,
974 5411 1111 5468 cap.
1146 5402 1234 5451 77.

420 5469 537 5538 (99)
566 5468 842 5540 Albertus
894 5466 1171 5525 Saxo'nite
1205 5466 1339 5540 dux
1387 5471 1745 5540 occupatam
1773 5466 2024 5540 ~Patavii

351 5541 555 5612 sedem
584 5539 821 5595 militari
849 5538 1271 5612 moregmagis,
1314 5555 1504 5612 quam
1540 5537 1619 5596 ut
1667 5537 2023 5596 ecclesiam-

351 5623 493 5666 cum
517 5609 773 5681 deceret,
808 5608 1273 5667 administravit.

2136 5019 2270 5059 rum
2283 5001 2641 5059 abbatemin
2656 5002 2962 5073 Dokkinge
2975 5004 3812 5079 euratumevidentereogno-

2134 5092 2332 5149 vimus
2356 5107 2393 5147 a
2417 5092 2582 5148 ﬂuxu
2609 5092 2938 5163 sanguinis,
2962 5109 3087 5165 quo
3110 5094 3497 5152 vehementer
3518 5102 3581 5153 et
3599 5097 3708 5155 diu
3728 5098 3807 5155 la-

2133 5179 2469 5237 boraverat.
2521 5184 2625 5239 Per
2654 5182 2787 5252 ejus
2821 5179 3175 5251 suffragium
3227 5188 3583 5243 matronam
3630 5187 3805 5244 etiam

2172 5322 2355 5403 _(_tQO)
2386 5324 2741 5403 Ludovicus,
2767 5324 2853 5403 uti
2879 5323 3254 5403 Henscbenio
3288 5326 3554 5403 videtur,
3586 5328 3797 5403 tudo-

2130 5393 2242 5470 vici
2269 5394 2477 5470 Bavari
2510 5395 2847 5470 ﬁlius,_qui.
2891 5400 3058 5468 patre
3105 5396 3431 5470 imperium
3473 5393 3797 5467 ambiente,

2131 5465 2393 5541 Bavariee
2443 5467 2622 5541 ducis
2666 5465 2912 5541 titulum
2956 5465 3287 5541 promereri
3342 5471 3568 5541 potuit,
3625 5465 3795 5531 anui

2130 5536 2403 5596 marchio
2435 5536 3317 5614 Brandehurgicus—appellatus
3340 5536 3454 5599 ist.
