3998 6176
1733 147 2108 206 EPIS‘I‘OLE.

3499 163 3518 213 1
3531 160 3635 214 230

205 279 563 352 quamdam,
595 295 730 351 quae
755 279 917 334 bona
943 293 1048 350 spe
1096 276 1342 333 easdem
1371 275 1652 348 reliquias
1695 275 1774 330 ad
1804 291 1865 329 se
1904 279 1949 332 Α
2052 279 2137 330 55.
2166 273 2264 332 Vir
2290 275 2470 332 etiam
2496 274 2749 348 quidam
2775 288 3053 345 magnus,
3085 276 3262 332 nobis
3291 279 3466 338 valde
3491 297 3640 340 eon-

207 369 424 428 deferri
455 369 639 441 petiit,
666 372 821 426 Deus
847 385 885 426 a
907 367 1132 440 duplici
1185 367 1426 434 morbo,
1451 364 1786 438 hydropico
1817 369 1874 420 et

207 457 562 530 podagrico,
591 473 714 528 quo
771 457 876 514 diu
895 455 1290 525 laboraverat,
1347 454 1623 525 ejusdem
1652 452 1877 508 meritis

205 550 481 624 potenter
509 550 691 617 atque
717 545 1022 604 evidenter
1068 544 1359 606 liberavit.
1394 547 1681 604 Praeterea
1710 541 1877 600 zonis

205 635 533 690 multorum
565 634 881 706 applicatis
909 634 989 692 ad
1020 634 1269 692 easdem
1297 631 1667 706 reliquias,et
1693 647 1879 704 appo-

209 725 334 782 sitis
384 724 459 780 ad
513 723 788 780 membra
839 724 1240 794 infirmorum,
1301 728 1423 779 tam
1496 722 1875 780 saecularium

209 830 397 888 quam
422 812 829 868 claustralium
883 813 942 867 in
973 812 1298 868 continenti
1329 812 1649 868 sanitatem
1706 827 1869 867 rece-

210 901 368 976 pisse
396 907 726 958 noscuntur
752 919 764 968 ;
807 901 1074 956 videlicet
1104 901 1324 956 inﬁrmi
1355 901 1700 958 laborantes
1732 916 1880 976 quo-

208 989 454 1054 tidiana,
482 989 755 1062 tertiana,
769 990 974 1046 dolore
1006 989 1238 1066 capitis,
1258 989 1590 1058 oculorum,
1607 988 1879 1046 dentium

209 1082 268 1134 et
291 1085 641 1138 caeterorum
671 1078 1106 1134 membrorum.

284 1172 370 1222 54.
414 1171 560 1223 Cum
595 1168 835 1223 faemina
882 1169 1166 1241 quadam
1213 1168 1364 1224 inter
1394 1169 1670 1224 concives
1713 1183 1875 1238 suos,

210 1258 493 1315 dantibus
522 1259 698 1314 nobis
755 1259 1300 1315 confraternitatem
1357 1276 1522 1315 more
1555 1259 1746 1326 solito,
1799 1258 1877 1314 ab

212 1348 343 1420 ipsa
369 1363 429 1402 se
462 1347 821 1417 absentaret,
853 1348 1078 1403 monita
1125 1364 1228 1420 per
1257 1347 1458 1403 visum
1489 1364 1524 1404 a
1552 1348 1734 1404 beato
1765 1349 1879 1402 Go-

213 1437 482 1492 dehardo
509 1453 618 1491 cur
647 1453 709 1490 se
737 1441 900 1492 tanto
927 1436 1219 1492 beneficio
1250 1437 1466 1508 privari
1496 1437 1686 1504 vellet,
1707 1440 1764 1492 et
1794 1452 1880 1492 re-

214 1525 520 1598 spondens
545 1524 710 1597 quod
736 1525 883 1580 nihil
912 1525 1288 1581 offerendum
1327 1525 1594 1594 haberet,
1627 1524 1876 1595 audivit,

1981 362 2194 418 trarius
2218 364 2494 432 existens,
2539 379 2678 420 cum
2705 361 3002 436 populum
3031 378 3068 418 a
3093 365 3270 420 nobis
3295 376 3640 439 avertere,et

1981 451 2286 520 negotium
2317 457 2592 509 nostrum
2641 451 3010 508 omnimodis
3038 451 3329 524 impedire
3359 461 3642 530 studeret,

1983 539 2064 596 ita
2091 555 2197 612 per
2221 541 2591 599 inﬂationem
2622 542 2878 613 gutturis
2907 546 2965 598 et
2984 541 3164 598 totius
3191 543 3398 614 capitis
3421 549 3645 618 pericli-

1985 629 2094 685 tari
2124 631 2322 703 coepit,
2351 636 2416 687 ut
2459 633 2590 702 jam
2619 647 2773 705 pene
2801 631 3057 688 deﬁcere
3101 630 3422 700 videretur,
3455 635 3646 691 donec

1983 719 2044 774 in
2077 735 2137 775 se
2168 718 2404 776 rediens
2427 725 2483 776 et
2507 721 2686 778 corde
2710 722 3146 796 paenitens,per
3173 720 3465 793 suffragia
3489 722 3648 779 beati

1985 807 2322 865 Godehardi
2350 809 2430 865 ab
2455 808 2643 883 ipsius
2671 811 2880 867 mortis
2909 811 3186 869 faucibus
3214 811 3524 882 liberatus,
3553 827 3648 868 er-

1983 913 2183 954 rorem
2215 914 2388 954 suum
2422 899 2737 956 devotione
2763 905 2820 956 et
2838 901 3168 959 humilitate
3193 903 3466 962 correxit.

2057 992 2143 1044 56.
2207 988 2496 1054 Quaedam
2549 988 2765 1045 mulier
2792 1006 2932 1045 cum
2985 992 3256 1060 geminos
3312 994 3644 1064 generaret,

1983 1094 2107 1134 uno
2138 1077 2334 1134 soluta
2363 1083 2500 1134 ante
2530 1082 2805 1134 nostrum
2831 1077 3179 1149 adventum,
3209 1082 3399 1138 tribus
3429 1083 3646 1140 diebus

1984 1184 2124 1224 cum
2156 1167 2341 1224 altero
2368 1167 2690 1240 periclitari
2721 1168 2901 1240 coepit
2926 1187 2939 1236 ;
2985 1169 3092 1224 sed
3120 1170 3295 1226 nobis
3323 1172 3648 1229 advenien-

1983 1257 2164 1326 tibus,
2199 1261 2422 1313 attactu
2449 1273 2616 1313 zonae
2680 1257 2902 1314 sanctis
2927 1258 3191 1331 reliquiis
3222 1261 3529 1332 appositae,
3587 1261 3647 1316 in

1985 1346 2312 1401 continenti
2341 1345 2518 1402 enixa
2540 1345 2935 1417 dignoscitur.

2059 1440 2145 1490 57.
2198 1438 2485 1492 Praeterea
2534 1451 2673 1491 cum
2713 1436 2911 1507 major
2966 1435 3217 1491 ecclesia
3267 1436 3652 1507 Trajectensis

1987 1524 2382 1597 suspensione
2412 1525 2756 1581 divinorum
2812 1523 2995 1596 longo
3044 1529 3312 1598 tempore
3338 1525 3516 1582 nimis
3541 1530 3656 1581 tur-

217 1618 279 1670 ut
307 1630 486 1669 mane
508 1614 1082 1687 surgens,quidquid
1111 1618 1272 1688 apud
1303 1632 1363 1671 se
1391 1615 1679 1672 inveniret
1709 1614 1881 1670 offer-
1919 1637 1958 1693 Β
1985 1613 2245 1680 baretur,
2302 1618 2552 1687 propter
2578 1614 2905 1670 adventum
2930 1613 3321 1688 reliquiarum
3359 1614 3516 1671 beati
3545 1615 3655 1670 Go-

215 1708 336 1758 ret:
371 1702 575 1775 sicque
605 1703 666 1756 in
697 1703 881 1758 hursa
911 1703 1064 1758 duos
1096 1704 1387 1772 gravioris
1411 1709 1666 1760 monetae
1697 1720 1874 1760 num-

214 1806 350 1846 mos
369 1790 680 1846 inveniens
708 1791 939 1859 obtulit,
999 1796 1054 1847 et
1079 1791 1239 1848 idem
1269 1793 1492 1849 factum
1539 1809 1740 1849 coram
1769 1809 1879 1866 po-

215 1879 362 1952 pulo
391 1879 664 1951 professa
700 1884 810 1936 est.

1987 1701 2258 1770 dehardi,
2314 1701 2518 1758 divina
2573 1704 2896 1775 resumpsit
2924 1702 3096 1774 (tOl),
3162 1707 3219 1759 et
3269 1701 3374 1759 toti
3429 1702 3657 1776 populo

1987 1791 2200 1860 ingens
2257 1791 2548 1862 gaudium
2605 1791 2809 1847 tribuit
2836 1791 2896 1847 in
2937 1791 3333 1862 dedicatione,
3384 1791 3659 1848 videlicet

1989 1879 2182 1954 ipsius
2205 1879 2492 1937 ecclesias.

337 2060 3636 2090 Μ

751 2243 1271 2367 SANCTI
1358 2243 2245 2374 GODEHABDI
2336 2244 3115 2370 EPISTOL/E.

1288 2516 1564 2584 (Manna,
1596 2516 1873 2572 Analect.
1906 2530 2046 2572 nov.
2079 2515 2218 2572 edit.
2252 2528 2394 2588 pag.
2421 2517 2572 2582 435).

747 2801 984 2858 EPISTO
994 2805 1081 2857 LA
1121 2804 1352 2860 PRIMA.

219 2903 507 2938 BODIBARDI
570 2903 777 2938 ABBATIS
830 2905 1194 2940 TEGBBNSENSIS
1258 2909 1320 2942 AD
1383 2908 1876 2945 NIDERALTAHENSES.

220 2971 480 3026 Nuntiat
503 2971 792 3040 quomodo
841 2988 877 3027 α
911 2974 1434 3042 Tegemseensibus
1463 2982 1743 3046 exceptus
1783 2979 1880 3043 sit,

293 3047 575 3113 aptatque
595 3048 659 3096 ut
687 3048 896 3098 mutua
909 3059 1156 3112 precum
1181 3048 1514 3102 communio
1535 3048 1696 3104 inter
1724 3055 1885 3104 utro-

467 3132 566 3186 sit.

467 3145 566 3186 su.

293 3145 669 3260 gignimus
725 3201 939 3269 abbas,
979 3205 1262 3277 quamvis
1290 3206 1600 3277 indignus,
1658 3210 1740 3263 W.
1776 3224 1885 3265 cm.

220 3289 422 3362 risque
504 3289 806 3359 fratribus,
886 3292 1184 3365 quidquid
1268 3294 1499 3352 dilectis
1583 3296 1738 3365 ﬁliis,
1825 3296 1885 3354 in

221 3378 475 3437 Christo.

297 3471 659 3542 Quanquam
682 3474 899 3528 nostra
928 3469 1260 3541 fragilitatis
1291 3472 1487 3543 legem
1515 3474 1764 3531 interius
1793 3492 1888 3532 ex-

223 3558 527 3631 teriusque
556 3558 1134 3628 laborando,natura
1161 3567 1430 3631 cogente,
1462 3565 1668 3620 merito
1700 3565 1887 3638 patia-

224 3663 394 3716 mur;
430 3648 714 3705 tamenin
744 3648 859 3704 hoc
885 3649 1110 3720 itinere,
1143 3651 1307 3724 quod
1330 3653 1508 3722 jussu
1531 3653 1761 3710 domini
1787 3670 1890 3711 no-

229 3735 330 3792 stri
379 3735 552 3792 ducis
593 3737 1116 3807 aggrediebamur,
1176 3739 1374 3795 adhuc
1405 3757 1519 3797 nos
1546 3744 1889 3814 prosperari

226 3825 438 3882 vestris
461 3825 835 3884 orationibus
864 3829 1256 3898 gratulamur.
1293 3833 1443 3888 Nam
1461 3831 1788 3888 honoriﬁce
1818 3831 1890 3888 si-

229 3913 475 3988 mulque
500 3915 842 3973 charitative
871 3933 910 3975 a
932 3918 1164 3974 cunctis
1192 3918 1472 3976 fratribus
1499 3920 1761 3992 suscepti
1791 3937 1890 3976 su-

229 4021 386 4068 mus,
419 4010 475 4062 et
531 4005 739 4062 devote
769 4005 997 4064 faciunt
1022 4023 1401 4081 quaecunque
1426 4009 1512 4066 eis
1549 4009 1894 4080 regulariter

229 4095 637 4169 praecipimus.
688 4097 939 4170 Insuper
961 4098 1145 4156 etiam
1173 4115 1492 4171 precamur
1527 4105 1590 4156 ut
1622 4100 1893 4158 fraterni-

231 4167 338 4244 tati
364 4167 698 4258 vestraeque
745 4167 999 4245 orationi
1029 4167 1313 4262 deinceps
1357 4190 1792 4259 consociemur,
1839 4196 1896 4248 et
1932 4167 1976 4221 Β

233 4291 358 4334 una
399 4292 641 4334 mecum
689 4277 1122 4335 commendant
1174 4278 1344 4336 vobis
1389 4279 1598 4337 fratres
1643 4285 1906 4366 nostros,

232 4382 390 4439 quos
418 4366 558 4422 huic
583 4365 878 4435 misimus,
912 4372 976 4425 ut
1022 4368 1105 4426 eis
1136 4385 1382 4427 omnem
1412 4369 1761 4427 charitatem
1794 4365 1906 4428 hu?

233 4455 705 4538 manitatemque
735 4456 1086 4524 exhibeatis,
1111 4461 1178 4514 ut
1200 4458 1470 4532 praecipit
1489 4459 1706 4516 beatus
1740 4463 1906 4518 Pater

236 4549 438 4603 noster
468 4546 836 4604 Benedictus.
879 4547 1074 4606 Mittite
1121 4548 1299 4606 nobis
1330 4548 1552 4608 librum
1600 4550 1822 4608 Horatii
1849 4554 1905 4608 et

237 4635 520 4708 epistolas
548 4635 735 4693 Tullii.

857 4712 1192 4768 EPISTOLA
1235 4714 1295 4766 ll.
1405 4749 1412 4758 .

288 4814 519 4854 uusnsu
552 4813 862 4855 GODEHARDI
894 4817 965 4855 AD
997 4816 1323 4856 THEODL'LUM
1354 4801 1503 4872 (l02)
1533 4816 1858 4858 smscorvu.

237 4885 376 4960 Non
410 4886 870 4960 cupiditatemec
902 4888 1352 4960 ambz'tione,sed
1379 4889 1712 4946 obedientia
1739 4894 1908 4960 prin-

315 4958 436 5042 cipi
455 4959 805 5043 praestanda
827 4975 886 5016 se
914 4959 994 5014 ad
1024 4958 1372 5016 monaSterz‘i
1425 4958 1790 5032 Tegersensi's
1815 4978 1906 5019 re-

313 5044 508 5099 grmen
547 5045 874 5086 0008882888.

317 5120 551 5174 Domno
580 5118 1342 5191 TssoocLo,pontiﬂcalium
1374 5123 1753 5180 sacerdotum
1782 5138 1910 5196 spe-

318 5262 467 5332 (lOi)
498 5261 622 5317 Hoc
644 5261 1005 5317 miraculum
1035 5261 1114 5317 ad
1142 5262 1342 5317 saeculi
1373 5279 1452 5317 xv
1485 5263 1719 5322 initium
1750 5281 1913 5321 revo-

247 5332 511 5405 candum
544 5333 1088 5405 essevidetur,quo
1119 5333 1312 5389 abbas
1344 5333 1556 5405 Insulae
1587 5335 1776 5393 beatae
1804 5339 1916 5392 Ma-

247 5403 390 5482 riaa,_
405 5407 550 5482 teste
583 5404 764 5473 Heda,
783 5403 1190 5482 Trajectenses.
1215 5403 1469 5482 ljomani
1491 5407 1790 5482 pontiﬁcis
1815 5423 1918 5462 au-

250 5474 514 5550 ctoritate
525 5474 1195 5550 excommunicavit,qui
1219 5474 1548 5550 Suederum
1565 5477 1916 5550 episcopum

285 5546 679 5621 ejecerant.ld
700 5547 776 5604 ad
794 5546 1192 5621 annumutc’i—37
1211 5546 1706 5621 perduravit.Quo
1738 5546 1922 5621 a'nno,

293 5622 469 5688 gente
497 5618 739 5676 Nieolao
767 5617 1058 5677 eardinali
1089 5617 1677 5690 Cusino,Walrarius
1708 5618 1928 5676 Rudol-

1922 2811 1962 2865 C
1992 2807 2126 2863 culo
2147 2806 2571 2880 liquidissimo,
2625 2807 3005 2864 Gounsanus
3039 2811 3158 2865 Deo
3190 2807 3423 2884 sibique
3454 2825 3664 2868 mona-

1990 2896 2171 2952 chum
2202 2896 2522 2965 mentiens,
2557 2896 2710 2970 proh
2741 2896 2939 2970 pudor
2965 2899 2976 2952 !
3015 2897 3409 2954 Dominicum.

2064 2987 2443 3044 Scintillantis
2467 2989 3022 3057 calami,aestuantis
3046 2990 3666 3065 animi,vituperabilis

1989 3076 2322 3132 infectionis
2354 3077 2414 3132 in
2441 3093 2553 3133 nos
2610 3078 2959 3147 excogitatae
2994 3078 3233 3136 ulterior
3279 3080 3501 3135 modus
3535 3097 3660 3136 cer-

1991 3165 2150 3221 nitur
2179 3181 2306 3221 esse
2335 3182 2523 3239 quam
2582 3165 2997 3222 admirandus.
3054 3167 3153 3224 Sin
3182 3168 3362 3222 unius
3408 3173 3532 3223 tam
3560 3184 3664 3223 ne~

1992 3254 2157 3309 {ariae
2188 3253 2618 3310 criminationis
2669 3270 2855 3310 causa
2884 3270 2983 3310 me
3037 3269 3310 3328 unquam
3348 3256 3667 3328 reprehen-

1992 3343 2157 3400 deret
2182 3344 2424 3418 propria
2455 3343 2842 3413 conscientia,
2908 3360 3101 3418 quam
3133 3343 3472 3400 verecundo
3501 3344 3670 3400 vultu

1993 3448 2301 3506 quamque
2332 3433 2648 3506 prenitenti
2681 3433 2888 3490 animo
2913 3449 3051 3490 mea
3105 3437 3320 3508 sponte
3347 3432 3671 3490 voluissem

1994 3538 2092 3578 me
2129 3527 2503 3595 sequestrare
2560 3538 2596 3578 a
2657 3522 2838 3578 totius
2897 3521 3352 3580 Christianitatis
3407 3537 3675 3578 commu-

1995 3610 2174 3665 nione
2204 3610 2216 3664 !
2245 3609 2417 3666 Absit
2445 3625 2482 3665 a
2511 3625 2605 3666 me
2659 3609 2962 3684 deceptrix
3011 3610 3336 3686 cupiditas,
3373 3615 3438 3668 ut
3466 3611 3675 3667 alienis

1996 3704 2120 3757 tam
2143 3699 2326 3773 impie
2353 3699 2568 3756 vellem
2598 3699 2852 3768 inhiare,
2899 3715 3258 3775 quanquam
3313 3701 3439 3758 sine
3466 3701 3676 3759 vestris

1995 3790 2163 3845 nullo
2193 3790 2378 3846 modo
2410 3790 2609 3846 vivere
2663 3805 2927 3862 possem.
2957 3791 3226 3857 Veneria,
3277 3791 3552 3862 quinimo
3580 3808 3679 3846 cu-

1997 3878 2297 3951 pidinaria
2323 3877 2693 3943 fascinatrix,
2720 3878 2801 3933 ita
2830 3878 3076 3950 penitus
3106 3879 3213 3933 ﬁat
3240 3878 3300 3932 in
3331 3894 3428 3933 me
3459 3879 3677 3949 sopita,

1998 3972 2065 4024 ut
2093 3967 2332 4024 alterius
2355 3967 2585 4040 copulae
2607 3968 2883 4038 junctam
2912 3966 3004 4022 vel
3025 3966 3481 4038 concupiscibili
3503 3967 3680 4022 oculo

1999 4055 2295 4111 invidiose
2381 4053 2676 4128 inspicere
2758 4068 3147 4128 pravsumam.
3234 4057 3459 4110 Nostrae
3546 4071 3686 4128 pos-

2009 4142 2400 4201 sessiunculaa
2461 4143 2693 4216 absque
2742 4143 2878 4199 fuco
2934 4142 3331 4199 simulationis
3389 4145 3688 4201 renuntia-

2014 4233 2213 4289 vimus
2267 4247 2452 4301 euge:
2515 4231 2620 4287 sed
2651 4247 2772 4288 non
2826 4235 3059 4288 tantum
3087 4235 3295 4306 postea
3324 4232 3690 4306 profecimus

2015 4328 2080 4380 ut
2107 4322 2452 4391 debuimus,
2487 4321 2635 4396 quia
2665 4323 2753 4393 (ut
2800 4321 2995 4379 verius
3026 4323 3226 4392 scitur)
3252 4338 3447 4397 neque
3476 4338 3690 4380 omnes

2015 4411 2330 4471 Christiani
2388 4410 2707 4468 Christiani
2756 4415 2916 4482 sunt,
2963 4427 3160 4486 neque
3202 4427 3414 4468 omnes
3443 4411 3552 4466 viri
3579 4411 3689 4471 viri

2016 4506 2174 4574 sunt,
2231 4516 2341 4558 nec
2401 4515 2614 4557 omnes
2663 4501 2949 4558 monachi
3001 4500 3284 4557 monachi
3319 4503 3496 4565 sunt;
3533 4498 3690 4554 Chri-

2015 4590 2192 4648 stiani
2239 4595 2445 4646 tamen
2493 4590 2589 4646 isti
2622 4594 2765 4646 sunt
2795 4593 2851 4645 et
2884 4588 3202 4645 monachi:
3256 4586 3363 4641 sed
3395 4587 3524 4640 haec
3554 4601 3693 4642 con-

2013 4679 2234 4736 versim
2268 4679 2573 4746 volumus,
2611 4679 2716 4734 sed
2747 4693 2868 4733 non
2900 4692 3260 4750 possumus;
3290 4673 3554 4743 nitimur,
3588 4674 3694 4731 sed

2014 4769 2412 4825 inﬁrmamur.
2473 4767 2582 4834 Qui
2631 4768 2834 4838 aliqua
2884 4763 3344 4820 Christianitatis
3402 4763 3693 4819 tinctione

2014 4859 2108 4915 vel
2155 4857 2503 4931 aspersione
2535 4861 2622 4912 est
2653 4855 2993 4924 insignitus,
3044 4854 3090 4908 si
3122 4852 3409 4909 catholice
3451 4862 3697 4909 excusa'

2016 4951 2112 5003 tur
2136 4950 2313 5001 tantae
2365 4942 2822 5016 perniciositatis
2868 4940 3095 5012 ﬂagitia
3138 4956 3261 4996 non
3295 4939 3694 4997 committere’

2017 5034 2266 5109 quando
2286 5031 2616 5105 qualiterve
2648 5031 2947 5098 laudatur,
2967 5030 3072 5103 qui
3090 5034 3172 5086 tot
3203 5029 3356 5086 vitiis
3387 5029 3696 5086 obnoxius

2019 5138 2153 5178 esse
2183 5119 2582 5177 criminatur?
2615 5118 2780 5192 quod
2807 5135 2904 5175 me
2940 5117 3152 5174 furtive
3182 5117 3242 5174 in
3273 5117 3423 5174 ovile
3455 5116 3699 5174 Domini

2023 5264 2084 5318 fo
2111 5266 2250 5319 post
2281 5262 2617 5319 Suederum
2649 5261 2836 5318 electo
2865 5261 3059 5318 cessit.

2125 5331 2248 5396 l02)
2278 5333 2330 5389 Is
2361 5339 2449 5389 est
2482 5333 2910 5390 Goteschalcus
2931 5333 3255 5405 episcopus
3283 5331 3701 5405 Frisingensis,

2025 5409 2086 5462 et
2110 5403 2171 5461 in
2192 5405 2466 5477 catalogo
2489 5405 2916 5477 episcoporum
2931 5403 3404 5477 Frisingensium
3426 5404 3701 5460 occurrit.

2031 5476 2350 5602 got’sgalfh
2371 5481 2462 5534 est
2480 5475 2763 5533 idiomate
2784 5475 3112 5532 Theodisco
3133 5490 3337 5532 servus
3363 5475 3490 5544 Dei,
3509 5477 3706 5532 Graece

2095 5569 2159 5602 σω
2203 5567 2264 5600 ου
2300 5568 2374 5602 ος.

2095 5567 2374 5610 σωοουλος.
