3998 6176
421 165 550 221 1‘231

416 289 611 345 dicitis
639 287 938 359 irrupisse,
985 282 1143 337 testis
1174 283 1261 335 est
1311 277 1504 334 ﬁdelis
1544 276 1708 332 curia
1745 270 2071 347 populique
2108 271 2156 322 Α

418 377 731 436 Christiani
789 374 1106 428 innumera
1152 368 1417 438 agmina,
1475 366 1618 440 quia
1673 363 1821 420 nihil
1866 365 2076 416 vestrae

416 466 726 541 potestatis
760 462 851 518 vel
879 460 1131 531 alicujus
1148 458 1386 514 alterius
1405 455 1772 527 subjectione
1798 452 1943 508 mihi
1956 450 2077 506 vin-

415 557 613 611 dicare
639 549 1017 625 praesumpsi,
1066 547 1180 603 nisi
1210 547 1377 619 quod
1407 546 1482 602 de
1507 543 1863 618 potestativa
1892 556 2079 596 manu

415 641 635 698 summi
689 637 974 711 Principis
1028 636 1206 693 hodie
1239 641 1384 704 (non
1411 635 1601 690 fateor
1628 637 1828 689 utrum
1862 629 2078 686 vellem

327 795 339 802 η
413 737 517 788 aut
567 730 813 802 nollem)
871 728 1124 801 suscepi.
1203 725 1561 798 Hujusmodi
1613 722 2077 798 prohibitionem

413 820 771 876 obeditionis
792 819 853 874 in
879 817 1088 889 regula
1112 816 1514 888 conscriptam
1536 814 1662 870 vitae
1685 811 2078 868 Benedictinae

410 925 537 965 non
562 907 1072 981 inveni,quamvis
1104 922 1263 978 saepe
1290 905 1504 978 saepius
1533 903 1672 959 hinc
1697 902 1836 958 inde
1867 900 2078 956 detrita

413 1000 488 1056 sit
512 1016 632 1073 prae
691 998 973 1054 manibus
1002 996 1237 1052 nostris.
1298 995 1467 1059 Quod
1493 993 1554 1049 in
1612 992 1704 1048 his
1751 990 2077 1063 deliquisse

413 1108 510 1147 me
545 1090 734 1146 sentio
766 1105 838 1144 ex
881 1091 1028 1142 aestu
1083 1086 1182 1142 tali
1231 1084 1708 1159 periculositatis,
1736 1087 1964 1138 certum
2001 1084 2080 1136 te-

416 1197 553 1252 neo,
586 1183 731 1236 teste
761 1177 1090 1233 multorum
1143 1174 1528 1242 conscientia,
1583 1173 1814 1244 absque
1843 1170 1964 1226 ullo
1989 1169 2076 1226 la-

414 1269 560 1326 bore
590 1284 687 1324 me
711 1283 1013 1338 emergere
1039 1281 1238 1339 posse.
1263 1264 1478 1320 Valete.

1019 1357 1352 1412 EPISTOLA
1383 1357 1472 1410 Ill.

542 1465 777 1504 EJUSDEM
805 1465 873 1502 AD
905 1462 1175 1502 AZELINUM
1207 1461 1459 1500 ABBATEM
1493 1458 1948 1498 ιυΝίΕω-ΟΕΝΞΕΜ.

421 1542 494 1597 Ut
553 1540 995 1611 quamprimum
1049 1552 1108 1593 se
1161 1538 1431 1605 episcopo
1481 1533 1833 1590 Pataviensi
1884 1533 2075 1586 sistat.

1201 160 1254 212 S.
1299 155 1608 212 GOHARDI
1646 147 1960 206 EPISCOPI
2001 122 2616 202 HILDESHEIMENSIS
2656 141 3042 200 EPISTOLE.

3721 137 3836 195 1232

2799 267 3137 324 EPISTOLA
3174 267 3238 319 ν.

2185 393 2668 434 TEGERNSEENSIUM
2717 394 2788 432 AD
2841 390 3212 432 GODEHARDL'M
3264 388 3575 429 EPISCOPUHI
3639 388 3839 428 HILDES-

2849 481 3158 520 HElMENSEM
3167 507 3179 518 .

2186 576 2468 632 Indicant
2492 592 2572 646 se,
2590 582 2724 645 post
2751 575 3060 641 Albinum,
3079 573 3458 641 Ellingerum
3486 572 3556 626 in
3589 570 3838 627 abbatem

2763 666 2978 720 iterum
3009 663 3268 732 elegisse.

2258 771 2510 828 Domino
2538 775 2600 828 G.
2627 769 3010 845 pontiﬁcatus
3039 767 3229 823 infula
3258 767 3575 833 decorata,
3609 765 3838 821 meritis-

2185 877 2302 934 que
2333 860 2530 916 oﬂicio
2562 858 3054 931 congruentibus,
3088 871 3271 928 supra
3301 859 3560 912 cunctos
3591 855 3839 926 ejusdem

2185 951 2446 1006 nominis
2476 952 2590 1007 hoc
2621 955 2888 1022 tempore
2937 948 3219 1004 divinitus
3263 945 3619 1011 sublimato,
3650 945 3835 1001 fratres

2184 1045 2506 1112 Tegrenses
2539 1041 2654 1097 sub
2680 1039 3056 1113 patrocinatu
3084 1040 3138 1094 S.
3176 1037 3401 1104 Quirini
3431 1036 3835 1102 deservientes,

2185 1130 2482 1203 quidquid
2511 1130 2616 1186 ﬁlii
2647 1130 2829 1185 charo
2857 1127 3012 1202 patri
3042 1127 3412 1198 dominoque
3445 1125 3682 1186 famuli,

2259 1241 2329 1294 Ut
2377 1239 2660 1294 sanctitas
2713 1241 2926 1304 vestra,
2973 1238 3141 1291 Pater
3196 1232 3554 1298 reverende,
3613 1232 3754 1288 felici
3794 1238 3837 1286 et

2185 1345 2478 1402 prospero
2507 1333 2725 1384 eventu
2750 1327 2811 1383 in
2848 1325 3076 1382 cunctis
3104 1325 3209 1380 diu
3232 1325 3416 1393 longa
3449 1339 3568 1396 per
3597 1328 3835 1395 tempora

2186 1419 2384 1488 vigeat
2411 1422 2468 1473 et
2495 1417 2713 1484 valeat,
2733 1415 3074 1490 paternitati
3096 1419 3302 1470 vestrae
3333 1412 3741 1468 indubitanter
3753 1427 3836 1466 no-

2189 1513 2315 1564 tum
2344 1509 2438 1578 sit,
2471 1509 2697 1564 intenta
2726 1506 3042 1562 devotione
3072 1521 3185 1560 nos
3212 1507 3331 1560 Deo
3361 1503 3461 1558 die
3496 1508 3558 1558 et
3585 1506 3745 1558 nocte
3759 1502 3832 1572 ju-

813 1592 1004 1684 vester
1035 1592 1097 1681 in
1127 1592 1409 1682 omnibus
1456 1623 1752 1679 confrater
1775 1619 2078 1677 devotissi-
2115 1629 2157 1684 Β
2187 1597 2334 1667 είῖθτ
2368 1596 2724 1670 8ΠΡΡῙίθεὶΓθν
2783 1610 3112 1685 Ρΐθφθείίυξθ
3162 1592 3327 1666 ipsas
3354 1596 3574 1685 δεῖξείο
3613 1596 3830 1685 Eam?“

413 1736 572 1791 mus,
601 1723 665 1774 Α.
699 1716 1266 1773 Lunilacunensium
1298 1713 1522 1781 abbati,
1549 1710 2079 1784 multiplicissimas
2188 1691 2392 1791 φξβΓο
2418 1687 2800 1791 Qnifinonpm
2821 1684 2995 1740 VObiS
3017 1683 3094 1738 ad
3126 1685 3311 1791 D‘eum
3333 1679 3724 1791 Perferenda‘s
3747 1680 3832 1734 hu‘

413 1809 476 1865 in
505 1807 757 1864 Domino
783 1807 1020 1862 salutes.

489 1900 553 1953 In
602 1896 884 1952 omnibus
915 1912 1023 1950 vos
1061 1893 1406 1968 prosperari
1453 1892 1639 1948 nostri
1697 1890 1901 1946 scitote
1954 1904 2082 1944 esse

417 1985 792 2058 gaudimonii
819 2003 831 2052 ;
889 1989 944 2039 et
972 1984 1019 2039 si
1051 1983 1236 2054 aliter,
1269 1981 1332 2036 in
1390 1980 1482 2036 his
1513 1980 1764 2035 libenter
1792 1977 2083 2050 compati-

415 2092 553 2132 mur
584 2075 870 2131 similiter.
905 2072 1181 2128 Proximo
1241 2070 1658 2143 apostolorum
1705 2067 1972 2124 natalitio
1996 2067 2084 2121 in-

416 2166 732 2224 terfuimus
764 2164 1015 2220 solemni
1040 2164 1362 2219 missarum
1386 2160 1582 2216 ofﬁcio
1603 2158 1902 2233 pontiﬁcis
1929 2157 2087 2214 Chri-

420 2256 599 2313 stiani
627 2254 1058 2326 (Pataviensis),
1111 2251 1389 2325 quamvis
1412 2249 1589 2306 nobis
1619 2264 1858 2305 summo
1889 2247 2085 2304 studio

418 2345 831 2410 renitentibus,
889 2343 1305 2416 episcopaliter
1351 2345 1554 2397 tamen
1587 2339 1819 2395 vocavit
1846 2355 1976 2408 vos,
2032 2341 2088 2394 et

415 2437 532 2492 hoc
559 2435 807 2491 ﬁrmiter
835 2431 1260 2503 deﬁnivitﬁnisi
1308 2433 1474 2486 intra
1503 2431 1953 2502 quatuordecim
1979 2444 2086 2484 no-

421 2533 539 2582 ctes
565 2525 645 2582 ad
673 2542 735 2581 se
755 2523 1038 2591 veniatis,
1093 2539 1201 2579 vos
1228 2520 1899 2578 excommunicandum.
1937 2521 2088 2585 Qua-

423 2619 666 2689 propter
691 2614 1078 2670 consiliamur
1097 2611 1265 2668 vobis
1295 2615 1360 2667 ut
1390 2628 1529 2667 cum
1559 2610 1796 2667 licentia
1823 2608 2088 2682 episcopi

421 2707 600 2763 vestri
629 2705 779 2763 G.ad
800 2704 971 2760 illum
999 2701 1330 2769 veniatis,et
1355 2717 1460 2757 vos
1487 2701 1613 2772 ipse
1641 2699 2090 2772 praesentialiter

425 2795 682 2852 audiatis
741 2792 996 2866 qualiter
1044 2794 1290 2846 eventus
1338 2789 1520 2859 hujus
1563 2788 1647 2844 rei
1683 2788 1996 2843 habeatur.
2032 2787 2090 2844 Si

427 2884 651 2956 aliquid
682 2878 1230 2952 nostrilindigebitis
1257 2877 1336 2954 ad
1356 2877 1417 2931 id
1449 2893 1695 2932 causam
1722 2876 1961 2946 negotii,
1987 2893 2091 2948 pa-

2189 1777 2316 1832 mili
2372 1776 2809 1850 supplicatione
2857 1773 3306 1841 commendare,
3347 1787 3669 1845 quousque
3693 1771 3828 1825 locus

2191 1871 2392 1922 noster
2411 1882 2655 1923 manere
2687 1865 2922 1938 poterit,
2951 1862 3377 1919 beneﬁciorum
3415 1877 3457 1916 a
3485 1857 3679 1916 vestra
3699 1859 3831 1914 beni-

2192 1957 2415 2027 gnitate
2444 1955 2621 2012 nobis
2660 1954 3075 2027 impensorum
3103 1966 3448 2023 numquam
3476 1949 3691 2004 oblivio
3723 1947 3822 2003 erit.

2193 2049 2341 2103 Nam
2372 2046 2476 2101 ﬁlii
2507 2045 2612 2118 qui
2643 2048 2984 2110 nascentur,
3007 2046 3065 2097 et
3091 2044 3400 2110 exurgent,
3427 2039 3645 2094 eadem
3671 2041 3828 2111 poste-

2193 2136 2273 2192 ris
2315 2135 2744 2192 annuntiantes
2777 2132 3015 2188 dicent:
3065 2129 3378 2197 Quomodo
3413 2129 3715 2184 miseretur
3737 2144 3820 2200 pa-

2196 2231 2282 2282 ter
2307 2225 2591 2293 ﬁliorum,
2644 2224 2726 2279 sic
2756 2222 2851 2278 ille
2902 2237 3148 2277 suorum
3199 2219 3485 2274 misertus
3520 2223 3822 2289 estsemper

2196 2317 2378 2387 gratis
2436 2313 2822 2370 famulorum.
2868 2314 3009 2377 Quae
3058 2308 3466 2366 remuneratio
3498 2307 3710 2364 etiamsi
3738 2307 3817 2360 hu-

2195 2421 2379 2461 mana
2406 2404 2614 2474 lingua
2639 2401 2903 2469 tacuerit,
2956 2399 3122 2473 apud
3161 2402 3349 2454 Deum
3369 2401 3432 2452 et
3465 2399 3522 2453 S.
3556 2395 3818 2462 Quirinum

2195 2495 2368 2550 vobis
2400 2499 2558 2550 certa
2589 2492 2714 2548 erit.

2269 2602 2544 2672 Proinde,
2571 2604 2739 2656 Pater
2763 2597 3042 2663 amande,
3085 2610 3402 2667 nunquam
3441 2593 3628 2662 magis
3652 2591 3719 2647 ab
3740 2607 3813 2645 us-

2196 2710 2313 2767 que
2341 2690 2634 2765 principio
2691 2688 2870 2744 vestri
2895 2685 3096 2742 auxilii
3136 2689 3192 2740 et
3217 2683 3640 2740 consolationis
3684 2681 3812 2750 egui—

2198 2800 2354 2847 mus,
2407 2797 2591 2854 quam
2645 2794 2828 2847 nunc,
2877 2776 3132 2854 instante
3175 2772 3547 2841 necessitate,
3588 2786 3810 2842 egemus.

2198 2875 2346 2928 Nam
2405 2868 2707 2927 tribulatio
2761 2871 2816 2922 et
2845 2853 3124 2934 angustia
3149 2862 3396 2934 propria
3439 2860 3548 2916 sibi
3592 2861 3648 2915 in
3672 2857 3810 2914 nobis

425 2948 545 3024 rati
569 2985 778 3024 sumus
803 2948 1323 3040 qualitercunque'
1342 2964 1518 3020 vultis
1549 2964 1720 3021 vobis
1753 2964 2087 3035 suffragari.
2132 2981 2172 3035 ρ
2197 2962 2326 3033 jam
2355 2959 2611 3025 dudum,
2641 2962 2704 3012 ut
2732 2956 2814 3012 ita
2841 2954 3134 3031 dicamus,
3163 2966 3425 3030 posuere
3457 2948 3675 3004 cubilia.
3702 2949 3813 3011 Quae

426 3055 642 3113 Valete.

1041 3147 1378 3203 EPISTOLA
1410 3147 1494 3200 IV.

741 3253 978 3293 EJUSDEM
1010 3254 1082 3291 AD
1113 3252 1382 3300 QUAMDAM
1411 3251 1781 3291 ABBATISSAM.

499 3326 704 3383 Abbas
731 3329 793 3382 G.
829 3325 1103 3382 omnium
1126 3323 1230 3397 qui
1260 3327 1531 3397 praesunt
1562 3323 1827 3394 ultimus,
1857 3322 2096 3378 domnae

2202 3050 2364 3107 mala
2390 3049 2468 3105 ad
2498 3044 2855 3120 depellenda
2884 3046 3090 3098 vestrae
3122 3039 3450 3095 sanctitatis
3474 3038 3547 3094 ad
3567 3041 3728 3093 Deum
3745 3035 3811 3090 in-

2203 3139 2585 3214 terpellentur
2605 3132 2977 3193 auxilia.Tibi
2997 3130 3196 3203 itaque
3213 3132 3355 3201 post
3372 3131 3551 3184 Deum
3568 3127 3814 3197 lacrymo-

2205 3231 2287 3285 sis
2317 3227 2566 3285 vocibus
2611 3224 2903 3281 dicimus:
2956 3224 3175 3278 Memor
3217 3223 3345 3274 esto
3390 3214 3808 3287 congregationis

2205 3325 2341 3388 tuae,
2373 3333 2560 3391 quam
2591 3320 2800 3389 sponte
2849 3309 3168 3385 possedisti
3200 3307 3280 3363 ab
3317 3307 3495 3376 initio,
3533 3306 3737 3376 adjutor
3755 3304 3806 3357 in

2204 3406 2708 3475 tribulationibus,
2739 3420 2872 3476 quae
2902 3401 3260 3456 invenerunt
3288 3414 3398 3453 nos
3425 3396 3596 3452 nimis.
3627 3392 3803 3450 Senior

2205 3503 2407 3555 noster
2437 3501 2500 3553 A.
2531 3486 2824 3567 [Albinus]
2853 3489 3222 3561 aegritudinis
3250 3488 3306 3543 vi
3329 3489 3626 3556 occupatus,
3654 3480 3790 3553 prio-

2207 3594 2407 3645 ratum
2440 3603 2617 3642 suum
2649 3581 2945 3656 deposuit,
2992 3585 3047 3636 et
3073 3595 3186 3634 nos
3212 3578 3429 3634 orbatos
3447 3570 3659 3644 reliquit.
3690 3567 3778 3638 lgi-

2209 3684 2304 3735 tur
2326 3677 2766 3745 convenientes,
2795 3672 3159 3741 Ellingerum
3189 3667 3358 3724 nobis
3381 3669 3601 3739 patrem,
3623 3659 3666 3714 si
3681 3661 3786 3714 Deo

2211 3769 2422 3842 placet,
2472 3767 2733 3840 recipere
2776 3762 3087 3833 elegimus.
3141 3761 3338 3826 Quam
3384 3754 3685 3812 electionem
3706 3745 3797 3803 ini-

2209 3860 2505 3916 micorum
2535 3852 3080 3912 machinationibus
3112 3849 3336 3913 pendet
3365 3847 3413 3902 si
3439 3844 3668 3902 obtinere
3693 3854 3806 3912 pos-

2214 3948 2420 4003 simus.
2455 3949 2602 4001 Nam
2646 3939 2988 4016 paternitati
3012 3942 3220 3994 vestrae
3255 3932 3668 4008 conquerimur,
3694 3925 3810 3999 quia

2214 4042 2434 4094 conatu
2461 4033 2692 4109 praefati
2721 4037 2946 4104 A.pene
2972 4029 3033 4084 in
3063 4027 3271 4084 alienae
3297 4031 3356 4081 et
3381 4025 3581 4095 ignotae
3604 4020 3812 4109 potestas

436 4130 658 4185 tissime
689 4131 1006 4186 nobiscum
1033 4130 1395 4186 commorari
1423 4129 1926 4202 permitteremus,
1958 4137 2014 4187 et
2045 4131 2106 4187 in
2217 4128 2287 4184 tis
2317 4104 2654 4182 dominium
2684 4123 3031 4193 ignorantes
3054 4115 3251 4172 traditi
3276 4114 3520 4170 fuimus.
3553 4107 3703 4177 Quod
3725 4104 3816 4161 nisi

433 4223 729 4291 quantum
761 4220 1199 4290 suﬁiceremus,
1250 4219 1588 4275 ministrare
1637 4219 1718 4274 illi
1768 4223 2109 4280 necessaria
2215 4220 2370 4272 Deus
2395 4214 2580 4271 oculis
2605 4229 2726 4268 suae
2755 4198 3157 4267 miseratiOnis
3187 4222 3298 4261 nos
3327 4196 3816 4278 respexerit,adhuc

432 4308 807 4380 juberemus,
864 4309 912 4364 si
942 4309 1198 4380 qualitas
1250 4324 1427 4364 sexus
1476 4308 1703 4381 aliquot
1744 4311 2106 4382 permitteret
2143 4337 2189 4392 ι)
2220 4305 2560 4375 contingere
2590 4300 3027 4392 formidamus:
3049 4296 3228 4367 Igitur
3273 4293 3818 4392 benignitatem

439 4397 808 4453 monasterio
867 4397 1119 4452 fratrum
1153 4397 1408 4454 feminas
1457 4372 1801 4455 cohabitare
1827 4418 1839 4454 :
1879 4402 2022 4474 quia
2047 4409 2116 4464 ut
2143 4372 2188 4392 υ
2221 4400 2370 4452 tram
2401 4372 2637 4450 obnixis
2665 4389 2943 4464 precibus
2973 4386 3383 4451 obsecramus,
3415 4387 3482 4438 ut
3505 4372 3821 4471 consuetudi-

440 4505 476 4545 a
509 4488 731 4544 sanctis
760 4487 901 4543 viris
933 4487 1382 4559 comprobatur,
1437 4488 1688 4561 stipulae,
1725 4461 1934 4562 paleae,
1966 4461 2116 4563 igni;
2219 4485 2432 4542 naliter
2454 4501 2565 4558 pro
2586 4461 2759 4538 nobis
2784 4477 3114 4551 dignemini
3147 4475 3405 4542 studere,
3438 4478 3506 4529 ut
3523 4472 3594 4527 de
3616 4461 3824 4543 paterni-

442 4595 590 4652 sque
619 4595 936 4651 nunquam
969 4577 1082 4633 sibi
1107 4577 1521 4650 paciﬁcantur,
1550 4579 1665 4634 nisi
1697 4561 1842 4636 alter
1872 4561 2114 4640 alterius
2223 4577 2353 4633 tatis
2379 4579 2584 4632 vestrae
2613 4569 3039 4638 incolumitate,
3067 4567 3202 4623 licet
3225 4566 3525 4630 absentes,
3544 4561 3824 4652 debeamuf

2222 4663 2504 4734 gaudere,
2538 4665 2600 4717 ut
2643 4665 2699 4716 et
2725 4663 2928 4716 nostra
2958 4655 3320 4714 concedatur
3357 4653 3538 4709 nobis
3565 4648 3762 4713 electio,
3787 4646 3829 4734 et

2220 4771 2421 4811 rerum
2450 4757 2813 4818 nostrarum,
2864 4747 3031 4822 quod
3076 4745 3251 4820 quasi
3289 4748 3426 4800 ante
3477 4741 3672 4799 oculos
3699 4732 3829 4793 omni

2221 4845 2316 4902 die
2346 4843 2761 4909 formidamus,
2810 4839 2887 4896 ab
2916 4838 3276 4912 imperatore
3318 4851 3445 4891 non
3473 4832 3574 4890 ﬁat
3618 4829 3833 4887 abstrac-

2222 4937 2320 4993 tio.
2356 4941 2502 4992 Nam
2534 4932 2695 5006 apud
2725 4930 3027 4987 caelestem
3041 4929 3470 5002 imperatorem
3491 4922 3726 4981 multum
3752 4930 3833 4970 vos

2203 5027 2416 5099 valere
2445 5039 2624 5081 nemo
2654 5026 2742 5078 est
2786 5020 2891 5094 qui
2916 5019 3135 5076 audeat
3159 5016 3456 5085 dubitare,
3508 5029 3615 5087 pro
3653 5006 3833 5099 quibus

2220 5115 2444 5174 meritis
2485 5114 2664 5170 etiam
2713 5110 2881 5184 apud
2929 5112 3260 5167 terrestrem
3307 5105 3591 5179 quaelibet
3633 5094 3832 5174 potestis

2218 5208 2554 5280 impetrare.

429 3417 751 3472 abbatissae
808 3419 867 3471 T.
901 3416 992 3471 vel
1025 3419 1090 3469 A.
1121 3413 1311 3469 seduli
1368 3412 1730 3486 precaminis
1761 3412 2098 3485 servitiique

428 3505 812 3561 devotionem
846 3504 908 3558 in
940 3503 1189 3560 Christo.

501 3592 915 3648 Recordamini
967 3583 1246 3664 petimus,
1288 3590 1473 3662 :quod
1505 3607 1740 3662 semper
1770 3606 1877 3645 vos
1905 3590 1964 3646 in
1994 3595 2101 3646 Do-

431 3681 597 3736 mino
627 3681 1052 3750 diligebamus,
1109 3679 1509 3750 dilectumque
1542 3679 1752 3734 Christi
1801 3680 2101 3748 agnellam

431 3771 559 3826 fieri
582 3770 946 3842 optavimus,
977 3785 1046 3824 ac
1093 3768 1270 3823 nobis
1303 3768 1366 3822 in
1423 3767 1680 3840 speciale
1710 3784 1932 3824 nomen
1961 3769 2101 3826 dile-

434 3861 706 3916 ctissimze
738 3860 960 3916 sororis
992 3858 1384 3929 eligebamus.
1428 3862 1546 3915 lsta
1575 3875 1742 3914 soror
1773 3865 1980 3917 nostra
2006 3878 2103 3918 ve-

430 3951 518 4007 nit
549 3951 628 4007 ad
655 3967 766 4007 nos
793 3955 928 4008 ante
959 3949 1161 4006 Natale
1193 3948 1450 4017 Domini;
1475 3948 1820 4021 multiplicis
1852 3952 2105 4007 necessi-

433 4041 568 4097 tatis
602 4058 720 4096 suae
750 4040 1053 4096 miseriam
1083 4038 1259 4094 nobis
1303 4043 1631 4110 conquesta
1658 4058 1670 4106 ;
1705 4056 1890 4111 quam
1920 4041 2107 4097 liben-

442 4668 668 4724 damno
725 4669 899 4725 citius
955 4672 1469 4725 consummentur.
1533 4668 1823 4734 Quocirca
1851 4673 2112 4745 petimus

441 4774 516 4814 ne
549 4758 628 4814 ad
681 4759 942 4815 dedecus
996 4763 1214 4814 nostrae
1268 4757 1679 4831 professionis,
1741 4759 1831 4816 vel
1875 4762 2114 4818 habitus

442 4849 901 4918 monasterialis,
936 4866 1058 4921 quo
1111 4849 1222 4905 ista
1255 4864 1426 4904 soror
1455 4848 1723 4920 vestitur,
1775 4852 2022 4907 ulterius
2053 4852 2116 4907 il-

442 4938 564 4995 lam
594 4939 798 5008 vagari
854 4954 960 5011 per
983 4937 1219 4994 diversa
1276 4937 1408 4993 loca
1457 4937 1811 5010 patiamini:
1873 4940 1976 4994 sed
2003 4957 2114 5012 pro

415 5045 649 5100 amore
692 5028 794 5084 Dei
846 5033 1186 5100 nostraeque
1252 5027 1464 5082 futurae
1521 5029 1924 5084 excusationis
1977 5034 2113 5086 ante

446 5119 753 5188 Deum,vel
776 5117 1130 5174 ancillarum
1151 5121 1483 5174 vestrarum
1503 5117 1787 5189 operibus
1815 5134 1951 5174 eam
1977 5135 2116 5175 con-

447 5209 662 5266 sociari
713 5209 1064 5279 dignemini,
1139 5212 1317 5281 atque
1372 5208 1728 5277 necessaria,
1805 5215 2100 5282 quantum

446 5299 840 5371 eleemosynae
868 5303 956 5354 est
984 5299 1180 5366 vestri,
1213 5300 1262 5354 ei
1295 5298 1514 5368 largiri.
1551 5299 1764 5355 Valete.
