3996 6168
171 194 320 248 113³7

1370 184 1776 244 GHRDNICON
1818 184 2436 245 HILDESHEIMENBE.

3500 200 3636 253 i238

248 318 461 385 Poppo
488 308 1020 366 Patherburnensis
1046 309 1392 383 episcopus.
1419 311 1597 381 (Obiit
1625 327 1681 366 a.
1719 309 1852 365 1084
1890 311 1937 364 Α
1965 313 2186 377 noster,
2214 311 2651 370 Wormaciensi
2688 316 2975 389 episcopo
3029 316 3350 375 Adalberto
3381 321 3403 354 ³
3428 336 3638 393 super-

337 402 380 457 l.
416 405 553 457 Dec.

163 408 204 458 4
239 404 420 551 ἓηο
451 402 831 547 Bris)sinensis
862 487 1204 561 episcopus.
1239 490 1586 561 (Brixiensis
1617 488 1769 546 obiit
1801 506 1852 545 c.

164 586 462 727 8.132(1);
486 667 960 739 Osenburgensis
991 670 1012 703 ³
1041 667 1362 740 episcopus
1393 672 1452 725 et
1501 667 1860 741 praepositus

164 764 401 819 noster.
445 758 627 830 (Obiit
655 774 710 813 a.
750 759 884 813 t088
912 760 966 813 6.
1014 757 1146 813 Kal.
1177 760 1351 829 Aug.)

246 849 604 905 Volcmarus
660 846 980 905 Mindensis
1054 847 1374 921 episcOpus
1428 846 1487 901 in
1556 848 1854 904 scismata.

173 939 382 1006 (Obiit.
413 954 468 994 a.
512 937 693 1003 1097.)

254 1031 411 1100 Erpo
436 1024 913 1083 Monasteriensis
941 1023 1264 1097 episcopus
1288 1024 1349 1078 in
1373 1023 1676 1078 scismate.
1712 1024 1859 1093 (Ob-

176 1118 262 1173 iit.
297 1133 354 1173 a.
393 1117 549 1172 1097.
582 1115 665 1170 1d.
698 1115 869 1184 Nov.)

1968 398 2209 469 ponitur
2236 399 2299 456 in
2326 401 2624 470 scismatc,
2659 403 2825 477 quod
2858 403 2967 459 fuit
2986 404 3140 460 inter
3163 408 3502 464 Romanam
3523 423 3638 464 tec-

1967 486 2210 544 clesiam
2232 494 2290 545 et
2314 490 2658 547 Heinricum
2686 497 2972 564 quartum
3004 509 3208 561 regem
3235 496 3416 567 hujus
3440 498 3638 554 nomi-

1967 576 2081 633 nis.
2119 578 2310 647 (Obiit.
2342 598 2391 635 ρ.
2425 595 2482 635 a.
2523 581 2698 652 1101.)

2038 666 2349 724 Albwinus
2378 670 2645 742 primum
2685 671 2972 741 magister
3015 672 3320 729 scolarum
3369 674 3642 732 Hildeneo

1969 757 2161 825 shem,
2220 763 2434 831 postea
2492 760 2996 831 Merseburgensis
3038 764 3058 796 ‘
3090 763 3430 837 episcopus.
3465 766 3643 837 (Obiit

1974 846 2058 901 11.
2097 889 2108 902 .
2148 889 2161 902 .
2198 852 2284 903 ιο.
2319 848 2450 904 Kal.
2489 853 2655 922 Nov.)

2045 936 2355 1081 Sivyardus
2378 938 2699 995 Mindensis
2757 940 3096 1013 episcopus.
3154 941 3335 1009 (Obiit
3392 960 3447 999 a.
3505 949 3643 1003 1140

2045 1028 2126 1081 Ka
2155 1069 2167 1081 .
2202 1027 2364 1081 Mai.)

1967 1029 2001 1080 4
2035 1027 2167 1082 Kal.
2202 1027 2364 1083 Mai.)

2047 1115 2174 1171 Udo
2206 1118 2226 1150 ⁵
2260 1116 2773 1187 Osenbrucgensis
2796 1118 3139 1191 episcopus,
3158 1121 3423 1194 primum
3447 1125 3467 1157 ⁶
3489 1140 3644 1197 prae-

252 1204 568 1261 Conradus
597 1201 989 1273 Trajectensis
1011 1200 1336 1274 episcopus
1364 1199 1621 1255 occisus.
1675 1200 1867 1270 (Obiit
1974 1204 2207 1276 positus
2240 1206 2431 1262 sancti
2458 1207 2725 1263 Mauritii.
2776 1207 3031 1277 (Obiita.
3062 1209 3217 1265 ll’il.
3241 1214 3292 1266 4.
3329 1212 3457 1269 Kal.
3505 1214 3645 1287 Jul.)

176 1311 235 1352 δ.
279 1295 418 1351 1099
452 1293 534 1350 ω.
571 1292 775 1365 April.)

2051 1294 2430 1350 Bernhardus
2483 1294 2906 1352 Palburnensis
2992 1297 3313 1371 episcopus
3373 1301 3413 1355 ⁷.
3470 1302 3646 1373 (Obiit

254 1386 426 1456 Eppo
453 1381 811 1456 praepositus
868 1377 1058 1435 sancti
1114 1379 1262 1435 Petri
1313 1377 1612 1450 Goslariae,
1674 1376 1869 1435 frater
1977 1398 2031 1439 a.
2070 1384 2253 1453 H60.)

276 1504 449 1590 (Fel.
486 1501 634 1587 129)
690 1497 1480 1590 Nominaseccicsiarum
1509 1495 1623 1586 qui
1663 1495 1872 1565 nobis
1904 1500 2147 1568 fratres
2182 1511 2248 1567 et
2279 1524 2549 1569 sorores
2586 1505 2651 1569 in
2684 1504 2957 1572 Christo
2992 1514 3265 1573 nostras
3298 1508 3636 1578 orationes

176 1591 251 1657 in
288 1586 669 1656 cotidianis
701 1587 1050 1679 sacriﬁciis
1084 1609 1121 1679 a
1158 1586 1350 1653 nobis
1381 1597 1772 1676 expectant,
1813 1598 1877 1655 et
1906 1610 2068 1658 suas
2104 1591 2353 1659 debent
2386 1592 2583 1659 nobis
2643 1593 2816 1660 vivis
2868 1602 2935 1659 et
2970 1593 3335 1679 defunctis,
3372 1597 3549 1665 sicut
3600 1621 3641 1668 a

176 1679 563 1768 majoribus
596 1676 849 1744 nostris
875 1677 1290 1764 accepimus.

253 1794 570 1850 Remensis
598 1792 887 1860 aecclesia,
916 1806 1052 1864 quae
1087 1795 1277 1847 mater
1307 1790 1414 1847 fuit
1478 1792 1860 1850 Hildeneshe-
1898 1800 1937 1853 Β
1968 1796 2219 1851 nomina
2242 1799 2299 1851 et
2320 1794 2518 1851 obitus
2540 1796 2963 1853 defunctorum
2988 1814 3239 1855 suorum
3265 1817 3373 1873 per
3414 1802 3639 1859 litteras

172 1886 408 1941 mensis
425 1884 685 1941 ecclesias
706 1884 768 1938 in
785 1881 1081 1938 canonica
1102 1881 1487 1937 institutione.
1510 1882 1856 1940 Parisiensis

170 1977 239 2032 in
270 1975 537 2031 Francia.
575 1973 775 2031 Sancti
799 1971 1079 2027 Gereonis
1104 1971 1165 2026 in
1195 1972 1458 2029 Colonia.
1516 1973 1855 2030 Babenber-

171 2065 400 2135 gensis.
423 2062 920 2121 Monasteriensis.
947 2060 1503 2118 Paterbrunnensis.
1524 2061 1855 2120 Halversta-

169 2154 405 2211 densis.
442 2151 777 2208 Vuldensis.
812 2149 1295 2205 Heresfeidensis.
1325 2150 1717 2208 Corbeiensis.
1745 2154 1852 2210 He-

169 2239 848 2299 lemwardeshusensis.
911 2239 1144 2293 Heresa.
1218 2237 1849 2293 Ganderhemmensis.

173 2331 590 2389 Goslariensis.
654 2327 1028 2397 Ringelhem.
1104 2327 1458 2383 Brnneswic.
1517 2328 1848 2397 Pragensis.

171 2420 634 2479 Montecassino.
673 2417 955 2473 Turonis.
988 2415 1630 2487 Quidilinghurgensis.
1659 2420 1851 2485 Mage-

167 2509 619 2579 theburgensis.
646 2505 1207 2575 O‘senbrucgiensis.
1242 2506 1599 2562 Altahensis.
1619 2506 1853 2576 Tegrin—

172 2615 411 2671 senses,
439 2599 543 2671 qui
572 2595 823 2653 missale
846 2608 987 2650 cum
1008 2592 1411 2664 evangeliario
1433 2600 1490 2651 et
1505 2595 1851 2652 lectionarto

168 2690 242 2746 in
274 2689 515 2758 signum
544 2685 931 2743 fraternitatis
986 2685 1101 2739 huc
1159 2684 1471 2741 dederunt.
1532 2684 1598 2740 Hi
1640 2698 1851 2741 omnes

1966 1888 2023 1941 et
2051 1901 2160 1957 per
2179 1884 2435 1941 nuncios
2452 1886 2627 1941 nobis
2655 1886 3028 1942 annunciare
3050 1887 3292 1960 debent,
3317 1895 3374 1946 et
3393 1907 3508 1946 nos
3526 1890 3639 1947 illis

1963 1978 2313 2030 nostrorum
2346 1974 2621 2045 fratrum,
2655 1980 2722 2031 ut
2750 1974 2900 2030 ﬁant
2924 1988 3282 2033 communes
3339 1980 3640 2036 orationes

1962 2079 2070 2136 per
2100 2069 2169 2120 30
2199 2064 2328 2119 dies
2362 2083 2373 2132 ;
2410 2070 2468 2120 et
2496 2064 2557 2119 in
2582 2065 3030 2133 anniversariis,
3059 2065 3122 2121 in
3154 2067 3352 2123 missis
3377 2069 3513 2125 etin
3540 2085 3637 2125 ce-

1959 2153 2101 2208 teris
2151 2154 2837 2209 commemorationibus
2890 2158 3268 2212 mortuorum
3299 2161 3356 2212 et
3406 2158 3467 2213 in
3536 2173 3638 2214 au-

1960 2247 2169 2299 tomno
2195 2258 2304 2315 per
2334 2246 2453 2299 tres
2478 2244 2606 2299 dies
2628 2243 3059 2299 recordationis
3084 2244 3358 2316 fratrum,
3385 2248 3635 2303 nomina

1960 2331 2384 2405 praedictarum
2417 2333 2827 2388 tecclcsiarum
2857 2332 2917 2387 in
2945 2338 3246 2389 conventu
3277 2334 3519 2407 publico
3545 2351 3634 2391 re-

1960 2420 2125 2476 citari
2154 2420 2397 2488 debent,
2431 2426 2488 2476 et
2516 2421 2577 2476 in
2609 2420 2864 2493 publicis
2896 2421 3117 2490 missis,
3147 2427 3271 2478 tam
3326 2440 3438 2497 pro
3482 2424 3632 2480 vivis

1959 2525 2147 2583 quam
2178 2525 2289 2583 pro
2317 2509 2633 2573 defunctis,
2666 2510 2962 2565 memoria
2990 2510 3241 2568 fratrum
3286 2517 3631 2571 nostrorum

1960 2601 2016 2653 et
2038 2614 2315 2655 sororum
2342 2616 2450 2673 per
2474 2600 2586 2655 hos
2616 2604 2730 2654 tres
2754 2598 2881 2654 dies
2907 2616 3047 2655 cum
3077 2599 3485 2658 oblationibus
3538 2620 3630 2661 ce-

1958 2685 2174 2744 lebrari
2209 2687 2389 2745 debet
2420 2693 2475 2744 et
2500 2687 2863 2743 elemosinis.

171 2877 207 2943 f
279 2788 460 2943 lites
487 2796 644 2941 spat
676 2783 963 2936 nomilna
982 2782 1468 2885 .episcoyorum
1492 2781 2169 2853 Hildeneshemensis
2196 2786 2523 2856 aecclesiae
2557 2809 2596 2854 a
2624 2797 2925 2877 tempore
2952 2786 3192 2855 Karoli
3222 2784 3478 2879 Magni,
3508 2790 3624 2881 qui

207 2897 301 2943 un
357 2884 495 2942 av1t
572 2896 698 2941 anc
731 2894 870 2939 accc
900 2892 1135 2937 eslam.

207 2884 495 2943 undavit
522 2884 698 2941 hanc
731 2884 1135 2939 acoeteslam.

248 2992 611 3047 Guntharius
634 2988 871 3063 primus
902 2985 1242 3059 episcopus.

250 3078 603 3136 Reinbertus
630 3078 936 3135 secundus
967 3076 1306 3150 episcopus.

251 3171 379 3226 Ebo
410 3170 632 3238 tertius,
664 3169 769 3241 qui
796 3166 964 3240 prius
996 3168 1303 3223 Remensis
1335 3167 1839 3241 archiepiscopus.

1885 2994 1923 3048 C
2030 2990 2427 3047 Bernwardus
2461 2992 2677 3048 tercius
2718 2990 2990 3048 decimus
3029 2991 3372 3067 episcopus.

2029 3078 2422 3135 Godehardus
2448 3086 2699 3153 quartus
2729 3079 3000 3137 decimus
3031 3080 3371 3154 episcopus.

2027 3167 2402 3223 Thietmarus
2436 3168 2681 3241 quintus
2710 3169 2981 3225 decimus
3009 3170 3351 3242 episcopus.

2026 3250 2298 3311 Ezelinus
2331 3256 2413 3312 16.
2446 3257 2790 3330 episcopus.

2025 3344 2196 3402 Ettilo
2226 3348 2309 3401 17.
2346 3345 2687 3420 episcopus.

2025 3434 2151 3491 Udo
2186 3435 2267 3492 18.
2313 3435 2655 3509 episcopus.

2024 3523 2334 3581 Bertoldus
2367 3525 2450 3582 19.
2479 3526 2819 3599 episcopus.

2022 3613 2401 3671 Bernhardtts
2433 3620 2521 3672 20.
2552 3615 2892 3689 episcopus.

2022 3703 2219 3760 Bruno
2247 3704 2336 3759 21.
2366 3705 2708 3779 episcopus.

2020 3790 2396 3848 Hermannus
2426 3798 2515 3849 2'2.
2561 3794 2904 3866 episcopus,

2019 3879 2321 3950 Adelogus
2343 3885 2433 3938 23.
2466 3882 2807 3954 episcopus.

250 3258 514 3314 Alfridus
541 3261 798 3331 quartus
828 3255 1172 3329 episcopus.

249 3348 652 3406 Marcwartius
682 3346 932 3420 quintus
962 3345 1306 3419 episcopus.

250 3438 600 3508 Wigbertus
626 3436 830 3494 sextus
861 3435 1201 3509 episcopus.

251 3527 601 3583 Walbertus
622 3525 913 3599 septimus
934 3524 1270 3599 episcopus.

246 3616 552 3673 Sehardus
579 3620 830 3671 octavus
860 3613 1199 3687 episcopus.

248 3705 641 3762 Thiethardus
672 3708 872 3761 nonus
904 3703 1242 3775 episcopus.

250 3795 520 3851 Otwinus
549 3794 821 3850 decimus
854 3792 1195 3865 episcopIis.

250 3884 527 3954 Osdagus
550 3882 908 3939 undecimus
939 3881 1277 3954 episcopus.

248 3972 558 4043 Gerdagus
585 3971 984 4029 duodecimus
1013 3970 1354 4043 episcopus.

266 4071 564 4138 Nomina
596 4070 1146 4160 presbyterorum
1178 4068 1863 4160 Hildeneshemensis'
1904 4066 2229 4160 aaociesiae
2266 4066 2779 4160 canonicorum,
2820 4066 2934 4160 ί]ρῇ
2969 4066 3053 4160 ab
3086 4068 3615 4160 annoincarna-

170 4161 389 4229 tionis
411 4154 993 4228 Dominicze'lO'lS
1028 4168 1175 4247 post
1211 4157 1473 4225 obitum
1504 4158 1842 4247 Ettyionis
1879 4158 1982 4226 17‘
2008 4245 2018 4247 _
2044 4156 2342 4247 episc0pi
2375 4154 2695 4223 obierunt
2726 4154 2796 4222 in
2837 4154 3129 4224 Christo
3191 4158 3316 4226 sub
3371 4158 3612 4229 Udone

176 4254 297 4318 18°
331 4250 669 4339 episcopo,
707 4248 788 4315 de.
822 4245 1061 4336 majori
1098 4247 1514 4313 monasterio
1551 4245 1821 4315 sanctae
1853 4245 2111 4317 Mariae?

170 4365 455 4424 Reteldus
481 4364 812 4436 presbyter.
1353 4360 1523 4418 Dudo
1544 4360 1877 4434 presbyter.
2528 4360 2902 4418 Tiethmarus
2959 4358 3278 4438 presbyter
3340 4360 3616 4421 Hildene'

174 4457 579 4525 Sigemannus
606 4452 940 4525 presbyter.
1355 4450 1729 4505 Bernhardus
1760 4451 2092 4524 presbyter.
2605 4446 2941 4508 shemensis
2978 4453 3331 4522 canonicus,
3406 4458 3617 4525 postea

170 4541 498 4601 Hartnidus
533 4541 863 4614 presbyter.
1354 4536 1685 4595 Aldomnus
1710 4540 2044 4613 presbyter.
2603 4542 2939 4598 monachus
2990 4543 3050 4598 in
3095 4548 3301 4599 monte
3333 4542 3605 4598 Cassino.

174 4631 446 4690 Ezelinus
480 4630 811 4705 presbyter.
1354 4628 1713 4686 Gumbertus
1739 4630 2069 4703 presbyter.
2531 4630 2907 4687 Everhardus
2948 4630 3282 4703 presbyter.

173 4721 484 4779 Heinricus
514 4720 848 4794 presbyter.
1356 4717 1640 4800 Ludolfus
1666 4718 1999 4793 presbyter.
2534 4717 2921 4775 Wideroldus
2950 4718 3283 4792 presbyter.

175 4810 507 4868 Edwardus
536 4809 865 4883 presbyter.
1355 4807 1661 4877 Gerdagus
1686 4806 2018 4882 presbyter.
2534 4806 2845 4864 Odelricus
2874 4804 3191 4881 presbyter
3212 4804 3481 4864 decanus
3505 4823 3610 4866 no-

173 4900 441 4958 Sibertus
470 4897 801 4972 presbyter.
1356 4898 1622 4956 Sibertus
1654 4898 1988 4971 presbyter.
2600 4899 2735 4951 strae
2756 4896 3020 4953 ecclesia;
3038 4896 3471 4954 thesaurarius.

171 4988 495 5045 Gozbertus
522 4987 879 5060 praepositus
908 4992 966 5043 et
999 4985 1239 5060 presby-
1357 4986 1526 5044 Ezelo
1551 4986 1887 5062 presbyter.
2532 4982 2698 5040 Betto
2728 4985 3062 5058 presbyter.

246 5082 354 5133 ter.
1360 5074 1683 5133 Adeloldus
1707 5076 2038 5149 presbyter.
2532 5073 2711 5129 Heico
2743 5073 3074 5148 presbyter.

169 5166 340 5222 Bod‘o
362 5164 717 5239 praepositus
741 5169 801 5221 et
832 5164 1165 5238 presbyter.
1356 5165 1541 5221 Abico
1570 5165 1903 5238 presbyter.
2532 5160 2938 5218 Ghiselbertus
2959 5161 3291 5237 presbyter.

174 5258 359 5312 Scazo
388 5253 719 5327 presbyter"
1356 5250 1563 5309 Hezeio
1594 5254 1615 5288 ⁸
1643 5252 1975 5326 presbyter.
2530 5250 3051 5308 Albuinusnostrae
3063 5252 3321 5310 ecclesiae
3333 5252 3601 5311 decanus

1553 5389 1780 5445 νΑΒΙκΕ
1820 5388 2112 5446 LECTION
2118 5387 2216 5443 ES.

243 5513 266 5546 ²
290 5515 802 5588 Osenbruegensis
832 5531 880 5571 c.
980 5516 1002 5549 ³
1031 5512 1345 5588 abalberto
1375 5528 1424 5568 c.
1504 5515 1525 5547 ι
1557 5514 1945 5588 Herseburgis
1977 5530 2026 5572 ε.
2105 5515 2122 5544 ⁸
2154 5513 2235 5571 do
2260 5530 2310 5571 c.
2390 5516 2411 5550 °
2444 5514 2680 5588 primus
2702 5530 2752 5570 c.
2854 5516 2876 5588 ἶ
2906 5516 2970 5571 in
3014 5516 3248 5588 pagina
3300 5516 3504 5573 eadem
3543 5521 3601 5574 et

166 5587 446 5658 proxime
490 5584 866 5659 sequentibus
914 5587 1108 5641 multa
1157 5600 1330 5641 erasa
1380 5590 1538 5659 sunt.
1618 5584 1638 5619 ⁸
1670 5584 1923 5659 Reliqua
1966 5592 2227 5659 quatuor
2258 5584 2502 5644 nomin'a
2530 5586 2712 5644 minio
2755 5587 2983 5658 scripta
3014 5584 3285 5645 indicare
3312 5588 3601 5645 videntur

173 5656 477 5729 episcopos
506 5656 648 5716 istos
678 5659 989 5730 scriptoris
1016 5665 1276 5729 tmere
1298 5656 1614 5728 praefuisse
1974 5656 2022 5696 ‘9
2050 5656 2256 5716 Hezeio
2282 5660 2494 5717 eadem.
