3996 6168
356 197 490 250 1239

426 323 482 374 et
503 316 831 391 presbyter.

355 407 538 463 Hoico
565 403 894 477 presbyter.

356 494 730 551 Walthardus
767 492 1098 565 presbyter.

359 590 584 641 Franco
622 583 955 656 presbyter.

357 672 667 731 Conradus
689 671 1020 744 presbyter.

356 761 701 819 Hartbertus
721 759 1053 833 presbyter.

356 850 740 920 Bruninghus
772 848 1103 922 presbyter.

359 945 514 996 Bevo
541 939 872 1012 presbyter.

357 1028 726 1084 Volchardus
768 1027 1106 1100 presbyter.

360 1123 506 1174 Azzo
537 1117 868 1189 presbyter.

361 1205 716 1261 Bertholdus
748 1203 1078 1276 presbyter.

1500 177 1842 241 APPENDIX
1880 183 1976 237 ΑΙ)
2021 182 2076 238 S.
2120 181 2617 238 GODEHARDUM.

1531 307 1870 378 Bruningus
1903 306 2234 380 presbyter.

1531 397 1819 455 Rodolfus
1849 395 2179 468 presbyter.

1535 487 1751 543 Benico
1779 486 2046 541 decanus
2071 485 2401 557 presbyter.

1533 577 1834 632 Johannes
1863 573 2195 646 presbyter.

1535 663 1822 720 Alfwinus
1833 663 2118 731 magister
2129 661 2431 718 scolarum
2443 675 2602 736 pres-

1606 753 1798 824 byter.

1538 840 1916 898 Burchardus
1945 839 2276 912 presbyter.

1539 935 1914 988 Hermannus
1940 929 2268 1002 presbyter.

1538 1021 1842 1077 Johannes
1880 1018 2212 1092 presbyter.

1544 1110 1790 1167 Sifridus
1820 1108 2150 1181 presbyter.

3687 177 3822 229 mo

2701 301 3089 358 Bernhardus
3122 301 3487 374 presbyter.

2703 391 3054 448 Ekkeardus
3065 389 3449 464 praepositus
3464 387 3823 461 presbyter.

2704 483 3012 539 Ricbertus
3041 481 3318 537 decanus
3352 484 3413 535 et
3465 476 3827 551 presbyter.

2705 572 3059 628 Lambertus
3087 571 3443 644 presbyter.

2707 662 2936 716 Werno
2967 660 3309 734 presbyter.

2709 750 3021 809 Conradus
3052 748 3395 822 presbyter.

2711 841 3062 898 Lambertus
3091 838 3442 912 presbyter.

2712 930 3026 986 Bertoldus
3056 927 3400 1002 presbyter.

2716 1019 3081 1075 Heritordus
3108 1017 3463 1090 presbyter.

2723 1108 3045 1179 Wigandus
3077 1108 3424 1181 presbyter.

451 1303 747 1369 Nomina
773 1301 1218 1369 diacouorum
1273 1296 1955 1366 Hildeneshemensis
1988 1295 2314 1364 aecclesiaa
2351 1295 2859 1380 canonicorum,
2894 1297 3011 1380 qui
3044 1296 3128 1364 ab
3161 1318 3349 1363 anno
3383 1291 3833 1361 incarnatio-

361 1392 469 1459 nis
501 1390 878 1480 Dominica).
916 1393 1082 1480 17079
1115 1398 1269 1480 post
1300 1388 1562 1480 obitum
1591 1385 1908 1453 Etlilonis
1942 1388 2042 1480 ξ’ἵί
2095 1384 2395 1480 episcopi
2424 1383 2744 1480 obierunt
2767 1385 2836 1480 in

363 1413 469 1459 IllS
501 1408 878 1458 Uommrca).
916 1408 1082 1459 tum
1115 1408 1269 1480 post
1300 1408 1562 1456 omium
1593 1408 1908 1453 muionrs
1942 1408 1965 1452 1
1991 1408 2042 1452 ιι
2095 1408 2322 1472 episco
2373 1408 2394 1450 1

363 1490 519 1548 tavo
553 1479 816 1547 decimo
849 1479 1169 1569 cpiscOpo
1203 1479 1284 1546 de
1315 1476 1558 1566 majori
1590 1473 2009 1541 monasterio
2042 1482 2296 1540 sanctae
2327 1408 2395 1541 ΚΔ

362 1595 734 1664 Amelungus
755 1595 1068 1650 diaconus.

363 1685 534 1741 Dudo
555 1685 866 1740 diaconus.

364 1777 566 1830 Benno
593 1773 906 1828 diaconus.

365 1861 747 1917 Hilderaldus
777 1860 1090 1914 diaconus.

364 1949 746 2005 Thiodericus
785 1949 1096 2003 diaconus.

365 2037 687 2095 Beinoldus
725 2037 1040 2093 diaconus.

365 2126 670 2184 Heinricus
692 2126 1004 2182 diaconus.

366 2215 770 2290 Hyrimfridus
795 2216 1110 2272 diaconus.

365 2311 406 2364 Τ
409 2305 707 2362 iodericus
736 2305 1049 2374 diaconus,

365 2396 582 2453 Albero
620 2395 933 2452 diaconus.

368 2484 759 2541 Thiodericus
797 2483 1091 2540 diaconus
1121 2487 1178 2540 et
1206 2498 1439 2556 prapo-

440 2575 606 2630 situs.

367 2663 686 2719 Volcoldus
717 2661 1032 2718 diaconus.

369 2752 776 2823 Liudegherus
802 2751 1114 2808 diaconus.

1543 1589 1894 1647 Bertholdus
1921 1589 2278 1661 praepositus
2313 1593 2371 1644 et
2407 1589 2610 1646 diaco-

1615 1696 1748 1734 nus.

1545 1767 1850 1825 Odelricus
1871 1766 2182 1822 diaconus.

1546 1857 1836 1913 Eilbertus
1866 1855 2182 1912 diaconus.

1547 1949 1742 2002 Bruno
1771 1944 2084 2000 diaconus.

1547 2037 1746 2091 Bruno
1766 2033 2078 2090 diaconus.

1547 2125 1749 2178 Esicus
1775 2121 2088 2178 diaconus.

1547 2211 1895 2268 Ekehardus
1920 2211 2231 2266 diaconus.

1547 2302 1808 2359 Thodelo
1838 2302 2150 2358 diaconus.

1550 2391 1875 2461 Cherlagus
1911 2390 2222 2448 diaconus.

1551 2485 1931 2537 Hermannus
1957 2479 2273 2535 diaconus.

1549 2570 1946 2626 Theodericus
1976 2568 2288 2624 diaconus.

1551 2659 1864 2715 Eilhardus
1895 2658 2208 2714 diaconus.

1551 2748 1860 2804 Bertoldus
1889 2747 2204 2804 diaconus.

2962 1385 3178 1452 hristo
3211 1385 3342 1452 sub
3378 1383 3651 1454 Udone
3720 1403 3832 1448 oc.-

2401 1474 2497 1541 ari
2509 1497 2564 1540 ae
2594 1474 2832 1542 matris
2852 1474 3154 1542 Domini.

2721 1593 2852 1647 Otto
2878 1590 3194 1646 diaconus.

2725 1682 3052 1736 Gozmarus
3076 1679 3395 1734 diaconus.

2725 1769 3064 1837 Bruningus
3093 1768 3416 1823 diaconus.

2724 1857 3138 1914 Harderardus
3165 1857 3499 1912 diaconus.

2725 1947 3031 2003 Burchard
3041 1963 3108 2001 us
3133 1945 3462 2001 diaconus.

2726 2040 2922 2092 Bruno
2961 2036 3273 2092 diaconus.

2726 2127 2858 2182 Otto
2890 2124 3249 2197 praepositus
3272 2128 3332 2178 et
3358 2123 3704 2179 diaconus.

2728 2213 2987 2270 Haoldus
3017 2213 3333 2268 diaconus.

2729 2303 3080 2371 Beringerus
3108 2301 3428 2356 diaconus.

2728 2393 3108 2447 Thietmarus
3141 2390 3466 2446 diaconus.

2730 2479 3117 2537 Widekindus
3151 2479 3456 2534 diaconus
3469 2523 3484 2534 .

2731 2570 3039 2626 Heinricus
3068 2568 3385 2624 diaconus.

457 2850 757 2916 Nomina
789 2849 1370 2917 subdiaconorum
1404 2855 1471 2912 et
1500 2846 1942 2913 accolitorum
1974 2855 2040 2912 et
2075 2845 2444 2913 scolarium
2477 2843 3158 2912 Hildeneshemensis
3222 2845 3570 2911 aecciesiae
3632 2864 3830 2912 caue-

376 2940 897 3026 nicorum.qui
930 2937 1014 3026 ab
1046 2959 1231 3026 anno
1282 2934 1774 3026 incarnationis
1831 2933 2416 3026 Dominicaa_-1079
2447 2943 2603 3026 post
2662 2933 2923 3026 obitum
2957 2933 3278 3026 Ettilouis
3345 2935 3448 3000 17Ξ
3521 2933 3827 3026 epircopi

377 3026 697 3093 obierunt
725 3022 798 3091 in
828 3025 1100 3093 Christo
1133 3025 1258 3092 sub
1289 3023 1532 3095 Udone
1564 3033 1804 3091 octavo
1842 3023 2106 3092 decimo
2141 3022 2469 3113 episcopo
2494 3022 2574 3090 de
2615 3023 2859 3112 majori
2896 3023 3311 3092 monasterio
3347 3022 3623 3090 sanctae
3690 3022 3828 3090 Ala-

377 3116 499 3182 riae
533 3113 772 3182 matris
804 3113 1107 3180 Domini.

369 3230 606 3287 Hezzelo
648 3229 1078 3286 subdiaconus.

371 3319 658 3377 Rodolfus
689 3319 1100 3376 subdiaconus
1129 3323 1187 3375 et
1214 3333 1443 3392 priapo-

445 3410 610 3466 situs.

372 3499 743 3556 Thietbertus
777 3497 1205 3553 subdiaconus.

375 3586 732 3641 Wernherus
764 3585 1193 3641 subdiaconus.

376 3673 686 3731 Huboldus
729 3673 1157 3729 subdiaconus.

377 3764 700 3820 Volcherus
729 3762 1035 3818 accolitus.

376 3852 655 3911 Alfardus
685 3852 988 3909 accolitus.

379 3942 733 3999 Godefridus
759 3941 1027 3998 scolaris.

378 4032 771 4089 Thiethardus
804 4031 1067 4088 scolaris.

453 4232 764 4304 Pyppinus
793 4233 949 4288 ﬁlius
977 4234 1203 4305 Angysi
1227 4236 1401 4291 annis
1428 4239 1497 4291 25
1524 4236 1816 4306 regnavit.

453 4319 710 4375 Karolus
740 4319 899 4376 ﬁlius
929 4321 1060 4390 ejus
1087 4322 1262 4377 annis
1284 4326 1352 4378 25
1379 4326 1671 4394 regnavit.

455 4408 761 4481 Pyppinus
788 4407 963 4465 annis
997 4411 1063 4463 27
1101 4411 1394 4479 regnavit.

456 4497 710 4555 Karolus
741 4501 988 4570 Magnus
1019 4497 1195 4554 annis
1226 4503 1292 4557 4³7
1324 4502 1614 4572 regnavit.
1645 4502 1748 4560 Cui
1786 4504 1904 4559 Leo
1936 4508 2046 4559 ter-

385 4589 520 4656 tius,
553 4588 657 4660 qui
687 4588 902 4645 dicitur
925 4590 1270 4656 Excecatus,
1300 4589 1589 4662 imposuit
1613 4607 1901 4648 coronam
1931 4593 2045 4648 im-

386 4678 534 4752 perii
561 4682 761 4734 Romae
792 4683 849 4734 et
866 4677 1077 4734 laudes
1100 4701 1127 4727 «
1162 4679 1428 4735 Christus
1453 4679 1637 4736 vincit
1667 4703 1694 4731 »
1744 4698 1854 4754 pro
1885 4698 2047 4756 papa

388 4774 446 4825 et
468 4769 709 4838 regibus
739 4772 797 4825 et
825 4767 1196 4841 principibus
1221 4768 1510 4826 dicendas
1533 4769 1783 4827 instituit
1833 4772 1894 4828 in
1951 4771 2047 4828 die

388 4858 780 4916 ordinationis
810 4875 953 4914 suae.

463 4948 810 5004 Lodewicus
842 4946 999 5002 ﬁlius
1029 4947 1160 5019 ejus
1192 4948 1367 5005 annis
1407 4954 1474 5007 26
1505 4950 1794 5021 regnavit.

463 5038 809 5094 Lodewicus
840 5037 1014 5094 annis
1047 5041 1113 5093 35
1144 5040 1435 5110 regnavit.

464 5127 812 5184 Lodewicus
845 5127 1022 5183 annis
1049 5131 1114 5183 35
1137 5128 1428 5198 regnavit.

465 5216 812 5274 Lodewicus
843 5217 1018 5273 annis
1047 5219 1078 5272 6
1105 5217 1398 5288 regnavit,

464 5307 720 5362 Karolus
751 5307 925 5363 annis
961 5307 1022 5363 13
1047 5306 1337 5376 regnavit.

463 5395 745 5452 Arnulfus
773 5395 946 5452 annis
978 5400 1040 5452 12
1067 5395 1355 5466 regnavit.

1557 3227 1886 3298 Sigewinus
1919 3225 2346 3283 subdiaconus.

1553 3317 1934 3374 Thiodericus
1976 3316 2410 3373 subdiaconus.

1554 3407 1933 3463 Meinhardus
1967 3405 2399 3463 subdiaconus.

1556 3497 1717 3554 Bodo
1766 3495 2195 3552 subdiaconus.

1553 3584 1936 3644 Thiodericus
1969 3584 2396 3640 subdiaconus.

1557 3673 1791 3731 Beneko
1834 3673 2263 3729 subdiaconus.

1558 3761 1865 3819 Heinricus
1899 3761 2207 3818 accolitus.

1557 3856 1932 3909 Hermannus
1959 3851 2263 3908 accolitus.

1557 3941 1860 3999 Iohannes
1886 3940 2152 3997 scolaris.

1559 4031 1864 4089 Odelricus
1895 4029 2157 4087 scolaris.

2732 3227 2988 3296 Widego
3019 3227 3460 3284 subdiaconus.

2732 3317 3030 3372 Everhard
3039 3333 3107 3371 us
3136 3316 3590 3372 subdiaconus.

2735 3409 2901 3474 Hugo
2940 3405 3380 3460 subdiaconus.

2732 3499 2893 3568 Popo
2923 3495 3340 3551 subdiaconus
3352 3538 3365 3548 .

2735 3587 2944 3640 Werno
2976 3583 3418 3639 subdiaconus.

2738 3672 3034 3742 Sigebodo
3065 3672 3379 3728 accolitus.

2736 3762 3044 3818 Heinricus
3071 3761 3384 3817 accolitus.

2737 3850 3116 3907 Burchardus
3149 3850 3420 3906 scolaris.

2078 4241 2126 4292 Α
2228 4236 2576 4292 Lodewicus
2602 4235 2776 4290 annis
2807 4241 2834 4290 7
2867 4233 3159 4303 regnavit.

2228 4325 2539 4383 Conradus
2563 4325 2739 4381 annis
2760 4329 2828 4379 20
2857 4324 3148 4393 regnavit.

2225 4413 2554 4486 Heynricus
2574 4414 2749 4470 annis
2776 4417 2841 4469 36
2868 4412 3160 4482 regnavit.

2225 4506 2358 4560 Otto
2379 4504 2554 4560 annis
2574 4508 2593 4558 t
2613 4503 2631 4556 ι
2659 4505 2948 4572 regnavit.
2973 4503 3082 4568 Qui
3098 4501 3690 4572 Magdeburgensem
3714 4502 3827 4574 epi-

2156 4597 2474 4667 scopatum
2501 4609 2640 4649 cum
2671 4592 2792 4647 suis
2814 4589 3210 4660 sutfraganeis
3244 4590 3519 4661 quinque
3554 4590 3824 4645 instituit.

2228 4687 2359 4741 Otto
2382 4683 2557 4738 annis
2584 4682 2646 4736 18
2675 4680 2963 4751 regnavit.

2228 4775 2360 4831 Otto
2389 4771 2564 4828 annis
2591 4775 2658 4827 23
2688 4770 2978 4841 regnavit.

2227 4862 2555 4936 Heynricus
2584 4860 2758 4916 annis
2803 4861 2863 4915 14
2893 4859 3181 4927 regnavit.
3218 4859 3331 4925 Qui
3363 4859 3822 4931 Bavenbergen-

2158 4969 2285 5030 sem
2307 4951 2723 5025 episcopatum
2752 4948 3017 5004 instituit.

2230 5039 2539 5098 Conradus
2569 5038 2744 5096 annis
2777 5043 2838 5093 t7
2871 5042 2928 5093 et
2958 5052 3197 5093 menses
3227 5042 3280 5092 6.

2232 5129 2558 5202 Heynricus
2583 5130 2630 5163 ¹⁰
2659 5128 2832 5184 annis
2865 5131 2932 5183 26
2953 5131 3010 5183 et
3058 5142 3303 5183 menses
3329 5130 3383 5182 4.
3447 5128 3566 5192 Qui
3623 5127 3817 5184 Cosla—

2157 5220 2416 5276 riensem
2440 5217 2964 5289 congregationem
2993 5216 3067 5272 de
3100 5233 3210 5272 suo
3238 5217 3597 5272 construxit.

2231 5306 2577 5379 Heynricus,
2609 5304 2884 5378 Heynrici
2912 5303 3087 5373 ﬁlius,
3103 5309 3356 5377 quartus
3377 5321 3484 5360 rex
3510 5306 3699 5376 hujus
3721 5321 3813 5360 no-

2159 5396 2338 5452 minis
2368 5396 2584 5465 dictus,
2615 5394 3170 5451 excommunicatus
3191 5409 3228 5450 a
3249 5399 3514 5466 quatuor
3547 5395 3815 5451 Romanis

1774 5525 2005 5582 VARIE
2043 5521 2442 5580 LECTlONES.

462 5647 510 5681 ¹⁰
540 5647 865 5719 Heynricus
893 5663 950 5706 a.
987 5652 1047 5702 t7
1079 5652 1138 5706 et
1160 5665 1244 5706 m.
1274 5651 1329 5707 4.
1361 5651 1578 5708 desunt
1602 5651 1666 5706 in
1693 5649 1911 5721 codice,
1942 5648 2044 5706 sed
2069 5647 2406 5718 supplenda
2425 5661 2548 5704 esse
2565 5645 2945 5703 videbantur.
