3998 6176
213 228 342 280 1241

1388 223 1787 280 CHRONICON
1835 220 2464 281 HILDESHEIMENSE.

3508 234 3644 288 1242

209 347 595 420 pontiﬁcibus
627 348 906 419 Gregorio
939 349 1048 414 Vll,
1080 350 1138 402 et
1161 345 1387 403 Victore
1418 348 1508 414 Ill,
1554 347 1792 403 Urbano
1813 345 1858 399 Il
1888 343 1938 397 Α
1975 345 2508 420 Brunesteshusen,
2542 355 2599 406 et
2625 355 2843 423 quarto
2874 355 3012 422 post
3039 341 3167 406 haec
3197 367 3356 408 anno
3383 353 3446 409 in
3494 355 3645 411 Gan-

210 441 268 491 et
296 436 566 492 Paschali
593 441 658 504 ll,
692 451 853 492 anno
882 435 1312 491 incarnationis
1361 436 1685 492 Dominicae
1718 438 1873 496 1107,

209 525 603 580 ordinationis
634 542 757 581 suae
789 540 950 581 anno
981 529 1046 582 53
1084 526 1126 560 “
1159 525 1307 582 obiit
1340 527 1401 582 ¹².
1453 525 1741 597 Regnavit
1770 540 1877 580 au-

210 617 332 670 tem
371 617 508 686 post
547 613 778 670 obitum
817 614 1005 688 patris
1042 614 1233 671 beatas
1269 615 1576 671 memoriae
1607 613 1878 688 Heynrici

212 703 591 776 imperatoris
640 708 727 759 51.
777 707 841 760 In
890 704 1093 774 vigilia
1126 705 1493 778 Epyphania:
1530 705 1763 760 Domini
1818 705 1879 760 in

215 793 562 863 Inghelhem
592 793 777 864 regali
803 794 968 851 curia
993 794 1052 850 in
1095 795 1418 868 praesentia
1446 793 1550 850 ﬁlii
1584 794 1677 850 sui
1722 795 1879 866 regis

219 882 492 954 Heynrici
522 883 702 954 hujus
732 883 998 940 nominis
1027 884 1242 958 quinti,
1271 884 1334 940 in
1380 884 1684 941 audientia
1720 883 1878 940 mul-

217 975 416 1028 torum
469 972 811 1046 principum
848 973 1036 1043 regni,
1093 974 1196 1046 qui
1244 973 1322 1030 ab
1365 990 1437 1030 eo
1481 974 1881 1031 discesserant

215 1066 460 1135 propter
488 1063 1194 1130 excommunicationem,
1241 1068 1299 1120 et
1349 1063 1540 1119 ﬁlium
1571 1080 1750 1120 suum
1792 1079 1881 1120 re-

218 1167 355 1221 gem
382 1150 706 1221 elegerunt,
739 1152 1181 1209 absolutionem
1211 1153 1468 1227 quesivit
1515 1170 1552 1210 a
1597 1152 1880 1210 Romanis

217 1240 425 1310 legatis
467 1240 760 1298 Richardo
808 1241 1135 1298 Albanensi
1179 1247 1236 1298 et
1283 1243 1677 1299 Ghebehardo
1727 1247 1880 1300 Con-

220 1329 547 1397 stantiensi,
577 1334 633 1386 et
661 1346 786 1386 non
816 1331 1064 1404 accepit,
1096 1336 1153 1388 et
1180 1331 1263 1387 ibi
1293 1347 1580 1388 coronam
1609 1335 1666 1389 et
1686 1336 1882 1388 cetera

219 1417 442 1487 regalia
469 1419 842 1492 principibus
879 1420 1156 1477 reddidit.
1205 1420 1426 1478 Eodem
1459 1437 1620 1478 anno
1650 1429 1702 1478 7.
1738 1421 1879 1476 Idus

218 1508 468 1572 Augusti
495 1508 641 1564 obiit
672 1509 870 1565 Leodii
899 1525 1023 1565 non
1055 1509 1365 1567 absolutus
1400 1512 1462 1565 ιδ.

296 1601 342 1650 1.
380 1596 628 1652 Karolus
654 1597 980 1670 imperator
999 1614 1282 1669 magnus,
1313 1598 1414 1672 qui
1443 1615 1726 1673 supremo
1749 1599 1880 1655 vitae

1985 434 2273 504 desheim,
2311 439 2378 508 ‘7,
2407 444 2472 495 ut
2500 445 2902 513 praenotatum
2953 445 3059 509 est,
3086 440 3406 498 inchoavit.
3452 444 3561 510 Qui
3591 450 3648 501 et

1985 526 2310 584 aecclesiam
2329 528 2555 585 ibidem
2577 529 2878 585 aedificare
2905 532 3102 602 coepit,
3127 535 3184 584 et
3205 529 3646 589 Hathamodam

1987 616 2116 686 ejus
2140 616 2309 672 ducis
2334 618 2519 675 ﬁliam
2549 619 2810 692 primam
2841 619 3214 676 abbatissam
3241 618 3466 675 ibidem
3495 621 3649 676 ordi-

1985 705 2168 772 navit,
2200 705 2464 763 decimas
2494 708 2672 764 etiam
2703 725 2774 765 ex
2801 709 3161 782 proprietate
3193 725 3317 764 suae
3363 707 3648 765 aacclesia:

1986 793 2211 850 ibidem
2239 811 2350 868 pro
2379 796 2718 854 exhibendo
2744 797 2856 855 sibi
2883 797 3204 855 servimine
3249 801 3306 854 et
3355 812 3541 853 censu
3586 797 3649 853 in

1985 882 2346 940 beneﬁcium
2363 885 2651 957 praestitit,
2674 891 2731 943 et
2759 891 2954 944 cetera
2981 886 3064 943 ibi
3091 886 3322 944 Christo
3354 885 3652 942 famulan-

1988 972 2146 1029 tibus
2199 973 2514 1046 profutura
2560 991 2633 1030 ex
2679 991 2790 1032 suo
2819 981 3070 1049 paterna
3117 976 3334 1049 pietate
3364 974 3644 1049 providit.

1989 1062 2102 1128 Qui
2129 1067 2212 1118 18.
2245 1067 2383 1136 post
2398 1079 2560 1119 anno
2591 1064 2965 1120 Hathamoda
2985 1065 3268 1122 defuncta
3283 1064 3648 1135 Gerbergam

1988 1168 2257 1209 sororem
2311 1154 2443 1224 ejus
2503 1152 2876 1209 abbatissam
2934 1153 3248 1210 ordinavit.
3319 1153 3426 1224 (Cf.
3484 1156 3647 1210 Ann.

1986 1243 2246 1314 Hildes.)
2272 1246 2402 1316 Ipse
2423 1242 2605 1298 etiam
2627 1257 2790 1298 anno
2816 1242 3241 1299 incarnationis
3269 1241 3498 1298 Domini
3523 1245 3649 1312 872,

1989 1351 2110 1389 suae
2138 1347 2280 1388 vero
2310 1331 2702 1388 ordinationis
2722 1335 2809 1394 26.
2842 1331 3192 1388 inchoatum
3234 1330 3652 1386 Hildeneshem

1988 1421 2421 1479 monasterium
2472 1425 2590 1477 Deo
2649 1421 2870 1492 gratias
2901 1418 3366 1487 consummavit,
3413 1423 3469 1474 et
3506 1418 3653 1473 divi-

1987 1529 2078 1569 nae
2110 1511 2409 1582 majestati
2438 1511 2498 1566 in
2529 1512 2756 1567 honore
2791 1513 3012 1566 sanctae
3059 1508 3248 1564 Mariae
3300 1507 3412 1562 sub
3465 1506 3653 1579 tytulo

1989 1607 2336 1658 sanctorum
2370 1605 2595 1656 Cosmse
2631 1605 2687 1656 et
2718 1599 3009 1656 Damiani.
3065 1597 3329 1670 'l‘yburtii
3385 1600 3442 1652 et
3490 1595 3654 1652 Vale-

220 1701 342 1741 suae
396 1691 665 1759 tempore
720 1688 986 1744 Saxones
1034 1687 1284 1744 diversis
1323 1688 1621 1761 variisque
1672 1688 1878 1744 conﬂi-
1906 1700 1952 1753 Β
1987 1690 2160 1757 riani,
2206 1695 2263 1745 et
2321 1694 2538 1744 sanctae
2587 1689 2831 1757 virginis
2873 1687 3096 1744 Ceciliae
3137 1684 3516 1742 devotissime
3556 1684 3655 1738 de-

221 1776 415 1830 ctibus
463 1776 826 1834 duodecimo
866 1778 1113 1834 demum
1151 1778 1310 1834 bello
1341 1778 1420 1834 ad
1461 1779 1646 1834 ﬁdem
1675 1779 1883 1834 Christi

218 1864 528 1937 compulit,
562 1871 617 1921 et
645 1866 742 1922 Dei
795 1867 1017 1922 auxilio
1048 1867 1598 1940 episcoporumque
1633 1867 1883 1923 consilio

225 1952 623 2010 Christianam
678 1954 1025 2025 religionem
1075 1973 1256 2029 super
1301 1972 1402 2011 eos
1454 1956 1879 2023 corroboravit,

223 2041 521 2098 tecelesias
569 2043 787 2098 scilicet
829 2060 935 2116 per
972 2044 1104 2100 loca
1137 2044 1562 2111 Patherburne,
1597 2044 1880 2115 Corbeiaa,

222 2130 498 2199 Mynden,
527 2130 990 2202 Hyldeneshem,
1025 2132 1322 2204 Herstelle,
1355 2137 1411 2188 et
1437 2138 1663 2188 ceteras
1695 2133 1880 2188 aediﬁ-

221 2216 346 2270 cari
372 2216 525 2283 fecit,
578 2224 633 2273 et
658 2219 1038 2291 episcopatus
1067 2219 1296 2276 ibidem
1326 2220 1556 2277 futuros
1600 2221 1882 2294 praeordi-

219 2304 402 2372 navit,
418 2319 578 2360 anno
603 2305 1034 2363 incarnationis
1070 2308 1308 2364 Domini
1332 2313 1456 2377 814,
1481 2309 1558 2365 ad
1585 2311 1881 2366 Christum

219 2391 515 2463 migravit,
550 2410 711 2451 anno
737 2396 928 2452 aetatis
959 2413 1081 2452 suae
1110 2401 1198 2465 72,
1224 2398 1392 2468 regni
1421 2403 1622 2454 autem
1639 2400 1768 2470 ejus
1791 2403 1879 2463 43,

219 2482 453 2554 imperii
485 2499 626 2538 vero
662 2488 760 2552 14;
795 2485 890 2540 cui
914 2485 1072 2540 ﬁlius
1099 2486 1228 2557 ejus
1261 2487 1628 2543 Lothewicus
1655 2503 1885 2543 succes-

221 2573 314 2627 sit.
345 2573 456 2638 Qui
476 2578 532 2629 et
555 2573 802 2629 eosdem
831 2574 1215 2647 episcopatus
1240 2575 1747 2646 juxtadecretum
1785 2592 1886 2649 pa-

222 2661 325 2716 tris
349 2661 617 2728 instituit,
651 2668 707 2718 et
735 2663 862 2736 ipse
893 2663 1636 2737 GUNTHARIUM'primum
1660 2666 1885 2739 episco-

218 2765 371 2822 pum
394 2750 454 2804 in
487 2750 906 2807 Hildeneshem
936 2751 1199 2808 ordinari
1231 2752 1385 2808 fecit.
1421 2754 1532 2819 Qui
1565 2755 1883 2828 episcopus

219 2839 420 2912 primo
450 2856 574 2895 suae
606 2839 997 2897 ordinationis
1048 2845 1314 2914 tempore
1355 2843 1417 2898 in
1448 2844 1756 2916 cymiterio
1787 2861 1884 2900 ca-

221 2927 444 2999 pellam
475 2928 812 2996 aediﬁcavit,
856 2929 917 2985 in
947 2945 1072 3002 qua
1105 2932 1150 2965 “
1180 2932 1571 3003 postmodum
1615 2933 1884 3005 sepultus

1992 1779 2211 1836 dicavit
2238 1777 2366 1834 Kal.
2403 1776 2774 1833 Novembris.
2811 1775 2920 1842 Qui
2969 1781 3025 1831 et
3066 1775 3235 1830 tertio
3285 1777 3422 1846 post
3469 1789 3652 1838 anno,

1993 1886 2114 1924 suae
2145 1865 2536 1923 ordinationis
2564 1868 2651 1931 29,
2685 1864 2897 1936 plenus
2927 1863 3160 1918 dierum
3187 1867 3244 1918 et
3269 1878 3408 1917 vere
3441 1860 3655 1933 plenus

1989 1958 2291 2014 bonorum
2321 1971 2574 2028 operum
2601 1958 2663 2010 18
2689 1953 2994 2009 Kalendas
3019 1954 3063 1987 1⁸
3092 1951 3455 2024 Septembris
3482 1951 3651 2021 (874),

1993 2046 2214 2102 scilicet
2241 2045 2300 2100 in
2329 2043 2740 2114 assumptione
2790 2045 3006 2097 sanctae
3050 2040 3263 2109 Mariae,
3303 2039 3364 2095 in
3411 2053 3654 2094 consor-

1990 2135 2138 2191 tium
2169 2137 2514 2189 sanctorum
2540 2130 2828 2186 veraciter
2858 2133 3208 2201 assumptus
3252 2126 3550 2197 migravit,
3599 2129 3654 2181 et

1991 2224 2224 2280 Asnede
2250 2222 2310 2278 in
2339 2238 2448 2277 sua
2473 2220 2744 2284 ecclesia,
2774 2235 2961 2292 quam
2990 2219 3127 2289 ipsa
3154 2216 3476 2281 inchoavit,
3509 2230 3654 2269 con-

1993 2311 2338 2377 summavit,
2367 2310 2684 2377 dedicavit,
2731 2307 3002 2379 sepultus
3048 2305 3292 2377 quievit,
3336 2303 3418 2358 ibi
3462 2318 3654 2373 usque

1992 2401 2172 2458 hodie
2201 2401 2262 2456 in
2289 2398 2718 2455 miraculorum
2746 2395 3058 2451 virtutibus
3084 2410 3190 2466 per
3214 2391 3476 2465 plurima
3501 2390 3657 2446 sani-

1993 2496 2184 2548 tatum
2210 2489 2489 2558 insignia,
2535 2492 2600 2542 ut
2627 2503 2698 2541 eo
2728 2485 2841 2540 loci
2872 2486 3324 2540 commanentes
3368 2480 3656 2536 veraciter

1993 2579 2316 2646 afﬁrmant,
2348 2575 2632 2632 omnibus
2656 2572 2990 2629 innotescit.
3015 2571 3237 2627 Eodem
3265 2569 3444 2625 etiam
3469 2583 3652 2636 anno,

1994 2669 2054 2724 id
2080 2673 2172 2724 est
2197 2663 2624 2722 incarnationis
2655 2661 2888 2718 Domini
2935 2664 3058 2730 875,
3101 2657 3444 2716 Lodewicus
3473 2657 3657 2728 impe-

1993 2762 2155 2814 rator
2184 2755 2350 2821 obiit,
2383 2753 2540 2810 ﬁlius
2572 2750 2882 2808 Lodewici.

2067 2848 2248 2916 (Ann.
2283 2843 2476 2912 Hild.)
2507 2845 2646 2898 Post
2684 2838 3002 2895 Altfridum
3053 2835 3357 2892 Liudolfus
3403 2833 3657 2907 quidam

1995 2935 2333 2990 monachus
2367 2931 2650 2990 Corbeius
2679 2928 3032 2998 designatur
3076 2925 3179 2982 sed
3229 2924 3428 2981 subita
3469 2926 3657 2978 morte

221 3032 361 3072 cum
386 3018 508 3072 suis
537 3018 984 3075 successoribus
1008 3019 1233 3093 quievit
1264 3021 1323 3092 (1-
1345 3037 1444 3076 αη.
1479 3025 1582 3078 834
1607 3023 1634 3078 ?
1655 3023 1780 3078 Jul.
1811 3025 1884 3092 ὅ).
1917 3021 1960 3099 ('3
1995 3027 2329 3097 praeventus
2356 3019 2638 3076 aufertur.

294 3109 348 3160 2.
379 3106 520 3163 Huic
550 3108 834 3163 successit
859 3109 1296 3166 REINBERTUS
1332 3111 1633 3166 secundus
1658 3113 1887 3183 episco-

219 3211 361 3268 pus,
390 3213 514 3268 quo
545 3195 828 3253 defuncto
853 3213 1016 3254 anno
1041 3198 1258 3256 dehinc
1287 3199 1588 3273 praedictae
1613 3200 1890 3257 incarna-

221 3285 400 3340 tionis
432 3286 666 3341 Domini
703 3290 836 3342 835⁸
867 3287 1062 3356 (Febr.
1101 3288 1206 3359 12).

297 3379 349 3431 3.
384 3376 518 3432 EBO
550 3376 1039 3449 archiepiscopus
1092 3377 1288 3433 Remis
1337 3377 1681 3451 deponitur,
1729 3386 1784 3436 et
1832 3381 1888 3435 in

226 3463 647 3520 Hildeneshem
732 3465 1108 3538 imperatoris
1193 3466 1508 3523 clementia
1572 3468 1887 3539 relegatur.

227 3553 339 3619 Qui
373 3558 436 3609 12
464 3554 639 3609 annis
669 3554 950 3610 (ecclesia
989 3555 1246 3628 praefuit,
1295 3559 1353 3612 et
1381 3556 1754 3630 epicOpalem
1803 3575 1893 3614 or-

229 3641 452 3710 dinem,
484 3648 550 3700 ut
579 3643 691 3700 sibi
717 3643 1034 3700 videbatur
1059 3645 1321 3701 exercuit
1340 3647 1462 3716 (an.
1494 3649 1536 3716 -ὶο
1557 3651 1682 3718 851,
1705 3648 1888 3704 Mart.

230 3736 342 3796 20).

309 3823 361 3877 4.
421 3826 592 3877 Anno
645 3821 862 3877 deinde
915 3824 1016 3877 847
1073 3822 1118 3855 ¹⁵
1176 3821 1604 3878 incarnationis
1661 3827 1894 3881 Domini

231 3911 621 3966 ALTFRIDUS
676 3913 926 3982 quartus
985 3909 1306 3982 episcopus
1366 3911 1679 3966 ordinatur
1735 3915 1897 3982 (ante

228 4000 386 4069 Aug.
449 4003 556 4064 15).
621 3999 730 4064 Qui
801 3997 1134 4054 aecclesiam
1200 3997 1548 4068 regulariter
1610 4001 1894 4070 regendo,

230 4086 520 4160 quicquid
569 4091 912 4142 antecessor
952 4103 1096 4142 suus
1145 4087 1220 4143 de
1262 4087 1444 4143 sacris
1474 4088 1788 4144 ordinibus
1819 4095 1898 4145 te-

233 4192 394 4231 mere
445 4175 778 4248 usurpavit,
831 4175 1070 4232 decreto
1114 4191 1418 4232 canonum
1472 4177 1901 4233 rationabiliter

234 4264 587 4320 annullavit.
623 4265 784 4320 Idem
811 4264 1033 4337 praesul
1069 4265 1507 4321 monasterium
1533 4272 1805 4321 nostrum
1837 4265 1898 4321 in

234 4354 444 4408 timore
479 4353 711 4409 Domini
744 4353 1066 4421 inchoavit,
1098 4358 1155 4409 et
1184 4353 1297 4408 sub
1326 4353 1458 4426 ipso
1502 4355 1897 4410 inchoationis

236 4442 481 4497 exordio
511 4442 763 4514 criptam
802 4442 1152 4498 orientalem
1182 4442 1243 4497 in
1274 4443 1502 4498 honore
1536 4450 1756 4499 sanctae
1788 4448 1899 4500 Ma-

236 4530 336 4585 riie
369 4530 614 4599 virginis
647 4531 1033 4587 consecravit.
1086 4530 1196 4596 Qui
1246 4536 1302 4587 et
1345 4531 1499 4586 duas
1554 4536 1747 4587 curtes
1778 4548 1902 4587 suae

239 4621 618 4692 proprietatis
649 4620 1084 4690 Saleghenstad
1118 4622 1163 4654 ¹⁶
1197 4621 1344 4691 (107)
1382 4625 1439 4676 et
1474 4621 1706 4676 Asnede
1755 4623 1904 4692 (108)

241 4716 457 4765 nostrae
487 4711 766 4767 aecclesize
799 4710 1183 4767 condonavit.
1240 4715 1302 4766 In
1332 4709 1554 4782 quibus
1607 4711 1904 4781 abbatias,

239 4800 647 4870 Salegenstad,
703 4800 1165 4869 monachorum,
1217 4804 1273 4855 et
1315 4799 1549 4854 Asnede
1608 4800 1906 4870 virginum

240 4889 626 4945 coadunavit.
663 4889 771 4961 (Cf.
833 4891 1025 4945 Vitam
1077 4890 1468 4960 Godehardi.)
1497 4893 1625 4961 Ipse
1684 4890 1908 4961 episco-

241 4993 356 5050 pus
383 4982 504 5034 852.
540 4979 840 5053 praedictae
866 4978 1296 5035 incarnationis
1320 4978 1554 5035 Domini
1582 4995 1744 5034 anno
1769 4995 1906 5034 cum

244 5065 580 5138 Liudulplio
645 5066 1170 5124 Gandeshemense
1227 5066 1547 5123 cenobium
1601 5067 1797 5140 primo
1846 5067 1907 5122 in

2070 3117 2100 3166 5
2134 3112 2312 3181 (Ann.
2341 3108 2541 3178 Hild.)
2585 3105 3112 3170 MARCQUARDUS
3156 3101 3374 3157 dehinc
3413 3099 3660 3172 quintus

1999 3201 2318 3273 episcopus
2348 3195 2648 3261 successit,
2679 3194 2785 3266 qui
2815 3193 2994 3248 etiam
3023 3191 3084 3246 in
3111 3187 3509 3246 Gandesheim
3539 3192 3658 3241 tra-

2002 3289 2105 3345 bes
2138 3286 2415 3344 secclesiae
2443 3284 2662 3358 posuit,
2691 3283 2796 3355 qui
2821 3285 2873 3337 4.
2907 3278 3302 3335 ordinationis
3327 3293 3450 3330 suae
3500 3290 3660 3330 anno

2000 3378 2234 3434 occisus
2267 3380 2356 3432 est
2385 3391 2421 3430 a
2452 3373 2676 3431 Sclavis
2709 3374 2753 3407 ¹⁹
2787 3373 2851 3440 (οξ-
2881 3370 3041 3424 Αηη.
3071 3371 3198 3435 880,
3225 3365 3398 3423 Febr.
3426 3368 3502 3431 2).
3529 3365 3662 3435 Ipse

1995 3469 2168 3539 juxta
2191 3465 2546 3524 relationem
2576 3467 2844 3518 veterum
2870 3459 3186 3532 praedictas
3203 3454 3479 3511 abbatias
3502 3451 3662 3509 Sale-

2003 3561 2236 3627 genstat
2264 3559 2322 3610 et
2346 3553 2562 3609 Asnide
2589 3550 2957 3620 negligenter
2986 3546 3204 3604 amisit.

2069 3649 2104 3701 ϐ
2131 3647 2314 3700 (Ann.
2335 3643 2525 3714 Hild.)
2547 3647 2721 3696 Anno
2742 3637 2959 3694 deinde
2980 3632 3410 3692 incarnationis
3433 3630 3665 3688 Domini

2003 3740 2126 3801 880,
2158 3733 2566 3790 WICBERTUS
2596 3728 2915 3802 episcopus
2945 3725 3168 3782 electus
3197 3727 3305 3792 est,
3336 3721 3442 3795 qui
3463 3722 3524 3777 in
3555 3735 3666 3776 suo

2002 3831 2269 3895 tempore
2326 3820 2636 3876 medicinae
2691 3817 2836 3873 artis
2881 3814 3282 3888 peritissimus
3340 3810 3449 3864 fuit
3491 3810 3562 3874 ²⁰,
3611 3809 3667 3861 et

2004 3909 2430 3967 bibliothecam
2461 3908 2630 3977 (109),
2662 3920 2794 3976 quae
2825 3902 3024 3957 adhuc
3055 3901 3116 3954 in
3145 3895 3511 3953 monasterio
3550 3908 3668 3947 ser-

2003 4005 2197 4063 vatur,
2231 3996 2477 4069 propria
2527 4009 2712 4048 manu
2745 3987 3095 4052 elaboravit,
3147 3990 3204 4041 et
3231 3981 3524 4056 pluralem
3555 3979 3668 4035 uti-

2004 4087 2230 4143 litatem
2286 4101 2407 4139 suae
2464 4081 2744 4136 secclesiae
2796 4075 3084 4151 praevidit.
3148 4079 3276 4146 Ipse
3326 4071 3504 4127 etiam
3563 4069 3670 4124 uti-

2005 4175 2155 4232 litati
2183 4175 2434 4230 fratrum
2465 4168 2805 4236 consulens,
2837 4181 3082 4222 omnem
3115 4160 3515 4218 substantiam
3559 4177 3670 4214 aec-

2009 4262 2349 4321 clesiasticie
2404 4257 2783 4333 proprietatis
2835 4253 3030 4310 subtili
3103 4251 3426 4322 sagacitate
3481 4248 3674 4305 distri-

2012 4355 2204 4410 buens
2225 4369 2332 4425 per
2362 4350 2550 4420 villas,
2583 4352 2801 4414 curtes,
2844 4344 3100 4402 familias
3140 4347 3197 4399 et
3237 4341 3524 4406 decimas,
3564 4343 3675 4394 ter-

2014 4445 2167 4500 ciam
2223 4446 2454 4514 partem
2507 4439 2584 4496 ad
2636 4436 3023 4511 praebendam
3070 4434 3318 4490 fratrum
3367 4431 3672 4486 instituere

2014 4533 2296 4601 decrevit,
2328 4531 2432 4586 sed
2461 4529 2629 4585 obitu
2658 4531 2993 4601 praeventus
3038 4522 3292 4578 eandem
3347 4516 3677 4587 inscriptio-

2013 4639 2150 4678 nein
2209 4620 2538 4676 successori
2593 4635 2703 4674 suo
2752 4611 3178 4686 complendam
3217 4607 3452 4677 reliquit
3509 4605 3673 4671 (Vita

2016 4711 2265 4777 Godeh.)
2299 4710 2396 4766 Hic
2424 4709 2603 4764 etiam
2633 4721 2794 4762 anno
2821 4706 2944 4765 883,
2971 4693 3398 4754 incarnationis
3441 4691 3676 4748 Domini

2015 4805 2072 4856 et
2100 4817 2220 4855 suae
2250 4797 2642 4855 ordinationis
2673 4808 2834 4849 anno
2859 4794 2912 4857 4,
2947 4788 3431 4843 consummatam
3478 4780 3676 4836 aeccle-

2017 4890 2168 4945 siam
2199 4888 2260 4944 in
2291 4885 2688 4942 Gandesheim
2713 4878 3030 4946 dedicavit,
3075 4881 3131 4931 et
3176 4872 3519 4942 Gherberga
3566 4870 3673 4924 ab-

2018 4978 2241 5034 batissa
2265 4976 2546 5030 defuncta
2579 4987 2846 5027 sororem
2873 4969 3003 5039 ejus
3037 4963 3394 5020 Christinam
3426 4963 3469 4996 ²¹
3515 4959 3677 5015 insti-

2018 5067 2128 5121 tuit
2156 5063 2379 5120 ibidem
2410 5066 2532 5132 (an.
2564 5062 2606 5130 j-
2632 5063 2759 5127 903,
2785 5057 2934 5113 Nov.
2968 5056 3039 5123 1).

1619 5191 1853 5248 VARIrE
1895 5191 2186 5247 LECTION
2195 5189 2295 5244 ES.

318 5299 359 5332 ¹¹
392 5299 480 5354 ita
510 5300 754 5356 emendo
779 5317 792 5367 ;
822 5302 912 5356 Ill.
945 5299 1150 5354 codex.
1249 5298 1295 5332 ¹²
1322 5311 1440 5352 vox
1461 5297 1619 5353 deest
1647 5301 1709 5353 in
1740 5314 1790 5354 c.

1909 5297 1954 5332 ιι
1984 5295 2081 5350 hic
2109 5293 2321 5364 incipit
2349 5297 2402 5348 2.

2520 5292 2575 5362 1⁸.
2593 5305 2654 5362 (ιτ
2683 5289 2811 5361 ipse
2835 5303 2896 5360 P-
2922 5289 2976 5340 2-
3094 5283 3140 5362 εξ
3172 5279 3592 5362 “QCC’SPY‘”:
3614 5281 3670 5362 ἓ·

247 5369 294 5402 ¹⁶
326 5350 800 5438 halewgens'tad'e't
823 5350 1048 5427 ὀξέἦὲἆᾶ
1061 5350 1148 5425 '2':—
1190 5369 1234 5402 ¹⁷
1268 5350 1762 5437 εεξηᾶεεόἱιέηῖ2ί
1835 5367 1876 5403 ⁸⁸
1907 5369 2066 5424 deest
2100 5371 2148 5421 1.
2229 5350 2274 5398 ῖ⁹
2304 5369 2362 5420 et
2387 5364 2448 5420 in
2476 5350 2913 5431 Ebbékérsto'rp
2939 5353 3209 5427 sepultus
3237 5356 3290 5408 2.
3370 5352 3419 5385 ²⁰
3434 5350 3592 5405 deest
3615 5352 3670 5405 2.

245 5441 290 5473 ²¹
326 5440 723 5498 Christianam
748 5459 800 5499 c.

1846 5526 2068 5582 NOTE.

346 5618 467 5688 107)
498 5618 820 5674 Osterwick
840 5620 868 5674 ?

347 5689 470 5761 108)
500 5691 703 5746 Essen.

2089 5613 2234 5683 (109)
2269 5615 2308 5666 ι.
2339 5627 2390 5666 e.
2419 5609 2627 5667 biblia.
