3996 6168
356 180 492 245 1243
1486 180 1831 237 APPENDIX
1868 177 1989 233 AD.

2127 174 2635 233 GODEHARDUI.
3694 176 3823 229 1544

425 306 478 358 7.
509 301 656 358 Huic
681 301 1106 357 WALBERTUS
1129 301 1420 374 septimus
1448 301 1768 376 episcopus
1787 314 2018 356 succes-
2043 298 2092 352 A
2204 300 2289 353 t3.
2322 299 2668 365 (Tuscum
2705 299 2837 354 Vita
2866 298 3136 369 Bernw.)
3168 295 3397 353 Deinde
3449 295 3825 353 incarnatio-

356 380 449 457 sil,
480 386 582 464 qui
611 378 1073 463 praeposituram
1104 394 1160 445 et
1208 382 1601 462 praebendam
1650 390 1921 459 fratrum,
1954 391 2018 442 ut
2126 385 2217 440 nis
2249 386 2484 442 Domini
2525 392 2653 443 993°
2697 388 2858 459 (Jan.
2908 392 2992 457 15)
3043 387 3581 442 BERNWARDUS
3632 387 3828 453 regius

355 476 694 536 antecessor
734 495 878 534 suus
908 478 1309 552 praetitulavit,
1349 477 1601 536 ﬁdeliter
1638 478 1904 545 instituit,
1961 481 2018 531 et
2126 476 2474 548 capellanus
2529 477 2796 533 decimus
2854 477 3060 534 tertius
3113 476 3459 549 episcopus
3542 474 3828 530 acclesiae

353 564 655 627 ambobus
713 572 949 626 aeternae
996 569 1403 626 retributionis
1444 571 1763 644 praemium
1812 584 2016 625 coram
2124 571 2341 621 nostrae
2402 566 2791 623 constituitur.
2851 567 2958 632 Qui
2988 566 3069 621 ab
3095 565 3350 622 exordio
3400 564 3831 639 promotionis

352 660 473 713 Deo
504 654 839 731 acquivisit.
872 660 1041 731 (Vita
1073 652 1320 731 Godeh.)
1364 664 1495 732 Ipse
1525 660 1705 716 etiam
1727 658 2017 716 Christina
2128 672 2251 710 suae
2300 655 2587 737 quicquid
2632 655 2937 729 acquirere
2980 654 3180 728 potuit
3227 655 3487 710 utilitati
3549 670 3684 707 suae
3738 670 3832 707 aec-

353 748 401 783 ²²
424 740 707 805 defuncta
738 742 1082 807 Roswidam
1108 748 1487 807 abbatissam
1519 749 1895 820 ordinavitﬁ'
1910 764 2012 804 an.
2125 744 2314 801 clesiae
2376 747 2421 780 ³¹
2485 745 2679 802 ﬁdelis
2741 745 3127 818 dispensator
3188 744 3551 818 prudenter
3613 744 3831 816 imper-

352 828 480 909 919,
510 836 659 895 Νου.
693 838 767 911 3).

2126 834 2289 903 tivit;
2323 850 2540 891 aurum
2568 851 2831 907 namque
2861 840 2915 891 et
2940 833 3200 907 lapides,
3247 849 3378 907 quo
3433 832 3657 888 beatae
3716 848 3833 886 me-

426 928 479 983 8.
516 924 696 999 (Ann.
765 927 961 1000 Hild.)
1022 930 1161 984 Post
1223 926 1585 985 Walbertum
1648 927 2017 985 SEHARDUS
2124 923 2328 980 moriae
2382 924 2709 994 Othwinus,
2764 928 2828 980 ut
2871 924 3236 997 praedictum
3277 926 3401 991 est,
3461 920 3831 987 reservavit,

355 1018 605 1071 octavus
637 1014 957 1090 episcopus
1006 1016 1396 1088 praeponitur,
1439 1016 1544 1089 qui
1587 1031 1748 1072 anno
1792 1019 1916 1082 926,
1967 1016 2015 1049 ’3
2124 1014 2231 1070 iste
2264 1013 2324 1069 in
2356 1013 2602 1069 calicem
2632 1018 2690 1069 et
2715 1015 2983 1088 patinam
3023 1028 3266 1083 magnae
3314 1010 3832 1085 pulchritudinis,

355 1095 783 1160 incarnationis
818 1104 1053 1161 Domini
1082 1105 1290 1161 turrim
1324 1105 1754 1162 occidentalem
1782 1105 1843 1160 in
1872 1107 2019 1161 Gan-
2125 1108 2183 1159 et
2211 1104 2258 1137 ³²
2303 1102 2567 1175 pulchrae
2615 1102 3067 1172 magnitudinis,
3100 1107 3168 1157 ut
3206 1101 3399 1157 modo
3430 1100 3725 1169 videtur,
3756 1099 3833 1154 fa-

355 1191 625 1249 desheim
654 1188 970 1264 dedicavit,
1002 1198 1058 1250 et
1089 1193 1366 1251 Roswida
1412 1194 1693 1251 defuncta
1731 1194 2016 1250 Wendel-
2124 1192 2396 1263 bricavit,
2445 1199 2502 1250 et
2546 1194 2806 1268 plurima
2850 1195 3150 1265 utensilia,
3203 1200 3267 1251 ut
3297 1195 3470 1249 inter
3506 1193 3659 1248 vita
3717 1208 3833 1246 sua:

356 1276 655 1349 ghardam
686 1278 1060 1338 abbatissam
1090 1272 1407 1340 ordinavit.
1450 1288 1580 1356 Ipse
1609 1283 1790 1340 etiam
1814 1283 1876 1340 in
1916 1300 2019 1339 no-
2126 1297 2311 1354 opera
2341 1280 2701 1353 inscribitur,
2734 1300 2851 1338 sue‘
2882 1283 3169 1339 «ecclesiae
3199 1282 3490 1338 contulit.
3543 1283 3833 1337 Monaste.

356 1373 476 1427 stro
507 1371 871 1427 monasterio
902 1372 1084 1428 altare
1115 1379 1331 1430 sanctae
1360 1374 1562 1430 Crucis
1593 1378 1649 1430 et
1678 1374 1932 1447 parietes
1962 1380 2020 1432 et
2063 1398 2071 1414 ·
2126 1370 2281 1427 rium
2313 1370 2359 1406 ⁸³
2385 1387 2627 1445 quoque
2655 1372 2839 1428 sancti
2888 1372 3189 1428 Michaelis
3238 1370 3612 1427 construxit
3662 1376 3722 1425 et
3768 1386 3833 1423 ex

354 1450 600 1534 pulpita:
621 1452 1002 1532 evangelium
1029 1468 1276 1534 argento
1301 1465 1548 1520 honeste
1578 1464 2012 1535 redimivit(an.
2126 1465 2293 1533 parte
2325 1460 2639 1531 dedicavit,
2672 1460 2732 1517 in
2759 1477 2880 1533 quo
2908 1466 2967 1516 et
3010 1461 3327 1517 abbatiam
3382 1465 3449 1516 et
3495 1474 3833 1530 congrega-

354 1548 395 1620 -ι-
425 1552 550 1619 928,
586 1550 710 1606 Oct.
748 1552 853 1622 10).
2126 1549 2351 1604 tionem
2403 1550 2841 1605 monachorum
2895 1549 3170 1605 instituit.
3237 1551 3540 1615 Quorum
3606 1547 3833 1602 utilitati

428 1636 476 1695 9.
515 1640 693 1709 (Ann.
728 1641 924 1709 Hild.)
955 1646 1126 1696 Anno
1175 1641 1391 1698 dehinc
1440 1646 1562 1709 928,
1613 1642 1876 1701 Sehardo
1920 1642 2019 1700 de-
2130 1636 2358 1709 praedia
2388 1641 2446 1693 et
2494 1641 2688 1692 curtes
2716 1641 2773 1693 et
2800 1637 3058 1693 familias
3091 1637 3171 1693 ad
3204 1641 3528 1692 trecentos
3585 1651 3833 1691 mansos

2130 1725 2510 1796 condonavit,
2538 1726 2791 1782 fratrum
2819 1728 2997 1783 etiam
3025 1726 3345 1782 utilitatem
3374 1726 3443 1781 in
3491 1724 3833 1799 pmbenda

2130 1821 2186 1872 et
2214 1817 2498 1871 vestitura
2527 1815 2845 1872 clementer
2873 1815 3207 1890 ampliavit,
3239 1815 3486 1887 quibus
3520 1820 3764 1870 curtem
3789 1816 3831 1845 ³³

2130 1906 2637 1961 Hemethesdoron
2691 1905 2737 1939 ³⁸
2784 1908 2931 1973 (113)
2983 1921 3126 1961 cum
3155 1920 3267 1960 sua
3295 1904 3749 1978 posssessione
3776 1902 3829 1958 in

2131 1986 2371 2050 familiis
2398 2000 2454 2050 et
2492 1994 2740 2050 decimis
2771 1995 2818 2029 ³⁷
2850 1994 2928 2050 ad
2970 1994 3099 2050 haec
3143 1993 3473 2066 implenda
3505 1992 3827 2061 delegavit.

2130 2088 2252 2151 (an.
2293 2089 2448 2149 1022,
2481 2086 2604 2141 Oct.
2635 2085 2749 2158 30.)
2782 2088 2913 2156 Ipse
2940 2083 3123 2140 etiam
3152 2083 3213 2139 in
3265 2081 3723 2147 Gandesheim,
3774 2087 3829 2135 ut

2129 2177 2529 2237 praenotatum
2540 2177 2648 2242 est,
2663 2189 2700 2229 a
2729 2171 3051 2242 Willighiso
3078 2170 3564 2244 archiepiscopo
3582 2176 3645 2225 et
3657 2169 3827 2224 etiam

2129 2262 2208 2319 ab
2266 2263 2525 2319 Aribone
2585 2262 2755 2318 varia
2807 2262 3120 2318 vexatione
3178 2261 3510 2331 fatigatus,
3587 2258 3823 2315 tandem

2125 2352 2365 2423 justicia
2405 2352 2758 2408 dominante
2796 2352 3107 2408 victoriam
3136 2350 3426 2421 obtinuit,
3478 2356 3543 2405 et
3599 2365 3822 2406 novum

2129 2443 2564 2497 monasterium
2593 2441 2817 2497 ibidem
2851 2440 2915 2497 in
2962 2444 3291 2514 conspectu
3342 2439 3523 2510 regis
3574 2438 3823 2494 Heinrici

2131 2537 2188 2588 et
2236 2531 2559 2602 Willighisi
2613 2530 3048 2605 archiepiscOpi
3085 2529 3541 2586 incarnationis
3596 2528 3821 2585 Domini

2134 2624 2294 2689 1007,
2328 2626 2385 2677 et
2430 2637 2551 2676 suae
2597 2620 2992 2677 ordinationis
3051 2625 3133 2677 t5.
3188 2620 3377 2691 digne
3434 2617 3820 2676 consecravit

425 1644 476 1695 9.
515 1640 693 1711 (Ann.
728 1641 924 1712 Hild.)
955 1646 1126 1696 Anno
1175 1641 1391 1698 dehinc
1440 1646 1562 1709 928,
1613 1642 1876 1701 Sehardo
1920 1642 2019 1700 de—

354 1724 576 1795 functo,
610 1724 1101 1786 THIETHARDUS
1132 1730 1324 1786 abbas
1357 1732 1679 1787 Herveldiae
1723 1748 1921 1787 nonus
1970 1735 2017 1767 ²⁸

354 1814 673 1888 episcopus
723 1816 897 1872 nobis
928 1817 1259 1889 ordinatur,
1290 1818 1396 1890 qui
1425 1819 1577 1875 inter
1603 1820 1867 1894 plurima
1896 1837 2019 1877 suae

353 1901 589 1975 pietatis
632 1903 854 1959 indicia
898 1904 1169 1960 tabulam
1218 1906 1563 1978 principalis
1616 1908 1817 1963 altaris
1871 1925 2019 1966 auro

354 1986 698 2064 purissimo,
732 1993 987 2060 gemmis
1018 1998 1070 2048 et
1101 1993 1340 2066 lapidus
1388 1996 1693 2069 preciosis,
1736 2002 1799 2053 ut
1841 1999 2019 2054 hodie

355 2082 625 2151 apparet,
656 2076 934 2136 decenter
963 2081 1297 2150 adornavit,
1322 2082 1426 2156 qui
1455 2087 1513 2139 et
1536 2083 1596 2139 in
1622 2086 2021 2143 Gandesheim

354 2181 580 2222 novam
606 2162 935 2223 aecclesiam
964 2168 1043 2225 ad
1092 2172 1425 2227 monachas
1471 2188 1633 2228 anno
1673 2178 1795 2230 939.
1843 2176 1890 2209 εδ
1934 2175 2019 2230 in-

355 2254 718 2311 carnationis
744 2256 980 2314 Domini
1004 2248 1067 2313 in
1091 2259 1318 2316 honore
1351 2266 1570 2317 sancta:
1600 2263 1790 2320 Maria:
1817 2280 2021 2321 conse-

356 2342 559 2399 cravit.

430 2437 515 2489 10.
549 2430 690 2500 (An.
720 2436 762 2507 -ιι
788 2440 912 2503 954,
936 2436 1099 2506 Sept.
1138 2439 1248 2511 t3.)
1283 2439 1411 2504 Quo
1458 2436 1849 2497 ordinationis
1896 2459 2019 2498 suae

357 2536 519 2601 anno
567 2526 655 2579 27.
715 2518 999 2581 defuncto
1043 2524 1139 2597 (cf.
1173 2524 1335 2583 Ann.
1376 2517 1591 2601 Hild),
1642 2516 2019 2588 OTHWINUS

354 2600 932 2686 Parthenopolitanaa
971 2613 1128 2671 sedis
1160 2615 1354 2672 abbas
1383 2600 1652 2673 decimus
1702 2618 2021 2692 episcopus

356 2699 667 2757 ordinatur
718 2704 785 2759 ²⁶.
843 2700 954 2769 Qui
1019 2698 1314 2776 pluralem
1373 2704 1683 2763 utilitatem
1737 2726 1859 2764 suae
1916 2726 2019 2765 aec-

2133 2712 2254 2782 (an.
2288 2712 2329 2781 -ί-
2362 2713 2519 2779 1022,
2549 2712 2702 2767 Nov.
2734 2711 2846 2782 20).

356 2788 548 2846 οΙΘεὶω
591 2806 699 2864 per
749 2796 818 2847 30
866 2808 1061 2850 annos
1108 2795 1402 2867 praevidit,
1458 2792 1790 2869 specialiter
1819 2804 2021 2855 tamen
2208 2804 2291 2856 14.
2325 2801 2648 2871 (Wou'nrzm
2693 2801 2828 2857 Vita
2856 2799 3100 2871 Godeh.)
3149 2803 3325 2854 Anno
3373 2797 3816 2855 incarnationis

357 2882 586 2933 curtem
615 2880 977 2963 Gysenheim
1019 2881 1165 2954 (110)
1194 2883 1268 2951 ‘_in
1311 2882 1624 2940 utilitatem
1672 2883 1922 2943 fratrum
1971 2890 2018 2928 ⁸⁷
2130 2889 2369 2945 Domini
2403 2888 2537 2944 1022
2578 2889 2738 2959 (Dec.
2791 2889 2867 2961 2),
2918 2904 3040 2943 suae
3088 2904 3233 2944 vero
3281 2887 3705 2944 ordinationis
3733 2890 3810 2953 30,

358 2960 689 3057 acquisivit,
725 2966 929 3057 vinum
962 2969 1143 3025 etiam
1194 2969 1254 3026 in
1302 2971 1558 3027 summis
1607 2968 2020 3033 festivitatibus
2049 2998 2092 3057 α
2128 2977 2344 3035 beatus
2393 2977 2794 3034 Bernwardus
2832 2960 3167 3050 episcopus
3214 2977 3296 3033 ad
3340 2977 3667 3034 Christum
3712 2976 3811 3032 mi-

357 3067 465 3126 per
497 3056 559 3107 16
598 3053 726 3109 dies
759 3054 1043 3113 fratribus
1075 3058 1344 3116 instituit.
1393 3060 1525 3133 Ipse
1568 3062 1748 3118 etiam
1801 3066 2024 3136 precio-
2059 3053 2091 3057 τ
2129 3067 2341 3137 gravit,
2400 3068 2494 3122 cui
2535 3065 2892 3123 venerabilis
2934 3068 3416 3122 GODEHARDUS
3475 3064 3808 3123 Altahensis

359 3158 498 3197 sum
538 3159 753 3201 aurum
784 3150 841 3201 et
868 3161 1143 3216 gemmas
1175 3144 1231 3205 et
1278 3138 1511 3222 lapides
1560 3156 1616 3206 et
1665 3155 2022 3225 margaritas

354 3229 418 3313 in
446 3232 953 3313 constructionem
999 3236 1198 3293 calicis
1228 3242 1283 3293 et
1322 3239 1542 3311 patinae
1591 3241 1865 3313 collegit;
1917 3245 2022 3300 sed

354 3312 697 3378 inﬁrmitate
727 3330 1085 3396 praeventus,
1132 3328 1245 3383 sub
1291 3327 1482 3398 sigillo
1537 3333 1594 3385 et
1640 3330 1758 3388 ﬁde
1809 3334 2022 3390 Christi

358 3412 688 3468 successori
758 3429 867 3469 suo
918 3416 1261 3472 reservavit.
1333 3417 1441 3480 Qui
1509 3422 1577 3474 30
1629 3420 2019 3479 ordinationis

356 3516 479 3555 suae
538 3516 700 3556 anno
752 3502 832 3556 ad
881 3503 1177 3560 Christum
1218 3504 1461 3562 feliciter
1503 3507 1801 3578 migravit.
1852 3513 2019 3579 (Vita

356 3587 760 3669 Godeh.)lpse
790 3589 970 3669 etiam
1014 3591 1506 3663 Wendelgharda
1551 3595 1833 3654 defuncta
1881 3602 2018 3655 Ger-

353 3663 608 3757 bergam
638 3663 685 3710 *5
717 3668 1089 3735 abbatissam
1146 3681 1209 3736 in
1266 3682 1665 3741 Gandesheim
1720 3688 2020 3745 ordinavit

354 3763 478 3835 (an.
508 3768 632 3834 984,
661 3768 798 3823 Dec.
827 3768 897 3840 1).

428 3859 513 3911 11.
559 3856 790 3913 Otwino
846 3858 1147 3932 pontiﬁcis
1197 3866 1263 3919 29
1297 3863 1344 3897 ²⁹
1386 3862 1727 3923 OSDAGUS.
1779 3869 2020 3927 undeci-

350 3962 489 4001 mus
519 3946 841 4020 episcopus
873 3951 1160 4008 successit
1185 3946 1441 4024 (an.985)
1475 3971 1489 4010 :
1523 3956 1629 4027 qui
1656 3973 1723 4014 ex
1761 3976 1872 4017 sua
1899 3961 2019 4017 hae-

252 4058 258 4064 -
350 4034 598 4118 reditate
646 4042 703 4093 et
748 4038 1139 4112 acquisitione
1189 4046 1416 4099 curtem
1461 4034 1708 4117 majoris
1756 4044 2017 4119 Aleghri-

350 4112 645 4179 mesheim
677 4126 818 4198 (111)
846 4144 987 4184 cum
1012 4133 1081 4185 30
1096 4132 1323 4203 mansis
1346 4133 1409 4188 in
1435 4112 1744 4192 utilitatem
1763 4112 2017 4196 fratrum

350 4209 608 4266 instituit
638 4212 758 4282 (an.
793 4218 919 4283 989,
950 4218 1100 4273 Nov.
1132 4221 1206 4290 8).

2128 3157 2322 3213 abbas
2353 3155 2653 3212 successit.
2715 3155 2828 3222 Qui
2872 3155 3158 3212 omnibus
3195 3155 3526 3229 exemplar
3567 3156 3807 3228 justicia

2127 3250 2185 3301 et
2209 3245 2558 3302 humilitatis
2584 3246 2645 3301 in
2682 3246 2869 3301 ﬁnem
2907 3244 3312 3318 perseveravit
3339 3245 3409 3300 in
3461 3245 3640 3302 omni
3684 3243 3802 3301 reli-

2128 3336 2305 3405 gione
2328 3334 2675 3392 sanctitatis.
2699 3334 2811 3401 Qui
2833 3333 2945 3390 sub
2962 3333 3131 3390 initio
3154 3334 3570 3407 promotionis
3590 3351 3708 3389 suae
3726 3332 3799 3388 ab

2127 3424 2384 3481 Aribone
2440 3423 2749 3495 Mogontiae
2798 3423 3251 3497 archiepiscopo
3305 3439 3500 3497 super
3548 3422 3791 3480 Gandes-

2125 3514 2398 3570 hemensi
2427 3513 2695 3570 aecclesia
2743 3512 3067 3587 impetitur,
3101 3516 3160 3568 et
3196 3528 3307 3584 per
3349 3512 3575 3587 aliquot
3598 3527 3777 3567 annos

2124 3603 2293 3659 varia
2341 3601 2651 3658 vexatione
2676 3602 2974 3669 irritatur;
3027 3601 3222 3657 donec
3255 3603 3304 3637 ³⁷
3332 3600 3582 3658 tandem
3628 3613 3772 3655 anno

2126 3691 2447 3748 Dominicae
2478 3690 2906 3746 incarnationis
2939 3693 3100 3760 1027,
3152 3690 3321 3760 regni
3354 3692 3407 3726 ³⁸
3459 3708 3602 3747 vero
3645 3691 3781 3743 Cuno

2124 3781 2255 3837 radi
2286 3782 2333 3815 3°
2359 3779 2515 3849 regis
2546 3783 2785 3853 quarto,
2811 3778 3048 3851 imperii
3074 3782 3278 3836 autem
3303 3780 3539 3852 primo,
3572 3777 3787 3853 synodo

2125 3869 2387 3940 generali
2417 3868 2904 3925 Francanovordi
2952 3867 3321 3936 coadunata,
3366 3869 3510 3942 ipso
3554 3871 3789 3943 impera-

2125 3964 2249 4015 tore
2301 3975 2441 4015 cum
2496 3958 2793 4034 episcopis
2839 3961 2908 4013 22
2959 3957 3339 4031 praesidente,
3396 3959 3696 4016 diocesim
3743 3961 3793 4012 et

2123 4052 2479 4122 potestatem
2509 4064 2691 4121 super
2729 4047 3255 4104 Gandeshemense
3284 4049 3663 4106 territorium
3705 4064 3790 4119 sy-

2122 4138 2328 4196 nodali
2355 4138 2594 4193 decreto
2624 4137 2963 4195 testimonio
2995 4140 3226 4211 septem
3247 4138 3686 4212 episcoporum
3713 4153 3794 4194 ca-

2122 4228 2338 4284 nonice
2378 4226 2637 4283 retinuit.
2691 4231 2823 4301 Ipse
2853 4226 3034 4283 etiam
3083 4226 3336 4283 fratrum
3378 4228 3705 4286 utilitatem
3739 4227 3793 4283 in

423 4302 474 4352 2.
506 4299 641 4409 ἓῗο
669 4305 1317 4409 q‘u'a'rtro‘o‘rdri‘na‘tionis
1354 4327 1482 4409 suae
1512 4328 1674 4370 anno
1726 4315 2009 4373 defuncto
2039 4353 2084 4409 Β
2122 4316 2449 4391 praebenda
2501 4322 2558 4372 et
2603 4299 2885 4373 vestitura
2926 4316 3248 4373 clementer
3294 4318 3643 4390 ampliavit.
3678 4320 3793 4391 Ipse

349 4390 632 4477 (an.990)
690 4394 1061 4451 GERDAGUS
1111 4395 1507 4456 duodecimus
1537 4403 1858 4477 episcopus
1887 4390 2083 4465 suc-u
2126 4390 2305 4463 etiam
2334 4407 2395 4461 in
2441 4411 2603 4462 curte
2636 4422 2747 4462 sua
2788 4404 3228 4469 Hildeneshem,
3283 4407 3467 4463 veteri
3530 4390 3794 4464 secclesia

349 4476 564 4546 cessit;
610 4479 714 4552 qui
743 4480 922 4537 etiam
955 4497 1063 4538 sua
1113 4487 1475 4558 proprietate
1523 4496 1579 4546 et
1622 4476 2017 4566 acquisitione

348 4570 582 4647 curtem
611 4569 861 4626 minoris
905 4569 1394 4641 Alegrimesheim
1437 4584 1494 4634 et
1541 4572 2017 4650 Sighebrecthes-

347 4655 545 4712 husen
578 4657 626 4691 ³ο
666 4658 811 4731 (112)
859 4659 1143 4741 fratribus
1200 4664 1280 4720 ad
1335 4669 1405 4721 40
1458 4683 1702 4724 mansos
1747 4671 2011 4732 donavit.

349 4744 528 4816 (Ann.
554 4747 751 4831 Hild.)
784 4749 895 4831 Qui
921 4750 1089 4807 tertio
1121 4768 1244 4809 suae
1283 4754 1676 4813 ordinationis
1706 4775 1867 4817 anno
1908 4766 2016 4819 Ro-

346 4848 515 4915 mam
540 4833 707 4909 adiit,
756 4842 812 4894 et
838 4838 979 4894 inde
1008 4840 1243 4898 rediens
1274 4849 1325 4897 7.
1356 4844 1494 4900 Idus
1542 4848 1880 4905 Decembris
1933 4850 2014 4908 ad

346 4922 645 4982 Christum
670 4927 951 4997 migravit
978 4930 1099 4997 (an.
1131 4934 1256 5004 992.,
1287 4934 1426 4991 Dec.
1452 4939 1529 5004 7).

2124 4511 2313 4568 quam
2341 4494 2608 4550 Otwinus
2622 4494 2939 4567 episcopus
2953 4493 3183 4550 ibidem
3199 4494 3523 4552 mdiﬁcavit
3538 4498 3791 4570 dilapsa,

2123 4584 2443 4656 pulchrum
2510 4581 2945 4639 monasterium
3011 4582 3073 4637 in
3129 4583 3357 4640 honore
3419 4584 3794 4641 ascensionis

2125 4672 2335 4729 Christi
2351 4671 2698 4727 construxit.
2724 4672 2787 4726 In
2806 4687 2930 4743 quo
2951 4670 3196 4727 clericos
3226 4670 3524 4743 plures’in
3555 4674 3791 4729 diverso

2125 4760 2325 4817 studio
2347 4760 2649 4833 scripturae
2676 4764 2732 4815 et
2753 4759 2995 4832 picturae
3011 4760 3445 4817 rationabiliter
3464 4762 3647 4819 utiles
3659 4778 3791 4818 con-

2123 4851 2409 4921 gregavit.
2463 4849 2692 4915 Quibus
2745 4847 2818 4905 de
2873 4849 3267 4921 acquisitione
3318 4867 3431 4907 sua
3484 4853 3687 4909 victus
3739 4855 3792 4906 et

2119 4939 2366 4995 vestitus
2398 4939 2736 4994 necessaria
2766 4938 2814 4973 ‘°
2845 4937 3102 5011 providit
3122 4937 3504 4996 sufﬁcienter.
3539 4942 3646 4997 Set
3686 4956 3788 5014 pro

1718 5029 1946 5085 VARliE
1986 5029 2386 5085 LECTIONES.

419 5102 468 5136 ²²
493 5101 820 5159 christiana
851 5120 901 5161 c.
982 5103 1029 5141 ³³
1059 5108 1462 5168 DCCCCXXIII.
1506 5117 1557 5169 2.
1629 5116 1675 5148 ³⁸
1706 5130 1900 5171 novus
1932 5121 1979 5171 1.
2009 5119 2063 5170 2.
2132 5116 2182 5148 ’⁵
2218 5112 2711 5172 DCCCCXXXVIII.
2743 5120 2795 5171 2.
2881 5116 2929 5150 ²⁶
2955 5132 3011 5172 o.

3044 5117 3212 5187 prius
3240 5120 3377 5173 ante
3404 5117 3782 5175 abbacialem

347 5171 713 5259 dignitatem
728 5176 1388 5259 Augensis‘mopach‘us
1409 5187 1464 5240 2.
1494 5200 1681 5259 manu
1709 5190 1763 5243 2.
1822 5187 1869 5222 ²τ
1901 5184 2061 5244 deest
2096 5191 2140 5242 1.
2220 5171 2592 5259 ’δίεζθὶιεὴθω
2627 5192 2675 5243 1.
2753 5188 2800 5221 ³ο
2831 5201 2891 5258 p.
2925 5171 3163 5243 mortuo
3195 5171 3781 5259 Oili—“ﬁsig—g'ehret-

347 5242 664 5301 thethusen
695 5250 743 5301 1.
822 5242 864 5280 ⁵¹
901 5262 953 5304 e.
988 5253 1049 5305 ut
1069 5249 1108 5305 f.
1141 5254 1193 5308 2.
1273 5254 1321 5287 ³³
1354 5258 1419 5309 ιιι
1452 5264 1499 5310 ".

1576 5256 1622 5290 ³⁸
1644 5259 2089 5331 monasterium
2119 5289 2188 5331 ἢ
2219 5256 2590 5314 condonavit
2616 5256 2923 5331 desunt—et
2952 5259 3125 5331 iner
3138 5261 3342 5331 multo
3370 5256 3679 5331 ampliora
3709 5262 3779 5331 le-

347 5318 588 5400 ξῄιηιιινΙ
605 5317 658 5372 2.
699 5312 785 5400 Μελ
810 5333 860 5399 ο.
889 5320 1137 5400 majoris
1159 5322 1604 5400 hemedesdorn
1638 5328 1688 5383 2.
1734 5312 1743 5314 ⁷
1767 5312 2733 5400 98ﬁiiclitellasdarenigiliossaitii“
2761 5312 3345 5389 decimAE.'i7"abiié
3373 5312 3676 5390 siadd.“
3712 5312 3776 5364 *θ’

347 5376 535 5455 regno
570 5376 619 5442 1.
698 5388 746 5423 θ’
778 5396 889 5445 ura
916 5376 1129 5450 excisa,
1150 5376 1333 5449 iii—‘6
1349 5376 1696 5456 necessaria
1726 5416 1776 5455 ο.

1950 5489 2183 5565 ΝοτκΕ.

418 5562 464 5713 Et
479 5564 568 5706 t0)
596 5564 975 5636 Geisennem,
1000 5569 1126 5628 vini
1152 5570 1341 5629 ferax.

445 5636 537 5689 111
595 5635 1022 5713 Algermissen,

445 5635 568 5706 111)
595 5635 1022 5713 Algermissen,

2189 5579 2236 5721 (1
2252 5578 2337 5723 t2)
2366 5578 2829 5662 Sievershausen
2852 5578 2881 5633 ‘?
2910 5577 3189 5636 Sibbesse
3214 5580 3244 5637 7

2213 5654 2312 5707 113
2367 5649 2811 5707 Himmelsthur.

2213 5649 2333 5707 H3)
2367 5649 2811 5707 Himmelsthﬁr.
