3998 6176
205 184 342 237 1245

1345 186 1750 244 CHRONICON
1793 182 2424 248 HILDESHEIMENSE.

3492 193 3628 260 1264

200 309 586 377 peccatorum
619 305 798 378 culpa
824 306 986 363 idem
1016 309 1449 366 monasterium
1479 310 1618 379 igne
1643 324 1859 365 consu-
1899 311 1943 364 Α
1972 305 2205 363 ﬁcalem
2233 312 2290 362 et
2314 307 2554 364 dorsale
2575 307 2811 364 bonum
2835 324 2945 363 suo
2975 311 3220 366 nomine
3253 313 3626 388 inscriptum,

199 396 400 462 mitur,
431 397 816 465 congregatio
847 397 1148 468 dilabitur,
1168 399 1387 457 utilitas
1409 400 1632 457 ibidem
1649 399 1864 455 collata

198 485 260 540 in
285 484 531 540 diversa
580 485 946 541 distrahitur.

274 574 504 643 t5.i(Cf.
561 576 752 631 Vitam
789 576 1135 634 Godehardi
1161 595 1212 634 c.
1252 582 1342 648 33,
1374 583 1431 634 et
1479 580 1639 635 Ann.
1691 579 1860 634 Hild.

200 680 255 720 a.
292 667 474 734 1038.)
503 665 632 730 Quo
667 668 750 721 16.
782 665 1176 722 ordinationis
1229 685 1350 723 suae
1382 684 1543 725 anno
1579 668 1863 724 defuncto

202 755 247 789 ⁴¹
282 755 405 825 (an.
447 756 602 821 l038,
628 755 760 811 Mai
784 760 856 825 ὅ),
886 756 1332 815 THIETMARUS
1365 760 1410 792 ⁸³
1441 758 1641 827 regius
1673 758 1865 831 capel-

199 842 379 898 lanus
409 843 693 900 successit
719 849 843 910 (an.
881 849 1036 912 1038,
1067 847 1222 916 Aug.
1248 849 1358 917 '20),
1391 847 1495 918 qui
1548 846 1862 904 utilitatem

199 932 482 988 {ecclesiae
513 949 636 988 sua;
668 932 923 990 fratrum
950 933 1216 1004 benigna
1246 935 1562 992 dilectione
1594 936 1654 992 in
1681 936 1863 1010 pluri-

193 1022 312 1079 bus
333 1022 624 1095 ampliare
654 1023 936 1091 decrevit,
973 1029 1062 1082 set
1103 1026 1364 1099 peccatis
1413 1027 1628 1082 nostris
1678 1027 1860 1100 impe-

194 1110 498 1167 dientibus
527 1127 652 1168 non
681 1113 969 1185 implevit.
1001 1115 1375 1172 Cotidianam
1429 1120 1628 1172 tamen
1705 1127 1858 1189 pra:-

191 1199 454 1257 bendam
486 1201 737 1258 fratrum
765 1203 1156 1276 ampliavit,et
1178 1205 1455 1277 predium
1473 1205 1536 1260 in
1567 1205 1706 1262 villa
1723 1223 1858 1279 quas

195 1290 531 1362 appellatur
572 1291 917 1361 Wengarde
959 1294 1124 1364 (114),
1159 1311 1195 1350 a
1250 1295 1556 1352 Walberto
1605 1296 1858 1368 presby-

200 1384 320 1434 tero
348 1381 731 1453 acquisitum,
757 1381 1040 1437 fratribus
1057 1383 1442 1440 condonavit.
1477 1386 1659 1453 (Ann.
1684 1387 1855 1442 Hild.

195 1484 250 1523 a.
289 1470 467 1539 t039).
503 1469 668 1524 Idem
689 1469 1012 1542 episcopus
1044 1471 1240 1542 primo
1293 1489 1413 1527 sum
1465 1472 1857 1529 ordinationis

196 1572 357 1612 anno
399 1557 622 1630 Sophia
677 1558 1142 1616 Gadeshemensi
1199 1561 1505 1618 abbatissa
1551 1562 1850 1628 defuncta,

1973 410 2112 450 cum
2143 412 2440 468 campana
2489 396 2845 454 Cantabona
2908 403 3142 454 vocata.
3231 401 3394 457 Dedit
3448 406 3625 463 etiam

1976 489 2259 542 coronat!
2301 489 2445 558 (115)
2474 503 2624 543 auro
2649 492 2706 543 et
2733 492 2985 557 argento
3004 487 3340 544 radiantem
3354 494 3411 545 et
3425 507 3625 552 coram

1975 574 2291 646 principali
2313 576 2484 632 altari
2517 577 2879 649 pendentem
2921 579 2988 632 ⁸⁸.

2049 668 2132 719 17.
2194 663 2481 722 Defuncto
2535 681 2607 722 eo
2668 667 2792 736 (an.
2857 670 3014 733 1054.
3045 667 3232 723 Mart.
3263 669 3318 739 8)
3361 669 3630 725 ETHYLO

1976 752 2124 822 (116)
2155 752 2545 810 Goslariensis
2567 755 2922 828 praepositus
2945 760 3164 813 nostras
3193 755 3471 813 aecclesiaa
3527 755 3630 812 de-

1971 841 2223 912 legatur,
2255 842 2358 916 qui
2390 843 2479 900 vir
2505 849 2623 900 tai-.
2657 845 2888 903 litterali
2920 847 3164 904 scientia
3219 864 3408 921 quam
3438 851 3631 904 matre

1971 931 2255 988 virtutum
2275 931 2630 990 discretione
2659 936 3039 1007 conspicuus,
3067 954 3221 1010 opus
3246 939 3412 1011 quod
3459 942 3627 996 ante-

1971 1036 2171 1076 cessor
2199 1037 2345 1076 suus
2368 1020 2429 1076 in
2458 1021 2813 1078 occidentali
2835 1030 3000 1095 parte
3022 1030 3206 1082 notrie
3237 1027 3488 1084 civitatis
3538 1027 3623 1084 in-

1969 1109 2309 1181 choaverat,
2333 1110 2560 1183 quippe
2590 1111 2764 1181 cujus
2795 1113 3152 1181 magnitudo
3174 1116 3518 1172 tenuitatem
3538 1133 3623 1175 re-

1969 1213 2104 1253 rum
2133 1202 2476 1256 nostrarum
2508 1200 2780 1269 excessit,
2810 1200 3058 1272 antiquo
3085 1203 3263 1274 capiti
3319 1203 3618 1272 (ecclesia,

1967 1303 2153 1359 quam
2175 1287 2438 1344 domnus
2465 1289 2749 1345 Altfridus
2773 1289 2832 1345 in
2857 1290 3071 1346 eodem
3119 1290 3251 1347 loco
3298 1292 3504 1348 divina
3533 1309 3623 1348 re-

1967 1376 2256 1432 velatione
2310 1377 2684 1445 fundaverat,
2738 1395 2967 1435 novum
3007 1396 3225 1452 corpus
3299 1381 3623 1438 moderatae

1966 1466 2417 1537 compositionis
2463 1469 2614 1524 mira
2643 1474 2766 1524 arte
2817 1469 3164 1539 conjunxit;
3210 1469 3363 1541 quod
3417 1475 3625 1541 postea

1967 1554 2326 1626 procedente
2360 1561 2625 1628 tempore
2648 1557 2888 1630 praediis
2939 1559 3014 1614 de
3070 1575 3181 1615 sua
3232 1559 3624 1631 acquisitione

193 1649 251 1702 et
279 1645 610 1702 Adelhaida
665 1661 869 1702 sorore
928 1665 1037 1705 sua
1091 1649 1145 1705 ei
1201 1649 1546 1721 subrogaia,
1606 1651 1854 1722 quando
1894 1667 1935 1720 Β
1966 1643 2238 1707 ditatum,
2273 1644 2491 1715 palliis,
2525 1646 3066 1711 calicibus,corona
3102 1649 3453 1719 ymaginem
3512 1664 3625 1704 caa-

199 1748 336 1790 eam
365 1735 544 1804 jussu
564 1735 720 1804 regis
753 1735 813 1790 in
846 1736 1101 1791 eandem
1145 1726 1477 1793 (ecclesiam
1532 1739 1857 1796 introduxit

193 1827 332 1878 ante
375 1823 582 1889 altare,
617 1828 673 1879 et
701 1823 1106 1880 obedientiam
1156 1831 1212 1881 et
1261 1827 1692 1897 subjectionem
1746 1828 1857 1885 sibi

192 1911 560 1982 promittenti
615 1912 676 1967 in
732 1917 1017 1969 aeternam
1098 1931 1307 1970 curam
1386 1917 1852 1983 commendavit,

195 2005 253 2056 et
280 2000 548 2058 decimas
568 2017 723 2073 quas
755 2007 1166 2058 antecessores
1201 2006 1247 2038 ⁴³
1270 2004 1361 2059 sui
1408 2005 1630 2060 ibidem
1679 2006 1856 2062 bene-

194 2089 312 2144 ﬁcii
340 2091 528 2158 gratia
550 2091 966 2162 praestiterant,
1025 2092 1216 2148 banni
1265 2093 1359 2148 sui
1408 2095 1755 2151 auctoritate
1811 2097 1853 2129 ⁵³

192 2177 482 2247 repetivit,
516 2183 572 2233 et
621 2178 868 2233 easdem
929 2178 1262 2236 Christiano
1313 2181 1527 2237 comite
1580 2183 1853 2254 ejusdem

192 2264 466 2319 ecclesia:
493 2265 790 2322 advocato
816 2267 1100 2323 reddente
1127 2269 1351 2340 recepit
1369 2275 1425 2325 et
1468 2271 1580 2326 sibi
1607 2288 1854 2344 suaeque

193 2352 469 2408 aacclesiae
487 2353 546 2409 in
572 2355 952 2427 proprietate,
986 2356 1174 2412 banni
1199 2358 1290 2413 sui
1312 2360 1660 2415 auctoritate
1692 2378 1854 2416 com-

193 2442 466 2509 munivit,
501 2449 737 2500 astante
769 2445 1112 2502 Hermanno
1144 2447 1483 2503 Coloniensi
1538 2451 1857 2522 archiepis-

191 2546 344 2604 copo
373 2546 515 2588 cum
539 2533 860 2589 innumera
891 2533 1272 2592 multitudine
1305 2535 1442 2591 cleri
1497 2543 1552 2592 et
1601 2538 1812 2610 populi
1839 2557 1851 2606 ;

191 2620 437 2678 easdem
469 2627 670 2677 tamen
699 2622 967 2678 decimas
992 2623 1219 2680 ibidem
1260 2625 1339 2680 ad
1369 2642 1574 2697 preces
1625 2628 1852 2683 archie-

191 2710 420 2783 piscopi
452 2726 593 2766 cum
623 2711 872 2768 consilio
903 2713 994 2767 sui
1023 2713 1162 2769 clari
1184 2719 1241 2769 et
1268 2715 1476 2786 populi
1524 2717 1715 2772 eidem
1775 2718 1853 2774 al-

190 2798 301 2854 tari
323 2805 379 2856 et
408 2799 737 2856 abbatissa;
766 2801 1119 2873 repraastitit,
1149 2817 1258 2874 pro
1294 2804 1507 2860 eodem
1558 2805 1776 2860 scilicet
1806 2808 1851 2840 ‘5

193 2888 508 2943 servimine
539 2893 594 2943 et
621 2904 825 2954 censu,
854 2894 1020 2945 secut
1047 2890 1260 2946 beatus
1283 2893 1680 2948 Bernwardus
1701 2895 1856 2966 epis-

188 2991 402 3047 copus,
435 2979 779 3031 antecessor
801 2993 967 3043 suus,
995 2976 1219 3033 ibidem
1241 2979 1489 3035 instituit
1518 2981 1584 3035 ‘5.

269 3064 349 3119 16.
383 3063 491 3134 (Cf.
539 3066 729 3122 Vitam
764 3065 1111 3122 Godehardi
1136 3083 1187 3122 c.
1216 3072 1281 3123 33
1307 3087 1319 3134 ;
1345 3071 1506 3125 Ann.
1565 3071 1735 3126 Hild.
1792 3089 1844 3128 a.

189 3157 348 3209 1044.
359 3153 562 3219 )Quod
585 3153 783 3210 subita
798 3159 988 3210 morte
1020 3162 1323 3226 praevento
1353 3159 1474 3226 (an.
1515 3162 1670 3222 1044,
1701 3161 1847 3216 Nov.

189 3245 301 3310 14),
333 3244 579 3297 AZELIN
591 3245 673 3297 US
703 3243 904 3312 regius
933 3243 1281 3316 capellanus
1303 3245 1355 3300 ei
1387 3246 1714 3313 successit;
1747 3247 1848 3318 qui

185 3329 486 3402 pluralem
521 3329 831 3386 utilitatem
859 3347 980 3385 suae
1010 3331 1293 3387 accelesiae
1323 3334 1560 3389 diversa
1593 3335 1849 3406 acquisi-

185 3419 347 3474 tione
376 3419 642 3488 contulit,
655 3424 1073 3489 veruntamen,
1099 3425 1159 3476 ut
1187 3437 1486 3492 veremur,
1505 3429 1640 3480 ante
1663 3427 1849 3480 Deum

183 3524 324 3563 reus
354 3508 591 3578 exstitit,
622 3508 789 3580 quod
819 3509 1252 3568 monasterium
1301 3516 1575 3568 nostrum
1609 3514 1652 3547 ‘7
1711 3513 1849 3582 igne

185 3603 615 3668 consumptum
646 3597 978 3652 inconsulte
1023 3599 1254 3669 dejecit.
1315 3604 1446 3672 lpse
1494 3602 1674 3658 etiam
1729 3602 1848 3657 fra-

186 3692 346 3742 trum
376 3686 701 3742 commoda
726 3686 928 3758 sepius
958 3687 1247 3759 ampliare
1269 3689 1548 3757 decrevit,
1569 3697 1656 3746 set
1680 3691 1848 3747 varia

183 3776 502 3848 occupatio
523 3777 908 3849 praepeditus,
940 3776 1184 3833 tandem
1209 3777 1524 3834 subitaneo
1553 3780 1720 3835 obitu
1751 3797 1847 3835 oc-

183 3870 440 3937 cupatus
471 3881 592 3922 non
621 3864 908 3940 implevit.
943 3865 1114 3922 Dedit
1145 3870 1344 3923 tamen
1367 3867 1616 3922 anulum
1647 3868 1844 3940 ponti-

1965 1731 2126 1787 leslis
2151 1733 2476 1788 Jerusalem
2509 1740 2906 1805 praesentante
2965 1737 3296 1808 caterisque
3333 1737 3624 1792 aecclesia-

1967 1819 2124 1874 sticis
2151 1821 2484 1890 ornatibus,
2525 1823 2771 1894 insuper
2802 1841 2950 1879 auro
2981 1830 3037 1879 et
3088 1825 3343 1895 gemmis
3401 1826 3624 1896 precio-

1967 1908 2121 1964 siore
2147 1909 2442 1966 librorum
2476 1913 2758 1968 thesauro
2788 1913 3106 1969 decoravit.
3125 1918 3254 1986 ipse
3272 1915 3452 1970 etiam
3481 1929 3625 1987 prte-

1963 1999 2195 2054 bendas
2222 2001 2494 2067 fratrum,
2528 2002 2926 2059 determinato
2976 2020 3098 2060 non
3151 2006 3622 2077 comprehensas
3701 2069 3704 2073 1

1963 2103 2239 2159 numero,
2275 2089 2531 2162 sapienti
2575 2091 2824 2147 consilio
2882 2093 2961 2148 ad
2991 2097 3221 2149 certum
3273 2110 3619 2162 numerum,

1964 2180 2032 2231 50
2063 2176 2300 2244 scilicet,
2327 2177 2574 2247 redegit,
2606 2184 2663 2234 et
2689 2185 2752 2234 ut
2777 2181 3115 2236 secundum
3145 2181 3484 2250 regularem
3536 2182 3621 2237 in-

1965 2264 2329 2322 stitutionem
2361 2282 2535 2337 aequa
2562 2267 2847 2323 omnibus
2893 2268 3086 2340 portio
3138 2270 3400 2339 daretur,
3454 2271 3621 2341 quod

1965 2368 2155 2424 usque
2178 2353 2255 2409 ad
2287 2353 2346 2408 id
2374 2355 2660 2425 temporis
2682 2356 3056 2411 consuetudo
3077 2362 3286 2413 nostra
3334 2373 3454 2413 non
3512 2359 3619 2414 ha-

1961 2441 2324 2507 buit,banni
2352 2443 2440 2498 sui
2472 2445 2819 2500 auctoritate
2866 2444 3142 2501 ﬁrmavit.
3188 2446 3314 2505 Fuit
3371 2463 3616 2520 quoque

1966 2529 2270 2585 studiosus
2296 2530 2356 2585 in
2384 2531 2740 2587 honorando
2774 2533 3015 2589 nomine
3043 2533 3321 2602 clericali,
3367 2535 3618 2607 diligen-

1964 2617 2231 2674 tissimus
2253 2620 2312 2674 in
2343 2621 2770 2691 promovendis
2803 2622 2882 2678 ad
2913 2622 3200 2694 spiritalia
3229 2639 3400 2679 arma
3455 2623 3618 2680 cleri-

1963 2707 2109 2762 calis
2139 2707 2360 2763 militiae
2390 2709 2591 2781 pueris
2643 2713 2701 2765 et
2746 2710 3092 2779 juvenibus,
3148 2710 3394 2783 quibus,
3451 2712 3617 2784 quod

1961 2796 2143 2852 verbo
2178 2797 2400 2866 docuit,
2442 2813 2503 2852 se
2560 2799 2760 2870 ipsum
2816 2799 3069 2870 qualiter
3118 2799 3243 2855 ﬁeri
3299 2805 3614 2872 oporteret,

1962 2886 2304 2959 exemplum
2333 2889 2662 2960 proposuit.
2695 2890 2886 2954 Quam
2932 2889 3135 2958 largus
3193 2895 3394 2946 autem
3443 2889 3618 2946 fuerit

1961 2976 2020 3032 in
2052 2977 2413 3044 elemosinis,
2447 2979 2557 3050 ipsi
2585 2978 2783 3034 adhuc
2805 2994 3103 3051 pauperes
3133 2984 3439 3047 testantur,
3471 2997 3618 3053 quo-

1961 3082 2095 3122 rum
2125 3071 2323 3122 tamen
2346 3068 2462 3122 hac
2481 3067 2836 3123 discretione
2860 3068 3180 3139 supplebat
3208 3068 3496 3140 inopiam,
3553 3074 3619 3126 ut

1960 3171 2206 3226 prorsus
2239 3155 2318 3211 ab
2345 3156 2459 3211 hiis
2480 3155 2585 3227 qui
2611 3160 2936 3228 utcumque
2962 3172 3177 3227 parum
3200 3157 3436 3228 cperari
3459 3161 3618 3227 pote-

1959 3249 2112 3312 rant,
2143 3245 2435 3300 viciorum
2465 3249 2721 3300 matrem
2747 3243 3067 3315 extirparet
3089 3244 3404 3299 desidiam.
3433 3244 3619 3300 Habet

1959 3338 2161 3389 tamen
2187 3334 2248 3389 in
2278 3350 2350 3388 eo
2379 3333 2583 3390 divina
2615 3332 2923 3399 sententia,
2949 3338 3013 3388 ut
3041 3348 3338 3396 veremur,
3365 3332 3510 3404 quid
3540 3331 3618 3388 fe-

1957 3423 2089 3489 riat,
2124 3423 2267 3494 quia
2291 3422 2721 3479 institutionem
2745 3420 2932 3476 nostri
2952 3420 3180 3477 ordinis
3209 3421 3271 3478 in
3329 3420 3619 3477 abbreva-

1959 3510 2114 3566 tione
2145 3510 2331 3566 divini
2361 3509 2562 3575 ot‘ﬁcii,
2595 3510 2654 3565 in
2677 3509 3085 3581 superfluitate
3117 3509 3390 3572 vestium,
3417 3509 3478 3564 in
3531 3524 3619 3564 re-

1956 3600 2219 3655 laxando
2246 3599 2534 3668 regularis
2556 3599 2689 3655 vitae
2716 3598 3166 3664 districtionem,
3185 3614 3307 3653 non
3331 3598 3468 3654 dico
3487 3613 3616 3655 mu-

1957 3689 2120 3752 tavit,
2148 3693 2236 3745 set
2264 3689 2637 3746 mutantibus
2664 3704 2788 3744 non
2846 3688 3222 3745 contradixit.
3270 3689 3400 3744 Pari
3453 3689 3614 3744 enim

1957 3783 2126 3833 reatu
2156 3777 2391 3844 teneris,
2424 3782 2480 3832 et
2509 3777 2694 3833 errori
2718 3777 3074 3845 consentire,
3096 3782 3171 3842 et,
3197 3776 3299 3830 ubi
3319 3776 3617 3848 possis,il-

1955 3866 2113 3921 licita
2144 3880 2265 3920 non
2289 3865 2856 3936 prohibere.Deinde
2872 3863 3282 3919 crescentibus
3309 3863 3489 3918 rebus
3507 3879 3617 3918 asc-

1555 3976 1794 4028 VARIE
1845 3971 2239 4028 LECTIONES.

260 4080 390 4160 “‘2.
421 4080 628 4160 scribit
657 4077 979 4160 {sepultus
1027 4077 1088 4160 in
1132 4077 1636 4160 scrip_ta_m_ajqri_s
1677 4083 1895 4160 nostra;
1930 4077 2258 4160 ecclesiae.“
2295 4075 2342 4160 ιξ
2370 4073 2700 4160 thiemarus
2731 4077 2778 4160 to.
2857 4074 2904 4107 ⁸³
2927 4087 3087 4160 ssore
3127 4072 3324 4160 arrisit
3355 4078 3402 4160 1.
3425 4145 3456 4160 η
3481 4073 3538 4160 ⁸1
3559 4073 3614 4130 te

182 4154 386 4207 excisa
425 4152 469 4206 ι.
547 4151 592 4186 ⁸⁸
615 4144 962 4207 videlicet‘l.
1043 4150 1090 4185 “
1121 4144 1459 4207 haec-habet
1490 4144 1511 4205 Ξ
1545 4152 1653 4205 Iste
1709 4151 2088 4206 Thietmarus
2117 4147 2267 4202 rexit
2314 4152 2344 4200 6
2369 4145 2544 4200 annis
2595 4149 2696 4199 aut
2728 4144 2904 4208 circa,
2959 4149 3014 4199 et
3039 4144 3325 4199 molestus
3356 4144 3462 4200 fuit
3482 4157 3613 4201 mo-

183 4223 445 4299 nasterio
475 4223 665 4299 sancti
694 4221 1010 4299 Michaelis,
1044 4220 1248 4299 a_l_i_qua_
1279 4221 1439 4278 bona
1472 4222 1692 4299 scilicet
1729 4222 1998 4299 decimas
2022 4220 2104 4299 -in
2128 4218 2436 4299 _l.afferde,
2470 4220 2829 4299 Eggensem,
2862 4215 3208 4284 Nettolinge,
3243 4218 3534 4299 Savyynge
3556 4222 3617 4299 et

186 4294 550 4364 Beddungen
586 4295 657 4364 (να)
682 4311 751 4350 ac
791 4293 953 4364 bona
979 4292 1039 4347 in
1067 4287 1426 4364 Wénthusen
1457 4293 1806 4349 autierendo
1839 4290 2280 4364 exiinductione
2306 4288 2713 4360 quorumdam
2736 4303 3174 4364 perversorum
3209 4287 3388 4364 simili
3428 4289 3613 4346 modo

184 4365 338 4420 sicut
367 4357 746 4434 Hildewinus,

827 4363 884 4418 ui
907 4361 1150 4418 beatum
1184 4363 1607 4419 Godehardum
1643 4365 1718 4419 ad
1753 4363 1968 4418 similia
1997 4360 2253 4429 induxit,
2279 4351 2363 4414 set
2394 4375 2515 4430 non
2549 4351 2861 4430 prevaluit.
2896 4351 2990 4412 Vir
3028 4359 3187 4430 enim
3216 4361 3457 4430 sanctus
3478 4375 3614 4414 con-

186 4435 460 4490 siderans
495 4451 666 4491 suam
692 4429 993 4512 maliciam
1027 4435 1095 4503 (c.
1123 4450 1202 4488 m.
1234 4434 1363 4504 ejus
1390 4449 1465 4512 m_.
1499 4438 1554 4505 2)
1585 4439 1641 4512 et
1672 4439 1969 4512 certorum
1997 4433 2252 4512 aliorum
2284 4429 2570 4512 invidiam
2599 4429 2681 4512 eis
2713 4429 3187 4512 nonnconsensit.
3226 4430 3356 4512 Post
3382 4429 3612 4484 obitum

183 4512 388 4582 tamen
419 4508 608 4582 sancti
639 4503 976 4582 Godehardi
1023 4500 1147 4582 non
1177 4500 1476 4582 cesarunt,
1510 4500 1597 4560 set
1644 4505 1962 4582 calliditate
2001 4501 2564 4582 vulpina‘devotum
2594 4502 2788 4582 virum
2821 4500 3231 4582 Deithmarum
3244 4500 3611 4582 episcopum

187 4577 431 4654 tandem
460 4577 942 4654 induxerunt,_ut
967 4577 1180 4654 eadem
1206 4575 1511 4654 bonaque
1541 4583 1781 4654 sanctus
1815 4573 2211 4654 Bernwardus
2235 4573 2309 4654 de
2351 4573 2635 4654 thesauro
2659 4573 2888 4654 Ottonis
2911 4573 3071 4626 tercii
3117 4573 3260 4624 emit
3296 4575 3353 4654 et
3402 4583 3612 4649 mona-

186 4649 364 4723 sterio
395 4648 644 4723 praefato
676 4640 940 4723 contulit,
974 4649 1118 4723 ipse
1137 4640 1800 4723 auferretinonasterio,
1835 4652 1922 4723 set
1947 4653 2145 4723 tamen
2169 4650 2309 4718 post
2337 4642 2738 4723 miserabilem
2757 4643 3000 4723 .obitum
3017 4640 3426 4723 quorum‘dam
3448 4640 3610 4723 ‘invi-

185 4709 414 4775 dorum‘
435 4720 770 4802 penitencia
792 4709 1231 4802 ductuitot‘um
1265 4709 1949 4802 monasteriorestituit:‘
1974 4721 2035 4772 Et
2087 4709 2286 4802 tamen
2317 4709 3155 4802 'pos‘teaun‘escio“pero—uos
3168 4709 3612 4802 Ae‘ad-emmbona

185 4805 325 4846 cum
352 4789 724 4864 quibusdam
755 4790 884 4864 aliis
915 4789 1138 4864 scilicet
1158 4789 1394 4845 decima
1424 4789 1484 4844 in
1529 4789 1830 4864 Berberch
1878 4789 1953 4864 (_b)

2006 4784 2371 4843 monasterio
2407 4784 2608 4840 ablata
2643 4785 2748 4846 (ita
2777 4794 2932 4837 corr.
2957 4799 3033 4835 γη.
3057 4785 3089 4835 2
3121 4787 3365 4851 accepta
3392 4795 3467 4836 m.
3531 4785 3608 4848 1..)

184 4851 410 4935 suntet
438 4862 566 4935 aliis
597 4861 857 4935 ecclesiis
884 4861 1120 4935 collata,
1153 4876 1287 4935 non_
1308 4866 1579 4935 verentes
1614 4851 2097 4935 maledictionem
2128 4857 2317 4935 sancti
2347 4855 2602 4935 presulis
2632 4851 2977 4908 Bernwardi
3021 4856 3198 4923 prout
3254 4851 3312 4930 in
3363 4851 3611 4935 ejusle:

185 4933 383 5003 genita
415 4933 630 4990 clarius
660 4933 1026 5004 continetur.
1045 4922 1173 4997 Quo
1199 4931 1397 4988 subita
1425 4938 1615 4990 morte
1645 4935 1931 5004 prevento
1975 4931 2052 5004 (et
2084 4928 2317 5001 sepulto
2345 4922 2510 4998 apud
2539 4941 2812 5004 murum_
2835 4922 3041 5004 versus
3069 4925 3398 5004 sacrarium
3439 4922 3608 5004 addit

183 4993 262 5060 ἷη.
294 5009 373 5074 '2.)
401 5021 562 5060 anno
594 5006 850 5061 M°XLIV°
878 4993 1149 5075 Azelin'us
1178 5007 1230 5075 2_.
1296 5005 1468 5075 ἤτω.
1502 4993 1770 5075 majoris,
1804 4993 2062 5075 ecclesiae
2083 4993 2358 5075 _‘2.'gnag2_u
2386 4993 2696 5075 secunda.
2770 4995 2814 5075 ’δέ
2850 4993 3179 5075 haic‘habet
3211 5009 3231 5047 .'
3285 4997 3456 5048 Anno
3487 4995 3610 5074 'Do-

185 5076 331 5130 mini
359 5064 517 5131 1054.
547 5075 817 5152 ᾼΖθιίιωε
843 5072 1120 5152 migravit
1151 5072 1228 5152 ad
1252 5073 1567 5152 Christum,
1601 5064 1873 5152 'sepultug
1903 5069 2319 5152 in__p_rincipali
2378 5066 2628 5122 ecclesia
2677 5066 2850 5136 juxta
2903 5064 3293 5136 columpnam
3335 5064 3605 5119 omnium

185 5153 534 5204 sanctorum
563 5147 626 5202 in
653 5151 820 5218 parte
841 5142 1091 5202 australi
1119 5149 1175 5200 et
1192 5143 1324 5199 loco
1354 5145 1484 5214 ejus
1508 5142 1884 5202 constituitur
1910 5142 2112 5205 Ethile,
2144 5147 2252 5197 etc.

1789 5250 2011 5307 ΝΟΤᾸΞ.

255 5360 400 5431 (114)
421 5358 788 5431 wennerde,
821 5357 980 5431 olim_
1001 5357 1165 5429 apud
1195 5353 1432 5431 Sarsted
1461 5354 1589 5410 sita.

263 5421 414 5502 '(115')
450 5421 697 5487 Lﬁttike
724 5421 901 5486 crone
927 5421 1126 5498 glossa
1158 5443 1204 5483 s.
1232 5429 1337 5484 XV.

255 5560 338 5622 (a)
367 5555 657 5628 Latierde.
692 5554 1197 5628 Hoheneggelsen,
1232 5550 1583 5624 Nettlingen,
1627 5549 1837 5607 Saviu-

185 5642 321 5697 gen,
353 5627 721 5699 Beddingen.

2021 5355 2066 5425 (1
2066 5358 2103 5480 ὅ
2104 5353 2190 5479 56).
2235 5349 2575 5405 Hezilonem
2601 5352 2780 5404 vocat
2806 5347 3113 5404 Heinricus
3140 5349 3205 5402 ιν
3236 5363 3339 5403 rex
3368 5347 3428 5402 in
3458 5346 3602 5420 dipl-

2035 5430 2054 5480 1
2139 5429 2192 5478 7.

1949 5441 2004 5481 a.
2035 5429 2192 5480 1057.

2020 5549 2100 5620 (b)
2139 5545 2514 5614 Bierbergen.
