3996 6168
427 192 562 247 1247

1594 173 1937 232 APPENDIX
1974 171 2067 225 AD
2101 169 2158 226 S.
2198 169 2698 227 GODEHABDUM.

3745 170 3766 220 l
3777 169 3874 222 248

427 311 619 369 clesia
646 322 967 365 numerum
995 305 1115 360 Deo
1146 303 1512 358 servientum
1561 297 1807 356 studens
1836 307 2076 363 augere,
2116 297 2163 347 Α
2193 291 2372 347 tionis
2400 308 2581 364 pana
2609 291 2874 347 diximus
2933 289 3323 357 innodatum,
3376 288 3731 346 certissime
3786 291 3882 344 scit

426 403 489 459 in
514 403 738 458 honore
764 395 949 452 sancti
979 393 1248 462 Mauritii,
1274 393 1336 448 in
1367 388 1730 447 monasterio
1751 384 1916 458 quod
1948 383 2085 438 bea-

427 497 500 548 ta
530 485 831 545 memoriae
867 481 1259 541 Godehardus
1315 484 1361 517 ‘9
1389 481 1708 553 episcopus
1750 467 2083 559 amﬁcave-

424 585 536 645 rat,
569 573 1052 633 sanctimoniales
1082 571 1370 638 instituit;
1431 569 1652 625 scilicet
1707 562 2084 621 considerato

425 669 541 724 hoc
564 682 710 722 sexu
737 669 865 721 tum
889 661 1295 737 oportunitate
1323 659 1438 715 loci
1469 663 1597 714 tum
1622 659 1838 711 natura
1853 651 1931 708 ad
1952 665 2087 722 pec-

425 755 688 813 candum
715 753 1018 827 proniore,
1046 750 1192 824 ipsis
1227 748 1428 820 ejectis
1459 751 1529 802 20
1554 743 1881 802 canonicos
1929 754 2086 796 novo

425 848 487 904 in
514 843 876 902 monasterio
904 840 1190 915 reposuit,
1213 838 1438 912 quibus
1479 835 1673 892 victus
1729 837 1785 889 et
1838 830 2084 888 vestitus

425 933 764 991 necessaria
792 945 1144 1005 procurans,
1207 930 1514 984 Cononem
1565 919 2084 992 consanguinitate

429 1023 542 1079 sibi
561 1021 930 1095 proximum,
960 1023 1098 1093 post
1124 1017 1549 1072 Brissinensem
1581 1013 1956 1086 episcopum,
2006 1008 2090 1080 ip-

429 1113 510 1168 sis
525 1110 898 1185 praposuitJ
904 1124 1003 1165 am
1021 1112 1221 1163 autem
1237 1105 1492 1161 instante
1505 1102 1692 1159 atatis
1703 1115 1827 1156 sua
1842 1112 2088 1171 vespere

428 1200 836 1274 vespertinum
861 1197 1173 1254 oblaturus
1189 1193 1638 1261 sacriﬁcium,in
1652 1188 1928 1248 orientali
1947 1202 2087 1242 nos-

429 1295 530 1346 tra
556 1287 803 1345 civitatis
831 1291 999 1360 parte
1027 1285 1197 1358 prius
1246 1283 1499 1340 domum
1527 1280 1668 1338 belli
1720 1280 1783 1335 in
1833 1277 2088 1334 domum

425 1379 611 1453 pacis,
633 1377 920 1448 adjuncto
949 1376 1130 1431 etiam
1152 1389 1312 1429 novo
1351 1388 1555 1446 opere,
1592 1367 2007 1434 commutavit,
2035 1371 2091 1422 et

433 1473 496 1523 15
526 1465 830 1523 canonicis
859 1464 1140 1520 institutis
1171 1461 1536 1534 abundeque
1566 1459 1678 1515 illis
1736 1455 2090 1514 necessariis

428 1556 702 1630 provisis,
732 1553 1019 1610 Adeloldo
1049 1551 1392 1624 praposito,
1427 1549 1551 1604 viro
1582 1552 1802 1603 sancta
1860 1560 2088 1600 memo-

2190 381 2632 438 Adalberonem
2674 376 3261 451 Werze‘burgensem
3330 380 3714 454 episcopum
3755 395 3882 435 cum

2193 471 2448 527 Eilberto
2477 471 2778 529 Mendensi
2822 471 3110 546 episcopo
3141 469 3508 526 auctoritate
3545 469 3882 544 apostolica

2194 560 2458 617 Corbeia
2490 560 2843 631 absolvisse,
2874 576 2985 616 nec
3012 563 3227 632 postea
3241 575 3388 614 cum
3414 574 3714 632 corpore,
3747 575 3890 614 nun-

2192 665 2382 722 quam
2412 654 2613 708 autem
2665 650 2869 706 animo
2919 649 3473 706 excommunicatis
3539 649 3890 704 communi-

2194 755 2383 796 casse.
2415 739 2570 796 Obiit
2598 745 2800 796 autem
2838 739 3032 796 beata
3058 739 3374 796 memoria
3406 737 3698 794 domnus
3759 737 3890 793 Het-

2195 829 2319 903 tylo
2345 829 2665 903 episcopus
2689 843 2850 886 anno
2881 827 3209 884 Dominica
3262 825 3729 883 incarnationis
3763 830 3890 882 1079

2195 920 2376 991 (Aug.
2411 923 2486 990 5),
2517 918 2907 975 ordinationis
2937 933 3082 973 vero
3140 933 3266 972 sua
3295 919 3365 971 26
3391 917 3460 983 ⁵ο,
3525 921 3591 971 et
3644 916 3712 971 in
3773 932 3892 971 mo-

2195 1008 2456 1064 nasterio
2483 1008 2671 1064 sancti
2709 1006 2976 1073 Mauritii,
3006 1007 3068 1062 in
3120 1006 3255 1062 loco
3320 1020 3520 1078 quem
3581 1005 3727 1077 ipse
3787 1005 3893 1060 sibi

2197 1097 2577 1171 prafoderat,
2610 1096 2943 1170 requiescit.
2977 1096 3164 1166 Cujus
3201 1095 3350 1168 quia
3382 1095 3605 1151 adhuc
3665 1095 3728 1150 in
3784 1111 3887 1151 no-

2199 1193 2320 1245 stra
2350 1187 2816 1258 congregatione
2837 1185 3102 1258 plurima
3128 1185 3339 1240 vivunt
3387 1183 3739 1252 beneﬁcia,
3771 1186 3891 1255 ejus

2198 1293 2444 1350 quoque
2475 1275 2640 1350 apud
2670 1291 2781 1332 nos
2838 1290 2998 1332 nova
3044 1289 3286 1347 semper
3336 1277 3399 1330 et
3449 1273 3732 1330 celebris
3770 1273 3894 1329 vivit

2200 1366 2515 1423 memoria.

2275 1461 2360 1514 18.
2397 1457 2540 1513 Huic
2569 1461 2819 1512 octavus
2850 1453 3124 1511 decimus
3154 1454 3495 1528 episcopus
3565 1456 3723 1510 Ι]Πο
3780 1471 3894 1510 suc-

2201 1548 2397 1612 cessit,
2419 1547 2524 1620 qui
2556 1546 2836 1602 acclesia
2867 1550 3089 1600 nostra
3119 1549 3184 1600 33
3216 1544 3396 1600 annis
3427 1543 3723 1616 prefuit.
3786 1545 3892 1610 llic,

430 1647 554 1715 riae,
585 1643 883 1713 regendos
915 1639 1232 1696 commisit.
1267 1641 1362 1695 Set
1389 1638 1534 1710 quia
1582 1637 1743 1692 idem
1794 1637 2095 1690 monaste-
2132 1650 2171 1703 Β
2202 1643 2266 1692 ut
2293 1638 2568 1692 omnium
2594 1652 2743 1708 pace
2772 1636 3024 1702 dicatur,
3060 1650 3200 1689 cum
3230 1633 3730 1690 oblectamentis
3763 1638 3896 1689 tem-

430 1735 589 1790 rium
617 1731 959 1788 inﬁrmitate
986 1734 1326 1802 pra-ventus
1359 1743 1708 1782 consecrare
1733 1741 1852 1779 non
1878 1722 2090 1795 potuit,

429 1819 778 1874 Burchardo
811 1817 1289 1874 Halverstadensi
1320 1816 1626 1888 episcopo,
1652 1812 1974 1869 fortissimo
2031 1811 2093 1864 in

430 1907 589 1963 bello
619 1907 906 1963 acclesia
937 1906 1124 1969 militi,
1159 1906 1272 1960 sub
1320 1905 1490 1960 titulo
1533 1909 1753 1958 sancta
1807 1901 2008 1958 Crucis
2039 1905 2096 1955 et

431 1998 750 2053 beatorum
776 1995 1192 2067 apostolorum
1219 1994 1366 2050 Petri
1405 1999 1462 2048 et
1515 1991 1678 2048 Pauli
1737 2005 2092 2046 consecran-

434 2086 584 2142 dum
614 2085 933 2140 commisit.
967 2089 1094 2148 Quo
1143 2084 1219 2139 ad
1266 2099 1487 2156 purum
1540 2080 1898 2137 inﬁrmitatis
1958 2080 2096 2148 igne

431 2179 699 2244 excocto,
759 2173 1024 2247 pradicti
1080 2172 1350 2245 prasulis
1413 2171 1771 2239 ammonitu,
1818 2169 2097 2226 fratribus

433 2263 653 2320 nostris
709 2279 781 2318 ex
831 2262 1010 2317 corde
1055 2263 1352 2334 ptenitens
1405 2259 1692 2333 quicquid
1745 2257 2094 2326 abstulerat,

433 2353 704 2410 decimas
763 2351 984 2407 scilicet
1037 2357 1091 2406 et
1151 2351 1346 2405 curias
1372 2349 1742 2418 Wangarde,
1777 2347 2096 2419 Eymbrike

434 2442 606 2514 (H7),
657 2441 1060 2514 Poppenburg
1117 2441 1260 2510 (118)
1309 2437 1587 2504 reddidit,
1621 2442 1678 2492 et
1734 2453 1869 2508 qua
1915 2435 2096 2503 longo

439 2535 706 2603 tempore
737 2535 1228 2599 congregaverat.
1273 2528 1400 2601 ipse
1433 2531 1497 2582 ut
1549 2526 1816 2599 prudens
1873 2522 2096 2579 animal

434 2634 543 2691 per
571 2634 789 2674 manus
826 2633 1167 2690 pauperum
1220 2616 1475 2672 Domino
1519 2613 1826 2670 offerenda
1864 2611 2099 2686 prami-

436 2707 528 2762 sit.
563 2705 964 2762 Considerans
992 2704 1152 2760 enim
1185 2703 1552 2776 impossibile
1585 2718 1712 2758 esse
1773 2700 2097 2756 multorum

435 2793 567 2850 non'
610 2793 882 2850 exaudiri
937 2794 1258 2862 orationes,
1304 2791 1536 2846 nullam
1588 2791 1647 2845 in
1688 2795 1810 2845 tota
1841 2788 2099 2846 Saxonia

438 2883 967 2952 congregationem
993 2881 1390 2954 pratermisit,
1418 2897 1606 2952 quam
1636 2894 1759 2934 non
1786 2877 2099 2950 quantolo-

2197 1725 2421 1798 poralis
2448 1726 2580 1781 vita
2624 1724 2800 1779 nimis
2847 1723 3202 1793 indulgeret,
3250 1723 3423 1794 justo
3490 1723 3612 1778 Dei
3670 1722 3891 1792 judicio

2199 1816 2535 1885 condignas
2565 1814 2818 1870 levitatis
2873 1830 2997 1868 sua
3045 1828 3261 1884 ptrnas
3313 1812 3587 1867 exolvit.
3655 1812 3893 1868 Ecberto

2201 1920 2466 1977 namque
2499 1903 2843 1959 marchione
2875 1902 3297 1974 episcopatum
3349 1906 3667 1956 nosu‘um
3720 1901 3896 1956 incen-

2201 1994 2315 2049 diis
2341 2009 2409 2048 ac
2443 1992 2668 2065 rapinis
2697 1991 2970 2046 atrociter
2997 1989 3342 2055 invadente,
3399 1993 3464 2044 et
3484 2005 3721 2045 muros
3748 1990 3895 2044 urbis

2202 2082 2564 2154 gravissima
2593 2081 2906 2136 obsidione
2933 2084 3263 2145 coartante,
3323 2079 3506 2134 idem
3581 2081 3895 2152 episcopus

2202 2172 2283 2227 ob
2313 2174 2353 2208 ⁸¹
2391 2171 2635 2227 tutelam
2663 2170 2756 2224 sui
2802 2174 2859 2224 et
2901 2169 3319 2224 defensionem
3371 2168 3694 2223 acclesia
3751 2167 3893 2223 deci-

2202 2278 2355 2326 mas,
2387 2276 2524 2333 qua
2555 2275 2766 2314 omnes
2797 2258 2915 2313 fere
2942 2257 3024 2313 illi
3068 2256 3399 2325 vacabant,
3458 2257 3758 2330 aliasque
3799 2274 3892 2312 av:-

2203 2352 2395 2407 clesia
2423 2350 2835 2423 possessiones
2857 2354 3102 2404 coactus
3131 2354 3218 2404 est
3235 2348 3558 2404 militibus
3592 2349 3890 2421 impertiri.

2203 2446 2260 2496 et
2288 2439 2452 2513 quod
2487 2438 2678 2508 magis
2709 2437 3115 2510 perniciosum
3174 2439 3252 2492 est
3319 2437 3636 2506 mulctas,
3692 2453 3890 2510 poenas

2204 2528 2477 2584 videlicet
2506 2527 2882 2600 pecuniarias
2913 2543 3025 2598 pro
3050 2525 3484 2582 criminalibus
3550 2525 3754 2599 culpis
3817 2527 3891 2580 in-

2206 2619 2460 2684 stitutas,
2491 2615 2836 2671 hominibus
2867 2630 2990 2670 sua
3021 2613 3265 2670 ditionis
3322 2613 3654 2670 relaxare.
3711 2615 3890 2670 Extre-

2204 2724 2307 2762 mo
2341 2711 2542 2762 tamen
2580 2705 2714 2760 vita
2737 2721 2860 2760 sua
2888 2709 3157 2776 tempore
3183 2703 3473 2758 moribus
3509 2703 3758 2759 sincere
3786 2719 3890 2758 eor-

2204 2793 2398 2860 rectis,
2431 2792 2660 2864 pradia
2688 2791 2970 2864 quadam
3021 2808 3146 2846 sua
3176 2791 3593 2864 proprietatis
3626 2807 3770 2847 cum
3798 2792 3891 2846 mi-

2206 2883 2404 2938 nistris
2434 2882 2511 2938 ad
2533 2882 2633 2952 jus
2653 2881 2996 2954 episcopale
3023 2879 3305 2948 contulit;
3336 2896 3494 2952 qua
3521 2897 3682 2937 vero
3713 2882 3771 2936 in
3799 2883 3885 2935 Bo-

437 2985 700 3042 cumque
731 2970 997 3026 karitatis
1028 2985 1276 3025 munere
1322 2968 1721 3057 honoraverit.
1776 2968 1905 3040 Ipse
1953 2981 2100 3057 quo-
2137 3002 2176 3057 ρ
2207 2971 2398 3026 cholte
2430 2973 2573 3041 (120)
2601 2970 2785 3042 tytulo
2823 2969 3193 3025 hereditaria
3241 2970 3688 3025 successionis
3714 2985 3891 3043 posse-

438 3073 559 3131 que
584 3058 659 3114 de
689 3059 1105 3115 immutatione
1157 3058 1342 3113 nostri
1375 3057 1604 3112 ordinis
1658 3056 1814 3112 facta
1868 3054 2099 3110 confes-

437 3147 605 3204 sione
632 3148 1043 3221 panitentiam
1069 3148 1317 3220 accepit,
1345 3152 1402 3202 et
1449 3145 1657 3202 fratres
1714 3150 1951 3201 nostros
2010 3161 2100 3199 as-

435 3241 629 3294 tantes
658 3237 773 3293 sub
802 3237 1172 3294 attestatione
1203 3237 1390 3292 divini
1421 3237 1648 3292 timoris
1673 3240 1734 3291 ut
1788 3235 1850 3290 in
1905 3234 2100 3308 pristi-

438 3343 590 3383 num
620 3327 1046 3397 restitueretur,
1095 3325 1467 3382 consulendo
1517 3324 1923 3398 pracipiendo
1978 3339 2103 3378 am-

436 3417 696 3472 monuit.
725 3415 815 3470 Ad
845 3416 1018 3486 cujus
1055 3416 1286 3472 virtutis
1338 3414 1651 3470 cumulum
1701 3415 1816 3468 hoc
1858 3427 2101 3485 quoque

437 3504 724 3560 laudibus
755 3505 884 3574 ejus
910 3504 1137 3576 placuit
1163 3504 1575 3570 inserendum,
1607 3504 1751 3576 quia
1778 3519 1930 3575 pene
1975 3518 2101 3557 om-

438 3590 618 3646 nibus
645 3591 882 3646 Ytalicis
913 3596 970 3646 et
1027 3593 1361 3647 Teutonicis
1410 3591 1708 3663 episcopis
1766 3591 2100 3646 inauditam

441 3678 578 3735 etin
606 3679 775 3735 omni
807 3695 1114 3735 canonum
1145 3680 1291 3734 serie
1323 3696 1445 3735 non
1468 3679 1683 3735 lectam
1714 3679 1924 3734 domui
1963 3681 2101 3735 Cre-

442 3768 593 3840 gorii
622 3783 796 3842 papa
827 3769 1018 3839 hujus
1041 3769 1304 3824 nominis
1341 3769 1576 3841 septimi
1606 3769 2100 3842 dampnationem

442 3857 983 3929 subscribentibus,
1016 3859 1142 3930 ipse
1173 3874 1416 3932 quoque
1447 3858 1659 3914 timore
1706 3857 1913 3913 mortis
1967 3859 2104 3913 sub-

443 3945 698 4020 scripsit,
724 3951 812 4003 set
830 3946 998 4020 quod
1025 3947 1366 4020 scripserat,
1398 3951 1463 4002 ut
1504 3947 1688 4002 homo
1732 3947 2100 4016 sagacissimi

441 4035 685 4105 ingenii,
740 4035 916 4090 obelo
971 4036 1238 4108 suposito
1291 4035 1667 4108 dampnavit.
1723 4036 1904 4106 Cujus
1959 4037 2103 4108 quia

443 4123 900 4195 subscriptionis
956 4140 1202 4196 poenam
1266 4130 1322 4180 et
1395 4124 2098 4192 excommunicationem,

444 4209 664 4265 scilicet
691 4211 802 4266 hac
828 4228 938 4284 pro
965 4213 1369 4269 inobedientia
1399 4213 1808 4280 subsecutam,
1842 4213 2102 4268 maxime

2211 3059 2399 3129 derat,
2434 3063 2491 3114 et
2521 3058 2687 3131 quod
2718 3059 2776 3114 in
2809 3057 3099 3114 Witisleve
3131 3057 3664 3129 (12l)aquodam
3697 3057 3887 3114 Gades-

2209 3148 2417 3204 cbalco
2439 3148 2758 3221 emptionis
2811 3147 3057 3203 nomine
3115 3147 3561 3220 acquisiverat,
3619 3147 3703 3203 ad
3753 3162 3886 3219 Opus

2208 3238 2458 3294 fratrum
2518 3237 2833 3306 delegavit.
2895 3241 3145 3310 Insuper
3199 3236 3374 3308 quod
3409 3239 3461 3271 ⁵³
3527 3237 3676 3292 ﬁlia
3713 3235 3886 3292 fratris

2209 3327 2301 3381 sui
2334 3326 2498 3382 Elika
2523 3331 2580 3380 et
2611 3325 2931 3381 Atbeleidis
2963 3327 3010 3360 ⁵³
3044 3324 3437 3381 venerabiles
3471 3327 3524 3360 “
3556 3325 3883 3388 abbatissa,

2207 3415 2502 3488 pradium
2530 3431 2706 3470 suum
2733 3414 2794 3470 in
2822 3414 3237 3470 Hevenhusem
3271 3415 3428 3484 (122)
3466 3415 3519 3448 ⁸⁵
3576 3430 3710 3469 cum
3764 3429 3884 3466 om-

2207 3505 2387 3561 nibus
2414 3504 2536 3560 suis
2567 3503 2890 3560 attinentiis
2919 3503 3200 3560 acclesia
3240 3512 3478 3560 nostra
3504 3503 3870 3572 largirentur,

2207 3593 2401 3648 eﬁ‘ecit
2430 3595 2552 3661 (an.
2591 3595 2748 3659 1114,
2779 3593 2903 3648 Oct.
2946 3596 3054 3656 19).

2279 3685 2414 3737 Post
2461 3683 2623 3737 hunc
2674 3683 3066 3738 BRUNIGGUS
3125 3679 3536 3737 Goslariensis
3604 3681 3877 3744 decanus,

2207 3776 2378 3826 atate
2409 3776 2684 3826 maturus
2709 3776 2767 3826 et
2817 3769 3113 3826 industria
3165 3769 3573 3842 conspicuus,
3620 3769 3877 3825 ecclesia

2208 3865 2423 3916 nostra
2454 3859 2765 3930 delegatur
2789 3861 2910 3930 (an.
2949 3860 3126 3930 1115).
3168 3860 3278 3924 Qui
3307 3860 3752 3932 episcopatum
3769 3858 3877 3930 qui-

2208 3949 2349 4004 dem
2367 3954 2639 4004 nostrum
2660 3953 2920 4022 quatuor
2940 3948 3117 4003 annis
3140 3947 3538 4018 gubernavit,
3577 3957 3672 4005 set
3697 3965 3826 4004 cum
3851 3961 3879 3998 ει

2210 4037 2562 4107 Moguntina
2586 4037 2902 4093 Adelberto
2935 4036 3463 4093 consecrationem
3492 4037 3695 4093 nollet
3723 4035 3881 4092 susci-

2209 4143 2371 4200 pere,
2416 4128 2831 4199 episcopatum
2880 4126 3249 4196 resignavit;
3307 4130 3366 4181 et
3420 4125 3508 4182 ad
3560 4126 3880 4183 acclesiam

2211 4217 2400 4271 sancti
2432 4215 2854 4278 Bartholomei,
2879 4215 2977 4270 cui
3006 4215 3289 4287 quaedam
3311 4214 3389 4270 de
3427 4215 3621 4271 bonis
3674 4217 3885 4289 episco-

443 4301 650 4398 nostro
676 4297 737 4398 in
763 4304 1031 4397 tempore
1061 4299 1284 4398 luimus
1315 4302 1486 4398 (1.19),
1512 4301 1707 4356 visum
1764 4306 1851 4356 est
1898 4317 2097 4357 socor-
2139 4345 2182 4398 Β
2211 4303 2471 4376 palibus,
2503 4304 2788 4376 quadam
2813 4303 2888 4358 de
2909 4303 3092 4358 rebus
3121 4303 3513 4375 proprietatis
3537 4305 3882 4368 contulerat,

442 4385 577 4453 dia,
611 4389 838 4442 tantam
870 4387 1017 4442 tanti
1049 4388 1157 4443 viri
1185 4389 1594 4459 sagacitatem,
1620 4406 1744 4462 qua
1775 4407 1836 4446 se
1867 4391 1946 4446 ab
1986 4392 2099 4446 hac

442 4491 648 4532 coram
706 4477 824 4531 Deo
883 4474 1156 4546 absolvit,
1208 4475 1439 4532 silentio
1464 4479 1780 4549 praterire.
1835 4479 1933 4534 Hic
1959 4496 2096 4534 cum

441 4563 750 4620 Heinricus
781 4581 883 4620 rex
909 4565 1090 4635 hujus
1117 4565 1378 4621 nominis
1407 4572 1657 4638 quartus
1711 4573 1894 4624 totam
1944 4585 2096 4640 pene

444 4653 769 4710 Saxoniam
801 4653 1015 4725 rapina
1042 4659 1303 4710 vastaret
1330 4659 1386 4710 et
1427 4655 1725 4721 incendio,
1779 4656 1922 4712 data
1971 4657 2099 4712 inii-

439 4743 565 4799 nita
593 4745 870 4816 pecunia,
902 4748 1066 4800 utne
1099 4761 1220 4801 una
1279 4745 1500 4800 domus
1559 4745 1617 4801 in
1671 4747 1837 4802 omni
1893 4752 2098 4804 nostro

438 4833 791 4908 episcopatu
844 4833 1296 4890 combureretur
1349 4835 1557 4892 effecit.
1615 4837 1672 4894 Si
1732 4837 1870 4909 quis
1897 4843 2100 4894 autem

439 4922 684 4994 objiciat
712 4937 823 4995 pro
850 4939 918 4978 eo
936 4938 1059 4979 non
1085 4923 1387 4980 orandum
1409 4940 1592 4996 quem
1620 4927 2101 4984 excommunica-

2213 4409 2343 4448 sese
2377 4393 2691 4459 transtulit,
2725 4392 2928 4464 ibique
2958 4391 3122 4447 diem
3148 4391 3343 4447 exitus
3392 4393 3489 4448 sui
3531 4395 3663 4449 Deo
3724 4393 3885 4448 devo-

2208 4487 2302 4538 tus
2323 4481 2656 4553 expectavit
2686 4483 2734 4515 ⁶⁶
2765 4482 2886 4552 (an.
2916 4485 3073 4548 1120,
3101 4482 3288 4536 Mart.
3314 4483 3391 4550 3).

2283 4573 2367 4624 19.
2404 4571 2626 4625 Dehinc
2658 4571 3082 4638 BERTOLDUS,
3116 4569 3483 4626 venerabilis
3516 4575 3737 4626 noster
3756 4585 3890 4644 pra-

2207 4660 2459 4732 positus,
2484 4660 2623 4715 cleri
2653 4660 2969 4733 plebisque
2996 4675 3301 4715 consensu
3327 4660 3620 4716 acclesia
3678 4665 3886 4717 nostra

2208 4749 2526 4822 praeﬁcitur
2546 4752 2667 4820 (an.
2707 4751 2863 4818 1119,
2897 4749 3056 4804 inter
3079 4751 3223 4804 Jun.
3248 4754 3278 4803 5
3311 4755 3364 4805 et
3392 4750 3526 4805 Oct.
3553 4755 3613 4806 31
3633 4752 3676 4820 ξι.
3703 4750 3816 4816 Qui
3841 4752 3888 4802 et

2208 4839 2406 4895 ofﬁcio
2422 4839 2823 4894 ecclesiastico
2845 4837 3201 4894 excellenter
3215 4838 3584 4908 eruditus,et
3598 4840 3887 4910 religiosa-

2209 4929 2676 4984 conversationis
2694 4928 2890 4984 studio
2907 4927 3584 5000 praelarus,religiosas
3609 4944 3885 5002 quasque

1833 5035 2060 5090 νΑΒΙΑς
2101 5037 2391 5092 LECTION
2400 5036 2498 5090 ES.

509 5135 557 5170 ιο
587 5135 760 5206 (3.1.
817 5136 1047 5206 I50xvn,
1078 5138 1251 5191 xxvn.
1285 5140 1338 5190 2.
1437 5137 1480 5170 δι
1511 5137 1588 5193 ad
1626 5142 1679 5192 2.

1781 5140 1828 5174 ⁸³
1855 5141 1942 5195 ita
1970 5145 2022 5196 2.
2057 5157 2174 5197 voa:
2198 5141 2356 5197 deest
2383 5145 2430 5195 1.

2537 5142 2584 5175 ⁸³
2605 5139 2781 5196 cilika
2810 5145 2868 5197 et
2895 5139 3186 5212 albeydis
3215 5141 3269 5195 2.
3325 5141 3680 5198 athelbedis
3720 5149 3767 5199 1.
3843 5142 3878 5171 ⁵⁸

435 5205 796 5264 venerabilis
825 5211 874 5263 1.
953 5207 1000 5240 ⁵⁸
1029 5207 1413 5264 heneshusen
1433 5212 1486 5263 2.
1567 5209 1614 5242 ⁸⁸
1643 5208 1747 5264 ubi
1769 5215 1826 5264 et
1847 5211 2120 5282 sepultus
2143 5216 2232 5268 est
2260 5215 2312 5266 2.

2047 5319 2089 5371 Ν
2096 5317 2259 5372 ΟΤΛΕ

531 5410 653 5466 117)
695 5408 1030 5466 Emmerke.

532 5479 655 5555 118)
693 5479 1098 5555 Poppenburg
1126 5480 1206 5537 ad
1236 5480 1503 5555 Leinam.

534 5553 655 5624 119)
696 5553 848 5624 ετξ.
882 5566 1046 5624 anno
1070 5555 1226 5608 1080.
1252 5553 1513 5610 Saxonia
1541 5559 1794 5612 vastata.

537 5621 658 5689 120)
695 5621 998 5680 Buéhholz
1053 5638 1094 5679 a
1143 5624 1544 5696 septentrione
1582 5627 1953 5684 Hannovera
1996 5631 2101 5683 aut

2206 5413 2462 5471 Bokholt
2483 5415 2851 5471 nrafectura
2875 5413 3254 5471 Bodenteich.

2279 5488 2425 5628 ξ121)
2465 5485 2810 5543 Wetzleben
2834 5485 3001 5558 apud
3025 5485 3467 5543 Wollenbuttel.

2307 5557 2424 5628 122)
2466 5558 2777 5615 Hevensen
2804 5572 2993 5628 prope
3022 5557 3387 5628 Hardegsen.

2804 5572 2993 5630 prope
3022 5571 3387 5628 naraegsen.
