3996 6168
180 125 329 181 1249

1376 133 1786 191 CHRONICON
1825 130 2448 199 HILDESHEIMENSE.

3492 141 3631 212 i250

147 263 458 349 personas
481 249 772 349 omnibus
800 253 998 349 modis
1027 271 1150 349 suae
1181 271 1512 327 aggregare
1541 257 1844 314 nitebatur
1883 264 1932 316 Α
1961 260 2042 316 ad
2064 261 2306 320 beatum
2339 266 2762 324 Godehardum
2787 269 3138 340 offeruntur,
3166 274 3436 349 itemque
3465 278 3633 337 obla-

153 339 480 396 Iecclesiae.
515 339 652 412 Ipse
697 356 898 396 sacras
929 341 1188 412 virgines
1243 345 1303 400 in
1338 347 1693 420 episcopatu
1740 363 1844 402 no-

151 433 291 483 stro
336 427 579 500 primus
618 428 857 485 inclusit
883 431 948 490 5".
982 435 1040 486 et
1069 431 1315 490 clericos
1346 452 1504 507 quos
1534 435 1841 506 regulares

148 523 391 574 vocant
415 517 771 588 introduxit,
803 519 1195 594 ejusdemque
1221 524 1448 580 ordinis
1490 526 1842 598 praepositu-

144 624 292 664 ram
324 607 388 663 in
416 608 874 665 Banchenrothe
907 612 1076 681 (123),
1105 616 1162 667 et
1191 613 1264 668 de
1291 615 1414 670 suis
1444 620 1503 670 et
1531 614 1841 688 episcopa-

145 696 320 753 libus
366 697 554 753 bonis
599 698 863 754 instituit.
922 703 982 754 ln
1033 701 1226 773 capite
1279 704 1460 760 etiam
1517 701 1841 760 sanctuarii

147 786 522 860 principalis
552 787 833 844 eecclesiae
863 804 1017 860 opus
1047 789 1335 860 elegantis
1367 798 1678 850 structurae
1703 794 1840 851 aedi-

149 875 368 932 ﬁcavit
399 882 528 944 (an.
568 881 720 944 1130,
752 879 934 933 Mart.
975 881 1081 949 14).

237 970 334 1022 20.
376 966 524 1021 Huic
559 967 1016 1022 BERNHARDUS
1041 968 1361 1042 episcOpus
1393 973 1681 1028 successit
1709 975 1832 1043 (an.

167 1055 335 1121 1130,
374 1056 532 1111 inter
558 1057 714 1112 Mar.
746 1059 814 1110 28
845 1062 898 1111 et
936 1058 1080 1111 Jun.
1121 1060 1225 1125 12).
1271 1060 1380 1124 Qui
1410 1061 1676 1132 primum
1709 1079 1835 1118 ma-

161 1143 356 1214 gister
383 1143 704 1215 scolarum,
735 1144 948 1212 deinde
988 1146 1236 1216 majoris
1284 1149 1564 1205 {ecclesiae
1595 1167 1832 1223 praapo-

159 1232 342 1298 situs,
375 1232 512 1304 pari
539 1232 828 1288 desiderio
860 1233 998 1288 cleri
1027 1239 1084 1290 et
1113 1237 1322 1309 populi
1364 1253 1549 1310 supra
1579 1239 1832 1295 modum

156 1320 434 1376 renitens
476 1320 538 1375 in
567 1319 914 1394 episcopum
959 1321 1210 1392 eligitur.
1248 1325 1476 1382 Electus
1527 1332 1730 1383 autem
1759 1328 1833 1383 si—

158 1414 264 1465 cut
293 1409 386 1465 vir
413 1409 735 1466 litteratura
757 1426 827 1466 ac
850 1409 1206 1470 discretione
1227 1415 1516 1488 omnique
1545 1417 1830 1473 virtutum

156 1498 386 1555 decore
442 1499 817 1571 conspicuus,
851 1499 1124 1573 dispersa
1169 1519 1557 1574 congregare,
1592 1510 1649 1560 et
1693 1522 1831 1562 con-

154 1592 419 1660 gregata
447 1603 814 1657 conservare,
847 1593 903 1644 et.
949 1589 1157 1646 habita
1206 1593 1402 1647 modis
1446 1594 1832 1666 competenti-

153 1677 276 1734 bus
304 1675 697 1746 augmentare
727 1677 972 1734 curavit.
1007 1679 1328 1737 Abbatiam
1370 1683 1670 1755 siquidem
1701 1683 1834 1739 Rin-

156 1766 571 1837 gelemensem
599 1768 742 1839 (124)
774 1768 940 1841 prius
989 1770 1277 1840 regalem,
1313 1787 1473 1828 nunc
1523 1789 1664 1828 vero
1710 1773 1832 1846 epi-

157 1856 498 1930 scopalem,
531 1857 801 1913 Conrado
832 1873 971 1928 rege
1004 1875 1304 1916 consensu
1351 1862 1691 1935 principum
1721 1863 1829 1919 do-

152 1949 368 2012 nante,
402 1945 466 2000 in
518 1950 873 2019 perpetuum
933 1947 1051 2003 sibi
1101 1953 1158 2004 et
1211 1950 1660 2006 successoribus
1707 1951 1831 2006 suis

155 2034 428 2090 obtinuit
471 2038 590 2102 (an.
627 2039 783 2103 1151,
825 2038 980 2107 Jul.,
1014 2041 1128 2104 30),
1159 2054 1228 2093 ac
1272 2039 1729 2112 praeposituram
1768 2039 1828 2095 in

153 2124 426 2194 Alsburg
472 2124 637 2196 (125),
692 2142 833 2181 cum
884 2131 1022 2182 ante
1070 2143 1192 2183 non
1249 2133 1429 2184 totam
1477 2128 1826 2202 possideret,

155 2215 444 2271 Heinrico
464 2215 611 2271 duce
628 2221 864 2289 partem
892 2233 1072 2273 suam
1094 2218 1454 2290 conferente,
1468 2220 1831 2289 integraliter

149 2303 340 2360 bonis
368 2305 768 2378 proprietariis
793 2307 1080 2363 (ecclesia:
1113 2313 1328 2364 nostrae
1359 2309 1741 2366 coadunavit.
1764 2310 1828 2366 ln

153 2393 393 2449 honore
421 2410 660 2468 quoque
688 2395 849 2452 beati
875 2395 1215 2452 Godehardi
1259 2398 1524 2470 episcopi
1555 2398 1741 2453 nostri
1771 2403 1828 2454 et

156 2483 548 2551 confessoris,
583 2501 720 2540 vere
760 2490 1110 2542 sanctorum
1159 2485 1432 2558 catalogo
1462 2485 1588 2542 ﬁeri
1618 2487 1824 2543 incon-

153 2571 472 2627 venienter
499 2572 788 2646 asscripti,
806 2575 979 2645 cujus
1001 2573 1128 2646 ipse
1154 2574 1600 2630 translationem
1626 2579 1829 2631 aucto-

150 2660 332 2717 ritate
363 2661 686 2717 Innocentii
706 2678 882 2735 papae
906 2666 964 2717 et
992 2663 1330 2720 coniventia
1361 2663 1665 2720 Remensis
1690 2679 1828 2719 con-

155 2747 282 2804 cilii
333 2748 739 2824 sollempniter
780 2751 1108 2807 celebrarat
1139 2760 1262 2819 (an.
1311 2753 1488 2822 H32),
1529 2755 1826 2807 monaste-

151 2838 322 2894 rium
351 2839 413 2895 in
443 2840 690 2896 australi
719 2846 886 2913 parte
930 2845 1152 2896 DOStl‘tE
1183 2842 1434 2898 ciVitatis
1473 2845 1824 2896 construens

1958 349 2149 406 tiones
2203 354 2501 426 sepulchri
2558 372 2697 412 cum
2755 357 2923 413 omni
2983 358 3342 433 integritate,
3401 366 3634 426 domno

1957 436 2301 496 Hermanno
2351 443 2651 512 Thuringo
2694 446 3024 503 venerabili
3064 450 3428 524 presbytero
3458 456 3636 515 inter-

1953 528 2248 599 veniente,
2281 531 2562 588 fratribus
2609 535 2882 604 erogavit
2931 537 3054 606 (an.
3094 540 3278 610 1146),
3330 548 3389 599 et
3431 561 3506 602 ne
3545 565 3638 605 re-

1951 630 2089 672 rum
2120 621 2523 676 necessarium
2556 622 2857 678 defectum
2889 627 3105 684 sentire
3132 639 3520 705 cogerentur,
3551 637 3638 693 in-

1952 705 2138 763 stituit
2171 714 2233 765 ut
2257 726 2364 782 per
2391 710 2692 767 licentiam
2723 712 3078 772 absentibus
3108 734 3214 790 per
3249 725 3320 777 15
3351 724 3481 781 dies
3505 727 3632 798 ple-

1951 797 2120 853 naria
2148 800 2617 871 praabendarum
2638 802 2836 875 portio
2860 810 3078 876 printer
3099 807 3317 866 vinum
3340 797 3634 872 ministre-

1950 891 2069 954 tur;
2102 889 2352 961 quando
2395 895 2597 946 autem
2627 892 2839 948 vinum
2870 893 3056 965 deest,
3096 900 3160 952 10
3190 914 3486 958 nummos
3519 921 3630 976 pro

1945 975 2082 1030 vino
2125 976 2278 1046 dari,
2313 995 2454 1034 cum
2506 984 2644 1034 ante
2685 987 2916 1054 septem
2955 984 3265 1057 darentur,
3301 975 3624 1049 ordinavit.

1945 1063 2217 1120 Castrum
2249 1066 2434 1122 etiam
2471 1067 2870 1139 Winzenburg
2916 1072 3184 1129 funditus
3235 1075 3532 1150 dirutum,
3564 1085 3630 1137 ut

1944 1151 2057 1206 sibi
2103 1154 2181 1208 ad
2232 1159 2504 1210 tutamen
2545 1157 2828 1214 tecelesiae
2879 1162 3245 1219 resediﬁcare
3289 1165 3513 1234 liceret,
3545 1169 3624 1226 ab

1942 1239 2306 1312 imperatore
2350 1245 2582 1301 Lotario
2612 1245 2971 1320 impetravit,
3005 1252 3173 1323 quod
3199 1258 3255 1308 et
3293 1256 3622 1316 reaadiﬁca-

1942 1328 2043 1398 vit,
2077 1335 2133 1386 ct
2158 1335 2222 1386 ut
2247 1332 2532 1389 (ecclesiae
2563 1339 2620 1390 et
2662 1337 2773 1392 sibi
2805 1343 2860 1394 et
2892 1341 3346 1397 successoribus
3387 1345 3530 1412 suis,
3563 1351 3623 1404 et

1941 1418 2172 1491 absque
2228 1421 2489 1493 alicujus
2535 1425 2864 1496 invasione,
2906 1428 3165 1485 liberum
3215 1441 3615 1505 permaneret,

1941 1506 2201 1564 duorum
2273 1513 2683 1568 Romanorum
2743 1516 3098 1587 pontificum
3167 1521 3495 1577 Innocentii
3561 1529 3618 1580 et

1873 1619 1911 1672 Β
1944 1598 2211 1666 Eugenii,
2263 1616 2628 1670 magnorum
2682 1603 2742 1658 in
2793 1605 3022 1661 Christo
3067 1606 3357 1680 virorum,
3407 1610 3614 1670 banno

1943 1684 2168 1740 ﬁrmari
2208 1689 2447 1758 rogavit
2474 1695 2591 1760 (an.
2631 1696 2808 1765 H35),
2840 1696 2993 1750 Nov.
3028 1696 3142 1766 25).
3181 1701 3310 1769 lpse
3342 1700 3522 1757 etiam
3548 1702 3614 1757 li—

1943 1789 2161 1842 gneam
2191 1777 2408 1834 turrim
2425 1785 2715 1838 vetustate
2745 1782 3005 1839 dirutam
3036 1787 3284 1854 amovit,
3309 1793 3365 1845 et
3392 1806 3614 1848 novam

1941 1877 2062 1916 non
2116 1865 2361 1922 modico
2411 1875 2660 1943 sumptu
2708 1872 2991 1944 reposuit,
3025 1873 3312 1948 deditque
3362 1895 3472 1935 vas
3504 1880 3614 1935 cri-

1941 1955 2205 2040 smatum
2233 1962 2591 2024 argenteum
2614 1964 2670 2014 et
2693 1958 2929 2014 dorsale
2947 1959 3117 2016 valde
3144 1963 3399 2033 bonum,
3415 1983 3612 2040 quan-

1940 2039 2019 2094 do
2069 2039 2333 2098 lmbrike
2387 2045 2670 2102 fratribus
2716 2046 3061 2116 resignavit,
3093 2049 3156 2106 in
3206 2039 3612 2112 testimonium

1939 2129 2062 2217 (an.
2098 2132 2281 2217 1149),
2314 2135 2462 2191 Mai.
2496 2138 2606 2207 27).
2636 2135 2993 2192 Indumenta
3023 2155 3270 2214 quoque
3301 2144 3614 2217 episcopa-

1937 2215 2016 2271 lia
2037 2216 2364 2288 aurifrigiis
2390 2223 2669 2278 decenter
2689 2229 2900 2279 ornata
2916 2225 2991 2280 de
3015 2243 3126 2282 suo
3149 2215 3430 2287 (ecclesiae
3453 2215 3614 2288 com-

1936 2307 2190 2377 paravit,
2225 2310 2566 2383 anulosque
2597 2311 2752 2366 duOs
2790 2313 3166 2383 pontiﬁcales
3207 2335 3316 2375 suo
3365 2320 3609 2376 nomine

1935 2391 2276 2465 inscriptos,
2313 2413 2503 2453 unum
2565 2398 2794 2470 topazio
2851 2399 3104 2474 aliisque
3163 2408 3419 2476 gemmis
3469 2424 3607 2464 cum

1935 2481 2275 2550 margaritis
2332 2486 2844 2559 circumpositum,
2900 2489 3156 2549 alterum
3213 2496 3606 2568 quadrangu-

1935 2567 2060 2622 lum
2099 2569 2367 2639 jacincto
2407 2575 2634 2647 optimo
2675 2576 3010 2634 radiantem
3051 2567 3248 2638 beatas
3273 2585 3464 2641 Mariae
3494 2585 3604 2641 ob-

1937 2657 2080 2712 tulit.
2118 2659 2388 2722 Qualiter
2416 2664 2594 2720 etiam
2647 2667 3082 2725 monasterium
3127 2677 3401 2730 nostrum
3445 2689 3605 2730 cam-

1934 2746 2109 2818 panis
2140 2752 2196 2803 et
2227 2750 2477 2821 picturis
2503 2754 2902 2822 adornaverit,
2937 2774 3145 2817 coram
3177 2763 3462 2819 omnibus
3485 2763 3606 2820 elu-

1935 2836 2128 2891 cescit.
2163 2840 2632 2913 Praerogativam
2680 2843 2940 2918 denique
2996 2850 3356 2925 episcopalis
3402 2852 3600 2922 omcii,

152 2927 463 2985 dedicavit
491 2935 548 2986 et
577 2929 826 3001 dotavit,
858 2947 928 2986 ac
975 2930 1182 2986 fratres
1228 2930 1578 2987 monasticae
1605 2929 1827 3002 profes-
1863 2971 1903 3024 Ο
1933 2941 2121 2998 quam
2150 2926 2213 2982 in
2259 2930 2772 2989 Gandeshemensi
2825 2935 3098 2994 {ecclesia
3141 2941 3232 2996 sui
3271 2946 3606 2999 antecesso-

153 3018 350 3074 sionis
377 3019 524 3076 inibi
554 3023 672 3076 Deo
705 3021 1026 3076 servituros
1057 3021 1378 3092 constituit,
1412 3025 1468 3076 et
1495 3021 1544 3074 is
1577 3019 1822 3076 Frideri-

153 3124 302 3164 cum
355 3109 621 3182 primum
670 3109 954 3166 abbatem
1002 3110 1264 3181 przefecit
1313 3115 1432 3180 (an.
1480 3109 1654 3179 1146).
1696 3112 1824 3179 Ipse

153 3197 413 3253 fratrum
467 3197 697 3254 utilitati
745 3198 841 3270 pie
895 3197 1286 3270 prospiciens,
1339 3201 1569 3270 partem
1617 3195 1826 3268 praedii

150 3287 328 3360 quod
366 3287 429 3342 in
462 3287 860 3344 Waleshusen
906 3289 1053 3358 (126)
1097 3287 1382 3358 habebat,
1423 3287 1484 3342 in
1533 3301 1824 3356 augmen-

151 3380 289 3431 tum
318 3376 783 3448 praebendarum
827 3375 1091 3433 contulit.
1127 3376 1358 3432 Prredia
1383 3391 1527 3431 vero
1555 3390 1693 3447 quae
1723 3391 1824 3430 ve-

154 3464 460 3521 nerabiles
490 3465 809 3522 abbatissa:
856 3464 1194 3520 Adelheidis
1241 3470 1298 3520 et
1347 3465 1512 3521 Elika
1541 3463 1824 3519 mcclesiaa

153 3554 557 3623 contulerant,
588 3556 700 3611 hac
731 3554 1142 3610 moderatione
1171 3554 1453 3611 fratribus
1484 3553 1823 3627 impertivit,

153 3648 227 3699 ut
255 3649 451 3700 curtes
484 3648 540 3700 et
567 3644 778 3700 litones
799 3645 935 3700 usui
965 3644 1218 3700 fratrum
1245 3645 1543 3715 cederent,
1564 3643 1827 3700 ministe-

151 3734 337 3790 riales
365 3750 508 3790 vero
539 3734 718 3790 curiae
750 3733 1073 3807 episcopali
1097 3735 1409 3790 curialium
1433 3750 1599 3790 more
1628 3733 1825 3789 deser-

150 3824 372 3891 virent,
404 3823 488 3878 sic
519 3827 719 3879 tamen
751 3827 816 3879 ut
841 3823 1318 3880 ministerialium
1351 3823 1584 3895 absque
1606 3823 1824 3878 herede

150 3911 579 3968 decedentium
595 3913 758 3970 bona
775 3911 1184 3969 seubeneﬁcia
1201 3912 1450 3969 fratrum
1471 3911 1644 3966 bonis
1667 3926 1823 3966 sem-

149 4015 267 4071 per
293 4000 600 4057 accedant.
631 4005 745 4057 Nec
777 4001 891 4057 hoc
922 4001 1154 4057 silentio
1200 3999 1680 4074 praetereundum
1711 4004 1819 4067 est,

150 4089 327 4162 quod
357 4095 584 4147 curtem
614 4096 887 4148 nostram
925 4092 987 4147 in
1019 4091 1330 4153 Embreke.
1363 4106 1484 4162 qua
1511 4089 1693 4158 longo
1721 4105 1820 4146 ca-

149 4179 393 4235 ruimus
441 4185 728 4254 tempore,
763 4181 1058 4252 sagaciter
1095 4181 1403 4255 requisivit
1443 4184 1501 4235 et
1539 4178 1821 4235 fratribus

150 4268 436 4340 reddidit,
467 4274 524 4326 et
563 4271 702 4328 inde
731 4275 992 4344 quatuor
1023 4271 1260 4326 servitia
1289 4269 1540 4325 fratrum
1574 4267 1821 4324 consilio

150 4358 292 4415 dari
315 4359 629 4430 ordinavit,
657 4361 780 4418 duo
806 4359 1090 4417 fratribus
1115 4358 1303 4416 sancti
1329 4357 1577 4416 Mauritii
1607 4361 1664 4412 et
1690 4373 1823 4414 san-

155 4452 269 4504 ctae
301 4449 520 4519 Crucis,
553 4450 614 4506 in
646 4450 1010 4507 Ascensione
1057 4453 1114 4505 et
1137 4449 1198 4505 in
1238 4450 1618 4504 Pentecosten
1647 4447 1823 4503 nobi-

155 4553 335 4594 scum
387 4537 450 4593 in
499 4539 828 4607 refectorio,
865 4554 1056 4595 unum
1103 4537 1163 4594 in
1216 4535 1626 4611 apostolorum
1675 4536 1824 4592 Petri

156 4630 218 4683 et
274 4627 436 4683 Pauli
492 4627 660 4696 festo,
711 4633 994 4701 quartum
1043 4627 1104 4683 in
1161 4626 1352 4700 ipsius
1397 4624 1543 4681 boni
1591 4624 1822 4680 comitis

154 4715 497 4786 Thietmari,
527 4716 631 4790 qui
675 4717 888 4773 eadem
936 4717 1100 4774 bona
1147 4715 1322 4773 nobis
1352 4712 1618 4781 contulit,
1649 4713 1823 4769 anni-

154 4807 446 4864 versario.
471 4811 536 4864 Et
561 4812 628 4864 ut
655 4807 938 4864 fratribus
970 4808 1251 4865 affectum
1274 4807 1543 4862 fraternae
1565 4803 1825 4860 dilectio-

155 4897 254 4953 nis
275 4897 337 4952 in
363 4898 650 4954 omnibus
674 4897 1024 4967 declararet,
1047 4897 1425 4954 medietatem
1448 4893 1822 4950 oblationum

156 4985 362 5043 altaris
381 4987 574 5045 beatae
606 4987 820 5060 mariae,
847 4991 903 5043 et
924 4987 1169 5043 terciam
1195 4991 1426 5060 partem
1452 5000 1664 5040 eorum
1683 4999 1821 5056 quae

1932 3030 2045 3082 res,
2100 3017 2373 3091 episcopi
2423 3021 2690 3079 videlicet
2739 3023 3334 3098 Hideneshemenses,
3374 3032 3604 3089 habue-

1929 3109 2089 3171 runt,
2133 3109 2272 3194 toto
2331 3110 2465 3165 vitae
2538 3128 2659 3168 sure
2740 3118 3007 3187 tempore
3061 3120 3259 3191 quiete
3313 3123 3601 3194 possedit.

1933 3197 2081 3250 Nam
2111 3193 2408 3252 domnam
2457 3199 2904 3268 Liutghardam,
2939 3203 3184 3263 domnae
3235 3193 3458 3266 Berthre
3502 3213 3604 3267 ab-
3717 3243 3720 3248 -

1933 3282 2170 3338 batissaa
2228 3285 2640 3358 subrogatam,
2683 3290 2964 3346 Goslariae
3022 3295 3082 3350 in
3131 3297 3296 3354 curia
3346 3299 3605 3372 impera-

1934 3373 2074 3428 toris
2114 3375 2374 3432 Lotharii
2419 3377 2481 3432 in
2512 3379 2781 3436 (ecclesia
2831 3381 3150 3442 beatorum
3188 3390 3601 3461 apostolorum

1935 3463 2217 3534 Symonis
2245 3469 2303 3520 et
2327 3465 2516 3534 ludas,
2539 3469 2840 3540 promissa
2867 3471 2983 3528 sibi
3009 3474 3212 3532 debita
3237 3477 3598 3551 obedientia,

1933 3568 2120 3608 manu
2162 3554 2408 3627 propria
2451 3561 2844 3617 consecravit.
2899 3564 3031 3629 Qua
3079 3564 3383 3633 defuncta,
3431 3568 3602 3626 dom-

1932 3658 2076 3698 nam
2125 3643 2517 3702 Adelheidam
2556 3646 2638 3702 illi
2693 3648 2800 3704 rite
2847 3651 3254 3726 substitutam,
3287 3656 3600 3720 oculorum

1932 3731 2173 3787 cecitate
2204 3734 2588 3806 praepeditus,
2619 3752 2728 3809 per
2757 3754 3011 3797 manum
3051 3742 3259 3799 domni
3312 3746 3600 3804 Bernhar-

1931 3820 1992 3876 di
2022 3820 2445 3878 Palburnensis
2492 3825 2779 3898 episcopi,
2808 3827 2871 3884 in
2916 3831 3431 3889 Gandeshemensi
3472 3852 3600 3900 mo-_

1930 3908 2194 3964 nasterio
2258 3913 2707 3982 praesentialiter
2783 3914 2896 3970 sibi
2975 3917 3380 3975 obedientiam
3454 3937 3595 3993 pro:

1931 3996 2216 4064 mittente,
2249 3997 2384 4054 fecit
2431 4002 2787 4056 consecrari.
2825 4003 2981 4060 Obiit
3028 4011 3232 4061 autem
3276 4023 3439 4064 anno
3487 4012 3596 4067 Do-

1931 4085 2166 4141 minicte
2209 4085 2637 4143 incarnationis
2673 4093 2807 4146 1153
2854 4093 2999 4162 (Jul,
3033 4096 3144 4165 20),
3179 4111 3303 4152 suae
3333 4113 3476 4154 vero
3506 4116 3596 4156 or-

1931 4175 2253 4232 dinationis
2277 4191 2440 4232 anno
2468 4183 2558 4247 23,
2589 4182 2648 4234 et
2692 4179 2754 4234 in
2799 4184 3166 4242 monasterio
3216 4185 3379 4244 beati
3409 4190 3595 4247 Code—

1929 4265 2106 4323 hardi
2134 4265 2467 4339 requiescit.

2001 4360 2090 4412 2t.
2123 4359 2259 4412 Post
2285 4355 2517 4414 obitum
2560 4357 2769 4416 domni
2799 4362 3128 4422 Bernhardi
3155 4367 3390 4425 BRUNO
3421 4368 3595 4426 deca-

1931 4462 2066 4514 nus,
2095 4445 2183 4502 vir
2211 4445 2410 4502 bonus
2431 4451 2488 4503 et
2511 4448 2820 4521 providus,
2846 4453 3125 4511 (ecclesiae
3149 4461 3368 4513 nostrae
3393 4458 3590 4529 praeﬁ-

1932 4535 2098 4591 citur.
2121 4534 2228 4601 Qui
2244 4534 2424 4591 rebus
2440 4536 2720 4595 aacclesiae
2737 4543 3165 4599 conservandis
3182 4559 3252 4598 ac
3274 4543 3590 4599 melioran-

1930 4625 2022 4681 dis
2043 4625 2218 4681 annis
2244 4627 2307 4682 10
2327 4629 2519 4684 totum
2546 4643 2608 4684 se
2628 4627 2920 4701 impendit
2937 4629 3162 4702 quibus
3179 4630 3308 4702 ipse
3329 4631 3583 4703 praafuit.

1929 4717 2171 4770 Tectum
2201 4717 2256 4769 et
2284 4714 2698 4788 pavimentum
2719 4715 3064 4788 principalis
3082 4717 3362 4774 aecclesiae
3379 4733 3588 4790 eroga-

1929 4804 2002 4859 tis
2029 4803 2150 4860 fere
2181 4808 2250 4860 50
2279 4806 2499 4862 marcis
2527 4804 2826 4862 meliorari
2869 4804 3021 4862 fecit.
3055 4804 3336 4864 Ofﬁcinas
3363 4806 3585 4866 domus

1929 4896 1987 4948 et
2035 4893 2213 4949 curiae
2257 4893 2615 4967 episcopalis
2661 4893 2930 4966 dilapsas
2961 4897 3278 4967 reparavit.
3309 4898 3579 4953 Castrum

1927 4998 2172 5056 quoque
2198 4982 2608 5051 Winzenburg
2657 4997 2780 5038 non
2833 4983 3074 5040 modico
3127 4988 3374 5058 sumptu
3423 4989 3582 5045 turre

1545 5130 1776 5184 VARIA‘Z
1818 5125 2219 5184 LECTIONES.

231 5220 278 5254 ⁵⁷
309 5222 676 5293 sequentium
705 5222 831 5293 loco
858 5220 992 5293 hac
1014 5219 1188 5293 habet
1219 5222 1251 5272 2
1277 5235 1290 5272 :
1345 5217 1765 5293 Monasterium
1799 5215 1991 5293 eciam
2042 5214 2270 5293 dictum
2297 5212 2724 5293 Yessingerade

2815 5214 2933 5270 uod
2981 5214 3160 5270 hodie
3209 5217 3577 5274 Marienrade

157 5283 411 5347 vocatur
438 5292 760 5359 innovavit,
795 5295 851 5348 et
871 5289 1096 5347 ibidem
1127 5289 1333 5345 fratres
1363 5287 1595 5342 ordinis
1620 5287 2018 5344 Cisterciensis
2043 5283 2356 5342 collocavit
2381 5289 2438 5341 et
2467 5283 2757 5341 moniales
2783 5283 2866 5340 ibi
2897 5285 3210 5358 quondam
3239 5287 3577 5346 habitantes

168 5361 393 5419 locavit
419 5363 480 5420 in
511 5363 927 5434 Iserenhagen.

231 5543 384 5610 (123)
421 5543 608 5601 Hodie
646 5539 1028 5601 Marienrode.

231 5544 364 5610 (123
421 5543 608 5601 Hodie
646 5543 1028 5601 Marienrode.

230 5543 384 5686 (mi
417 5614 785 5688 Ringolhaim
811 5612 891 5672 ad
916 5608 1248 5669 lndristam.

1764 5449 1987 5506 NOTE.

2018 5538 2139 5680 11ἓί
2178 5531 2621 5666 ἳθξιῗὲίἷὲἀηη.
