3998 6176
461 145 589 208 1251

1598 135 1940 198 APPENDIX
1979 133 2075 188 AD

2213 134 2726 196 GODEHARDUM.
3727 147 3821 204 1251

445 275 798 332 ﬁrmissima
827 269 1236 327 communivit.
1263 267 1528 324 Contulit.
1548 272 1745 323 entiam
1777 265 1854 321 ad
1897 264 2097 336 ipsum
2137 258 2186 311 Α
2212 260 2545 319 calamitate
2598 264 2776 320 tercia
2826 278 2968 335 pars
3005 257 3411 338 iepiscopatus
3453 268 3557 322 vix
3586 267 3823 328 immunis

447 366 772 424 armarium
831 366 1019 418 totum
1079 363 1501 416 testamentum
1559 374 1788 414 novum
1845 361 1900 412 et
1947 355 2100 410 fetus

446 463 766 527 utrumque
810 451 1128 522 glosatum,
1185 448 1550 521 expositores
1603 453 1660 502 et
1705 445 2104 519 hystoriogra-

445 547 599 617 phos
631 560 699 598 ac
731 541 1071 596 divinorum
1101 539 1392 594 librorum
1425 541 1792 601 tractatores,
1826 551 1934 590 nec
1979 550 2099 590 non

444 634 628 689 libros
655 629 915 707 phisicae,
949 629 1218 701 aliosque
1258 643 1444 702 quam
1483 627 1684 700 plures
1719 642 1829 680 suo
1857 624 2101 680 nomine

379 740 384 742 ‘
443 722 774 792 insignitos.
809 722 1094 776 Ornatum
1123 733 1264 773 vero
1311 717 1556 771 adauxit
1601 715 1901 776 ecclesias,
1934 729 2102 768 casu-

442 812 566 869 lam
615 812 689 866 de
732 809 990 865 examito
1037 813 1312 863 ornatam
1365 805 1694 876 aurifrigio,
1737 803 1972 860 dorsale
2025 802 2099 857 de

442 900 647 974 pallio,
676 899 948 962 infulam,
983 896 1355 968 oyrothecas,
1389 894 1660 950 sandalia
1690 909 1867 959 nova,
1897 896 1953 947 et
1982 892 2099 947 alia

445 991 680 1055 usitata,
734 1004 980 1060 capsam
1039 1002 1177 1040 cum
1231 985 1493 1057 reliquiis
1544 989 1600 1039 et
1642 984 1857 1056 pedem
1908 981 2100 1037 crucis

446 1077 828 1136 conferendo.
863 1075 1083 1133 Obtulit
1110 1078 1398 1146 praeterea
1441 1073 1520 1129 ad
1549 1073 1939 1145 praebendam
1980 1071 2096 1126 fra-

445 1173 598 1225 trum
647 1172 762 1223 tres
810 1181 1056 1221 mansos
1105 1169 1160 1220 et
1203 1163 1521 1218 dimidium
1572 1166 1626 1217 et
1656 1162 1808 1218 duas
1838 1177 2007 1216 areas
2038 1161 2096 1215 in

445 1255 793 1326 Eilstringhe
842 1254 1008 1321 (127).
1062 1257 1198 1308 Tres
1249 1268 1498 1307 mansos
1548 1256 1603 1307 et
1653 1257 1768 1306 tres
1817 1265 1984 1306 areas
2037 1250 2098 1304 in

448 1345 676 1402 Solesze
703 1344 853 1414 (128)
883 1359 1018 1398 cum
1051 1345 1184 1396 octo
1236 1340 1572 1412 mancipiis,
1607 1356 1675 1394 ac
1705 1339 1970 1412 cyphum
2004 1355 2095 1393 ar—

445 1438 725 1503 genteum
758 1436 985 1504 septem
1013 1431 1228 1485 marcis
1260 1434 1676 1500 comparatum
1708 1429 1773 1483 ⁵³.

513 1527 604 1577 22.
647 1523 693 1556 ⁵⁸
724 1521 1018 1593 Episcopo
1070 1522 1341 1573 Brunone
1389 1518 1669 1572 defuncto
1701 1518 1751 1552 ⁸ο
1778 1517 1901 1586 (an.
1939 1521 2094 1586 1162,

2212 357 2563 409 remaneret.
2599 353 2854 410 Consilio
2904 358 3106 410 tamen
3155 355 3361 410 domni
3407 355 3767 428 imperatoris
3788 370 3822 416 et

2169 470 2172 471 ν
2210 442 2549 514 principum
2600 443 2729 513 ejus
2759 444 2875 499 hac
2903 448 3232 517 utcumque
3281 445 3488 502 sedata
3521 454 3821 506 commotio-

2212 547 2305 596 ne,
2338 531 2600 589 Jomnus
2627 533 3008 589 Hermannus
3028 535 3348 606 episcopus
3376 552 3487 608 per
3511 552 3822 595 consensum

2210 622 2458 678 fratrum
2505 622 2582 677 ad
2614 623 2998 694 sepulchrum
3050 625 3283 680 Domini
3311 627 3613 697 profectus
3641 635 3752 688 est:
3785 632 3820 684 'm

2209 726 2330 781 qua
2359 711 2722 782 profectione
2760 716 2978 783 praeter
3027 713 3175 768 alios
3214 713 3456 770 labores
3489 715 3823 787 naufragium

2207 815 2444 872 passus,
2462 801 2540 855 ad
2561 806 2792 857 tantam
2822 802 3062 858 devenit
3084 802 3374 875 inopiam,
3399 809 3467 859 ut
3495 808 3687 861 tantus
3704 809 3822 878 prin-

2208 904 2371 960 ceps,
2406 906 2619 959 genere
2650 895 2707 945 et
2733 891 3020 960 dignitate
3045 892 3389 964 prmelarus,
3414 893 3670 965 publica:
3697 912 3823 951 men-

2207 979 2427 1034 dicitati
2457 979 2864 1049 subjiceretur.
2900 983 2949 1034 Α
2977 981 3320 1054 patriarcha
3351 988 3561 1038 tamen
3596 983 3818 1040 ἣκει-οεο-

2205 1068 2474 1124 limitano
2500 1073 2556 1123 et
2575 1069 2653 1125 ab
2675 1069 2803 1125 aliis
2827 1075 2996 1126 terrea
3015 1070 3172 1126 illius
3195 1071 3494 1141 religiosis
3520 1073 3613 1144 pie
3633 1090 3822 1146 suscep-

2206 1163 2322 1224 tus,
2350 1158 2608 1227 benigne
2638 1159 2880 1215 habitus
2911 1164 2968 1216 ct
2995 1160 3321 1216 honorifice
3375 1161 3676 1230 dimissus,
3705 1163 3818 1218 redi-

2208 1252 2334 1303 tum
2361 1248 2419 1302 in
2449 1248 2708 1320 patriam
2739 1265 2911 1306 suam
2941 1249 3290 1306 acceleravit
3316 1269 3327 1319 ;
3377 1251 3725 1324 veniensque
3745 1253 3816 1307 be-

2207 1355 2280 1393 ne
2312 1355 2518 1411 sospes
2567 1338 2628 1393 in
2654 1339 2926 1410 Ytaliam,
2955 1340 3038 1396 ibi
3080 1346 3351 1412 egrotare
3403 1345 3580 1414 cepit,
3613 1348 3664 1397 et
3695 1345 3815 1415 apud
3928 1353 3929 1362 ‘

2210 1428 2516 1484 Secusium
2549 1428 2717 1500 (131),
2750 1428 2868 1484 ﬁde
2897 1429 3132 1502 plenus,
3166 1430 3492 1486 defunctus
3542 1436 3625 1486 est
3657 1438 3703 1486 et
3741 1433 3815 1487 ibi-

2206 1517 2344 1572 dem
2375 1516 2644 1588 sepultus
2675 1519 2720 1560 δι
2754 1519 2871 1588 (an.
2913 1519 3068 1586 1170,
3095 1521 3221 1574 Jul.
3255 1523 3364 1586 10).

446 1614 570 1668 Oct.
608 1614 712 1681 l8),
761 1610 1183 1666 HERMANNUS
1225 1607 1853 1679 praepositusvSanctaa
1901 1607 2100 1661 Crucis
2141 1611 2182 1663 Β
2283 1610 2370 1661 23.
2415 1607 2461 1644 ⁸⁸
2522 1608 2891 1663 ADELOGUS
2950 1608 2998 1642 ⁸³
3063 1608 3421 1680 praepositus
3489 1609 3816 1664 Goslariensis

444 1700 843 1757 communiter
914 1698 992 1753 ab
1050 1696 1333 1751 omnibus
1396 1696 1649 1764 electus,
1711 1711 1744 1750 a
1820 1695 2101 1750 ﬁdelibus

443 1790 747 1854 aecclesize,
780 1787 1056 1843 consulto
1108 1790 1305 1841 tamen
1357 1785 1524 1856 prius
1570 1786 1947 1856 imperatore,
2000 1785 2106 1857 qui

445 1897 516 1936 eo
564 1883 834 1949 tempore
879 1877 938 1930 in
985 1875 1173 1930 Ytalia
1225 1873 1594 1938 morabatur,
1658 1878 2102 1928 sacramentum

443 1966 741 2022 ﬁdelitatis
799 1963 1080 2035 suscepit,
1141 1962 1486 2034 cunctisque
1550 1962 1814 2032 negociis
1871 1962 1995 2017 suis
2050 1967 2108 2018 ct

446 2054 715 2112 comodis
770 2053 926 2108 circa
981 2051 1247 2107 redditus
1313 2051 1685 2123 episcopales
1751 2050 1938 2107 libera
2001 2068 2104 2123 po-

445 2147 651 2201 testate
681 2141 1007 2214 dispositis,
1031 2157 1169 2195 cum
1201 2139 1421 2195 milicia
1452 2139 1746 2195 domnum
1776 2140 2103 2213 imperato-

444 2249 573 2289 rem
630 2231 689 2287 in
735 2230 987 2286 Ytaliam
1039 2233 1302 2297 secutus,
1344 2229 1637 2300 regalium
1693 2229 2103 2286 investituram

446 2322 609 2396 apud
639 2325 903 2393 Papyam
937 2320 1191 2392 adeptus
1221 2325 1309 2374 est
1340 2323 1505 2388 (129).
1539 2324 1599 2374 ln
1629 2320 1978 2392 episcopatu
2008 2320 2107 2376 de—

445 2412 627 2484 nique
655 2409 1032 2476 constitutus,
1062 2407 1287 2464 sociam
1334 2423 1570 2480 semper
1598 2407 1830 2463 habens
1873 2408 2105 2464 humili-

445 2504 626 2556 tatem
675 2516 815 2554 cum
871 2497 1081 2553 timore
1137 2497 1236 2552 Dei
1291 2501 1347 2552 et
1402 2497 1566 2552 omni
1617 2497 2103 2564 mansuetudine,

447 2588 717 2645 subditos
745 2587 858 2643 sibi
888 2587 1284 2657 gubernabat,
1319 2603 1461 2656 erga
1504 2586 1714 2642 fratres
1757 2590 1920 2642 tanta
1961 2603 2104 2642 usus

445 2677 866 2743 benivolentia,
900 2681 964 2731 ut
993 2675 1237 2731 terciam
1271 2679 1500 2747 partem
1535 2674 1808 2730 sacrificii
1838 2675 1899 2729 in
1921 2676 2104 2730 choro

448 2767 638 2824 sancti
687 2765 1025 2821 Godehardi
1073 2765 1230 2818 circa
1277 2763 1509 2818 initium
1557 2781 1680 2817 suae
1709 2764 2105 2834 promotionis

444 2857 589 2928 ipsis
618 2855 950 2923 largiretur.
984 2857 1044 2907 in
1076 2851 1431 2906 memoriam
1462 2868 1706 2924 quoque
1735 2853 2005 2908 omnium
2039 2854 2103 2907 li-

2212 1699 2351 1764 post
2404 1694 2718 1750 decessum
2777 1696 3102 1752 Hermanni
3152 1697 3420 1770 episcopi
3469 1697 3547 1753 ab
3591 1698 3816 1752 omnibus

2213 1784 2430 1839 electus
2456 1791 2543 1839 est
2572 1786 2694 1854 (an.
2734 1786 2910 1850 1171).
2947 1787 3058 1852 Qui
3090 1785 3386 1858 pluribus,
3423 1792 3488 1841 ut
3535 1788 3590 1842 in
3632 1787 3814 1860 privile-

2213 1873 2322 1942 giis
2354 1873 2475 1927 suis
2522 1873 2875 1941 continetur,
2907 1875 3160 1930 fratrum
3215 1876 3560 1931 commodis
3599 1876 3684 1948 pic
3711 1891 3812 1948 pm-

2215 1962 2490 2036 spiciens.
2547 1963 2608 2018 in
2662 1964 3042 2035 praestatione
3101 1965 3276 2021 castri
3343 1965 3632 2034 Honburg
3690 1967 3807 2032 (132).

2213 2052 2457 2123 quod“
2486 2051 2612 2123 ipse
2642 2051 2968 2107 alienatum
3000 2052 3078 2108 ab
3106 2053 3355 2109 ecclesia
3403 2069 3516 2126 per
3543 2053 3810 2109 Heinricum

2213 2139 2450 2205 ducem,
2484 2140 2732 2196 domino
2765 2140 3057 2197 Friderico
3103 2141 3476 2214 imperatore
3498 2147 3807 2215 cooperante.

2213 2231 2366 2286 datis
2415 2229 2684 2301 pecuniis
2734 2229 3041 2302 requisivit
3073 2231 3190 2300 (an.
3230 2232 3415 2303 1181),
3448 2231 3592 2287 duos
3619 2247 3807 2286 mansos

2214 2319 2274 2373 in
2304 2318 2813 2374 Waltrinkehusen
2845 2318 2996 2389 (133)
3033 2323 3090 2374 et
3119 2319 3518 2388 Westenhem,
3553 2325 3612 2376 10
3637 2319 3806 2376 solidos

2213 2408 2528 2476 solventes,
2589 2423 2624 2462 a
2680 2408 2920 2464 duobus
2974 2407 3256 2463 fratribus
3314 2408 3619 2481 Ludolpho
3659 2405 3808 2461 videli-

2213 2501 2305 2552 cet
2355 2501 2411 2550 et
2467 2495 2762 2568 Adolpho,
2813 2496 2917 2568 qui
2965 2500 3197 2569 partem
3250 2497 3528 2567 ejusdem
3579 2496 3723 2552 castra"
3761 2495 3802 2548 in

2212 2584 2505 2640 beneﬁcio
2545 2591 2954 2656 susceperunt,
2988 2589 3046 2643 et
3091 2586 3170 2642 ab
3217 2585 3347 2641 aliis
3407 2585 3634 2641 duobus
3665 2583 3801 2638 fratri-

2216 2673 2326 2727 bus
2380 2673 2618 2728 Bodone
2670 2679 2726 2728 et
2770 2673 3065 2740 Bertoldo,
3101 2674 3202 2746 qui
3242 2689 3423 2730 suam
3453 2672 3801 2730 nichilominus

2212 2767 2442 2834 partem
2496 2762 2574 2817 ab
2624 2763 2910 2836 episcopo
2963 2763 3270 2818 feodaliter
3335 2767 3713 2836 perceperunt.
3758 2763 3800 2812 l0

2212 2868 2450 2906 marcas
2481 2851 2560 2906 ad
2605 2851 2931 2907 emendum
2961 2851 3256 2925 praedium
3311 2852 3373 2908 in
3423 2869 3566 2925 opus
3607 2851 3799 2906 fratrum

446 2943 669 2998 delium
710 2941 1071 3006 animarum,
1103 2955 1287 3011 quam
1335 2938 1461 3011 ipse
1489 2939 1720 3009 primus
1749 2939 1808 2994 in
1841 2939 2105 2996 aecclesia
2142 2962 2182 3016 ο
2212 2940 2340 2995 dari
2367 2939 2664 2995 ordinavit
2690 2949 2812 3006 (an.
2851 2941 3027 3011 1183).
3053 2941 3346 2996 Prasdium
3375 2957 3603 3014 quoque
3621 2938 3802 2995 comitis

445 3036 651 3087 nostra
699 3030 994 3085 celebrem
1033 3029 1186 3095 fecit,
1220 3034 1335 3084 tres
1389 3045 1634 3084 mansos
1682 3030 1741 3084 in
1794 3031 2100 3086 Sutherem

447 3123 595 3193 (130)
628 3125 684 3176 et
713 3119 1126 3175 molendinum
1161 3117 1234 3173 de
1276 3118 1640 3191 patrimonio
1684 3137 1792 3175 suo
1826 3120 2102 3176 fratribus

445 3209 802 3280 assignavit;
846 3208 1432 3264 Ganderhemensem
1464 3209 1796 3264 {ecclesiam
1827 3209 2102 3265 incendio

444 3301 858 3374 depravatam,
892 3298 996 3352 sed
1045 3296 1242 3353 studio
1285 3297 1604 3353 Atheleidis
1653 3299 1974 3354 abbatissae
2021 3316 2105 3355 re-

442 3393 738 3463 paratam,
791 3388 1081 3443 Hartwico
1137 3386 1458 3442 venerabili
1503 3387 1839 3442 Bremensis
1899 3387 2101 3443 recole-

444 3478 544 3534 siae
593 3476 1044 3549 archiepiscopo
1096 3474 1420 3547 multisque
1469 3475 1597 3531 aliis
1644 3475 1940 3548 episcopis
1970 3492 2103 3532 coo-

443 3566 815 3639 perantibus,
865 3565 1252 3636 solempniter
1302 3563 1618 3621 dedicavit.
1672 3569 1784 3620 Nec
1827 3581 2099 3637 unquam

443 3655 504 3710 in
563 3654 832 3710 aacclesia
885 3652 1236 3710 Coslariensi
1293 3651 1559 3724 aliquam
1617 3653 2100 3708 contradictionis

443 3743 780 3800 molestiam
811 3741 1108 3809 sustinuit,
1135 3741 1286 3796 adeo
1309 3746 1372 3795 ut
1395 3741 1455 3795 in
1485 3740 1753 3813 quadam
1786 3741 2100 3815 sollempni

444 3833 610 3890 curia
639 3833 917 3890 Goslarias
971 3830 1289 3899 celebrata,
1324 3845 1462 3886 cum
1499 3829 1632 3902 ipse
1677 3830 1875 3886 adhuc
1902 3830 2102 3887 diaco-

441 3938 559 3978 nus
607 3927 782 3989 esset,
833 3924 889 3976 et
934 3919 1202 3992 plerique
1248 3917 1693 3990 episcoporum,
1738 3924 1942 3992 utpote
1990 3923 2104 3976 Mo-

441 4011 727 4083 guntinus
758 4009 1067 4067 Conradus
1093 4013 1149 4063 et
1169 4006 1490 4063 Reinaldus
1520 4007 1906 4075 Coloniensis,
1941 4008 2100 4064 simi-

439 4101 570 4156 liter
597 4100 658 4154 in
688 4100 1013 4154 diaconatu
1061 4097 1361 4153 constituti
1406 4102 1462 4152 et
1507 4096 1761 4169 simplici
1798 4096 2099 4153 electionis

439 4187 669 4242 honore
724 4186 1033 4259 pollentes,
1079 4185 1440 4259 suscipiendi
1499 4185 1794 4240 domnum
1847 4186 2100 4259 impera-

441 4279 629 4331 torem
683 4275 745 4329 in
787 4276 1170 4346 processione
1223 4280 1280 4330 et
1326 4290 1667 4330 sermonem
1715 4275 1972 4332 faciendi
2019 4276 2098 4332 ad

439 4365 737 4439 populum
786 4380 859 4419 ex
906 4363 1103 4420 oﬂicio
1153 4380 1276 4420 suae
1329 4363 1652 4434 dignitatis,
1715 4365 2097 4422 Hildeneshe-

2212 3029 2438 3084 Ottonis
2471 3029 2544 3084 de
2575 3030 2706 3084 Asle
2738 3032 2907 3098 (134),
2929 3047 2965 3085 a
2994 3030 3176 3086 vidua
3205 3031 3395 3103 ipsius
3424 3030 3634 3086 comitis
3648 3025 3799 3084 domi-

2210 3134 2290 3173 na
2323 3118 2556 3174 Salome
2608 3117 2776 3188 quod
2816 3117 2896 3173 ad
2945 3118 3141 3192 ipsam
3197 3119 3460 3188 legitima
3487 3116 3799 3173 successione

2210 3205 2557 3262 devolutum
2611 3211 2757 3277 erat,
2807 3224 2917 3263 sua
2975 3208 3097 3264 tilia
3150 3209 3551 3265 consenciente
3593 3205 3798 3276 aliisque

2211 3297 2333 3350 suis
2380 3295 2700 3351 heredibus
2752 3296 3013 3365 legitime
3070 3297 3582 3362 consencientibus,
3632 3293 3798 3349 multis

2209 3385 2518 3440 laboribus
2567 3389 2624 3440 et
2667 3385 2905 3454 magnis
2943 3387 3231 3459 impensis
3279 3389 3650 3458 comparatum
3678 3396 3794 3436 cum

2209 3475 2493 3529 omnibus
2549 3474 2670 3528 suis
2729 3475 3080 3546 attinenciis,
3123 3477 3406 3532 mediante
3435 3473 3648 3528 domino
3691 3470 3791 3523 Pri-

2209 3563 2409 3618 derico
2451 3563 2806 3635 imperatore
2852 3569 2909 3619 et
2945 3564 3172 3620 factum
3205 3562 3435 3637 episcopi
3469 3558 3638 3615 edis
3663 3572 3774 3611 om-

2208 3652 2386 3707 nibus
2453 3653 2896 3720 corroborante,
2958 3654 3222 3709 ecclesia)
3279 3657 3474 3708 nostris
3519 3644 3784 3720 acquisivit

2209 3743 2328 3812 (an.
2368 3742 2543 3813 1186).
2578 3743 2809 3797 Mansos
2854 3745 3052 3798 autem
3086 3749 3116 3796 7
3145 3746 3203 3797 et
3240 3745 3272 3797 8
3293 3743 3486 3813 jugera
3508 3740 3565 3792 in
3586 3738 3794 3792 Stcnein

2209 3831 2287 3887 ad
2333 3829 2495 3886 idem
2537 3829 2832 3902 praedium
2883 3832 3246 3904 pertinentes
3291 3837 3350 3887 et
3390 3837 3512 3887 tunc
3558 3823 3798 3898 temporis

2207 3919 2319 3975 sibi
2346 3923 2628 3975 vacantes
2653 3919 2732 3974 ad
2763 3936 2937 3976 usum
2971 3907 3222 3976 fratrum
3255 3921 3372 3977 sub
3413 3935 3480 3975 ea
3503 3914 3802 3974 determina-

2207 4009 2364 4065 tione
2394 4009 2723 4081 deputavit,
2753 4014 2814 4064 ut
2842 4010 3166 4083 redemptis
3211 4011 3390 4066 bonis
3417 4027 3483 4066 ac
3508 4005 3805 4082 pignoribus

2205 4097 2487 4167 ecclesiae,
2541 4097 2602 4152 in
2653 4099 3018 4170 emptionem
3086 4101 3440 4156 eorumdem
3502 4095 3804 4171 praediorum

2206 4187 2504 4257 obligatis,
2526 4191 2668 4242 tunc
2701 4187 2950 4245 domum
2979 4189 3233 4246 liberam
3265 4189 3471 4246 utendi
3496 4189 3576 4244 eis
3596 4185 3810 4242 habeant

2212 4277 2574 4333 facultatem.
2609 4277 2878 4333 Prmstitit
2922 4278 3168 4352 insuper
3206 4283 3422 4336 mutuo
3466 4276 3686 4334 duobus
3722 4273 3810 4328 fra-

2211 4366 2398 4423 tribus
2427 4365 2674 4421 Ludolfo
2703 4371 2760 4421 et
2791 4366 3150 4423 Wilbrando
3179 4367 3492 4437 sexaginta
3519 4378 3729 4422 marces
3749 4374 3815 4414 ar

438 4455 665 4512 mensis
717 4454 959 4524 electus,
993 4471 1148 4511 onus
1200 4459 1257 4512 et
1302 4455 1574 4511 laborem
1624 4455 1845 4512 ibidem
1897 4457 2096 4512 subire
2205 4455 2385 4526 genti,
2417 4455 2667 4527 quando
2709 4455 3168 4514 Jherosolimam
3215 4457 3680 4530 proﬁscebantur
3710 4463 3817 4506 cum

438 4549 767 4618 cogeretur.
819 4547 953 4601 Post
1001 4543 1230 4618 aliquot
1284 4561 1477 4601 annos
1531 4562 1652 4600 suae
1703 4545 2095 4617 promotionis
2205 4543 2456 4600 domino
2503 4543 2882 4617 imperatore,
2943 4551 3142 4603 castro
3197 4545 3470 4603 ecclesiae
3527 4541 3822 4599 Halremnnl

436 4635 688 4710 quidam
719 4634 814 4690 sui
841 4634 1068 4705 fideles,
1092 4634 1237 4710 quia
1265 4651 1476 4691 eorum
1504 4650 1695 4709 usque
1724 4651 1967 4707 quaque
1992 4651 2096 4690 vo-
2205 4635 2376 4706 (135),
2427 4633 2593 4707 quod
2645 4633 2759 4706 ipsi
2801 4635 2875 4692 de
2929 4652 3116 4692 manu
3169 4636 3436 4710 episcopi
3495 4627 3822 4692 beneﬁciaria

434 4725 765 4782 luntatibus
797 4724 1040 4781 nolebat
1069 4741 1198 4782 esse
1224 4725 1545 4791 obnoxius,
1579 4723 1756 4780 tantis
1784 4723 2010 4796 rapinis
2044 4726 2101 4781 et
2206 4739 2457 4780 munere
2502 4724 2551 4760 ⁸⁵
2599 4728 2936 4788 tenuerunt,
2993 4725 3125 4782 loco
3177 4726 3453 4798 pignoris
3508 4728 3741 4796 recepto,
3784 4721 3825 4772 ei

437 4816 730 4872 incendiis
779 4814 1046 4872 demoliti
1095 4819 1233 4872 sunt
1284 4815 1718 4888 episcopatum,
1755 4817 1816 4869 ut
1863 4814 1942 4870 ab
1984 4814 2099 4871 hac
2209 4813 2437 4885 aliquot
2487 4812 2973 4869 ministerialibus
3023 4815 3167 4886 suis,
3219 4830 3292 4871 ac
3349 4813 3690 4888 interposita
3719 4823 3824 4882 pec

511 4976 557 5014 ⁵⁸
579 4975 1188 5055 ζιυσιςεᾳιξεεῃῄηςψζη
1216 4902 2573 5055 satyris-aurae“.véﬂfmgg:15°
2603 4973 2912 5055 Bryngnis
2934 4974 3127 5031 obitus
3157 4975 3456 5055 m_codice
3483 4979 3540 5030 2.
3570 4973 3720 5053 circa
3743 4984 3822 5055 an:

435 5063 548 5102 nos
579 5044 868 5101 Dominici
897 5047 1153 5101 MCLXlll
1199 5045 1294 5099 vel
1325 5047 1600 5117 MCLXlllAl
1633 5050 1737 5100 aut
1766 5044 1924 5117 circa
1958 5047 2279 5117 contigisse
2308 5044 2613 5100 scribitur.
2693 5046 2747 5117 ⁸ίῄ
2770 5046 3095 5115 Hucusque
3131 5048 3338 5115 prima
3390 5061 3606 5102 manus
3649 5044 3820 5109 incipit

436 5120 634 5174 altera
663 5117 869 5172 saeculi
895 5117 1066 5170 XIII.
1147 5117 1194 5150 ⁶²
1226 5131 1512 5171 numerus
1543 5115 1721 5171 deest.
1803 5117 1851 5152 ⁸³
1880 5115 2144 5186 ἀεΙοΒιιέ
2163 5132 2214 5174 c.
2294 5117 2341 5150 ⁶⁴
2371 5130 2495 5187 quo
2524 5131 2574 5170 ι’.
2655 5117 2703 5148 θδ
2734 5115 2797 5170 in
2825 5117 3137 5188 pheodum
3179 5123 3504 5173 tenuerunt
3532 5122 3583 5172 2.

512 5278 656 5348 (127)
699 5275 1007 5345 Eilstringe
1035 5275 1375 5334 desolatam
1401 5290 1592 5348 prope
1619 5276 1963 5334 Rosanthal.
2279 5276 2430 5347 (132)
2470 5275 2799 5348 Homburg.

511 5342 653 5420 (128)
692 5342 1038 5421 solschen)._
1401 5342 1422 5348 “
1516 5342 1536 5348 ’
1695 5420 1700 5421 γ
1975 5419 1984 5421 Α
2282 5342 2422 5421 (133)
2469 5342 3022 5421 waltringhausen,
3055 5348 3431 5421 principatus
3478 5342 3820 5421 δεξιωῂωε.

511 5415 656 5500 (129)
697 5419 776 5476 Cl.
807 5415 1042 5500 Lﬂntz'el
1074 5421 1480 5500 Hermannum
1510 5424 1647 5492 post
1673 5420 1734 5478 d.
1765 5424 1825 5475 21
1861 5425 1926 5476 55
1958 5419 2097 5482 Dec.
2277 5415 2617 5500 (13ε1)-Αεξ1θ2
2651 5415 2976 5500 Asselburg
2995 5415 3183 5500 prope
3210 5415 3534 5490 Burgdorf,
3555 5415 3820 5487 haudpro’

441 5488 576 5549 1164
606 5488 1020 5548 consecratum
1048 5490 1266 5548 scribit.
1510 5488 1533 5492 “
2205 5488 2302 5546 cul
2332 5488 2409 5544 ab
2440 5488 2693 5546 Indistra
2721 5491 2899 5546 situm
2929 5488 3058 5547 fuit.

511 5563 653 5635 (130)
692 5564 974 5620 Sottrum.

513 5637 660 5702 (131)
703 5631 871 5690 Susa.

2284 5561 2431 5633 (135)
2471 5564 2657 5633 Prope
2690 5561 2960 5637 Springe.

513 5643 660 5699 (131)
703 5643 871 5690 811³1.
