3998 6176
205 160 340 215 1253

1380 150 1783 210 caaomcon
1824 120 2450 212 niLniisnsiMENsE.

3492 160 3628 227 125$

200 282 392 373 cione,
424 283 490 373 ut
512 277 705 373 adem
718 277 1024 373 praedicta:
1054 292 1272 373 marem
1301 276 1628 373 redemptis
1651 277 1858 373 pignoo
1892 276 1941 329 Α
1970 278 2605 373 Ιηῃϐςωάθιιεῂθωθηεξ
2635 281 2884 373 ecclesia
2912 288 3032 340 toto
3055 288 3184 344 vita
3208 308 3331 348 suae
3362 296 3629 373 tempore

198 372 367 427 ribus
423 368 503 425 ab
554 368 877 424 heredibus
932 365 1359 439 praedictorum
1410 369 1457 401 ⁶⁶
1514 367 1765 422 fratrum
1803 365 1861 419 in

200 474 379 513 usum
401 455 666 512 ecclesiae
696 455 955 510 debeant
998 455 1329 527 provenire.
1388 453 1862 512 Consuetudines

197 550 483 620 praeterea
510 544 834 616 quasdam,
868 548 924 600 et
948 544 1232 616 quaedam
1252 545 1389 615 jura
1416 543 1696 605 ecclesiae,
1729 558 1864 614 quae

200 641 337 694 ante
364 641 639 708 tempora
669 650 797 699 sua,
820 635 1040 707 scripta
1071 634 1404 707 specialiter
1426 633 1866 706 comprehensa

202 742 324 783 non
344 724 690 783 habuimus.
724 738 797 777 ne
824 723 885 778 in
906 728 1214 799 posterum
1246 722 1450 795 aliqua
1472 726 1719 795 possent
1743 737 1868 776 ma-

200 815 568 886 lignancium
622 812 933 886 iniquitate
986 812 1259 881 convelli,
1328 813 1546 886 scripto
1600 825 1868 885 compre-

198 905 427 970 hendit,
461 912 514 959 et
545 903 660 958 alia
691 902 975 975 quendam
1005 907 1141 958 ante
1171 918 1294 957 non
1341 901 1548 958 habita
1590 895 1866 957 clementi

198 994 464 1050 bonitate
496 991 910 1065 superaddidit
930 992 1052 1061 (an.
1094 991 1249 1056 1179)
1281 992 1447 1065 quod
1496 991 1765 1047 videlicet
1792 1008 1865 1048 ne

198 1084 347 1157 ipse,
367 1100 440 1139 ne
467 1081 683 1154 aliquis
713 1096 1133 1137 successorum
1166 1097 1413 1137 suorum
1443 1081 1864 1154 episcoporum

201 1171 326 1228 sine
353 1171 607 1227 consilio
637 1170 1034 1226 discretorum
1064 1170 1333 1241 fratrum,
1386 1170 1477 1226 vel
1514 1187 1741 1241 magna
1767 1187 1867 1226 ne-

201 1261 373 1331 gocia
418 1260 693 1326 difﬁnire,
754 1260 847 1315 vel
895 1258 1188 1316 beneﬁcia
1229 1260 1463 1331 majora
1494 1260 1710 1328 locare,
1742 1262 1866 1315 sive

198 1349 467 1405 redditus
505 1365 731 1405 mensae
762 1364 906 1414 suas,
955 1348 1003 1403 si
1034 1347 1182 1403 forte
1210 1349 1617 1404 necessarium
1670 1348 1863 1421 fuerit,

200 1439 436 1512 pignori
466 1438 731 1508 obligare
752 1436 845 1493 vel
873 1436 995 1492 ullo
1018 1438 1202 1493 modo
1228 1437 1487 1494 alienare
1517 1444 1863 1511 praesumat.

202 1532 345 1584 Item
376 1534 440 1584 ut
459 1545 532 1584 ex
560 1527 988 1599 depravatione
1015 1532 1271 1583 monetae
1299 1530 1776 1598 congregationis
1805 1530 1866 1584 in

1971 366 2233 423 ofﬁcium
2282 369 2629 442 episcopale
2684 370 2870 427 libere
2916 373 2980 427 in
3032 376 3311 432 omnibus
3349 366 3623 443 exercuit.

1973 459 2116 511 Nam
2146 457 2392 514 domina
2424 459 2765 528 Luidgarda
2796 461 3099 531 defuncta,
3127 463 3438 529 dominam
3465 474 3631 535 Adel-

1973 546 2235 617 heydani
2267 546 2347 603 illi
2377 550 2664 606 canonice
2695 550 3081 609 substitutam
3135 551 3196 611 in
3248 554 3459 611 eodem
3503 576 3629 614 mo-

1974 636 2232 691 nasterio
2263 639 2646 705 consecravit,
2677 641 2983 713 synodum
3024 647 3082 703 et
3109 641 3404 701 crismatis
3434 661 3636 705 conse-

1976 726 2301 783 crationem
2328 726 2551 783 ibidem
2580 730 3137 805 quocienscumque
3164 732 3352 789 voluit
3377 733 3637 790 celebra-

1976 816 2058 872 vit
2085 816 2150 871 “.
2187 815 2340 872 Obiit
2378 819 2578 871 autem
2626 833 2786 874 anno
2832 820 3152 879 Dominicae
3206 822 3636 881 incarnationis

1979 906 2115 961 1190
2144 904 2328 976 (Sept.
2361 905 2473 976 20),
2524 910 2581 959 et
2623 907 2889 981 sepultus
2929 915 3018 971 est
3060 911 3122 971 in
3176 913 3375 975 medio
3429 912 3634 991 criptw

1976 994 2322 1070 principalis
2354 993 2637 1049 ecclesiis.

2681 1085 2935 1142 BERNO.

2046 1178 2133 1231 2i.
2178 1174 2319 1230 Huic
2346 1174 2627 1229 successit
2659 1177 2845 1229 Berno
2893 1175 3235 1253 episcopus,
3280 1180 3383 1257 qui
3433 1183 3630 1259 primo

1976 1264 2260 1335 magister
2290 1262 2831 1330 scolarum,exinde
2853 1263 3095 1319 ecclesie
3113 1270 3311 1322 nostre
3341 1267 3631 1344 decanus,

1977 1353 2247 1410 unanimi
2279 1352 2413 1408 cleri
2454 1352 2739 1408 electione
2786 1356 2844 1407 et
2874 1352 3065 1408 tocius
3096 1356 3305 1437 populi
3334 1374 3635 1414 consensu

1975 1443 2222 1500 ecclesie
2252 1446 2453 1497 nostre
2485 1440 2779 1517 prefectus
2811 1446 2915 1497 est.
2974 1441 3205 1499 Electus
3256 1448 3454 1502 autem
3486 1445 3639 1501 sicut

1975 1534 2065 1589 vir
2090 1532 2356 1609 prudens
2387 1535 2445 1586 et
2474 1530 2762 1604 providus
2792 1534 2849 1587 et
2877 1530 3112 1590 litterali
3150 1532 3395 1589 scientia
3437 1535 3635 1609 predi-

200 1618 543 1692 praebendis
573 1618 698 1672 suis
736 1616 1093 1673 detrimenta
1140 1617 1306 1673 nulla
1346 1619 1698 1685 sustineant,
1753 1624 1868 1675 sta-
1903 1629 1946 1684 Β
1980 1624 2185 1693 tus,ita
2212 1621 2627 1697 episcopatum
2649 1620 3020 1695 temporibus
3052 1621 3174 1676 suis
3198 1622 3637 1685 amministrare

200 1709 343 1774 tuit;
375 1712 431 1763 et
459 1708 666 1762 banno
695 1705 960 1761 ﬁrmavit
982 1709 1049 1761 ut
1075 1709 1143 1761 24
1175 1705 1348 1761 solidi
1389 1724 1518 1762 mar
1540 1726 1602 1762 tae
1648 1706 1868 1763 exami-

200 1797 327 1852 nati
353 1795 583 1866 argenti
603 1811 840 1868 semper
862 1794 1172 1867 eequaliter
1194 1795 1623 1867 respondeant.
1651 1798 1869 1854 Firma-

204 1887 291 1943 vit
316 1888 509 1942 eciam
540 1885 1001 1957 archidyaconis
1033 1885 1350 1958 synodalia
1378 1887 1424 1920 ⁵⁷
1474 1887 1548 1942 de
1605 1887 1866 1943 ecclesiis

206 1976 329 2032 sive
361 1975 604 2050 capellis
646 1976 767 2030 suis
793 1991 930 2047 quae
961 1974 1022 2029 in
1062 1989 1273 2030 eorum
1330 1980 1625 2047 potestate
1676 1977 1867 2031 consi-

208 2071 387 2132 stunt,
415 2070 550 2137 post
579 2064 808 2120 obitum
836 2062 1212 2119 sacerdotum
1245 2064 1347 2137 qui
1392 2064 1465 2120 de
1512 2082 1699 2122 manu
1745 2066 1865 2138 epi-

204 2153 370 2225 scopi
414 2153 697 2208 ecclesias
752 2152 997 2207 easdem
1049 2151 1175 2206 sive
1228 2153 1489 2225 capellas
1527 2159 1862 2211 tenuerunt.

201 2242 583 2297 Testamenta
612 2257 854 2315 quoque
886 2241 1136 2297 fratrum
1177 2258 1312 2314 quse
1338 2243 1451 2316 ipsi
1484 2244 1744 2311 fecerint,
1772 2244 1867 2301 vel

203 2348 338 2404 quae
366 2347 438 2386 ex
469 2331 723 2387 aliorum
753 2331 1125 2387 testamentis
1154 2330 1351 2401 legata
1382 2333 1619 2403 fuerint,
1651 2337 1866 2407 imper-

204 2425 453 2494 petuum
477 2420 726 2477 donavit
748 2425 804 2476 et
823 2420 1012 2476 banni
1056 2421 1145 2475 sui
1200 2422 1545 2479 auctoritate
1595 2423 1863 2479 munivit.

206 2509 457 2565 Instituit
486 2524 752 2582 quoque,
784 2508 951 2581 quod
984 2524 1092 2564 nec
1132 2508 1260 2581 ipse
1311 2526 1420 2565 nec
1466 2511 1683 2584 aliquis
1733 2529 1869 2566 suc-

207 2614 513 2654 cessorum
546 2614 795 2653 suorum
847 2597 1273 2669 episcoporum
1331 2598 1603 2655 bannum
1646 2600 1740 2656 vel
1779 2616 1870 2655 ec-

208 2687 450 2743 clesiam
483 2685 752 2758 aliquam
783 2685 960 2741 alicui
999 2686 1260 2741 ecclesiae
1292 2687 1351 2741 in
1382 2687 1732 2764 episcopatu
1762 2705 1869 2745 no-

207 2781 332 2833 stro
362 2775 692 2831 constitutae
721 2775 848 2831 sine
878 2791 1179 2831 consensu
1227 2780 1284 2831 et
1322 2777 1572 2833 consilio
1621 2779 1869 2835 fratrum

207 2867 499 2937 perpetuo
528 2861 967 2937 possidendam
993 2862 1210 2919 debeat
1246 2865 1513 2921 conferre
1558 2866 1651 2922 vel
1680 2867 1868 2922 dona-

1976 1712 2223 1781 curavit,
2260 1716 2321 1767 ut
2345 1715 2400 1766 et
2426 1710 2674 1766 honeste
2698 1726 2900 1765 rerum
2930 1711 3311 1789 acquisitioni
3335 1716 3391 1768 et
3423 1729 3638 1771 earun-

1975 1804 2115 1859 dem
2146 1799 2582 1857 conservationi
2611 1798 2842 1854 decenti
2874 1799 3240 1857 omnimodis
3288 1801 3637 1867 intenderet.

1977 1895 2105 1966 lpse
2135 1890 2296 1945 enim
2326 1888 2535 1961 preter
2559 1885 2779 1942 multas
2811 1886 3044 1943 servicii
3079 1889 3128 1923 ⁷ο
3169 1888 3493 1967 imperialis
3538 1906 3639 1953 ex-

1976 1994 2217 2051 pensas,
2246 1992 2436 2050 parvo
2468 1980 2755 2051 tempore,
2805 1992 2928 2050 quo
2976 1975 3222 2033 ecclesie
3270 1982 3472 2034 nostre
3505 1994 3639 2052 pre-

1974 2067 2102 2137 fuit,
2131 2067 2191 2122 in
2216 2065 2559 2121 reddituum
2595 2078 2797 2118 mense
2847 2064 3210 2137 episcopalis
3238 2066 3638 2138 absolutione,

1974 2158 2117 2214 etin
2143 2156 2444 2211 bonorum
2478 2168 2595 2226 que
2642 2152 2720 2207 ab
2768 2153 3123 2228 episcopatu
3177 2155 3422 2212 nomine
3480 2155 3641 2217 feodi

1974 2246 2351 2309 tenebantur,
2384 2246 2442 2298 et
2468 2244 2683 2315 patene
2712 2240 2957 2313 majoris
2987 2241 3187 2299 calicis
3218 2242 3640 2319 redempcione

1979 2342 2080 2395 :00
2111 2340 2167 2392 et
2191 2351 2262 2391 eo
2311 2331 2572 2405 amplius
2626 2347 2863 2386 marcas
2917 2332 3211 2404 impendit
3255 2334 3338 2395 τίς
3388 2332 3641 2391 fratrum

1975 2425 2167 2481 eciam
2194 2421 2543 2478 utilitatibus
2569 2436 2691 2475 non
2719 2420 2919 2475 minus
2958 2421 3206 2476 studens
3262 2425 3320 2478 et
3367 2422 3640 2480 comodis

1976 2518 2009 2570 4
2036 2527 2282 2569 mansos
2305 2509 2367 2564 in
2398 2507 2564 2564 Olem
2596 2511 2744 2575 (138)
2781 2523 2817 2563 a
2841 2524 3030 2564 manu
3049 2508 3224 2582 layca
3245 2526 3365 2565 non
3389 2510 3642 2569 modicis

1981 2599 2101 2655 suis
2131 2597 2412 2671 expensis
2455 2595 2785 2668 expeditos,
2829 2596 3152 2670 prebendis
3203 2597 3455 2654 fratrum
3504 2615 3642 2655 con-

1981 2704 2159 2746 sensu
2189 2685 2456 2760 episcopi
2486 2684 2833 2756 assignavit,
2863 2690 2920 2743 et
2945 2685 3020 2743 de
3064 2686 3178 2743 hiis
3226 2687 3415 2743 tribus
3465 2688 3642 2761 septi-

1980 2777 2175 2834 manis
2200 2791 2422 2848 panem
2452 2774 2514 2831 in
2544 2772 2872 2840 refectorio,
2925 2774 3077 2833 sicut
3133 2780 3489 2835 consuetum
3534 2780 3642 2847 est,

1980 2866 2109 2923 dari
2132 2863 2395 2923 instituit.
2430 2862 2599 2918 Dedit
2625 2862 2817 2918 eciam
2865 2862 2927 2917 in
2957 2863 3369 2939 redemptione
3414 2864 3645 2935 decime

207 2968 274 3008 re
307 2970 319 3007 :
351 2957 407 3008 et
439 2968 577 3007 cum
606 2952 818 3008 fratres
849 2952 927 3007 ab
958 2955 1435 3011 antecessoribus
1485 2956 1607 3011 suis
1641 2957 1870 3030 episco-
1911 2975 1953 3030 ο
1985 2957 2047 3012 in
2069 2959 2385 3011 Hoctenem
2418 2955 2567 3020 (139)
2608 2952 2850 3007 terciam
2876 2957 3109 3029 partem
3133 2953 3386 3026 pecunie
3413 2972 3426 3021 ;
3467 2953 3542 3009 de
3574 2970 3647 3015 ea

208 3043 305 3115 pis
358 3041 574 3098 nostris
632 3042 693 3097 id
747 3043 950 3113 gratiae
1006 3044 1434 3117 percepissent,
1488 3051 1552 3102 ut
1601 3047 1677 3103 ad
1709 3048 1873 3104 bona

207 3130 688 3186 obedientiarum
748 3147 997 3187 suarum
1054 3132 1279 3189 tuenda
1336 3134 1721 3202 adVUcatum,
1770 3136 1875 3211 qui

209 3219 325 3275 sibi
352 3218 655 3273 videretur
683 3218 980 3291 ydoneus,
1038 3220 1339 3291 eligerent,
1399 3223 1503 3295 qui
1552 3228 1753 3280 tamen
1798 3225 1877 3281 ad

209 3307 499 3382 praedicta
525 3307 689 3363 bona
714 3324 825 3381 pro
854 3308 1055 3365 litibus
1088 3310 1435 3367 decidendis
1467 3329 1591 3369 non
1630 3314 1741 3369 nisi
1780 3331 1879 3370 vo-

209 3402 382 3453 catus
411 3396 630 3453 debeat
658 3397 962 3463 accedere,
995 3398 1315 3471 praedictus
1349 3404 1519 3472 pater
1543 3406 1599 3457 et
1651 3402 1879 3475 episco-

210 3502 329 3559 pus
356 3491 559 3541 noster
583 3486 893 3558 amplioris
932 3486 1359 3543 benivolencite
1416 3489 1591 3545 nobis
1657 3508 1879 3547 munus

211 3574 776 3648 impertiens,super
804 3582 1139 3631 memorata
1168 3576 1418 3633 fratrum
1441 3578 1605 3634 bona
1630 3579 1879 3637 domino

216 3662 533 3719 Fritherico
574 3664 932 3736 imperatore
983 3666 1397 3720 consenciente
1456 3666 1533 3722 ab
1574 3668 1881 3725 advocatis

213 3750 451 3824 penitus
482 3750 764 3817 absolvit,
796 3756 852 3807 et
881 3767 1061 3807 omne
1085 3752 1187 3822 jus
1225 3753 1697 3810 decidendarum
1746 3773 1885 3811 cau-

213 3856 442 3907 sarum,
471 3840 595 3896 sive
620 3857 729 3914 per
758 3857 819 3897 se
852 3841 976 3897 sive
1012 3856 1120 3913 per
1149 3842 1376 3897 amicos
1427 3859 1589 3912 suos,
1642 3843 1702 3898 in
1747 3844 1886 3904 obe-

214 3929 599 3986 dientiarium
620 3930 989 3987 “transtulit
1016 3948 1028 3995 ;
1078 3934 1135 3985 et
1162 3930 1554 3988 villicationes
1592 3934 1884 4006 praeposi-

216 4023 364 4075 tum
391 4025 635 4083 nostrae,
678 4018 926 4075 Hisnem
958 4019 1109 4090 (136)
1136 4018 1409 4076 videlicet
1446 4023 1639 4076 Hasen
1683 4026 1739 4077 et
1786 4026 1891 4079 Lu-

218 4108 408 4174 sbike,
442 4108 521 4163 ab
552 4107 928 4163 intollerabili
951 4107 1101 4178 jugo
1134 4108 1567 4165 advocatorum
1596 4110 1891 4185 imperpe-

216 4202 389 4254 tuum
411 4197 750 4263 absolvens,
792 4195 1116 4271 praeposito
1161 4198 1458 4267 regendas
1506 4203 1894 4259 commenda-

217 4285 303 4341 vit
332 4285 589 4342 Contulit
612 4286 803 4342 eciam
832 4284 1094 4341 ecclesiae
1125 4302 1490 4359 campanam
1522 4290 1669 4359 (137)
1714 4290 1885 4347 valde

216 4375 447 4431 bonam
474 4379 531 4431 et
558 4376 682 4431 duo
713 4375 1079 4432 candelabra
1102 4374 1307 4447 longa,
1349 4381 1405 4432 et
1445 4376 1525 4432 ad
1568 4382 1847 4436 sartatect

218 4464 568 4539 principalis
610 4464 874 4522 ecclesiae
927 4465 1049 4522 fere
1118 4469 1189 4522 20
1252 4481 1489 4523 marcas
1561 4466 1877 4542 impendit.

1982 3047 2293 3100 annuatim
2327 3041 2437 3097 tria
2467 3040 2688 3099 talenta
2708 3040 2838 3095 dari
2863 3039 3209 3114 disponens,
3238 3042 3313 3097 de
3334 3040 3560 3125 quibus
3585 3043 3648 3097 in

1983 3131 2326 3189 aniversarii
2372 3130 2465 3186 sui
2505 3130 2601 3185 die
2633 3129 2873 3184 cuilibet
2921 3130 3227 3201 prebende
3284 3134 3316 3185 9
3369 3131 3649 3190 denarios

1984 3219 2315 3292 assignavit
2375 3238 2386 3274 :
2443 3224 2499 3275 et
2546 3219 2762 3275 eodem
2805 3218 2901 3274 die
2928 3218 3009 3274 ad
3047 3219 3435 3293 sepulchrum
3471 3237 3651 3281 suum

1982 3313 2304 3368 honestum
2335 3323 2573 3364 cereum
2621 3312 2678 3364 et
2721 3312 2788 3363 '20
2848 3306 3073 3363 solidos
3131 3308 3209 3363 ad
3259 3308 3652 3365 elemosinam

1986 3400 2278 3470 majorem
2358 3395 2676 3455 ordinavit.
2764 3398 3037 3453 Castrum
3127 3396 3378 3470 insuper
3448 3396 3649 3453 Halre-

1985 3492 2157 3546 munt
2187 3486 2299 3543 sibi
2324 3501 2568 3557 vacans,
2601 3485 2747 3542 dum
2776 3489 3022 3561 propter
3046 3483 3329 3559 plurima,
3354 3502 3475 3561 que
3524 3486 3653 3563 ipse

1987 3580 2139 3636 sicut
2168 3577 2256 3633 vir
2286 3576 2553 3651 prudens
2584 3574 2857 3643 advertit,
2896 3573 3333 3632 infeodandum
3375 3575 3654 3633 decerne-

1986 3674 2094 3739 ret,
2126 3667 2315 3724 multa
2341 3664 2569 3722 consilii
2610 3664 2701 3721 sui
2746 3664 3084 3723 maturitate
3134 3665 3457 3740 promovit,
3510 3670 3573 3721 ut
3600 3669 3658 3725 et

1988 3756 2359 3839 episcopatui
2387 3754 2650 3831 plurima
2676 3770 2794 3828 que
2825 3770 2947 3809 non
2991 3753 3258 3811 habebat
3282 3753 3655 3829 accederent,

1991 3852 2048 3904 et
2077 3845 2398 3920 prebcndis
2428 3846 2474 3878 ⁷³
2501 3844 2754 3900 fratrum
2778 3847 2846 3899 30
2873 3842 3203 3897 solidorum
3248 3842 3516 3899 redditus
3561 3859 3659 3898 ac-

1993 3939 2371 3992 cresceretur.
2403 3932 2660 3989 Contulit
2684 3930 2877 3986 eciam
2900 3928 3144 3984 ecclesie
3170 3928 3384 3985 veteris
3415 3945 3485 3984 ac
3515 3930 3658 3985 novi

1994 4020 2353 4080 Testamenti
2377 4020 2561 4076 libros
2594 4018 2856 4089 glosatos
2886 4022 2943 4072 et
2971 4032 3195 4089 magno
3233 4015 3541 4073 scolastice
3572 4017 3659 4073 di-

1995 4111 2246 4183 ligencie
2302 4108 2498 4163 studio
2546 4106 2903 4163 elaboratos.
2968 4104 3090 4161 Hoc
3138 4104 3329 4161 eciam
3376 4105 3659 4163 laudibus

1999 4203 2128 4275 ejus
2157 4198 2380 4273 placuit
2408 4197 2706 4270 adjacere,
2737 4194 2901 4269 quod
2932 4210 3143 4253 omnes
3188 4196 3235 4230 ⁷³
3285 4196 3659 4275 prepositure

2000 4289 2221 4347 montis
2246 4287 2435 4347 sancti
2468 4286 2615 4342 Petri
2644 4285 2705 4341 in
2736 4284 3019 4355 Goslaria,
3049 4284 3154 4341 diu
3174 4301 3210 4341 a
3236 4284 3425 4360 Iaycis
3456 4304 3661 4365 expe-

2001 4379 2294 4452 gligencia
2320 4376 2762 4451 propositorum
2787 4373 3205 4446 miserabiliter
3233 4376 3280 4410 τι
3310 4380 3659 4453 occupatos,

1990 4468 2197 4526 multis
2226 4465 2538 4523 laboribus
2567 4468 2625 4522 et
2656 4465 2990 4522 innumeris
3022 4464 3325 4539 expensis,
3377 4464 3529 4519 sicut
3571 4463 3661 4519 vir

1606 4586 1842 4645 VARI/E
1879 4585 2283 4649 LECTIONES.

298 4678 345 4712 ⁸⁸
374 4679 501 4735 alia
518 4694 740 4752 manus
768 4682 972 4737 saeculi
996 4680 1156 4737 XIV.
1189 4681 1421 4752 incipit.
1501 4682 1548 4717 ⁸⁷
1581 4700 1626 4738 s.

525 4694 740 4736 manus
768 4682 972 4737 saeculi
996 4680 1156 4737 XIV.
1189 4681 1421 4752 incipit.
1501 4682 1548 4717 ⁸⁷
1581 4700 1626 4738 s.
1657 4700 1792 4796 quae
1821 4683 1897 4740 de
1927 4700 1978 4741 c.
2058 4685 2104 4719 ⁸⁸
2138 4685 2225 4741 ita
2251 4682 2533 4753 corrigo;
2591 4677 3073 4739 obedientiarum
3102 4691 3154 4732 c.
3232 4676 3279 4713 ⁶⁹
3310 4676 3411 4739 Hic
3451 4678 3661 4739 turrim

515 4751 555 4796 it.
585 4752 925 4796 mnnngtprii
958 4752 1142 4796 cannti
1176 4752 1510 4796 ﬂndpharﬂi
1542 4758 1573 4796 9
1698 4756 1721 4789 0
1743 4756 1902 4796 dape!
1934 4759 1952 4796 1
2076 4756 2121 4790 ’11
2171 4753 2293 4796 ςιιὴ
2346 4752 2457 4796 iatn
2517 4755 2759 4796 sanctus
2816 4747 3218 4796 Bernwardns
3273 4748 3661 4796 cannnisatns

221 4752 555 4808 construxit
581 4752 929 4808 monasterii
958 4752 1145 4809 sancti
1176 4752 1513 4811 Godehardi
1542 4758 1595 4810 2.
1673 4752 1721 4796 7°
1743 4756 1902 4812 deest
1934 4759 1983 4812 1.

2076 4756 2121 4790 τί
2171 4753 2293 4812 Sub
2344 4747 2457 4809 isto
2509 4747 2759 4808 sanctus
2816 4747 3218 4807 Bernwardus
3273 4748 3662 4807 canonisatus

221 4818 397 4909 fuit}?
422 4821 602 4909 εριῖοίο
632 4838 794 4899 Papa
819 4823 1130 4909 εειεεείξιεξ»
1162 4823 1507 4909 elaborant?
1528 4826 1651 4909 Ρορ
1680 4827 1911 4909 metato
1941 4827 2210 4908 Βθνηρηε
2240 4823 2482 4909 maele
2530 4826 2605 4909 et.
2635 4817 3261 4909 “assesasses?
3291 4819 3658 4909 “2.89193:

220 4892 464 4979 nasterii
488 4888 669 4979 (cog-1‘.
703 4888 757 4950 εἰ.
791 4911 874 4951 m.
911 4888 1349 4979 S._1ttichahelis)
1380 4896 1630 4979 qui‘fuit
1653 4888 1749 4979 vir
1791 4914 1912 4979 per.
1950 4898 2172 4979 omnia
2209 4888 2499 4979 providus
2553 4895 2611 4979 et
2656 4888 3266 4979 ilaugdabiliterur’exit:

221 4965 668 5038 tamenpartim
697 4971 983 5038 ceperunt
1005 4972 1058 5023 te

222 4984 425 5021 tamen
449 4984 668 5038 parum
697 4984 762 5022 ce

220 5036 485 5111 nasterio
514 5042 721 5111 nostro
751 4984 805 5111 (‘3

1105 4960 1578 5043 escereu'prbpter
1606 4960 1823 5043 nimias
1854 4968 2136 5043 divicias._
2156 4960 2280 5043 Ipse
2320 4961 2816 5043 multa‘clenodia
2829 4961 2916 5043 _in
2946 4960 3167 5017 casulis
3201 4960 3502 5043 eteappis
3534 4977 3661 5023 m0-

776 5031 931 5096 corr.
962 5031 1089 5114 suo)
1118 5031 1363 5114 contulit
1386 5031 1495 5114 prb
1524 5040 1924 5114 ampliacione
1951 5040 2142 5114 divini
2171 5031 2362 5114 cultus
2385 5041 2442 5095 et
2475 5032 2732 5114 obtinuit
2759 5031 3344 5114 infulam,_sandalia
3363 5031 3534 5114 'c'um
3567 5048 3663 5114 ce-

221 5107 363 5162 teris
395 5103 766 5166 libertatibus
794 5125 955 5165 anno
987 5103 1220 5165 Domini
1260 5103 1406 5165 ι195ἶ
1433 5113 1567 5167 Post
1595 5103 1704 5169 hec
1737 5113 2057 5219 episcOpus
2088 5112 2150 5165 in
2180 5109 2429 5164 Domino
2455 5103 3065 5184 defunctus,quiescit
3092 5103 3152 5158 in
3182 5104 3383 5188 medio
3411 5103 3660 5187 ecclesie

221 5178 472 5219 mninric
505 5182 657 5219 nil-nn
695 5197 1010 5219 ραηοηαιιηη
1051 5180 1326 5219 hantiami
1382 5182 1646 5219 αιήρυο-ῑις)
1749 5187 1767 5218 7
1825 5200 1929 5219 ηιω
1977 5181 2114 5219 οηΛί
2152 5185 2169 5219 1
2312 5182 2357 5215 73
2406 5180 2685 5219 nmr'ccum
2732 5180 2816 5219 pst
2864 5174 3089 5219 reditus
3136 5182 3243 5219 aut
3284 5177 3477 5219 ςηῃιΙρ
3513 5174 3660 5219 (mill

221 5178 473 5252 majoris
505 5182 664 5238 circa
693 5197 1014 5237 ascensum
1044 5180 1349 5252 baptismi.
1382 5182 1590 5239 inserit
1614 5188 1667 5241 2.
1749 5187 1767 5218 ⁷

223 5250 494 5307 LEIBN.
600 5254 649 5288 7‘
1054 5268 1105 5310 ι’.

1824 5181 2119 5257 prebendi
2152 5185 2172 5236 1
2197 5226 2208 5235 .

2312 5182 2357 5215 τ³
2406 5180 2687 5236 omissum
2732 5174 3089 5232 estireditus
3136 5182 3243 5231 aut
3283 5177 3477 5232 simile
3513 5174 3663 5248 quid

1836 5327 2062 5383 ΝΟΤΛΕ.

282 5420 447 5501 ,(136)
484 5421 1281 5492 Itzum,Hasede,Losebeck,
1303 5436 1465 5479 nunc
1489 5420 1697 5479 civitas
1725 5438 1886 5485 nova

486 5566 656 5624 Zadtt
684 5565 905 5624 klokke
935 5567 997 5623 in
1028 5580 1218 5637 marg.
1254 5581 1441 5623 manu
1471 5580 1602 5622 suc.
1627 5565 1819 5621 XVII.

332 5638 456 5707 138)
494 5637 733 5696 Ohlum.

332 5638 456 5708 138)
494 5637 733 5696 Ohlum.

2068 5421 2217 5492 (139)
2258 5418 2584 5492 Hottelem._
2617 5433 2671 5474 a.
2701 5417 2857 5492 tl9_6,
2908 5414 3190 5492 d._hg_art.
3247 5419 3297 5492 β.
3351 5413 3662 5492 Comedus

2004 5484 2505 5570 Hildeﬁsemensis
2536 5484 3119 5570 ριθοιιιε-ίφρςτέεξιὲ»
3156 5485 3325 5570 suis
3362 5486 3663 5570 931123118-

2004 5565 2129 5622 rius
2156 5562 2412 5624 occurrit
2434 5562 2496 5617 in
2520 5561 2727 5618 charta
2752 5556 3009 5617 Heinr-iui
3034 5559 3105 5614 νι
3156 5556 3430 5645 male“?
3475 5559 3664 5629 mg“.

2001 5635 2239 5707 jeotina
2262 5632 2425 5692 data.
3520 5638 3533 5647 ν
