3998 6176
442 125 576 188 mss

1584 113 1926 175 APPENDIX
1965 113 2059 168 AD
2109 113 2164 168 S.
2208 107 2712 175 GODEHARDUM.

3740 121 3846 174 1256

433 254 701 328 prudens
728 257 784 324 et
813 255 1151 314 strennuus,
1182 245 1545 316 integraliter
1592 241 1866 312 absolvit,
1918 243 1975 296 et
2021 255 2096 295 ne
2135 239 2184 292 Α
2208 241 2310 299 dia
2362 247 2418 299 et
2471 240 2902 316 episcopalium
2959 239 3411 314 possessionum
3486 239 3845 299 alienatione;

435 344 718 416 deinceps
748 335 1062 408 obligetur,
1089 333 1435 392 auctoritate
1463 333 1790 407 apostolica
1832 346 2100 387 commu-

437 433 548 488 niri
579 431 730 488 fecit.
762 431 953 493 Quam
983 425 1292 481 beneﬁcus
1325 429 1528 480 autem
1576 423 1637 478 in
1688 422 1898 477 fratres
1940 419 2097 490 ejus-

436 517 736 577 dem'loci
788 515 980 580 fuerit,
1038 514 1367 570 laudabilia
1405 514 1534 585 ejus
1585 511 1742 567 facta
1787 513 2093 573 testantur,

434 609 598 679 apud
624 623 776 680 quos
797 604 1016 676 celebri
1039 609 1097 660 et
1127 603 1306 674 digne
1345 601 1652 658 laudanda
1678 599 1821 655 vivit
1866 613 2095 654 memo-

434 698 522 766 ria
549 698 734 768 (fon.
769 696 926 765 1194,
960 694 1084 749 Oct.
1116 694 1228 764 28).

474 832 479 836 .
1069 783 1462 839 CONRADUS.

505 877 595 928 25.
637 868 949 925 Conradus
1007 866 1395 923 cancellarius
1451 865 1630 921 frater
1700 867 1903 920 noster
1972 864 2092 934 (an.

440 961 746 1017 1194-1198
777 959 818 1027 -ι-
849 973 904 1012 a.
939 957 1116 1026 1202),
1145 954 1249 1028 qui
1288 955 1551 1026 primum
1602 958 1801 1009 nostre
1854 950 2095 1007 ecclesie

437 1051 778 1123 episcopus,
807 1046 1022 1102 deinde
1055 1045 1132 1101 ad
1186 1044 1630 1116 Erbipolcnsem
1680 1043 2097 1116 episcopatum

437 1137 782 1201 translatus,
813 1135 872 1190 in
905 1135 1036 1207 ipsa
1062 1133 1295 1188 civitate
1322 1137 1566 1204 propter
1603 1130 1896 1202 justitiam
1941 1129 2095 1185 occi-

439 1245 544 1283 sus
590 1231 696 1282 est.
756 1229 885 1297 Ipse
943 1222 1190 1279 ecclesie
1241 1226 1443 1277 nostre
1495 1225 1773 1277 ornatum
1821 1219 2098 1275 decenter

437 1317 773 1391 ampliavit;
812 1313 975 1370 dedit
1003 1313 1164 1369 enim
1195 1317 1310 1368 tres
1341 1311 1596 1378 casulas,
1641 1327 1826 1366 unam
1853 1310 1927 1365 de
1955 1325 2094 1365 exa-

439 1409 665 1464 minato
693 1405 904 1471 rubeo,
938 1403 1120 1458 aliam
1145 1401 1220 1457 de
1250 1401 1530 1466 candido,
1565 1400 1809 1456 terciam
1853 1399 1927 1454 de
1953 1415 2093 1471 pur-

435 1512 590 1569 pura
619 1493 878 1558 violatia,
909 1507 1120 1547 omnes
1147 1495 1390 1546 ornatas
1419 1489 1724 1558 aurifrigio
1756 1507 1768 1555 ;
1798 1487 1951 1544 duas
1972 1487 2094 1542 dal-

2207 347 2492 404 perpessa
2523 337 2628 388 est.
2656 331 2941 398 Tandem,
2974 328 3382 385 misericordia
3421 330 3534 385 Dei
3564 330 3847 402 evigilante

2206 437 2316 493 pro
2346 421 2540 489 nobis,
2569 438 2640 478 eo
2663 421 2792 493 jam
2821 419 2882 475 in
2913 419 3267 492 episcopum
3306 424 3672 474 consecrato
3718 427 3768 476 et
3792 423 3845 476 ad

2205 510 2579 584 episcopium
2610 513 2658 545 ³ο
2688 513 2984 578 nostrum,
3018 507 3177 564 unde
3205 524 3312 581 per
3359 524 3606 564 annum
3647 514 3701 564 et
3749 525 3848 566 am-

2205 599 2360 672 plius
2391 601 2612 672 ejectus
2639 601 2850 668 fuerat,
2878 602 3222 666 revertente,
3253 597 3436 654 rebus
3471 615 3590 670 pro
3618 606 3844 672 tempore

2207 689 2351 744 satis
2380 689 2533 746 bene
2565 689 2932 762 compositis,
2956 688 3231 761 dispersa
3264 687 3640 757 recolligere,
3681 689 3846 744 incen-

2206 795 2273 836 sa
2297 783 2354 835 et
2377 779 2682 836 destructa
2709 771 3075 847 reediﬁcare,
3107 777 3363 833 alienata
3392 779 3440 812 ⁸³
3484 794 3780 846 revocare,
3804 787 3846 834 et

2204 867 2520 924 ecclesiam
2550 867 2781 924 diutina
2810 867 3264 923 tribulationum
3304 871 3669 939 tempestate
3704 883 3846 939 quas-

2206 961 2396 1013 satam
2428 962 2551 1014 tam
2580 957 2641 1013 in
2671 955 3050 1012 interioribus
3075 971 3261 1028 quam
3293 956 3694 1011 exterioribus
3712 959 3841 1012 omni

2204 1045 2510 1116 diligentia
2539 1046 2761 1102 studuit
2786 1045 3132 1102 reformare.
3165 1046 3275 1100 Sex
3301 1044 3538 1118 quippe
3580 1045 3841 1101 villicatio-

2206 1151 2312 1190 nes
2345 1135 2602 1206 Orsleve,
2635 1134 3070 1192 Wackensleve
3118 1134 3290 1205 (141),
3363 1134 3650 1191 Stockem
3704 1140 3837 1198 (1421,

2206 1225 2570 1280 Otfredesem
2598 1226 2766 1296 (143),
2795 1226 3012 1296 Upum,
3046 1223 3388 1293 Rengelem,
3437 1240 3557 1296 pro
3587 1224 3838 1296 quingen-

2205 1313 2276 1368 tis
2301 1313 2520 1370 marcis
2551 1318 2606 1370 et
2650 1312 2911 1386 amplius
2957 1311 3189 1368 comitis
3243 1312 3444 1368 Sifridi
3488 1313 3567 1368 de
3596 1313 3819 1368 Blanken

2204 1401 2398 1458 burch
2447 1419 2484 1459 a
2540 1403 2808 1475 predicto
2863 1402 3093 1458 domno
3139 1401 3509 1458 cancellario
3561 1402 3832 1472 obligatas,

2202 1492 2356 1548 datis
2383 1491 2808 1547 nichilominus
2837 1489 3034 1546 eidem
3079 1490 3279 1546 comiti
3325 1490 3610 1547 ducentis
3663 1490 3834 1546 marcis

437 1586 708 1654 maticas,
727 1598 915 1638 unam
947 1583 992 1615 ⁷⁵
1020 1581 1281 1636 examito
1309 1579 1519 1647 rubeo,
1551 1579 1800 1635 alteram
1833 1577 1907 1633 de
1951 1593 2092 1633 can-
2134 1595 2173 1648 Β
2203 1581 2432 1651 argenti
2457 1585 2514 1636 et
2537 1579 2908 1654 quibusdam
2939 1579 3071 1635 aliis
3119 1579 3413 1635 reditibus
3466 1579 3581 1634 sibi
3625 1581 3834 1635 vacanti-

436 1674 600 1741 dido,
629 1672 830 1730 albam
863 1671 1090 1726 bonam
1130 1667 1388 1724 examito
1416 1666 1695 1733 candido,
1744 1671 1859 1722 tres
1904 1665 2098 1739 pallas

437 1764 658 1832 altaris,
692 1763 845 1818 duas
871 1761 944 1832 de
975 1774 1244 1832 purpura
1273 1758 1480 1824 rubea,
1515 1774 1700 1812 unam
1726 1756 1800 1812 de
1827 1772 1976 1812 auro
1997 1756 2102 1812 cir-

438 1853 717 1918 culatam,
750 1850 932 1906 aliam
963 1847 1280 1916 stellatam,
1306 1845 1548 1901 terciam
1579 1846 1992 1919 quotidianam
2038 1845 2099 1900 in

438 1941 656 2007 altari;
698 1939 989 1994 cortinam
1043 1937 1292 2005 bonam,
1342 1951 1459 2008 que
1513 1935 1800 2008 suspendi
1847 1934 1997 1991 solet
2037 1933 2099 1990 in

439 2028 770 2101 aquilonari
803 2031 969 2100 parte
998 2025 1337 2092 sanctuarii,
1371 2041 1703 2097 purpuram
1727 2040 1912 2080 unam
1936 2023 2100 2079 villo—

440 2135 611 2186 sam;
646 2135 747 2174 sex
774 2133 1019 2190 cappas,
1049 2121 1164 2171 tres
1195 2115 1268 2170 de
1295 2113 1556 2170 examito
1605 2115 1814 2184 rubeo,
1865 2120 1980 2170 tres
2024 2113 2098 2169 de

437 2207 609 2275 albo;
656 2206 778 2262 duo
827 2205 1042 2261 scrinia
1084 2203 1334 2277 pulchra
1398 2219 1471 2258 ex
1527 2219 1676 2258 auro
1721 2207 1778 2258 et
1822 2201 2098 2273 gemmis,

437 2298 591 2352 duas
639 2294 956 2369 porciones
1005 2292 1390 2364 reliquiarum
1458 2291 1647 2347 sancti
1704 2291 1987 2363 Stephani
2044 2295 2101 2346 et

437 2386 626 2442 sancti
660 2383 983 2448 Laurencii,
1018 2381 1328 2438 modicum
1355 2379 1649 2446 balsami;
1695 2384 1964 2452 preterea
1991 2379 2098 2436 ad-

436 2475 744 2531 vocaciam
774 2473 1024 2530 civitatis
1045 2476 1244 2528 nostre
1271 2469 1526 2544 pecunia
1551 2485 1675 2525 non
1703 2487 1894 2544 parva
1918 2486 2097 2542 expe-

437 2564 616 2632 divit;
649 2569 882 2638 partem
906 2561 1227 2619 advocacie
1260 2577 1440 2634 super
1463 2559 1896 2617 villicacionem
1949 2563 2096 2635 (140)

436 2655 720 2712 fratribus
750 2652 996 2711 contulit
1021 2654 1139 2723 (an.
1178 2656 1358 2708 1198).

961 2738 1380 2795 HARBERTUS
1424 2742 1542 2793 261³⁸
1559 2781 1570 2793 .

506 2832 679 2882 Anno
707 2826 753 2860 ⁷⁸
776 2821 1204 2879 incarnationis
1250 2821 1550 2877 Dominice
1608 2822 1740 2877 1216
1788 2821 1834 2856 ⁷⁷
1891 2823 2091 2892 (Mart.

2208 1671 2322 1727 bus
2354 1670 2662 1726 beneﬁciis
2695 1669 3015 1741 assignatis
3064 1669 3143 1726 ab
3164 1669 3332 1726 omni
3355 1671 3496 1741 ejus
3516 1670 3834 1744 impetitione

2208 1761 2444 1833 penitus
2496 1759 2815 1831 expedivit.
2875 1759 3237 1815 Eorumdem
3313 1759 3503 1815 etiam
3581 1760 3830 1815 bonorum

2208 1855 2441 1923 partem
2467 1866 2504 1905 a
2527 1849 2898 1922 quibusdam
2928 1849 3217 1904 militibus
3256 1853 3313 1905 et
3341 1847 3728 1904 servientibus
3747 1849 3828 1902 da-

2208 1939 2280 1994 tis
2306 1943 2374 1995 30
2404 1939 2642 2006 marcis,
2671 1943 2729 1994 et
2770 1937 3193 1994 villicationem
3251 1939 3311 1993 in
3373 1937 3666 1994 Mallerten
3717 1942 3823 2006 (tu;

2208 2028 2362 2085 datis
2414 2033 2477 2084 16
2534 2027 2773 2098 marcis,
2819 2032 2876 2085 et
2925 2029 3068 2084 item
3106 2027 3536 2084 villicationem
3579 2028 3821 2087 Stockem.

2207 2133 2394 2191 quam
2419 2117 2812 2191 postmodum
2841 2117 3050 2173 fratres
3079 2117 3154 2172 de
3198 2117 3599 2174 Wulﬂebuthe
3649 2117 3820 2172 violen-

2209 2212 2294 2264 ter
2322 2205 2687 2274 detinebant,
2721 2206 2928 2262 solutis
2951 2205 3282 2277 nonaginta
3311 2207 3542 2262 marcis
3571 2206 3819 2269 liberavit;

2208 2295 2495 2353 allodium
2527 2295 2871 2369 episcopale
2899 2294 2962 2350 in
2986 2294 3332 2367 Afdenhorp
3363 2296 3522 2365 (145)
3560 2301 3613 2351 et
3637 2295 3815 2350 molen-

2207 2385 2421 2442 dinum
2467 2385 2528 2441 in
2577 2385 2810 2441 civitate
2858 2400 2967 2458 pro
3015 2384 3316 2456 octoginta
3373 2385 3595 2442 marcis
3629 2384 3817 2440 cuidam

2207 2475 2535 2544 Gerhardo,
2567 2479 2624 2531 et
2649 2473 3070 2530 villicationem
3092 2473 3374 2529 Vorstede
3407 2476 3556 2544 (146)
3601 2473 3814 2529 Theodo-

2206 2564 2328 2621 rico
2357 2565 2433 2621 de
2463 2564 2635 2621 Alten
2661 2580 2773 2638 pro
2811 2564 3122 2635 sexaginta
3149 2564 3369 2620 marcis
3419 2569 3667 2637 tempore
3706 2578 3812 2617 can-

2205 2653 2423 2710 cellarii
2457 2653 2742 2726 obligata,
2782 2657 2882 2709 140
2906 2669 3250 2710 marcarum
3277 2653 3572 2710 solutione
3602 2653 3810 2724 recepit:

2205 2742 2448 2799 ecclesie
2479 2742 2924 2799 Gandersehem
2954 2743 3060 2798 300
3088 2759 3349 2808 marcas,
3384 2748 3444 2798 et
3470 2744 3528 2798 in
3554 2759 3715 2798 causa
3737 2740 3810 2795 ab-

2204 2833 2361 2888 hatie
2388 2832 2462 2888 de
2493 2831 2798 2902 Ringelem
2829 2835 2897 2887 60
2922 2847 3160 2888 marcas
3191 2832 3514 2904 expendit;
3544 2832 3600 2888 in
3627 2847 3807 2887 recom-

437 2919 525 2979 2l)
558 2913 703 3003 obiit
733 2912 1058 3003 Harbertus
1084 2909 1242 3003 bone
1269 2909 1575 2964 memoria:
1606 2914 1828 3003 nostre
1849 2909 2092 3003 ecclesie
2131 2947 2172 3003 ε
2201 2921 2557 2995 pensatione
2585 2920 2778 2976 eciam
2806 2919 3059 2993 dampni
3104 2921 3272 2993 quod
3318 2920 3382 2976 in
3423 2921 3747 2982 ωοιεηάωο,
3768 2923 3810 2972 ει

435 3007 555 3058 26ιιι
587 3000 925 3074 episcopus,
956 2997 1061 3071 qui
1090 2997 1353 3070 primum
1385 3001 1612 3068 cantor,
1650 2998 1867 3055 deinde
1897 2999 2093 3071 major

435 3090 678 3147 ecclesie
710 3093 914 3146 nostre
944 3086 1304 3161 prepositus,
1336 3086 1675 3160 prebendas
1695 3087 1942 3145 fratrum
1970 3094 2091 3145 toto

435 3198 539 3237 sue
587 3177 1131 3236 administracionis
1180 3181 1446 3249 tempore
1502 3176 1716 3234 utiliter
1757 3183 1813 3234 et
1845 3178 2095 3235 ﬁdeliter

432 3270 810 3344 dispensans,
839 3284 1133 3339 magnum
1162 3271 1219 3322 et
1257 3265 1578 3334 sincerum,
1626 3283 1808 3340 quem
1858 3284 2094 3342 semper

432 3377 576 3434 erga
628 3359 945 3418 ecclesiam
1001 3361 1270 3414 nostram
1320 3359 1602 3427 gesserat,
1645 3356 1926 3413 affectum
1959 3357 2093 3431 ipsa

432 3465 685 3524 operum
740 3447 1102 3504 exhibitione
1149 3444 1581 3517 comprobavit.
1636 3447 1869 3502 Domno
1915 3445 2095 3516 igitur

433 3539 708 3595 Conrado
733 3535 1057 3609 imperialis
1087 3533 1220 3591 aule
1251 3532 1625 3601 cancellario,
1661 3539 1862 3592 nostre
1891 3540 2092 3592 autem

431 3627 678 3683 ecclesie
722 3631 818 3681 25°
851 3624 1159 3697 episcopo,
1214 3623 1275 3678 in
1317 3622 1418 3678 illa
1467 3621 1822 3693 gravissima
1859 3624 2092 3696 imperii

431 3715 805 3772 dissencione
834 3711 1206 3786 temporibus
1240 3711 1376 3767 dive
1419 3711 1708 3767 memorie
1756 3711 2007 3786 Philippi
2037 3718 2094 3771 et

431 3804 658 3863 Ottonis
678 3804 757 3862 ad
785 3800 1273 3875 Herbipolensem
1302 3799 1718 3874 episcopatum
1747 3804 2092 3860 transeunte

430 3889 554 3968 (an.
593 3895 770 3966 1198),
799 3897 856 3950 et
883 3897 948 3949 ut
975 3890 1225 3948 ecclesia
1253 3889 1533 3947 derelicta
1574 3888 1636 3945 in
1673 3889 1940 3961 legitimo
1979 3892 2093 3949 sibi

427 3987 666 4060 pastore
694 3983 1060 4059 prospiceret
1086 3981 1313 4039 domno
1345 3979 1701 4038 lnnocencio
1721 3997 1882 4054 papa
1909 3979 2091 4056 hujus

428 4073 659 4130 nemini
687 4073 868 4130 tercio
898 4071 1156 4129 districte
1203 4075 1258 4128 et
1306 4070 1508 4144 sepius
1539 4070 1865 4142 injugente,
1924 4088 2090 4128 com-

427 4163 599 4217 muni
628 4167 685 4218 et
714 4162 1003 4218 canonico
1030 4161 1216 4218 tocius
1243 4159 1484 4233 capituli
1513 4165 1570 4216 et
1599 4160 1737 4216 cleri
1767 4177 2088 4231 consensu,

429 4249 712 4309 omnibus
739 4250 906 4306 laicis
941 4252 987 4286 ⁷⁸
1018 4250 1266 4306 omnino
1293 4249 1934 4318 contradicentibus,in
1965 4252 2088 4325 epi-

429 4355 682 4412 scopum
714 4339 932 4396 electus
962 4344 1068 4405 est,
1099 4343 1342 4412 propter
1364 4339 1530 4412 quod
1577 4340 1831 4397 ecclesia
1881 4345 2086 4399 nostra

427 4421 650 4486 multos
683 4429 728 4464 7°
759 4432 815 4484 et
858 4442 1069 4498 graves
1116 4427 1372 4498 labores,
1429 4443 1746 4501 expensas,
1797 4430 2084 4504 pericula,

425 4519 553 4573 tam
582 4515 1000 4574 "communium
1024 4532 1213 4591 quam
1239 4516 1611 4590 privatarum
1633 4534 1834 4574 rerum
1849 4519 2087 4592 dispen-

2201 3011 2458 3068 aliorum
2477 3011 2782 3066 bonorum
2809 3009 3252 3082 ecclesie,quod
3283 3025 3392 3083 per
3421 3009 3735 3083 lippoldum
3749 3007 3805 3062 de

2205 3101 2498 3157 Escherde
2541 3100 2774 3167 accidit,
2829 3098 3110 3172 expensis
3157 3100 3484 3168 nonaginta
3520 3099 3711 3155 marcis
3746 3097 3804 3151 de

2202 3207 2312 3246 suo
2338 3189 2621 3246 fratribus
2646 3190 2810 3246 dedit
2834 3189 3255 3245 villicationem
3294 3195 3353 3244 et
3381 3189 3719 3245 advocatiam
3743 3186 3802 3242 de

2200 3280 2534 3337 Monestede
2565 3282 2730 3350 (147),
2753 3279 2827 3336 de
2858 3295 3047 3336 manu
3067 3278 3322 3335 Heinrici
3345 3285 3401 3334 et
3424 3278 3653 3334 ﬁliorum
3674 3277 3798 3346 ejus,

2199 3369 2305 3442 qui
2333 3385 2468 3426 eam
2496 3368 2862 3437 detinebant,
2895 3373 2958 3424 16
2987 3367 3206 3424 marcis
3233 3367 3484 3424 redemit.
3515 3365 3724 3422 Reditus
3746 3367 3796 3419 16

2202 3458 2532 3515 solidorum
2561 3458 2622 3513 in
2652 3457 2864 3514 eadem
2895 3457 3036 3514 villa
3057 3473 3094 3514 a
3121 3457 3378 3530 quodam
3411 3459 3544 3511 Exzo
3589 3453 3656 3508 de
3692 3452 3788 3506 Eil-

2203 3549 2426 3616 stringe
2483 3547 2799 3620 acquirens
2857 3562 2967 3619 pro
3015 3549 3050 3601 4
3083 3546 3309 3610 marcis,
3349 3559 3439 3599 eos
3482 3539 3551 3597 ad
3582 3553 3772 3612 panem

2202 3635 2523 3691 scolarium
2551 3635 2614 3691 in
2645 3634 2953 3692 refectorio
2983 3635 3293 3692 annuatim
3314 3629 3591 3689 ordinavit.
3617 3627 3778 3684 Advo-

2200 3725 2430 3782 caciam
2482 3725 2727 3798 insuper
2771 3723 3122 3782 obediencie
3175 3724 3238 3780 in
3285 3719 3693 3788 Wittenburch,
3743 3720 3792 3772 et

2199 3813 2382 3872 aliam
2407 3813 2800 3872 advocaciam
2830 3829 3010 3888 super
3039 3817 3103 3869 12
3134 3813 3289 3870 areis
3337 3815 3562 3884 argento
3585 3808 3796 3864 fratrum

2198 3903 2584 3976 redemptas;
2640 3900 2903 3958 similiter
2941 3905 2999 3958 et
3049 3901 3440 3959 advocaciam
3469 3901 3511 3935 ⁸³
3547 3897 3800 3954 bonorum

2199 3991 2571 4066 prepositure
2599 3991 2846 4062 majoris
2869 3991 2931 4047 in
2962 3991 3275 4062 Idagesem
3292 3991 3459 4064 (148),
3481 3992 3534 4046 et
3554 3987 3802 4044 decimam

2199 4081 2471 4153 ejusdem
2499 4080 2636 4136 ville
2667 4081 2746 4136 ad
2777 4081 3078 4152 agendam
3106 4079 3299 4154 ipsius
3344 4079 3677 4138 memoriam
3711 4074 3803 4130 fra-

2197 4175 2357 4228 trum
2387 4168 2693 4242 deputavit
2721 4169 2975 4241 utilitati,
3029 4173 3085 4225 et
3134 4185 3212 4226 ne
3258 4169 3398 4242 quis
3450 4179 3806 4225 successorum

2201 4277 2451 4318 suorum
2499 4275 2572 4316 ea
2627 4259 2930 4331 alienaret,
2989 4259 3177 4316 banni
3212 4259 3304 4316 sui
3354 4259 3605 4316 ﬁrmavit
3650 4260 3809 4312 aucto-

2196 4351 2398 4417 ritate;
2457 4365 2665 4406 curam
2696 4351 2742 4385 ⁸³
2773 4349 3018 4424 insuper
3069 4350 3349 4407 Vorstede
3393 4367 3430 4407 a
3475 4351 3723 4406 Brunone
3752 4343 3808 4399 de

2197 4435 2442 4493 custode
2478 4439 2574 4492 107
2615 4434 2832 4491 marcis
2891 4439 3308 4508 comparatam
3363 4434 3600 4492 ecclesie
3652 4435 3810 4488 nostre

2195 4519 2597 4589 condonavit,
2669 4519 2878 4594 predio
2931 4520 3122 4583 eciam
3174 4520 3236 4576 in
3288 4519 3629 4595 Repenarde
3673 4517 3812 4588 (149),

1807 4627 2041 4683 νΑΗΙᾸΞ
2082 4630 2486 4683 LECTlONES.

1807 4630 1973 4682 VARI

498 4718 544 4758 ⁷⁵
574 4693 795 4775 εέσίάίῑ
822 4714 917 4792 de:
985 4717 1044 4792 _"
1073 4715 1296 4792 Dehinc
1326 4715 1648 4792 Harbertus
1679 4717 1798 4792 2911f
1837 4630 2092 4792 unauEim].

2203 4634 2210 4686 Ξ
2262 4634 2279 4685 1
2334 4630 2486 4685 NES.

2203 4631 2624 4778 alriodilectione
2678 4718 2880 4776 ﬂoruit
2929 4719 3273 4792 episcopus.
3326 4723 3380 4776 Is
3436 4717 3814 4792 quiescitante

426 4788 610 4846 altare
635 4792 836 4845 sancte
869 4786 1189 4844 Katherine
1221 4787 1299 4843 ad
1325 4786 1690 4861 aquilonem.
1718 4786 1927 4861 _Viguit_
1951 4805 2113 4848 anno
2143 4791 2375 4850 domini
2404 4791 2616 4849 MCIIII.
2647 4795 2700 4847 2.

2807 4792 2853 4826 ⁷⁷
2884 4783 3022 4848 MCC
3056 4796 3104 4847 1.
3136 4783 3321 4848 manu
3349 4783 3556 4847 scrc-uti
3577 4787 3737 4846 XVII
3756 4783 3816 4840 ad

424 4861 756 4932 marginem
789 4861 916 4934 haec
950 4861 1178 4934 scripta
1206 4866 1345 4934 sunt
1371 4855 1517 4934 Illic
1548 4857 1768 4928 injuria
1799 4855 2130 4934 scribendis
2161 4868 2426 4921 erratum
2457 4868 2544 4919 est
2564 4863 2625 4918 in
2655 4878 2926 4919 numero.
2958 4862 3110 4919 Vixit
3135 4863 3296 4919 enim
3314 4862 3518 4920 adhuc
3539 4855 3819 4934 Harbertus

425 4929 586 5008 anno
621 4936 776 4999 1206,
810 4931 912 4988 ubi
943 4929 1598 5008 tria_altariaAin_cr_ipta
1625 4932 2111 5008 consecravit_,_ut_
2129 4934 2201 5008 in,
2217 4936 2332 5008 hoc
2361 4936 2494 5008 ipso
2522 4933 2676 4990 libro
2707 4934 2990 5008 sequitur.
3028 4939 3076 5008 1.
3110 4935 3358 4991 Annum
3413 4937 3547 5008 1216
3597 4929 3816 5008 indicari

424 5003 496 5060 iis
526 5004 742 5060 ductus
771 5019 903 5076 quae
930 5005 1002 5059 D.
1034 5003 1426 5072 Zeppenfeldt
1457 4999 1518 5058 iri
1553 4999 1821 5071 Beitrage
1851 5020 1953 5060 zur
1983 5005 2092 5062 Hilc

424 5073 709 5131 omnibus
736 5090 792 5132 ο.
827 5091 878 5130 c.
905 5091 955 5131 c.
1063 5075 1108 5110 7°
1135 5073 1357 5130 multas
1387 5089 1437 5130 ε.
1543 5075 1592 5109 ⁸ο
1618 5070 1762 5136 e'ﬁ'n
1789 5091 1840 5132 ε.
1940 5077 1984 5111 ⁸³
2025 5077 2092 5134 ali

2203 4999 2540 5064 heimschen
2579 4999 2922 5063 Geschichte
2947 5008 3006 5062 T.
3033 5006 3075 5062 Ι.
3103 5021 3162 5080 p.
3196 5011 3284 5064 73.
3317 5007 3552 5063 notavit

2203 5083 2367 5136 inata
2396 5094 2446 5135 c.
2553 5078 2600 5113 ⁸³
2629 5076 2951 5135 adnociam
2980 5094 3032 5135 ε.
3138 5079 3185 5113 ⁸³
3207 5093 3287 5136 an
3319 5078 3552 5136 curiam

423 5073 709 5131 omnibus
736 5070 798 5132 οῖ
827 5091 878 5130 c.
905 5091 955 5131 c.
1063 5070 1357 5130 7"multas
1387 5089 1437 5130 c.
1543 5075 1592 5109 ⁸ο
1618 5070 1840 5148 ᾙῑίιι.

3651 5004 3691 5037 ⁷⁸
3718 5016 3762 5056 ο.
3784 4997 3813 5052 1.

2553 5078 2600 5113 ⁸³
2629 5076 2951 5135 adnociam
2980 5094 3032 5135 ε.
3103 5076 3185 5113 ’⁸³
3207 5093 3287 5136 an
3319 5078 3572 5136 curiam.

2032 5167 2253 5225 ΝΟΤιΕ.

521 5253 644 5396 140)
681 5250 858 5320 Lede,
884 5251 1026 5310 villa
1045 5251 1322 5310 desolata
1345 5267 1533 5380 prope
1573 5255 1835 5336 Gronau:
1923 5325 1934 5337 ο

521 5326 610 5396 141
680 5323 1126 5396 Oschersleben,
1158 5324 1449 5381 Wackers
1473 5323 1627 5381 eben
1653 5339 1716 5380 in
1745 5339 1934 5396 princ:

422 5323 1126 5452 ﬁt(isachersleben,
1158 5323 1627 5381 Wackersleben
1653 5325 1716 5380 in
1745 5323 2083 5399 principatu

519 5467 641 5526 142)
683 5465 1039 5526 Stcckheim.

519 5469 618 5524 142
683 5467 1039 5526 Stcckheim.

491 5467 643 5679 3143i
680 5537 968 5608 Otfresen,
1002 5541 1233 5615 Uppen,
1261 5539 1650 5614 Ringelheim.

516 5605 618 5666 164
677 5607 974 5668 nam.
1717 5662 1720 5663 ν

2294 5257 2416 5330 145)
2458 5258 2574 5312 Das
2600 5256 2714 5313 alte
2747 5257 2890 5313 Dorf
2911 5271 3101 5330 prope
3132 5256 3518 5313 Hildesheim.

2293 5328 2414 5385 146)
2456 5331 2672 5385 Ferste.

2290 5399 2409 5457 147)
2450 5399 2760 5457 Mﬁnstedt.

2292 5470 2410 5530 148)
2453 5474 2635 5528 ltzum
2663 5474 2692 5530 ?

2265 5541 2417 5618 (149⁷)
2455 5545 2784 5619 Reppener.

2266 5258 2285 5542 Ξ
