3996 6168
157 199 189 249 1
210 200 328 251 257
1381 187 1785 246 cuncmcou
1826 165 2461 252 HlLDESHEIMENSE.
3514 221 3650 273 1258

148 316 357 391 quod
386 316 597 372 fratres
628 314 706 370 ab
745 311 1022 409 ecclesia
1051 310 1213 367 beati
1250 308 1494 409 .Martipi
1539 309 1600 366 in
1657 309 1856 409 Minda
1898 314 1951 366 Α
1980 310 2229 409 siis-suis
2250 320 2307 372 et
2331 318 2587 377 ofﬁcinis
2619 323 2972 384 ediﬁcandis
3000 328 3322 390 liberaliter
3345 338 3648 409 subvenit,

142 406 296 463 sibi
326 401 801 475 comparavit“,
835 400 912 455 de
943 398 1126 455 rebus
1173 400 1297 455 suis
1352 403 1456 455 500
1508 413 1711 455 marce
1755 399 1869 452 im-
1986 405 2043 455 et
2068 401 2287 461 fundos
2309 423 2518 465 eorum
2549 411 2668 468 fere
2700 418 3043 490 sumptibus
3089 424 3350 495 propriis
3406 444 3655 503 compa-

142 511 369 570 pense
402 497 592 550 sunt:
642 491 911 547 decimas
966 488 1161 544 eciam
1210 490 1363 545 duas
1415 488 1476 544 in
1536 489 1867 584 Dunbusen
1986 491 2156 584 ravit.
2192 494 2459 553 Claustra
2491 499 2671 557 etiam
2690 488 3152 577 Vulvinghusen
3183 488 3332 584 (152)
3362 521 3419 572 et
3480 488 3655 576 Frau-

148 585 332 657 (150)
359 581 614 641 ecclesie
645 578 1027 636 condonavit.
1065 579 1318 675 Quantis
1341 579 1534 675 eciam
1574 577 1740 675 tectis
1773 593 1871 633 ec-
1985 576 2258 675 Eenberg
2304 586 2453 675 (153)
2510 604 2620 644 suo
2676 576 2945 665 tempore
3007 603 3145 654 sunt
3190 576 3568 675 constructa,
3598 614 3654 664 et

157 674 361 731 clesie
391 670 762 746 principalis,
796 672 854 725 et
878 667 1134 723 ofﬁcinis
1161 668 1323 724 curie
1351 667 1734 741 episcopalis,
1769 684 1870 723 ex-

158 780 408 838 pensas
440 760 823 835 impenderit,
858 757 1276 856 quas-dirutas
1465 759 1513 793 ⁸⁵
1544 774 1581 813 a
1604 761 1871 856 vetusta-

162 858 243 910 te
282 869 473 926 quam
504 868 579 907 ex
601 848 975 920 negligencia
1004 849 1053 883 ⁸⁸
1111 847 1354 917 invenit,
1413 863 1620 903 coram
1675 847 1873 902 omni-

174 944 309 999 bus
340 942 621 998 elucescit
663 941 728 995 θ’.

736 1047 1057 1103 SIFRIDUS
1088 1050 1205 1100 '27us
1240 1046 1307 1099 ⁸⁸.

267 1155 721 1213 Anniversarius
749 1152 946 1211 Sifridi
976 1154 1063 1207 “27*
1095 1152 1365 1225 episcopi
1390 1151 1637 1208 ecclesie
1658 1156 1867 1209 nostre

180 1250 251 1303 et
277 1245 385 1302 viri
416 1242 918 1307 mansuetissimi,
951 1241 1057 1314 qui
1113 1241 1508 1297 advocaciam
1535 1241 1581 1276 ⁸³
1633 1241 1697 1296 in
1754 1244 1866 1298 He-

183 1333 549 1392 medesdore
626 1349 805 1406 super
860 1330 1067 1387 omnia
1092 1331 1257 1387 bona
1312 1330 1587 1402 ejusdem
1642 1330 1866 1388 villica-

180 1427 390 1495 tionis,
420 1424 791 1496 ubicumque
823 1423 935 1478 sita
965 1422 1235 1492 sunt,100
1259 1421 1481 1477 marcis
1512 1437 1548 1477 a
1574 1420 1864 1478 fratribus

186 1515 447 1585 Hugone
473 1519 532 1570 et
550 1512 814 1568 Justacio
839 1515 1257 1583 comparatam
1313 1510 1561 1567 ecclesie
1590 1510 1862 1583 contulit,

182 1604 275 1660 ita
303 1602 579 1658 videlicet
603 1606 687 1667 ut,
721 1600 769 1655 si
799 1599 947 1673 quid
965 1599 1199 1654 bonum
1230 1614 1343 1672 pro
1393 1604 1662 1673 tempore
1688 1599 1869 1655 fuerit

1985 666 2313 725 Winhusen
2342 673 2512 747 (154),
2547 679 2642 734 cui
2669 684 2988 739 conventui
3018 686 3335 747 ecclesiam
3376 694 3651 763 ejusdem

1983 756 2115 856 ville
2147 763 2589 856 parrochialem
2619 770 2905 843 attribuit,
2965 779 3022 830 et
3075 776 3363 847 religiosis
3407 756 3655 856 quibus-

1981 843 2128 902 libet
2155 847 2287 902 aliis
2345 852 2536 910 multa
2592 860 2919 918 commoda
2968 843 3210 935 prebuit
3251 873 3310 924 et
3356 843 3650 944 inpendit,

1981 935 2310 1007 providens
2340 940 2764 1003 nichilominus
2822 965 2897 1006 ne
2926 951 2990 1007 in
3046 959 3548 1018 conventualibus
3598 970 3655 1020 et

1980 1025 2467 1096 parrochialibus
2496 1033 2757 1091 ecclesiis
2783 1037 3259 1111 aliquodvicium
3300 1057 3651 1122 emergeret,

1979 1129 2053 1168 ex
2084 1129 2215 1186 quo
2247 1115 2615 1178 minueretur
2638 1123 2820 1180 decor
2867 1128 3263 1190 ecclesiastice
3322 1138 3649 1210 dignitatis.

1981 1202 2315 1260 Ecclesiam
2337 1223 2581 1283 quoque
2612 1219 2882 1271 nostram
2916 1222 2972 1273 et
3027 1221 3442 1296 episcopatum
3499 1230 3654 1287 sicut

1977 1296 2195 1363 pastor
2223 1297 2511 1367 providus
2533 1306 2590 1357 et
2619 1304 2894 1374 provisor
2949 1306 3205 1380 diligens
3254 1312 3317 1369 in
3347 1318 3651 1389 emptione

1976 1379 2292 1439 bonorum
2330 1391 2386 1442 et
2440 1390 2850 1464 redemptione
2907 1379 3362 1459 advocatiarum
3419 1379 3647 1464 ditavit.

1977 1469 2358 1532 Advocacias
2384 1479 2545 1536 enim
2574 1480 3007 1541 villicationum
3041 1490 3249 1546 Barem
3282 1493 3454 1563 (155),
3507 1498 3650 1553 Bed-

1976 1557 2189 1631 digen,
2224 1564 2548 1637 Eckelsem,
2592 1570 2842 1640 Bultem,
2902 1575 3234 1648 Addenem,
3386 1557 3648 1657 capitulo

184 1697 252 1749 et
303 1660 701 1748 commodum
732 1660 839 1756 90,.
862 1687 1123 1760 capitulo
1178 1660 1253 1744 sit
1308 1688 1450 1745 inde
1492 1660 1752 1745 liberum
1778 1704 1872 1745 or-
1911 1668 1954 1721 Β
1979 1664 2526 1760 summa.
2559 1660 2810 1760 ἷξξῗθξξρίθ
2846 1665 3193 1760 ξ’ξῗάθωριᾶξ
3242 1670 3523 1760 fratribus
3571 1677 3651 1732 ad

184 1778 830 1851 dinare,advocaciam
850 1777 911 1833 in
944 1776 1349 1832 Wittenburch
1374 1794 1556 1851 super
1576 1778 1873 1835 allodium

186 1874 252 1927 et
280 1875 345 1927 t2
374 1885 548 1926 areas
581 1868 660 1924 ab
686 1866 953 1923 Arnoldo
1010 1865 1165 1921 laico
1205 1871 1501 1939 emptam,
1560 1883 1672 1924 suo
1725 1870 1872 1923 tem-

186 1977 343 2036 pore
373 1965 431 2016 et
460 1959 767 2015 decimam
794 1955 972 2012 unius
1003 1955 1201 2011 mansi
1233 1960 1290 2012 et
1352 1961 1416 2013 12
1470 1973 1752 2014 arearum
1810 1956 1875 2013 in

187 2051 412 2108 eadem
442 2048 583 2105 villa
637 2045 1082 2104 racionabiliter
1133 2050 1551 2119 comparatam
1604 2046 1874 2104 ecclesiae

187 2145 417 2197 nostrae
465 2137 674 2205 dedit;
728 2139 1001 2210 preterea
1060 2135 1377 2207 quandam
1428 2152 1637 2193 aream
1696 2153 1871 2193 suam

181 2232 367 2302 juxta
407 2228 652 2285 valvam
708 2224 898 2281 sancti
957 2224 1127 2294 Petri,
1176 2240 1295 2298 que
1339 2225 1508 2299 prius
1554 2226 1875 2283 tenebatur

180 2323 328 2394 jure
359 2316 601 2384 feodali,
635 2313 1019 2373 claustralcm
1050 2312 1187 2369 fecit
1215 2318 1273 2370 et
1299 2315 1462 2372 curie
1477 2316 1743 2372 cantoris
1771 2315 1876 2371 ad-

183 2411 353 2483 jecit.
390 2412 551 2465 Duas
579 2407 775 2463 eciam
802 2420 975 2461 areas
1012 2403 1073 2459 in
1101 2419 1262 2460 nova
1292 2404 1528 2463 civitate
1584 2405 1870 2480 prepositi

189 2499 414 2571 majori
468 2495 848 2570 prepositura
902 2497 1155 2548 vacante
1208 2493 1287 2593 ad
1342 2510 1526 2550 usum
1549 2583 1559 2593 .
1583 2510 1873 2593 quorum-.-

189 2590 347 2646 dam
374 2585 768 2643 luminarium
800 2581 1149 2652 assignavit,
1182 2585 1239 2637 et
1265 2580 1471 2638 locum
1502 2582 1729 2656 piscine
1767 2582 1873 2655 qui

192 2680 404 2736 minus
424 2675 582 2732 utilis
597 2673 726 2743 fuit,
752 2687 942 2745 prope
957 2675 1232 2726 nostrum
1254 2671 1680 2729 dormitorium
1695 2670 1871 2728 nobis

191 2766 384 2822 dedit.
408 2767 658 2820 Parvam
710 2760 891 2816 etiam
933 2774 1136 2814 aream
1187 2763 1244 2813 et
1301 2759 1692 2816 advocaciam
1741 2759 1870 2831 ejus

195 2874 242 2913 a
268 2853 517 2911 Henrico
576 2848 909 2907 camerario
941 2851 999 2903 et
1019 2845 1154 2901 ﬁliis
1185 2846 1311 2902 suis
1341 2853 1609 2923 emptam
1658 2852 1869 2905 contu-

191 2946 267 3002 lit
296 2943 372 3000 ad
401 2940 643 2997 stabiles
672 2937 928 2995 vicarias
962 2955 975 3005 ;
1008 2935 1215 2991 volens
1245 2936 1441 2994 eciam
1470 2937 1713 2995 ecclesie
1769 2937 1871 3010 pia

191 3029 601 3092 benivolentia
627 3026 966 3102 providere,
998 3040 1300 3082 consensu
1330 3032 1386 3083 et
1429 3027 1677 3085 consilio
1708 3027 1872 3100 capi-
1911 3018 1951 3073 C

195 3122 312 3179 tuli
340 3120 543 3177 statuit
573 3124 638 3175 ut
666 3116 1024 3175 advocacias
1044 3118 1418 3189 prepositure
1444 3118 1871 3190 majoris,quas

197 3208 551 3285 prepositus
573 3223 735 3263 nunc
763 3210 942 3276 tenet,
984 3210 1042 3262 et
1092 3220 1210 3278 que
1258 3206 1655 3280 postmodum
1708 3210 1871 3280 pote-

196 3300 346 3353 runt
377 3311 413 3350 a
441 3293 609 3349 laicis
640 3291 927 3365 expediri,
948 3290 1152 3347 nullus
1175 3307 1594 3349 successorum
1619 3308 1867 3349 suorum

200 3386 301 3443 vel
333 3385 481 3442 alter
536 3383 755 3456 aliquis
807 3381 1042 3438 alienat.
1098 3381 1253 3438 Obiit
1290 3387 1493 3440 autem
1547 3387 1685 3457 post
1740 3400 1866 3440 ces-

199 3475 437 3532 sionem
491 3488 665 3528 suam
697 3486 861 3527 anno
889 3469 1318 3527 incarnationis
1349 3471 1650 3528 dominice
1707 3476 1862 3540 1227,

202 3563 407 3638 pridie
460 3561 620 3618 Ydus
646 3559 1019 3616 Novembris.
1055 3559 1236 3629 Cujus
1263 3560 1469 3617 anima
1493 3577 1601 3634 per
1641 3559 1867 3617 miseri-

200 3650 477 3709 cordiam
505 3648 606 3706 Dei
634 3648 974 3721 requiescat
995 3647 1059 3703 in
1087 3662 1257 3720 pace.
1292 3652 1477 3704 Amen
1506 3651 1575 3705 9‘.

684 3773 1057 3830 CONRADUS
1089 3773 1135 3806 θ’
1167 3775 1287 3828 281³⁸
1316 3773 1384 3828 ⁸³.

273 3879 736 3940 Anniversarius
778 3878 1139 3936 venerabilis
1188 3878 1421 3935 domini
1467 3879 1723 3937 Conradi
1775 3881 1858 3936 28i

195 3971 454 4032 ecclesie
482 3975 685 4027 nostre
714 3967 1001 4041 episcopi,
1035 3967 1140 4041 qui
1168 3973 1489 4041 postquam
1518 3967 1771 4025 Parisius
1801 3969 1861 4023 in

194 4064 410 4121 divina
446 4061 670 4135 pagina
699 4058 1079 4115 laudabiliter
1110 4063 1361 4129 rexerat,
1394 4063 1701 4114 etcrucem
1725 4075 1862 4115 con-

192 4159 297 4210 tra
322 4151 604 4207 Avienses
636 4150 781 4220 (151)
810 4147 1189 4221 ριίεᾱὶοδιτίιῐ,
1224 4149 1572 4218 assumptus
1621 4147 1730 4202 fuit
1782 4147 1857 4203 ad

195 4240 473 4311 regimen
503 4238 748 4295 ecclesie
776 4241 1014 4303 nostre;
1042 4235 1143 4291 ubi
1174 4252 1312 4291 cum
1373 4234 1457 4291 vir
1510 4236 1861 4293 venerabilis

1981 1738 2363 1809 prehendam
2393 1748 2643 1805 contulit
2667 1748 2987 1809 liberaliter
3025 1738 3082 1812 et
3132 1757 3424 1819 absolute.
3482 1764 3652 1821 Simi-

1979 1824 2116 1883 liter
2146 1829 2540 1892 advocaciam
2564 1854 2601 1893 a
2632 1838 2860 1895 domno
2887 1843 3160 1901 Bertoldo
3182 1846 3256 1903 de
3285 1852 3473 1907 Veteri
3503 1856 3649 1909 Foro

1979 1917 2365 1993 redemptam
2426 1925 2505 1982 ab
2553 1927 2807 1984 ecclesia
2872 1932 3092 1989 montis
3137 1938 3328 1994 sancti
3379 1942 3647 2012 Mauritii,

1982 2005 2183 2064 eidem
2213 2012 2461 2070 ecclesie
2486 2016 2735 2073 contulit
2763 2024 3009 2092 propter
3037 2025 3247 2083 Deum.
3276 2031 3526 2103 Insuper
3551 2005 3653 2087 ad;

1980 2097 2298 2156 vocaciam
2356 2101 2418 2159 in
2476 2106 2625 2161 urbe
2678 2111 2736 2162 et
2785 2106 2848 2162 in
2904 2110 3058 2166 areis
3100 2115 3472 2186 quibusdam
3496 2125 3652 2177 retro

1980 2185 2198 2243 urbem
2226 2189 2352 2246 sitis
2379 2196 2437 2248 et
2464 2193 2730 2266 quedam
2757 2195 2956 2253 ofﬁcia
2979 2185 3377 2262 braxatorum
3403 2224 3439 2262 a
3456 2225 3652 2265 came-

1978 2275 2160 2347 rario,
2192 2282 2250 2335 et
2278 2280 2675 2339 advocaciam
2706 2284 2764 2339 in
2797 2286 3071 2344 Malerten
3103 2307 3141 2347 a
3166 2295 3380 2351 comite
3410 2297 3652 2354 Bernar-

1979 2362 2060 2419 do
2090 2365 2166 2421 de
2199 2369 2568 2443 Spegelberg
2590 2372 2731 2428 data
2760 2375 3017 2445 pecunia
3047 2377 3337 2439 liberavit.
3380 2384 3650 2443 Advoca-

1980 2452 2133 2509 ciam
2167 2456 2365 2513 eciam
2398 2459 2458 2515 in
2490 2457 2904 2519 Honhamelen
2936 2482 2972 2522 a
3003 2466 3233 2525 domno
3285 2473 3651 2533 Theodorico

1978 2540 2166 2598 libero
2198 2551 2445 2604 centum
2476 2551 2855 2622 septuaginta
2903 2557 3123 2613 marcis
3171 2561 3494 2619 examinati
3553 2581 3648 2621 ar-

1980 2631 2139 2700 genti
2169 2633 2446 2708 redemit,
2478 2655 2513 2693 a
2542 2655 2665 2711 quo
2695 2641 2873 2698 etiam
2905 2647 3218 2718 sexaginta
3243 2652 3463 2707 marcis
3495 2669 3646 2726 pon-

1979 2718 2330 2780 deratorum
2362 2725 2750 2785 denariorum
2801 2734 3228 2807 proprietatem
3260 2741 3436 2797 castri
3466 2718 3647 2815 depe-

1976 2823 2154 2865 nowe
2240 2815 2388 2885 (156)
2455 2820 2849 2890 comparavit.
2914 2828 3262 2884 Avocatiam
3316 2830 3494 2887 etiam
3546 2832 3647 2887 vil-

1977 2895 2275 2955 licationis
2304 2901 2367 2957 in
2417 2905 2787 2964 Hardeshem
2835 2909 2982 2983 (157)
3042 2915 3264 2972 auxilio
3310 2917 3566 2976 litonum
3611 2938 3648 2976 a

1979 2983 2209 3043 domno
2236 2991 2516 3048 Conrado
2547 2993 2621 3051 de
2648 2996 2880 3053 Piscina
2901 3000 3242 3073 quingentis
3268 3010 3326 3062 et
3347 3008 3643 3083 quinqua-

1980 3074 2145 3144 ginta
2167 3074 2336 3133 libris
2366 3080 2751 3140 denariorum
2802 3074 3387 3151 Hildeusemensium
3443 3099 3645 3171 acqui-

1980 3162 2132 3219 sivit.
2167 3167 2438 3225 Preterea
2485 3171 2868 3229 medietatem
2920 3177 3262 3236 advocaciie
3318 3183 3380 3238 in
3436 3186 3643 3243 Aulica

1977 3253 2126 3323 (158)
2159 3270 2196 3310 a
2225 3254 2456 3313 domno
2490 3259 2778 3333 Lippoldo
2831 3263 2907 3320 de
2963 3269 3239 3326 Escherte
3284 3273 3426 3328 emit
3473 3291 3642 3331 sexa-

1976 3341 2143 3411 ginta
2172 3344 2441 3419 quinque
2472 3347 2659 3418 libris,
2683 3351 2758 3406 de
2782 3353 3004 3425 quibus
3034 3356 3198 3413 dedit
3235 3362 3641 3433 quadraginta

1974 3429 2179 3499 libras,
2213 3437 2268 3488 et
2297 3450 2407 3506 pro
2438 3441 2504 3492 35
2535 3437 2702 3494 libris
2729 3441 3016 3513 obligavit
3043 3446 3097 3502 ei
3144 3429 3335 3505 unum
3375 3429 3636 3510 vorvver-

1975 3536 2114 3575 cum
2144 3522 2207 3577 in
2237 3524 2463 3612 Rodem
2495 3527 2646 3599 (159)
2686 3534 2741 3586 et
2769 3548 3141 3593 vorwercum
3194 3538 3256 3595 in
3315 3541 3636 3612 Anderten,

1973 3612 2031 3665 et
2058 3609 2279 3666 cedens
2299 3611 2596 3704 obligatos
2627 3617 2882 3691 reliquit.
2930 3624 3337 3697 Dapiferatum
3394 3609 3637 3704 quoque

1972 3697 2050 3754 ab
2082 3701 2330 3756 Ernesto
2360 3701 2631 3776 dapifero
2683 3713 2927 3766 centum
2983 3716 3364 3787 septuaginta
3412 3697 3638 3775 marcis

1972 3787 2135 3858 emit,
2163 3791 2475 3861 presertim
2502 3810 2642 3849 cum
2672 3797 2863 3854 multa
2894 3800 3288 3860 incommoda
3316 3808 3377 3860 in
3410 3807 3635 3864 victua-

1969 3876 2130 3931 libus
2158 3877 2235 3933 ab
2265 3878 2400 3951 ipso
2436 3882 2755 3940 sustineret
2783 3904 2795 3953 ;
2831 3892 2888 3943 et
2912 3890 3326 3948 molendinum
3351 3895 3635 3966 pincerne

1971 3966 2273 4037 preposito
2300 3971 2356 4022 et
2380 3970 2641 4041 capitulo
2670 3978 2874 4029 nostro
2905 3979 2962 4031 et
2985 3976 3203 4032 abbate
3236 3981 3421 4035 sancti
3451 3985 3634 4039 Godc-

1970 4053 2144 4108 hardi
2168 4058 2631 4127 cooperantihus
2664 4061 2806 4116 emit
2834 4069 3071 4119 centum
3113 4070 3418 4139 octoginta
3445 4070 3629 4141 libris,

1969 4146 2025 4199 et
2046 4158 2293 4199 censum
2322 4145 2673 4202 molendino
2706 4166 2815 4205 suo
2843 4153 2916 4207 de
2946 4153 3045 4208 tali
3072 4158 3374 4229 emptione
3406 4176 3634 4218 accres-

1969 4238 2221 4301 centem,
2240 4234 2513 4292 videlicet
2530 4254 2714 4293 unam
2744 4240 3137 4313 plaustratam
3153 4249 3340 4318 tritici,
3376 4256 3429 4307 ct
3448 4270 3631 4310 unum

195 4329 413 4404 spiritu
441 4327 543 4384 Dei
569 4331 888 4397 regeretur,
914 4326 1074 4382 circa
1102 4324 1428 4397 spiritualia
1450 4340 1738 4395 magnam
1759 4343 1860 4383 cu-
1898 4370 1940 4423 Β
1969 4322 2363 4423 plaustratain
2396 4326 2659 4397 siliginis.
2695 4335 2751 4385 et
2778 4347 2962 4387 unam
3014 4335 3411 4407 plaustratam
3442 4344 3627 4409 ordei,

194 4434 336 4477 ram
364 4416 595 4488 habuit,
627 4420 683 4473 et
711 4420 915 4472 tamen
944 4414 1166 4471 idcirco
1211 4412 1665 4486 dispositionem
1718 4419 1860 4472 tem-

194 4505 502 4583 poralium
532 4521 657 4562 non
684 4504 962 4575 neglexit.
987 4507 1275 4576 Tempore
1313 4502 1475 4558 enim
1504 4518 1614 4559 suo
1640 4506 1860 4579 recepti

199 4601 347 4653 sunt
369 4595 579 4652 fratres
600 4593 1014 4651 Predicatores
1048 4592 1317 4661 Minores,
1352 4596 1410 4648 et
1441 4607 1676 4649 sorores
1728 4611 1861 4651 san-

200 4691 297 4745 cte
324 4686 497 4744 Maria
525 4683 873 4756 Magdalene
900 4683 1254 4757 penitentes,
1296 4681 1519 4755 quibus
1556 4682 1618 4739 in
1674 4685 1859 4742 eccle-

1967 4411 2045 4469 ad
2072 4413 2542 4472 consolationem
2560 4433 2895 4492 pauperum
2913 4424 3235 4484 scolarium
3256 4430 3439 4486 choro
3458 4432 3631 4488 beate

1969 4503 2140 4560 Marie
2171 4504 2419 4576 virginis
2448 4507 2910 4568 deservientium
2953 4516 3284 4587 assignavit
3339 4525 3631 4591 perpetuo

1971 4598 2028 4651 et
2053 4594 2319 4652 donavit.
2351 4599 2814 4657 Conversionem
2868 4603 3048 4659 etiam
3104 4605 3262 4661 beati
3312 4608 3475 4662 Pauli
3532 4610 3632 4681 agi

1973 4684 2361 4759 solempniter
2389 4686 2659 4759 instituit,
2691 4695 2747 4746 et
2766 4691 2981 4746 eodem
3020 4692 3115 4748 die
3148 4694 3458 4751 karitatem
3489 4714 3629 4754 cum

1584 4792 1819 4849 VARM'I
1859 4793 2255 4850 LECTIONES.

280 4902 327 4943 ⁸⁵
356 4901 449 4971 leg
503 4914 639 4956 com
685 4900 1025 4956 araverunt.
1103 4898 1148 4940 ⁸⁵
1177 4901 1379 4954 tamen
1408 4914 1459 4955 c.
1539 4898 1586 4933 ⁸⁶
1621 4899 1956 4970 negliencia
1987 4916 2038 4956 ο.
2116 4901 2163 4935 ⁸⁷
2210 4899 2487 4956 elucessit
2514 4916 2564 4956 c.
2643 4902 2690 4936 ⁸⁸
2720 4901 2975 4973 quiescit
3018 4908 3155 4990 ante
3205 4906 3387 4963 altare
3440 4912 3629 4967 sancti

280 4971 353 5015 ztri
384 4976 417 5015 ε)
454 4941 469 4956 0
516 4972 563 5007 ⁸9
593 4914 907 5015 annninm
933 4985 984 5015 ρ-
1062 4968 1112 5003 ⁹⁰
1140 4968 1461 5015 nnmndnm
1487 4985 1535 5015 l'_
1619 4972 1664 5006 91
1703 4973 1837 5015 Pnel
1872 4971 2285 5015 hmnsnnuitur
2315 4971 2421 5015 fnl-
2479 4973 2599 5015 ηερ
2652 4987 2865 5015 manus:
2905 4977 3101 5015 cmnulo
3170 4978 3315 5015 Yrrr
3409 4982 3455 5015 92
3518 4996 3629 5015 unm

201 4971 358 5030 Petri
384 4968 439 5028 2'.
516 4972 563 5007 ⁸⁸
593 4968 913 5027 advociam
933 4985 1002 5051 ς..
1062 4968 1112 5003 ⁹⁰
1140 4968 1465 5053 comedam
1487 4985 1536 5027 c.
1602 4972 1664 5053 ft
1696 4968 1837 5053 Post
1870 4972 1995 5053 hac
2015 4971 2285 5053 sequitur
2309 4971 2447 5053 (at;
2479 4973 2599 5026 145’
2652 4968 2865 5029 ma’nus
2900 4977 3107 5032 sazculi
3160 4978 3329 5034 XIII.
3409 4982 3455 5015 9’
3517 4996 3632 5039 v0.1:

203 5045 368 5101 deest
396 5059 448 5100 c.
526 5042 572 5078 93
603 5041 870 5098 XXVIIII"
908 5038 1231 5113 episcopus
1261 5044 1280 5096 1
1315 5039 1425 5097 fuit
1453 5041 1748 5099 excellens
1780 5043 1991 5101 doctor
2012 5042 2073 5099 in
2088 5038 2391 5112 theologia
2419 5045 2471 5097 2.

1810 5162 2031 5217 NOTAE.

308 5267 430 5347 159)
469 5269 711 5347 punsen
735 5261 1001 5347 prefect.
1034 5263 1383 5320 Lavenstein
1414 5264 1442 5319 ?

310 5335 431 5416 151)
467 5335 987 5416 ᾔεε.ΑΑ11ξῑεθιιεθε.
1172 5405 1182 5416 ο
1208 5404 1246 5416 υ
1306 5358 1315 5365 -

310 5405 432 5490 152)
473 5405 944 5490 ξνῦβῐιεὶλᾶιιεθιι
974 5423 1010 5463 a
1038 5405 1286 5462 meridie
1316 5407 1700 5463 Hannoverae.

311 5486 410 5539 153
465 5480 769 5538 Goslarite.

311 5483 435 5625 154)
460 5568 649 5625 prope
683 5552 769 5609 Cet

310 5550 432 5625 154)
460 5568 649 5627 prope
683 5550 926 5609 Cellam.

535 5715 780 5770 PuItOL.
815 5711 1002 5767 CXLI.

1998 5335 2018 5390 1
2052 5265 2197 5389 (155)
2236 5266 2478 5335 Barum,
2512 5265 2874 5339 Beddingen,
2909 5270 3218 5344 Eggelsen,
3244 5272 3496 5342 Bultum,
3522 5276 3633 5331 Ad-

1998 5351 2052 5390 ,e
2080 5352 2202 5390 um.

1979 5351 2202 5391 (letum.

2046 5407 2191 5482 (156)
2234 5409 2519 5482 Depenau
2543 5410 2878 5482 parrochiae
2917 5414 3246 5471 Stenwede.

2048 5478 2188 5544 (157)
2231 5478 2505 5536 Harsum.

2050 5549 2190 5620 (158)
2232 5549 2379 5606 Elze.

2048 5620 2196 5693 (159)
2235 5621 2563 5679 Kirchrode
2590 5639 2778 5698 prope
2806 5625 3124 5685 Anderten.

3122 5720 3191 5775 40
