3998 6176
486 261 618 316 1.259
1629 237 1974 296 APPENDIX
2012 231 2104 287 AD
2125 196 2202 285 's.
2244 205 2747 318 GODEuAnnUM.
3745 243 3822 294 ne

453 378 666 450 'ferina
693 379 766 434 de
796 374 1029 432 decima
1054 371 1116 426 in
1147 369 1368 428 Giftene
1399 371 1546 438 (me)
1576 364 1708 420 dari
1738 359 2018 450 fratribus
2039 373 2129 412 or-
2167 355 2215 406 A
2246 355 2574 450 nasterium
2603 363 2878 415 nostrum
2906 361 2996 416 est
3013 357 3187 415 novis
3210 345 3489 414 trabibus
3515 361 3571 412 et
3623 355 3769 428 tigni:
3799 377 3824 418 ε·

478 445 723 532 dinavit.
780 465 842 521 In
892 459 1326 535 temporalibus
1384 458 1465 512 ita
1518 454 1844 528 prudenter
1891 447 2130 520 agebat,
2239 443 2452 535 tegulis
2505 447 2927 513 instauratum,
2993 453 3049 503 et
3121 445 3592 520 cooperantibus
3632 441 3824 504 ﬁdem;

474 559 638 636 quod
694 555 906 612 nociva
955 531 1229 620 removit,
1285 548 1542 604 alienata
1595 541 1914 613 recollegit,
1965 538 2131 594 utilia
2239 531 2582 590 elemOsinis
2614 552 2803 609 cupro
2834 541 3074 592 tectum.
3133 538 3389 622 Domum
3449 535 3630 589 etiam
3673 537 3828 610 epis-ii

471 615 1058 714 donstruxitfl‘urrim
1073 654 1316 714 quoque
1349 637 1407 692 in
1437 632 1726 707 superiori
1753 635 1947 688 castro
1963 629 2130 684 W’in-
2235 622 2437 694 palem
2468 623 3043 692 Hildensemensem,
3077 640 3194 697 que
3233 615 3338 697 per
3392 621 3739 680 stillicidium
3772 627 3829 680 ds

470 737 738 806 cenburg
767 751 804 790 a
833 709 1062 789 domno
1086 727 1451 784 Theoderico
1481 724 1554 779 de
1578 723 1854 797 Siockem
1883 735 2126 790 recupe-
2235 717 2481 782 pravata
2511 713 2720 780 fuerat,
2754 705 2930 770 bonis
2953 711 3254 770 asseribus
3281 713 3398 782 tegi
3442 711 3598 768 fecit.
3625 705 3731 768 liiis
3751 731 3830 770 om-

468 825 640 894 ravit,
674 799 733 880 ei
760 820 1016 879 eandem
1049 815 1127 874 ad
1179 832 1367 872 unam
1416 815 1668 870 domum
1719 809 2019 879 exaltavit,
2071 813 2127 864 et
2234 799 2414 857 nibus
2436 802 2679 860 feliciter
2703 805 2978 876 peractis,
3012 817 3151 859 cum
3187 819 3248 856 se
3294 800 3740 858 insufticientem
3780 818 3826 858 ari

469 915 852 974 mansionem
873 908 1137 982 episcopi
1191 903 1551 972 emendavit,
1604 900 1824 974 pulcris
1878 898 2124 956 edificiis
2231 892 2497 962 regimen
2535 893 2782 949 ecclesie
2808 897 3130 968 reputaret,
3176 881 3304 948 tum
3358 895 3611 964 propter
3637 890 3828 962 senium,

468 1007 622 1062 sicut
647 1003 850 1076 liquet.
894 979 1146 1057 Montem
1173 995 1353 1052 etiam
1385 997 1769 1048 Bawarorum
1796 990 1854 1045 in
1909 988 2122 1044 eodem
2231 985 2356 1036 tum
2377 988 2620 1055 propter
2649 986 2868 1038 scisma
2891 982 3056 1054 quod
3084 982 3192 1038 fuit
3217 981 3368 1037 inter
3393 979 3601 1036 sedem
3653 984 3827 1054 aposto-

468 1069 774 1166 castro,et
799 1086 1174 1146 advocatiam
1205 1083 1566 1146 Hildenscm,
1618 1085 1674 1136 et
1699 1079 2118 1134 villicationei‘r
2227 1069 2406 1126 licam
2437 1077 2492 1127 et
2551 1071 2892 1144 imperium,
2957 1071 3035 1126 ab
3074 1070 3259 1126 electo
3305 1071 3670 1126 Ferrariense
3731 1075 3827 1125 tunc

465 1162 525 1242 in
549 1179 962 1252 ClowenUBt)
991 1175 1102 1233 illis
1132 1175 1205 1231 de
1226 1174 1500 1230 Escherte
1540 1171 1756 1240 injuste
1779 1167 2123 1242 occupanti-
2327 1159 2648 1252 apostolice
2705 1160 2864 1216 sedis
2938 1159 3135 1230 legato
3191 1159 3533 1215 cessionem
3584 1159 3756 1231 petivit
3789 1168 3823 1214 et
3917 1229 3919 1240 ε

463 1237 924 1344 b—us'expedi‘vit.
945 1237 1231 1324 [Castrum
1254 1267 1310 1318 et
1329 1237 1618 1318 civitatein
1647 1237 1952 1314 Rosendal
1974 1257 2118 1328 (162)
2226 1248 2502 1344 Obtinui},
2541 1249 2760 1305 cedens
2804 1248 2939 1344 loco
2987 1265 3108 1304 non
3157 1247 3458 1318 dignitati.
3517 1251 3821 1320 Moratusqus

463 1337 790 1419 constriixit
811 1361 867 1412 et
893 1353 1166 1420 munivit,
1201 1351 1279 1407 ad
1306 1351 1478 1422 cujus
1535 1347 1902 1420 emptionem
1953 1344 2118 1401 edifi-
2227 1339 2393 1410 apud
2447 1339 2656 1396 fratres
2707 1337 3116 1396 Predicatores
3180 1337 3585 1410 aliquamdiu,
3641 1344 3820 1411 propter

462 1452 780 1516 cntionem,
809 1443 1218 1504 etobsidionis
1240 1440 1656 1497 liberationem
1704 1453 1814 1493 nec
1864 1452 1984 1491 non
2039 1435 2118 1492 ad
2224 1425 2589 1483 discordiam
2619 1431 2884 1500 tempore
2914 1426 3217 1483 electionis
3273 1425 3333 1480 in
3397 1424 3642 1483 ecclesia
3673 1433 3820 1480 nostra

457 1547 655 1614 Peyne
680 1514 824 1612 (16.3)
845 1531 1104 1592 ὀἱνὶιειῐὶε
1131 1520 1511 1587 obsidionem
1570 1525 1852 1601 expendit
1879 1528 2116 1580 monete
2223 1519 2448 1614 {notam
2481 1516 2777 1574 civitatem
2798 1521 3066 1573 nostram
3097 1514 3741 1588 l'elinquenS,pmfectus
3761 1524 3816 1570 est

453 1604 960 1700 'Ililvdensemensis
1017 1626 1150 1680 octo
1203 1619 1368 1678 milia
1425 1619 1804 1675 talentorum.
1879 1613 2154 1700 Turrim,
2225 1606 2668 1700 Sehonovviam,
2707 1605 2914 1664 ubiad
2942 1605 3261 1662 Dominum
3311 1604 3587 1674 migrans
3638 1605 3818 1660 feliciter

458 1697 769 1802 quandam
803 1713 1148 1774 Scherstede
1179 1711 1325 1784 (164)
1356 1709 1417 1765 in
1435 1725 1574 1765 area
1602 1723 1712 1762 sua
1731 1704 1948 1776 injuste
1980 1721 2116 1760 con-
2142 1675 2194 1756 1Β
2223 1693 2555 1793 requiescit.
2591 1695 2756 1766 Rexit
2783 1699 2985 1751 autem
3016 1693 3328 1751 ecclesiam
3370 1700 3633 1750 nostram
3668 1699 3721 1749 Ξῖ
3741 1710 3815 1750 an.

459 1781 744 1888 structam
769 1805 950 1863 diruit
977 1781 1216 1877 penitus
1248 1781 1636 1856 etdestruxit.
1681 1799 1932 1852 Emnam
1961 1797 2038 1862 (lt

2232 1781 2333 1852 nis,
2389 1787 2446 1840 et
2467 1789 2614 1857 post
2659 1784 2994 1840 cessionem
3043 1791 3219 1840 suam
3261 1783 3326 1840 in
3375 1783 3556 1840 tercio
3599 1798 3732 1840 anno
3757 1785 3811 1839 15.

457 1879 756 1958 civitatem
783 1872 1074 1952 obsidens
1109 1889 1284 1962 coepit
1314 1894 1370 1944 et
1395 1892 1632 1960 captam
1665 1883 1972 1942 destruxit.
2033 1882 2112 1938 Si-
2222 1872 2524 1930 Kalendas
2546 1873 2833 1942 Januarii,
2861 1873 3010 1930 obiit
3037 1887 3198 1929 anno
3230 1872 3472 1928 Domini
3511 1874 3632 1930 1249
3657 1873 3711 1927 “.

456 1989 670 2051 militer
693 1985 960 2044 Insulam
993 1986 1036 2052 (t
1049 1979 1138 2053 66)
1188 1983 1452 2035 castrum
1482 1975 1647 2050 apud
1674 1979 1945 2032 nostram
1977 1973 2035 2028 ci

1788 1971 2114 2084 ,ίῗῗῗξῖίῖῖῗ
2738 2000 3111 2071 HEINRIC‘US
3143 2015 3190 2048 υτ
3214 2015 3367 2069 29ης.

455 2085 638 2138 tatem
669 2077 873 2152 situm,
889 2073 950 2130 in
976 2088 1098 2144 quo
1119 2069 1440 2126 violatores
1460 2067 1626 2140 pacis
1653 2082 1716 2124 se
1740 2067 2108 2138 receperant,

455 2147 824 2242 expugnavit
850 2137 907 2220 et
925 2137 1232 2218 destruxit.
1265 2137 1482 2214 Videns
1519 2153 1698 2212 etiam
1747 2137 2039 2228 angarias,
2057 2156 2114 2208 et
2292 2141 2432 2242 Fest
2453 2139 2787 2242 cessionem
2811 2138 3169 2196 venerabilis
3192 2139 3386 2213 patris
3417 2153 3489 2198 ac
3507 2137 3707 2194 domini
3725 2137 3811 2209 epi-

454 2227 878 2336 oppressiones
923 2251 1248 2318 liberorum
1308 2245 1556 2302 minoris
1619 2243 1864 2300 comicie
1936 2227 2112 2313 juirta
2221 2230 2388 2304 εοορί
2414 2229 2694 2301 conradi,
2721 2231 2986 2286 domnus
3017 2229 3322 2285 Ηθίιπίουε
3349 2227 3809 2300 Ηγιιεειωείδάθη·

1443 2335 1448 2336 ,
1603 2333 1610 2336 ,
1788 2333 1804 2336 _
1923 2331 1935 2336 ,
2010 2335 2024 2336 ί
2257 2319 2268 2330 .
2979 2318 3028 2336 εμ
3476 2315 3786 2336 ,ημψω

455 2315 756 2412 Nbi'twolt,
789 2340 931 2398 emit
951 2315 1208 2397 eandem
1233 2353 1270 2393 a
1298 2335 1512 2392 comite
1571 2333 1848 2389 Conrado
1901 2331 1975 2388 de
2009 2335 2108 2387 Le-
2221 2319 2304 2412 Sis
2333 2318 2580 2376 ecclesie
2603 2319 2947 2391 propositus
2974 2318 3036 2374 in
3068 2317 3426 2391 episcopum
3475 2321 3714 2372 nostrum
3734 2315 3806 2369 eli-

455 2435 696 2502 went-od
733 2407 882 2505 (.167)
941 2427 1248 2486 trescentis
1303 2426 1606 2494 octoginta
1655 2421 1821 2478 libris
1871 2425 2110 2478 monete
2220 2409 2408 2505 Sinni
2425 2408 2534 2505 sed
2554 2407 2883 2505 postulatio
2912 2408 3071 2505 facta
3123 2407 3199 2462 de
3254 2407 3490 2505 domno
3540 2409 3807 2505 [lci-manlio

455 2495 978 2584 Hildensemensis.
1011 2516 1277 2575 Tandem
1308 2513 1531 2571 ultimis
1555 2505 1768 2569 diebus
1802 2512 1932 2567 suis
1972 2527 2110 2568 con-
2221 2499 2411 2556 sane“
2434 2498 2664 2570 Cyriaci
2692 2497 2756 2553 in
2783 2497 3126 2553 BrlmSWihc
3166 2496 3478 2570 prepoSito
3531 2495 3802 2552 electionem

458 2615 728 2672 siderans
751 2607 1087 2686 periculum
1103 2611 1161 2663 et
1189 2619 1514 2678 gravamen
1543 2599 1978 2658 transeuntium
2011 2603 2037 2655 Ρ

2223 2588 2408 2662 ipsius
2439 2586 2842 2660 multipliciter
2865 2585 3252 2658 perturbavit,
3279 2585 3440 2642 adeo
3467 2589 3579 2641 uta
3602 2597 3715 2652 rege
3746 2582 3802 2636 in-

455 2670 926 2782 penburg,‘emit
953 2670 1486 2772 partem—ejusdem
1517 2690 1697 2747 castri
1721 2689 1992 2746 ducentis
2023 2689 2109 2743 vi-
2218 2678 2488 2778 vestitus,
2521 2676 2601 2733 ab
2629 2673 3081 2775 archiepiscopo
3107 2672 3520 2775 conﬁrmatus,
3549 2670 3802 2746 possessio-

457 2764 603 2866 .ginti
629 2764 816 2856 libwris,
848 2792 904 2844 et
933 2764 1254 2844 minoreml
1284 2781 1492 2838 turrim
1549 2780 1758 2836 decem
1811 2777 1996 2852 libris,
2057 2781 2113 2834 et
2217 2785 2359 2826 nem
2388 2767 2653 2841 quietam
2675 2771 2897 2822 nostrae
2943 2764 3191 2822 civitatis
3218 2764 3447 2820 habere
3492 2779 3600 2819 non
3625 2765 3798 2834 posset.

457 2851 756 2938 adiﬁcavit
778 2875 860 2932 ibi
889 2873 1272 2930 mansionem
1316 2885 1453 2924 cum
1499 2865 1754 2936 ofticinis
1807 2866 1930 2922 suis
1969 2883 2110 2922 con-
2219 2862 2277 2916 et
2303 2856 2589 2913 omnibus
2619 2854 2828 2910 castris
2855 2853 3100 2910 ecclesie
3129 2859 3186 2910 et
3214 2853 3456 2928 oppidis
3489 2852 3560 2909 ab
3586 2851 3801 2909 adversa-

459 2971 718 3026 stantem
738 2963 858 3020 fere
891 2963 1132 3016 centum
1157 2957 1366 3027 libras,
1396 2973 1506 3012 nec
1539 2955 1770 3020 sinebat
1797 2971 1949 3011 nova
1976 2955 2114 3011 telo-
2219 2946 2306 3004 rio
2329 2962 2438 3002 suo
2469 2943 2800 3018 occupatis,
2833 2948 3080 3016 excepto
3113 2942 3524 3011 Vincemburg,
3553 2940 3620 2998 ad
3661 2936 3802 3010 repri-

457 3057 560 3114 nia
587 3052 830 3120 institui,
860 3048 1021 3106 unde
1053 3048 1308 3104 viatores
1328 3045 1518 3116 solent
1543 3042 1802 3101 indebite
1839 3043 2114 3105 molesta-
2154 3055 2194 3110 α
2226 3037 2479 3093 mendas
2506 3051 2650 3090 suas
2682 3051 2752 3090 ac
2783 3049 3031 3089 suorum
3059 3033 3312 3104 injurias
3340 3033 3421 3088 ad
3448 3031 3701 3088 damnum
3723 3042 3801 3100 pa-

457 3146 526 3205 ri.
556 3146 830 3200 Ceterum
861 3137 1240 3196 medietatem
1297 3134 1608 3192 advocatie
1659 3133 1720 3189 in
1766 3127 2111 3191 Scherstcde
2219 3143 2366 3200 pam
2395 3123 2806 3182 Innocentium
2837 3127 3142 3196 quartum,
3165 3122 3271 3195 qui
3297 3127 3436 3178 tunc
3459 3119 3691 3189 Lugduni
3707 3127 3800 3172 mo-

462 3235 608 3309 (168)
636 3231 779 3289 emit
807 3227 1100 3286 sexcentis
1129 3223 1570 3298 quinquaginta
1603 3223 1786 3288 libris,
1839 3228 1895 3280 et
1951 3223 2112 3279 editi-
2221 3217 2490 3282 rabatur,
2525 3213 2774 3270 accessit
2791 3231 2811 3292 νς
2844 3228 2955 3286 pro
2986 3213 3158 3284 cujus
3190 3217 3420 3269 mature
3467 3223 3685 3282 persona
3731 3221 3796 3261 re-

457 3294 610 3387 cavit
635 3319 716 3377 ibi
739 3321 1004 3374 castrum
1035 3294 1672 3384 onerosissumptibus
1702 3316 1759 3366 et
1810 3311 2110 3385 expensis,
2221 3305 2488 3363 verentia
2511 3321 2622 3361 nec
2647 3319 2769 3359 non
2811 3301 3006 3360 Sifridi
3052 3301 3376 3371 Maguntini
3435 3294 3794 3370 archiepiscopi

457 3429 568 3488 pro
583 3409 806 3486 quibus
833 3405 1099 3480 quedam
1119 3403 1285 3459 bona
1309 3400 1388 3457 ad
1409 3400 1812 3474 episcopalem
1838 3415 2114 3456 mensam
2223 3411 2472 3470 precum
2510 3393 2794 3450 instantia
2835 3391 2969 3448 licet
3024 3391 3089 3447 in
3136 3390 3420 3464 principio
3461 3389 3539 3444 sui
3567 3385 3795 3442 introitus

457 3475 826 3575 pertinencia
853 3475 1184 3564 _obligavit,
1241 3495 1297 3546 et
1329 3489 1592 3560 obligata
1642 3488 1877 3562 reliquit
1929 3491 1997 3544 9".
2050 3494 2113 3545 In
2224 3485 2489 3541 domnus
2509 3498 2674 3556 papa
2690 3485 2748 3538 et
2770 3483 2890 3538 tota
2912 3479 3080 3536 curia
3099 3479 3258 3536 circa
3276 3495 3399 3535 eum
3421 3475 3640 3575 benigne
3672 3486 3787 3525 mo-

460 3560 646 3648 eausa
674 3599 916 3660 quoque
943 3579 1328 3638 Goslariensis
1377 3579 1620 3635 ecclesie
1673 3560 1954 3652 expendit
1981 3596 2115 3636 exa-
2224 3577 2521 3642 verentur,
2575 3577 2775 3627 tamen
2831 3567 3008 3626 variis
3057 3565 3464 3639 sugestionibus
3503 3560 3776 3618 multorum

461 3677 668 3735 minati
693 3648 929 3745 argenti
959 3671 1250 3728 ducentas
1278 3685 1538 3736 marcas,
1595 3672 1650 3724 et
1679 3648 1964 3738 in'ligura
2015 3669 2112 3740 ju-
2223 3663 2517 3719 nobilium
2549 3661 2885 3716 amicorum
2914 3657 3058 3714 dicti
3083 3655 3376 3731 postulati,
3400 3648 3784 3745 negotiumiani

461 3766 600 3824 dicii
621 3781 730 3840 per
757 3735 1054 3834 lcgitimas
1097 3756 1484 3833 probationes
1509 3755 1766 3812 obtinuit
1793 3735 1959 3830 quod
2015 3735 2114 3814 ea-
2225 3753 2378 3826 dicti
2390 3749 2660 3825 episcopi
2688 3748 2910 3805 mansit
2951 3763 3060 3820 per
3108 3763 3340 3806 annum
3385 3749 3436 3802 et
3480 3738 3698 3814 amplius
3719 3735 3793 3836 .in

461 3857 602 3914 dem
623 3825 880 3910 ecclesia
906 3825 1176 3920 subjecta
1205 3845 1314 3903 erit
1343 3845 1406 3901 in
1437 3825 2116 3921 spirit'ilibus—episcopo
2227 3825 2538 3916 suspenso.
2584 3837 2852 3896 Tandem
2905 3836 3234 3894 venerabili
3287 3841 3446 3910 patre
3487 3849 3546 3889 ac
3596 3825 3799 3921 domino

464 3940 958 4002 Hildensemensi.
991 3941 1186 3994 Preter
1222 3936 1334 3992 hec
1376 3917 1584 3990 omnia
1639 3917 1925 3991 diocesiin
1983 3917 2117 3992 nos-
2225 3930 2684 4006 Argentenensis
2708 3927 2956 3986 ecclesie
2987 3927 3274 4002 episcopo
3305 3927 3616 3984 exsecutum
3637 3917 3802 3975 obten-

463 4041 618 4093 tram
647 4050 684 4092 a
707 4028 1085 4105 jurisditione
1113 4025 1391 4094 ducatus,
1443 4039 1630 4096 quam
1675 4023 2118 4096 jurisditionem
2228 4004 2474 4094 to,ﬁcum
2503 4019 2706 4076 multis
2731 4016 2938 4089 gratiis
2961 4033 2998 4072 a
3031 4017 3172 4074 sede
3215 4015 3534 4090 apostolica
3551 4009 3647 4067 sibi
3667 4004 3802 4105 colla-

463 4095 728 4179 domnus
757 4121 887 4176 Otto
943 4117 1069 4172 dux
1123 4095 1610 4171 Brunesvicensis
1667 4095 1780 4169 sibi
1825 4129 2118 4187 usurpare
2225 4112 2317 4180 tis,
2347 4128 2382 4168 a
2411 4110 2639 4167 domno
2667 4122 2831 4182 papa
2853 4103 3184 4162 honoriﬁce
3215 4109 3305 4162 est
3332 4103 3630 4160 dimissus.
3674 4095 3805 4150 Dom—

467 4225 674 4266 coram
699 4205 928 4263 domno
955 4204 1316 4278 imperatore
1346 4205 1403 4258 et
1425 4200 1797 4274 principibus
1843 4201 1906 4256 in
1954 4202 2118 4258 curia
2225 4217 2342 4257 nus
2371 4215 2514 4256 vero
2543 4195 3024 4268 Argentenensis,
3057 4192 3571 4268 quemadmodum
3593 4189 3646 4246 in
3677 4199 3805 4242 man-

465 4294 763 4368 solempni
777 4293 939 4366 apud
961 4271 1710 4361 Mahunciamdntendebat
1731 4290 1852 4361 (an.
1893 4288 2024 4347 1235
2044 4291 2116 4363 ἰν),
2225 4291 2378 4347 datis
2407 4290 2731 4362 receperat,
2761 4283 3181 4358 prenominato
3239 4283 3522 4357 episcopo
3562 4271 3810 4368 cum

463 4361 790 4461 prudenter
814 4361 1108 4450 liberavit,
1138 4378 1363 4434 ibidem
1391 4394 1536 4434 voce
1587 4377 1830 4451 publica
1883 4361 2114 4452 protes-
2153 4404 2199 4459 Β
2224 4379 2462 4453 justicia
2483 4361 2763 4432 universa
2791 4389 2862 4430 ac
2892 4371 3126 4461 singula
3155 4370 3544 4444 redintegrari
3588 4361 3810 4443 precepit.

463 4460 599 4548 tans
629 4488 834 4531 coram
863 4467 1170 4536 omnibus,
1215 4465 1763 4522 Hildensemensem
1811 4467 2117 4542 episcopa—
2226 4484 2475 4526 suarum
2515 4463 2944 4522 sententiarum
2969 4460 3175 4520 banno
3205 4461 3657 4518 contradictores
3677 4470 3734 4510 ac.
3753 4465 3816 4506 re-

460 4543 592 4624 tum
620 4561 842 4619 nullius
873 4555 1162 4625 dominio,
1190 4553 1411 4611 nullius
1441 4554 1705 4625 ducatui,
1731 4539 2116 4631 preterquam
2223 4558 2408 4616 belles
2438 4553 2954 4630 compescendo.A
2985 4553 3156 4631 cujus
3187 4547 3495 4609 sententiis
3551 4539 3817 4605 adversarii

463 4655 648 4713 solius
669 4648 940 4726 episcopi
960 4646 1271 4720 subjacere
1299 4663 1314 4703 ι
1346 4647 1402 4702 et
1429 4643 1545 4700 hoc
1575 4643 1684 4700 fuit
1718 4643 1796 4700 ab
1828 4629 2117 4704 universis
2225 4629 2620 4723 appellantes,
2651 4629 3358 4718 procuraverunt'partes
3389 4640 3466 4698 ad
3517 4631 3817 4714 presentiam

460 4741 835 4818 principibus
865 4735 1290 4812 approbatum.
1341 4735 1608 4801 Quatuor
1651 4733 1832 4790 etiam
1884 4736 2116 4793 vicibus
2225 4737 2602 4810 domnipape
2619 4733 2842 4800 scitari;
2872 4729 2977 4788 ubi
2990 4731 3292 4806 postulato
3305 4727 3684 4805 personaliter
3699 4735 3820 4779 com-

460 4836 718 4894 existens
748 4833 1066 4908 episcopus
1109 4828 1170 4884 in
1223 4826 1465 4898 negotio
1521 4825 1714 4882 crucis
1762 4830 1819 4882 et
1869 4827 2116 4885 ecclesie
2224 4821 2984 4902 parente,procuratoribus
2999 4820 3290 4894 sepedicti
3307 4816 3820 4894 episcopietiamas-

459 4927 726 4981 Romane
757 4905 814 4978 et
839 4917 1080 4996 proprie
1105 4915 1284 4990 Alpes
1307 4915 1579 4973 transivit
1633 4913 1872 4985 magnis
1901 4913 2119 4972 labori-
2225 4915 2510 4985 tantibus,
2533 4912 2800 4987 prefatus
2827 4909 3170 4984 postulatus
3199 4909 3276 4966 de
3297 4925 3407 4966 ore
3463 4905 3661 4966 domui
3685 4913 3818 4978 ριρει

456 5011 575 5070 bus
607 5018 662 5069 et
693 4994 988 5084 expensis.
1047 5009 1127 5062 Ex
1175 5005 1551 5079 promotione
1591 5003 1770 5060 etiam
1826 5020 1934 5084 sua
1991 5021 2118 5062 mo-
2225 5023 2364 5063 cum
2389 5003 2618 5060 silentio
2636 5001 2750 5058 sibi
2765 4997 3067 5072 imposito,
3093 4997 3545 5073 super-ecclesia
3561 4994 3820 5068 Hyldenst

531 5175 578 5208 9"
607 5173 753 5228 Ha’c
767 5174 899 5241 jam
928 5183 1115 5241 supra
1148 5167 1450 5236 leguntur.
1557 5166 1610 5241 οἳ
1628 5094 2504 5241 Αἰιρ-
2526 5169 2597 5241 _ul
2651 5162 2975 5241 Leibfiitius
3005 5161 3236 5241 scrinii:
3343 5163 3392 5195 9‘
3423 5151 3760 5217 MCCXLVIII.
3783 5151 3816 5200 ἳ-

456 5245 741 5316 Sequitur
767 5232 1140 5298 iter-um'alia
1165 5232 1399 5302 "ianus,
1429 5237 1638 5292 saeculi
1667 5232 2045 5293 XIII'medii.
2125 5239 2172 5274 97
2204 5237 2492 5294 Henricus
2515 5234 2826 5304 inscriptio
2851 5233 3064 5289 saeculi
3090 5232 3175 5302 X1
3192 5233 3252 5287 V.

2047 5327 2274 5384 NOTAE.

555 5405 678 5468 160)
716 5401 923 5458 Giften.
2048 5379 2068 5381 ἢ
2085 5379 2091 5382 “
2111 5379 2134 5384 ⁷

2233 5379 2438 5464 ⁷⁷(165)
2479 5396 2659 5468 Hodie
2685 5397 2926 5468 Gronau
2947 5411 2962 5468 ς
2983 5408 3040 5468 δέ.
3059 5389 3214 5468 infra
3241 5390 3302 5468 in
3320 5391 3606 5468 episcopo
3632 5379 3812 5445 Sifrido-

554 5451 676 5540 iéii
712 5451 954 5532 ansa.
2288 5451 2437 5540 (res)
2476 5451 2738 5536 wet-der,
2763 5463 2869 5540 ubi
2904 5451 3041 5540 1660
3065 5451 3396 5540 (διερεΐίιᾷιῷ
3421 5451 3688 5540 ca‘r'i‘nqs.

717 5529 1054 5627 tiosenthal.
2475 5529 2819 5627 ἔκαμψερἀ
2845 5539 3130 5605 castrum,
3159 5533 3531 5592 Hau'no'veraa
3547 5529 3812 5603 obiectum.

552 5608 676 5684 163')
716 5616 934 5682 Peina._
2291 5608 2436 5682 (168)
2477 5608 2756 5668 Sarstedt.

528 5685 670 5756 (164)
713 5685 992 5744 Sarstedt.
