  <div class='ocr_page' id='page_1' title='image "/cluster/home/n/w/nwhite01/storage/ocr_20150623/141/hvd.32044054760012/635.png"; bbox 0 0 3996 6168; ppageno 0'>
   <div class='ocr_carea' id='block_1_1' title="bbox 344 155 1922 223">
    <p class='ocr_par' dir='ltr' id='par_1_1' title="bbox 344 160 1922 219">
     <span class='ocr_line' id='line_1_1' title="bbox 344 160 1922 219; baseline -0.001 -3"><span class='ocrx_word' id='word_1_1' title='bbox 344 163 480 219; x_wconf 84' lang='lat'>1263</span> <span class='ocrx_word' id='word_1_2' title='bbox 1492 161 1840 217; x_wconf 82' lang='lat' dir='ltr'>APPENDIX</span> <span class='ocrx_word' id='word_1_3' title='bbox 1879 160 1922 212; x_wconf 90' lang='lat' dir='ltr'><strong>A</strong></span> 
     </span>
    </p>
   </div>
   <div class='ocr_carea' id='block_1_2' title="bbox 2227 155 3805 223">
    <p class='ocr_par' dir='ltr' id='par_1_2' title="bbox 2227 159 3805 223">
     <span class='ocr_line' id='line_1_2' title="bbox 2227 159 3805 223; baseline 0.006 -11"><span class='ocrx_word' id='word_1_4' title='bbox 2227 159 2622 219; x_wconf 81' lang='lat' dir='ltr'>DEHARDUM.</span> <span class='ocrx_word' id='word_1_5' title='bbox 3672 167 3805 223; x_wconf 64' lang='lat' dir='ltr'>us;</span> 
     </span>
    </p>
   </div>
   <div class='ocr_carea' id='block_1_3' title="bbox 335 279 3811 360">
    <p class='ocr_par' dir='ltr' id='par_1_3' title="bbox 335 279 3811 360">
     <span class='ocr_line' id='line_1_3' title="bbox 335 279 3811 360; baseline 0.001 -16"><span class='ocrx_word' id='word_1_6' title='bbox 335 290 585 344; x_wconf 82' lang='lat' dir='ltr'>conatus</span> <span class='ocrx_word' id='word_1_7' title='bbox 623 286 870 342; x_wconf 83' lang='lat' dir='ltr'>ecclesia</span> <span class='ocrx_word' id='word_1_8' title='bbox 898 289 1103 342; x_wconf 87' lang='lat' dir='ltr'>nostra</span> <span class='ocrx_word' id='word_1_9' title='bbox 1152 301 1259 358; x_wconf 91' lang='lat' dir='ltr'>per</span> <span class='ocrx_word' id='word_1_10' title='bbox 1303 286 1505 359; x_wconf 87' lang='lat' dir='ltr'>plures</span> <span class='ocrx_word' id='word_1_11' title='bbox 1552 301 1744 342; x_wconf 84' lang='lat' dir='ltr'>annos</span> <span class='ocrx_word' id='word_1_12' title='bbox 1776 291 1899 341; x_wconf 89' lang='lat' dir='ltr'>tam</span> <span class='ocrx_word' id='word_1_13' title='bbox 1931 283 1990 339; x_wconf 94' lang='lat' dir='ltr'>in</span> <span class='ocrx_word' id='word_1_14' title='bbox 2028 283 2075 336; x_wconf 82' lang='lat' dir='ltr'><strong>A</strong></span> <span class='ocrx_word' id='word_1_15' title='bbox 2104 279 2409 352; x_wconf 86' lang='lat' dir='ltr'>piscatura</span> <span class='ocrx_word' id='word_1_16' title='bbox 2439 289 2494 340; x_wconf 92' lang='lat' dir='ltr'>et</span> <span class='ocrx_word' id='word_1_17' title='bbox 2521 290 2553 340; x_wconf 88' lang='lat'>9</span> <span class='ocrx_word' id='word_1_18' title='bbox 2583 287 2811 343; x_wconf 90' lang='lat' dir='ltr'>mansis</span> <span class='ocrx_word' id='word_1_19' title='bbox 2838 287 3142 360; x_wconf 88' lang='lat' dir='ltr'>predictis,</span> <span class='ocrx_word' id='word_1_20' title='bbox 3176 303 3290 359; x_wconf 89' lang='lat' dir='ltr'>pro</span> <span class='ocrx_word' id='word_1_21' title='bbox 3347 292 3527 343; x_wconf 83' lang='lat' dir='ltr'>certo</span> <span class='ocrx_word' id='word_1_22' title='bbox 3580 295 3642 344; x_wconf 85' lang='lat' dir='ltr'>et</span> <span class='ocrx_word' id='word_1_23' title='bbox 3674 306 3811 346; x_wconf 82' lang='lat' dir='ltr'>con-</span> 
     </span>
    </p>
   </div>
   <div class='ocr_carea' id='block_1_4' title="bbox 335 370 3816 451">
    <p class='ocr_par' dir='ltr' id='par_1_4' title="bbox 335 370 3816 451">
     <span class='ocr_line' id='line_1_4' title="bbox 335 370 3816 451; baseline 0.001 -19"><span class='ocrx_word' id='word_1_24' title='bbox 335 377 742 450; x_wconf 89' lang='lat' dir='ltr'>spiritualibus</span> <span class='ocrx_word' id='word_1_25' title='bbox 771 391 960 448; x_wconf 89' lang='lat' dir='ltr'>quam</span> <span class='ocrx_word' id='word_1_26' title='bbox 1013 375 1074 430; x_wconf 93' lang='lat' dir='ltr'>in</span> <span class='ocrx_word' id='word_1_27' title='bbox 1124 376 1560 449; x_wconf 84' lang='lat' dir='ltr'>temporalibus</span> <span class='ocrx_word' id='word_1_28' title='bbox 1601 375 1988 447; x_wconf 82' lang='lat' dir='ltr'>gubernatur.</span> <span class='ocrx_word' id='word_1_29' title='bbox 2104 370 2307 428; x_wconf 89' lang='lat' dir='ltr'>stituto</span> <span class='ocrx_word' id='word_1_30' title='bbox 2333 375 2552 446; x_wconf 87' lang='lat' dir='ltr'>precio,</span> <span class='ocrx_word' id='word_1_31' title='bbox 2586 377 2859 433; x_wconf 86' lang='lat' dir='ltr'>videlicet</span> <span class='ocrx_word' id='word_1_32' title='bbox 2896 395 3006 451; x_wconf 90' lang='lat' dir='ltr'>pro</span> <span class='ocrx_word' id='word_1_33' title='bbox 3038 377 3340 443; x_wconf 84' lang='lat' dir='ltr'>trecentis,</span> <span class='ocrx_word' id='word_1_34' title='bbox 3374 377 3816 451; x_wconf 85' lang='lat' dir='ltr'>quinquagin-</span> 
     </span>
    </p>
   </div>
   <div class='ocr_carea' id='block_1_5' title="bbox 334 463 3813 540">
    <p class='ocr_par' dir='ltr' id='par_1_5' title="bbox 334 463 3813 540">
     <span class='ocr_line' id='line_1_5' title="bbox 334 463 3813 540; baseline 0 -18"><span class='ocrx_word' id='word_1_35' title='bbox 334 466 559 522; x_wconf 88' lang='lat' dir='ltr'>lndicto</span> <span class='ocrx_word' id='word_1_36' title='bbox 587 480 725 520; x_wconf 89' lang='lat' dir='ltr'>vero</span> <span class='ocrx_word' id='word_1_37' title='bbox 756 464 1007 520; x_wconf 92' lang='lat' dir='ltr'>concilio</span> <span class='ocrx_word' id='word_1_38' title='bbox 1032 465 1196 538; x_wconf 91' lang='lat' dir='ltr'>apud</span> <span class='ocrx_word' id='word_1_39' title='bbox 1223 467 1587 534; x_wconf 86' lang='lat' dir='ltr'>Lugdunum</span> <span class='ocrx_word' id='word_1_40' title='bbox 1614 483 1650 522; x_wconf 91' lang='lat' dir='ltr'>a</span> <span class='ocrx_word' id='word_1_41' title='bbox 1678 482 1841 538; x_wconf 91' lang='lat' dir='ltr'>papa</span> <span class='ocrx_word' id='word_1_42' title='bbox 1861 467 1993 520; x_wconf 88' lang='lat' dir='ltr'>Gre-</span> <span class='ocrx_word' id='word_1_43' title='bbox 2101 463 2161 516; x_wconf 86' lang='lat' dir='ltr'>ta</span> <span class='ocrx_word' id='word_1_44' title='bbox 2189 463 2428 528; x_wconf 88' lang='lat' dir='ltr'>marcis,</span> <span class='ocrx_word' id='word_1_45' title='bbox 2459 465 2728 522; x_wconf 90' lang='lat' dir='ltr'>manebit</span> <span class='ocrx_word' id='word_1_46' title='bbox 2751 466 2998 522; x_wconf 89' lang='lat' dir='ltr'>ecclesie</span> <span class='ocrx_word' id='word_1_47' title='bbox 3026 485 3038 534; x_wconf 89' lang='lat'>;</span> <span class='ocrx_word' id='word_1_48' title='bbox 3093 467 3168 521; x_wconf 92' lang='lat' dir='ltr'>de</span> <span class='ocrx_word' id='word_1_49' title='bbox 3201 466 3444 539; x_wconf 88' lang='lat' dir='ltr'>quibus</span> <span class='ocrx_word' id='word_1_50' title='bbox 3498 468 3813 540; x_wconf 84' lang='lat' dir='ltr'>quinqua-</span> 
     </span>
    </p>
   </div>
   <div class='ocr_carea' id='block_1_6' title="bbox 333 549 3813 629">
    <p class='ocr_par' dir='ltr' id='par_1_6' title="bbox 333 549 3813 629">
     <span class='ocr_line' id='line_1_6' title="bbox 333 549 3813 629; baseline 0.001 -19"><span class='ocrx_word' id='word_1_51' title='bbox 333 554 498 624; x_wconf 90' lang='lat' dir='ltr'>gorio</span> <span class='ocrx_word' id='word_1_52' title='bbox 527 557 588 620; x_wconf 89' lang='grc' dir='ltr'>Χ,</span> <span class='ocrx_word' id='word_1_53' title='bbox 613 557 752 608; x_wconf 91' lang='lat' dir='ltr'>tunc</span> <span class='ocrx_word' id='word_1_54' title='bbox 785 553 1051 626; x_wconf 90' lang='lat' dir='ltr'>primum</span> <span class='ocrx_word' id='word_1_55' title='bbox 1083 570 1153 610; x_wconf 90' lang='lat' dir='ltr'>eo</span> <span class='ocrx_word' id='word_1_56' title='bbox 1184 554 1244 609; x_wconf 91' lang='lat' dir='ltr'>in</span> <span class='ocrx_word' id='word_1_57' title='bbox 1275 555 1652 626; x_wconf 83' lang='lat' dir='ltr'>dyaconatus</span> <span class='ocrx_word' id='word_1_58' title='bbox 1682 559 1738 610; x_wconf 90' lang='lat' dir='ltr'>et</span> <span class='ocrx_word' id='word_1_59' title='bbox 1762 553 1990 627; x_wconf 90' lang='lat' dir='ltr'>presbi-</span> <span class='ocrx_word' id='word_1_60' title='bbox 2100 549 2265 618; x_wconf 84' lang='lat' dir='ltr'>ginta</span> <span class='ocrx_word' id='word_1_61' title='bbox 2297 568 2498 609; x_wconf 89' lang='lat' dir='ltr'>marce</span> <span class='ocrx_word' id='word_1_62' title='bbox 2524 555 2653 626; x_wconf 92' lang='lat' dir='ltr'>jam</span> <span class='ocrx_word' id='word_1_63' title='bbox 2685 572 2790 628; x_wconf 91' lang='lat' dir='ltr'>per</span> <span class='ocrx_word' id='word_1_64' title='bbox 2819 557 3176 629; x_wconf 79' lang='lat' dir='ltr'>epiSCOpum</span> <span class='ocrx_word' id='word_1_65' title='bbox 3207 561 3353 611; x_wconf 87' lang='lat' dir='ltr'>sunt</span> <span class='ocrx_word' id='word_1_66' title='bbox 3387 556 3628 611; x_wconf 86' lang='lat' dir='ltr'>solute.</span> <span class='ocrx_word' id='word_1_67' title='bbox 3670 562 3813 612; x_wconf 79' lang='lat' dir='ltr'>Item</span> 
     </span>
    </p>
   </div>
   <div class='ocr_carea' id='block_1_7' title="bbox 330 637 3811 716">
    <p class='ocr_par' dir='ltr' id='par_1_7' title="bbox 330 637 3811 716">
     <span class='ocr_line' id='line_1_7' title="bbox 330 637 3811 716; baseline 0.001 -19"><span class='ocrx_word' id='word_1_68' title='bbox 330 646 551 698; x_wconf 89' lang='lat' dir='ltr'>teratus</span> <span class='ocrx_word' id='word_1_69' title='bbox 583 641 826 698; x_wconf 90' lang='lat' dir='ltr'>ordines</span> <span class='ocrx_word' id='word_1_70' title='bbox 851 646 1151 716; x_wconf 88' lang='lat' dir='ltr'>promoto,</span> <span class='ocrx_word' id='word_1_71' title='bbox 1185 660 1322 699; x_wconf 93' lang='lat' dir='ltr'>cum</span> <span class='ocrx_word' id='word_1_72' title='bbox 1354 643 1482 699; x_wconf 88' lang='lat' dir='ltr'>aliis</span> <span class='ocrx_word' id='word_1_73' title='bbox 1508 643 1880 716; x_wconf 89' lang='lat' dir='ltr'>coepiscopis</span> <span class='ocrx_word' id='word_1_74' title='bbox 1913 643 1992 699; x_wconf 90' lang='lat' dir='ltr'>ad</span> <span class='ocrx_word' id='word_1_75' title='bbox 2100 637 2391 695; x_wconf 84' lang='lat' dir='ltr'>allodium</span> <span class='ocrx_word' id='word_1_76' title='bbox 2422 643 2639 697; x_wconf 83' lang='lat' dir='ltr'>Veteris</span> <span class='ocrx_word' id='word_1_77' title='bbox 2668 643 2800 698; x_wconf 82' lang='lat' dir='ltr'>ville</span> <span class='ocrx_word' id='word_1_78' title='bbox 2853 648 2991 699; x_wconf 94' lang='lat' dir='ltr'>ante</span> <span class='ocrx_word' id='word_1_79' title='bbox 3044 643 3399 700; x_wconf 86' lang='lat' dir='ltr'>Hildensem</span> <span class='ocrx_word' id='word_1_80' title='bbox 3460 644 3811 699; x_wconf 81' lang='lat' dir='ltr'>alienatum</span> 
     </span>
    </p>
   </div>
   <div class='ocr_carea' id='block_1_8' title="bbox 327 731 3810 806">
    <p class='ocr_par' dir='ltr' id='par_1_8' title="bbox 327 731 3810 806">
     <span class='ocr_line' id='line_1_8' title="bbox 327 731 3810 806; baseline 0 -18"><span class='ocrx_word' id='word_1_81' title='bbox 327 731 648 788; x_wconf 89' lang='lat' dir='ltr'>concilium</span> <span class='ocrx_word' id='word_1_82' title='bbox 693 732 1089 806; x_wconf 86' lang='lat' dir='ltr'>proﬁciscitur</span> <span class='ocrx_word' id='word_1_83' title='bbox 1139 737 1260 800; x_wconf 85' lang='lat' dir='ltr'>(an.</span> <span class='ocrx_word' id='word_1_84' title='bbox 1294 737 1473 801; x_wconf 73' lang='grc'>1274),</span> <span class='ocrx_word' id='word_1_85' title='bbox 1506 733 1709 806; x_wconf 88' lang='lat' dir='ltr'>ibique</span> <span class='ocrx_word' id='word_1_86' title='bbox 1747 736 1992 806; x_wconf 88' lang='lat' dir='ltr'>propter</span> <span class='ocrx_word' id='word_1_87' title='bbox 2098 742 2209 799; x_wconf 91' lang='lat' dir='ltr'>pro</span> <span class='ocrx_word' id='word_1_88' title='bbox 2240 731 2544 800; x_wconf 83' lang='lat' dir='ltr'>octoginta</span> <span class='ocrx_word' id='word_1_89' title='bbox 2593 732 2826 788; x_wconf 85' lang='lat' dir='ltr'>talentis</span> <span class='ocrx_word' id='word_1_90' title='bbox 2873 735 3275 806; x_wconf 77' lang='lat' dir='ltr'>recuperavit.</span> <span class='ocrx_word' id='word_1_91' title='bbox 3315 737 3628 789; x_wconf 84' lang='lat' dir='ltr'>Castrum</span> <span class='ocrx_word' id='word_1_92' title='bbox 3665 735 3810 789; x_wconf 73' lang='lat' dir='ltr'>Wol-</span> 
     </span>
    </p>
   </div>
   <div class='ocr_carea' id='block_1_9' title="bbox 325 817 3811 895">
    <p class='ocr_par' dir='ltr' id='par_1_9' title="bbox 325 817 3811 895">
     <span class='ocr_line' id='line_1_9' title="bbox 325 817 3811 895; baseline 0 -18"><span class='ocrx_word' id='word_1_93' title='bbox 325 822 611 878; x_wconf 89' lang='lat' dir='ltr'>noticiam</span> <span class='ocrx_word' id='word_1_94' title='bbox 660 822 753 877; x_wconf 91' lang='lat' dir='ltr'>sui</span> <span class='ocrx_word' id='word_1_95' title='bbox 802 822 1036 892; x_wconf 84' lang='lat' dir='ltr'>generis</span> <span class='ocrx_word' id='word_1_96' title='bbox 1083 839 1120 878; x_wconf 89' lang='lat' dir='ltr'>a</span> <span class='ocrx_word' id='word_1_97' title='bbox 1160 838 1322 895; x_wconf 90' lang='lat' dir='ltr'>papa</span> <span class='ocrx_word' id='word_1_98' title='bbox 1351 822 1611 893; x_wconf 83' lang='lat' dir='ltr'>benigne</span> <span class='ocrx_word' id='word_1_99' title='bbox 1644 823 1986 895; x_wconf 87' lang='lat' dir='ltr'>suscipitur,</span> <span class='ocrx_word' id='word_1_100' title='bbox 2097 817 2402 888; x_wconf 89' lang='lat' dir='ltr'>denberge</span> <span class='ocrx_word' id='word_1_101' title='bbox 2434 837 2570 876; x_wconf 93' lang='lat' dir='ltr'>cum</span> <span class='ocrx_word' id='word_1_102' title='bbox 2597 821 2876 892; x_wconf 86' lang='lat' dir='ltr'>indagine</span> <span class='ocrx_word' id='word_1_103' title='bbox 2904 823 3083 878; x_wconf 89' lang='lat' dir='ltr'>castri</span> <span class='ocrx_word' id='word_1_104' title='bbox 3118 828 3357 878; x_wconf 90' lang='lat' dir='ltr'>tantum</span> <span class='ocrx_word' id='word_1_105' title='bbox 3387 839 3433 878; x_wconf 88' lang='lat' dir='ltr'>a</span> <span class='ocrx_word' id='word_1_106' title='bbox 3467 825 3546 857; x_wconf 76' lang='grc'>¹⁰⁸</span> <span class='ocrx_word' id='word_1_107' title='bbox 3584 825 3811 879; x_wconf 78' lang='lat' dir='ltr'>comiti-</span> 
     </span>
    </p>
   </div>
   <div class='ocr_carea' id='block_1_10' title="bbox 327 904 3804 984">
    <p class='ocr_par' dir='ltr' id='par_1_10' title="bbox 327 904 3804 984">
     <span class='ocr_line' id='line_1_10' title="bbox 327 904 3804 984; baseline -0 -18"><span class='ocrx_word' id='word_1_108' title='bbox 327 917 384 967; x_wconf 89' lang='lat' dir='ltr'>et</span> <span class='ocrx_word' id='word_1_109' title='bbox 424 913 498 968; x_wconf 91' lang='lat' dir='ltr'>de</span> <span class='ocrx_word' id='word_1_110' title='bbox 548 911 836 967; x_wconf 90' lang='lat' dir='ltr'>mandato</span> <span class='ocrx_word' id='word_1_111' title='bbox 881 928 1038 984; x_wconf 91' lang='lat' dir='ltr'>pape</span> <span class='ocrx_word' id='word_1_112' title='bbox 1078 928 1114 967; x_wconf 90' lang='lat' dir='ltr'>a</span> <span class='ocrx_word' id='word_1_113' title='bbox 1142 911 1471 968; x_wconf 85' lang='lat' dir='ltr'>reverendo</span> <span class='ocrx_word' id='word_1_114' title='bbox 1515 917 1684 984; x_wconf 87' lang='lat' dir='ltr'>patre</span> <span class='ocrx_word' id='word_1_115' title='bbox 1710 915 1989 969; x_wconf 86' lang='lat' dir='ltr'>Wernero</span> <span class='ocrx_word' id='word_1_116' title='bbox 2095 905 2212 960; x_wconf 82' lang='lat' dir='ltr'>bus</span> <span class='ocrx_word' id='word_1_117' title='bbox 2241 904 2317 960; x_wconf 82' lang='lat' dir='ltr'>de</span> <span class='ocrx_word' id='word_1_118' title='bbox 2332 907 2816 978; x_wconf 80' lang='lat' dir='ltr'>Wodlenberghe</span> <span class='ocrx_word' id='word_1_119' title='bbox 2834 925 2944 982; x_wconf 87' lang='lat' dir='ltr'>pro</span> <span class='ocrx_word' id='word_1_120' title='bbox 2971 910 3134 965; x_wconf 89' lang='lat' dir='ltr'>mille</span> <span class='ocrx_word' id='word_1_121' title='bbox 3155 910 3534 982; x_wconf 84' lang='lat' dir='ltr'>quingentis</span> <span class='ocrx_word' id='word_1_122' title='bbox 3564 911 3804 966; x_wconf 83' lang='lat' dir='ltr'>marcis.</span> 
     </span>
    </p>
   </div>
   <div class='ocr_carea' id='block_1_11' title="bbox 327 993 3805 1076">
    <p class='ocr_par' dir='ltr' id='par_1_11' title="bbox 327 993 3805 1076">
     <span class='ocr_line' id='line_1_11' title="bbox 327 993 3805 1076; baseline -0.001 -18"><span class='ocrx_word' id='word_1_123' title='bbox 327 1002 779 1074; x_wconf 89' lang='lat' dir='ltr'>archiepiscopo</span> <span class='ocrx_word' id='word_1_124' title='bbox 835 1002 1178 1070; x_wconf 85' lang='lat' dir='ltr'>Moguntino</span> <span class='ocrx_word' id='word_1_125' title='bbox 1228 1001 1454 1057; x_wconf 92' lang='lat' dir='ltr'>ibidem</span> <span class='ocrx_word' id='word_1_126' title='bbox 1509 1003 1572 1058; x_wconf 90' lang='lat' dir='ltr'>in</span> <span class='ocrx_word' id='word_1_127' title='bbox 1637 1003 1988 1076; x_wconf 82' lang='lat' dir='ltr'>episcOpum</span> <span class='ocrx_word' id='word_1_128' title='bbox 2097 993 2263 1066; x_wconf 88' lang='lat' dir='ltr'>quod</span> <span class='ocrx_word' id='word_1_129' title='bbox 2290 994 2350 1050; x_wconf 93' lang='lat' dir='ltr'>in</span> <span class='ocrx_word' id='word_1_130' title='bbox 2378 1002 2544 1068; x_wconf 88' lang='lat' dir='ltr'>parte</span> <span class='ocrx_word' id='word_1_131' title='bbox 2569 998 2810 1053; x_wconf 87' lang='lat' dir='ltr'>australi</span> <span class='ocrx_word' id='word_1_132' title='bbox 2834 999 3282 1068; x_wconf 89' lang='lat' dir='ltr'>magniseciam</span> <span class='ocrx_word' id='word_1_133' title='bbox 3308 999 3693 1072; x_wconf 88' lang='lat' dir='ltr'>sumptibus</span> <span class='ocrx_word' id='word_1_134' title='bbox 3707 1018 3805 1073; x_wconf 85' lang='lat' dir='ltr'>pro</span> 
     </span>
    </p>
   </div>
   <div class='ocr_carea' id='block_1_12' title="bbox 327 1085 3802 1164">
    <p class='ocr_par' dir='ltr' id='par_1_12' title="bbox 327 1085 3802 1164">
     <span class='ocr_line' id='line_1_12' title="bbox 327 1085 3802 1164; baseline -0.001 -17"><span class='ocrx_word' id='word_1_135' title='bbox 327 1096 744 1158; x_wconf 89' lang='lat' dir='ltr'>consecratur;</span> <span class='ocrx_word' id='word_1_136' title='bbox 776 1107 898 1163; x_wconf 91' lang='lat' dir='ltr'>quo</span> <span class='ocrx_word' id='word_1_137' title='bbox 919 1106 1158 1146; x_wconf 85' lang='lat' dir='ltr'>reverso</span> <span class='ocrx_word' id='word_1_138' title='bbox 1189 1106 1499 1163; x_wconf 87' lang='lat' dir='ltr'>prospere,</span> <span class='ocrx_word' id='word_1_139' title='bbox 1531 1092 1876 1164; x_wconf 83' lang='lat' dir='ltr'>pontiﬁcale</span> <span class='ocrx_word' id='word_1_140' title='bbox 1905 1094 1988 1149; x_wconf 87' lang='lat' dir='ltr'>of-</span> <span class='ocrx_word' id='word_1_141' title='bbox 2095 1086 2264 1154; x_wconf 61' lang='lat' dir='ltr'>Parte</span> <span class='ocrx_word' id='word_1_142' title='bbox 2307 1088 2581 1141; x_wconf 74' lang='lat' dir='ltr'>mlll‘avit.</span> <span class='ocrx_word' id='word_1_143' title='bbox 2615 1085 2912 1142; x_wconf 71' lang='lat' dir='ltr'>Allodium</span> <span class='ocrx_word' id='word_1_144' title='bbox 2966 1088 3043 1142; x_wconf 85' lang='lat' dir='ltr'>ad</span> <span class='ocrx_word' id='word_1_145' title='bbox 3102 1087 3229 1142; x_wconf 84' lang='lat' dir='ltr'>Bod</span> <span class='ocrx_word' id='word_1_146' title='bbox 3274 1089 3470 1158; x_wconf 80' lang='lat' dir='ltr'>juxta</span> <span class='ocrx_word' id='word_1_147' title='bbox 3505 1088 3802 1143; x_wconf 71' lang='lat' dir='ltr'>\Volden-</span> 
     </span>
    </p>
   </div>
   <div class='ocr_carea' id='block_1_13' title="bbox 325 1171 3805 1254">
    <p class='ocr_par' dir='ltr' id='par_1_13' title="bbox 325 1171 3805 1254">
     <span class='ocr_line' id='line_1_13' title="bbox 325 1171 3805 1254; baseline -0.001 -19"><span class='ocrx_word' id='word_1_148' title='bbox 325 1181 531 1237; x_wconf 89' lang='lat' dir='ltr'>ﬁcium</span> <span class='ocrx_word' id='word_1_149' title='bbox 563 1185 648 1236; x_wconf 90' lang='lat' dir='ltr'>est</span> <span class='ocrx_word' id='word_1_150' title='bbox 695 1184 873 1252; x_wconf 88' lang='lat' dir='ltr'>prout</span> <span class='ocrx_word' id='word_1_151' title='bbox 921 1179 1132 1234; x_wconf 89' lang='lat' dir='ltr'>melius</span> <span class='ocrx_word' id='word_1_152' title='bbox 1179 1180 1505 1254; x_wconf 85' lang='lat' dir='ltr'>potuitpre</span> <span class='ocrx_word' id='word_1_153' title='bbox 1537 1180 1787 1238; x_wconf 81' lang='lat' dir='ltr'>diversis</span> <span class='ocrx_word' id='word_1_154' title='bbox 1815 1199 1989 1239; x_wconf 84' lang='lat' dir='ltr'><strong>occu-</strong></span> <span class='ocrx_word' id='word_1_155' title='bbox 2093 1171 2274 1243; x_wconf 85' lang='lat' dir='ltr'>berge</span> <span class='ocrx_word' id='word_1_156' title='bbox 2297 1179 2355 1229; x_wconf 90' lang='lat' dir='ltr'>et</span> <span class='ocrx_word' id='word_1_157' title='bbox 2378 1179 2619 1245; x_wconf 84' lang='lat' dir='ltr'>pratum</span> <span class='ocrx_word' id='word_1_158' title='bbox 2645 1180 2840 1231; x_wconf 87' lang='lat' dir='ltr'>castro</span> <span class='ocrx_word' id='word_1_159' title='bbox 2862 1177 3152 1247; x_wconf 89' lang='lat' dir='ltr'>adjacens</span> <span class='ocrx_word' id='word_1_160' title='bbox 3179 1192 3290 1248; x_wconf 91' lang='lat' dir='ltr'>pro</span> <span class='ocrx_word' id='word_1_161' title='bbox 3309 1182 3382 1232; x_wconf 87' lang='grc'>70</span> <span class='ocrx_word' id='word_1_162' title='bbox 3402 1177 3657 1232; x_wconf 87' lang='lat' dir='ltr'>marcis</span> <span class='ocrx_word' id='word_1_163' title='bbox 3678 1195 3691 1234; x_wconf 91' lang='lat'>:</span> <span class='ocrx_word' id='word_1_164' title='bbox 3715 1178 3805 1232; x_wconf 75' lang='lat' dir='ltr'>vil-</span> 
     </span>
    </p>
   </div>
   <div class='ocr_carea' id='block_1_14' title="bbox 325 1261 3802 1345">
    <p class='ocr_par' dir='ltr' id='par_1_14' title="bbox 325 1261 3802 1345">
     <span class='ocr_line' id='line_1_14' title="bbox 325 1261 3802 1345; baseline 0.001 -20"><span class='ocrx_word' id='word_1_165' title='bbox 325 1268 671 1342; x_wconf 89' lang='lat' dir='ltr'>pationibus</span> <span class='ocrx_word' id='word_1_166' title='bbox 701 1272 1004 1324; x_wconf 85' lang='lat' dir='ltr'>executus.</span> <span class='ocrx_word' id='word_1_167' title='bbox 1042 1269 1141 1323; x_wconf 89' lang='lat' dir='ltr'>Hic</span> <span class='ocrx_word' id='word_1_168' title='bbox 1170 1268 1457 1326; x_wconf 84' lang='lat' dir='ltr'>nimirum</span> <span class='ocrx_word' id='word_1_169' title='bbox 1505 1270 1584 1326; x_wconf 84' lang='lat' dir='ltr'>ab</span> <span class='ocrx_word' id='word_1_170' title='bbox 1621 1287 1693 1328; x_wconf 93' lang='lat' dir='ltr'>eo</span> <span class='ocrx_word' id='word_1_171' title='bbox 1716 1275 1986 1345; x_wconf 89' lang='lat' dir='ltr'>tempore</span> <span class='ocrx_word' id='word_1_172' title='bbox 2093 1261 2434 1318; x_wconf 75' lang='lat' dir='ltr'>licationem</span> <span class='ocrx_word' id='word_1_173' title='bbox 2461 1264 2842 1337; x_wconf 85' lang='lat' dir='ltr'>Holle,quam</span> <span class='ocrx_word' id='word_1_174' title='bbox 2870 1265 3207 1334; x_wconf 80' lang='lat' dir='ltr'>obligatam</span> <span class='ocrx_word' id='word_1_175' title='bbox 3229 1267 3502 1333; x_wconf 76' lang='lat' dir='ltr'>invenit,</span> <span class='ocrx_word' id='word_1_176' title='bbox 3525 1283 3651 1339; x_wconf 84' lang='lat' dir='ltr'>pro</span> <span class='ocrx_word' id='word_1_177' title='bbox 3673 1283 3802 1321; x_wconf 85' lang='lat' dir='ltr'>cen-</span> 
     </span>
    </p>
   </div>
   <div class='ocr_carea' id='block_1_15' title="bbox 326 1352 3799 1434">
    <p class='ocr_par' dir='ltr' id='par_1_15' title="bbox 326 1352 3799 1434">
     <span class='ocr_line' id='line_1_15' title="bbox 326 1352 3799 1434; baseline 0.002 -20"><span class='ocrx_word' id='word_1_178' title='bbox 326 1375 447 1430; x_wconf 92' lang='lat' dir='ltr'>quo</span> <span class='ocrx_word' id='word_1_179' title='bbox 492 1361 760 1413; x_wconf 88' lang='lat' dir='ltr'>nostram</span> <span class='ocrx_word' id='word_1_180' title='bbox 800 1356 1114 1413; x_wconf 89' lang='lat' dir='ltr'>ecclesiam</span> <span class='ocrx_word' id='word_1_181' title='bbox 1143 1359 1406 1430; x_wconf 89' lang='lat' dir='ltr'>suscepit</span> <span class='ocrx_word' id='word_1_182' title='bbox 1437 1359 1764 1430; x_wconf 89' lang='lat' dir='ltr'>regendam</span> <span class='ocrx_word' id='word_1_183' title='bbox 1795 1377 1986 1434; x_wconf 90' lang='lat' dir='ltr'>usque</span> <span class='ocrx_word' id='word_1_184' title='bbox 2095 1356 2221 1407; x_wconf 70' lang='lat' dir='ltr'>tum</span> <span class='ocrx_word' id='word_1_185' title='bbox 2247 1352 2689 1425; x_wconf 66' lang='grc' dir='ltr'>(ΙυίηίΙηᾶΒῘῐιῐᾶ</span> <span class='ocrx_word' id='word_1_186' title='bbox 2715 1355 2931 1410; x_wconf 69' lang='lat' dir='ltr'>mal‘CiS</span> <span class='ocrx_word' id='word_1_187' title='bbox 2962 1355 3245 1410; x_wconf 66' lang='lat' dir='ltr'>abSOh’it-</span> <span class='ocrx_word' id='word_1_188' title='bbox 3277 1356 3721 1410; x_wconf 65' lang='grc' dir='ltr'>Αίῗνοοᾶοίᾶω</span> <span class='ocrx_word' id='word_1_189' title='bbox 3749 1357 3799 1410; x_wconf 75' lang='lat' dir='ltr'>in</span> 
     </span>
    </p>
   </div>
   <div class='ocr_carea' id='block_1_16' title="bbox 323 1441 3799 1521">
    <p class='ocr_par' dir='ltr' id='par_1_16' title="bbox 323 1441 3799 1521">
     <span class='ocr_line' id='line_1_16' title="bbox 323 1441 3799 1521; baseline 0.001 -20"><span class='ocrx_word' id='word_1_190' title='bbox 323 1447 384 1501; x_wconf 94' lang='lat' dir='ltr'>in</span> <span class='ocrx_word' id='word_1_191' title='bbox 414 1447 598 1502; x_wconf 90' lang='lat' dir='ltr'>ﬁnem</span> <span class='ocrx_word' id='word_1_192' title='bbox 622 1447 740 1502; x_wconf 85' lang='lat' dir='ltr'>vite</span> <span class='ocrx_word' id='word_1_193' title='bbox 767 1462 871 1501; x_wconf 92' lang='lat' dir='ltr'>sue</span> <span class='ocrx_word' id='word_1_194' title='bbox 897 1445 1090 1502; x_wconf 91' lang='lat' dir='ltr'>zelum</span> <span class='ocrx_word' id='word_1_195' title='bbox 1123 1446 1222 1502; x_wconf 92' lang='lat' dir='ltr'>Dei</span> <span class='ocrx_word' id='word_1_196' title='bbox 1249 1447 1326 1502; x_wconf 89' lang='lat' dir='ltr'>ad</span> <span class='ocrx_word' id='word_1_197' title='bbox 1352 1447 1666 1504; x_wconf 89' lang='lat' dir='ltr'>ecclesiam</span> <span class='ocrx_word' id='word_1_198' title='bbox 1686 1449 1985 1521; x_wconf 86' lang='lat' dir='ltr'>Optinens,</span> <span class='ocrx_word' id='word_1_199' title='bbox 2096 1441 2260 1498; x_wconf 78' lang='lat' dir='ltr'>H0116</span> <span class='ocrx_word' id='word_1_200' title='bbox 2293 1447 2346 1497; x_wconf 78' lang='lat' dir='ltr'>et</span> <span class='ocrx_word' id='word_1_201' title='bbox 2389 1442 2706 1499; x_wconf 78' lang='lat' dir='ltr'>comiciam</span> <span class='ocrx_word' id='word_1_202' title='bbox 2732 1443 2976 1509; x_wconf 82' lang='lat' dir='ltr'>ibidem,</span> <span class='ocrx_word' id='word_1_203' title='bbox 3011 1461 3122 1500; x_wconf 88' lang='lat' dir='ltr'>nec</span> <span class='ocrx_word' id='word_1_204' title='bbox 3150 1460 3275 1500; x_wconf 88' lang='lat' dir='ltr'>non</span> <span class='ocrx_word' id='word_1_205' title='bbox 3311 1445 3704 1515; x_wconf 78' lang='lat' dir='ltr'>gograviam</span> <span class='ocrx_word' id='word_1_206' title='bbox 3734 1445 3799 1500; x_wconf 83' lang='lat' dir='ltr'>de</span> 
     </span>
    </p>
   </div>
   <div class='ocr_carea' id='block_1_17' title="bbox 324 1531 3798 1610">
    <p class='ocr_par' dir='ltr' id='par_1_17' title="bbox 324 1531 3798 1610">
     <span class='ocr_line' id='line_1_17' title="bbox 324 1531 3798 1610; baseline 0.001 -25"><span class='ocrx_word' id='word_1_207' title='bbox 324 1551 459 1591; x_wconf 83' lang='lat' dir='ltr'>eam</span> <span class='ocrx_word' id='word_1_208' title='bbox 512 1552 623 1608; x_wconf 87' lang='lat' dir='ltr'>pro</span> <span class='ocrx_word' id='word_1_209' title='bbox 654 1535 878 1590; x_wconf 85' lang='lat' dir='ltr'>viribus</span> <span class='ocrx_word' id='word_1_210' title='bbox 927 1535 1206 1591; x_wconf 81' lang='lat' dir='ltr'>extollere</span> <span class='ocrx_word' id='word_1_211' title='bbox 1255 1536 1498 1603; x_wconf 80' lang='lat' dir='ltr'>studuit,</span> <span class='ocrx_word' id='word_1_212' title='bbox 1530 1536 1694 1593; x_wconf 78' lang='lat' dir='ltr'>bona</span> <span class='ocrx_word' id='word_1_213' title='bbox 1720 1537 1986 1610; x_wconf 81' lang='lat' dir='ltr'>quedam</span> <span class='ocrx_word' id='word_1_214' title='bbox 2103 1532 2161 1585; x_wconf 80' lang='grc'>15</span> <span class='ocrx_word' id='word_1_215' title='bbox 2193 1531 2346 1586; x_wconf 87' lang='lat' dir='ltr'>villis</span> <span class='ocrx_word' id='word_1_216' title='bbox 2380 1547 2415 1587; x_wconf 87' lang='lat' dir='ltr'>a</span> <span class='ocrx_word' id='word_1_217' title='bbox 2445 1532 2660 1587; x_wconf 89' lang='lat' dir='ltr'>comite</span> <span class='ocrx_word' id='word_1_218' title='bbox 2690 1532 2936 1588; x_wconf 87' lang='lat' dir='ltr'>Ludolfo</span> <span class='ocrx_word' id='word_1_219' title='bbox 2964 1532 3040 1588; x_wconf 90' lang='lat' dir='ltr'>de</span> <span class='ocrx_word' id='word_1_220' title='bbox 3067 1533 3532 1603; x_wconf 82' lang='lat' dir='ltr'>Woldenberge</span> <span class='ocrx_word' id='word_1_221' title='bbox 3560 1551 3680 1606; x_wconf 79' lang='lat' dir='ltr'>pro</span> <span class='ocrx_word' id='word_1_222' title='bbox 3713 1539 3798 1590; x_wconf 63' lang='grc'>144</span> 
     </span>
    </p>
   </div>
   <div class='ocr_carea' id='block_1_18' title="bbox 324 1621 3801 1698">
    <p class='ocr_par' dir='ltr' id='par_1_18' title="bbox 324 1621 3801 1698">
     <span class='ocr_line' id='line_1_18' title="bbox 324 1621 3801 1698; baseline -0.001 -18"><span class='ocrx_word' id='word_1_223' title='bbox 324 1623 690 1698; x_wconf 87' lang='lat' dir='ltr'>episcopalia</span> <span class='ocrx_word' id='word_1_224' title='bbox 721 1640 757 1680; x_wconf 87' lang='lat' dir='ltr'>a</span> <span class='ocrx_word' id='word_1_225' title='bbox 790 1624 912 1679; x_wconf 90' lang='lat' dir='ltr'>suis</span> <span class='ocrx_word' id='word_1_226' title='bbox 962 1623 1490 1696; x_wconf 90' lang='lat' dir='ltr'>predecessoribus</span> <span class='ocrx_word' id='word_1_227' title='bbox 1538 1624 1804 1697; x_wconf 89' lang='lat' dir='ltr'>obligata</span> <span class='ocrx_word' id='word_1_228' title='bbox 1847 1626 1988 1681; x_wconf 90' lang='lat' dir='ltr'>deo—</span> <span class='ocrx_word' id='word_1_229' title='bbox 2025 1636 2068 1686; x_wconf 87' lang='grc' dir='ltr'>Β</span> <span class='ocrx_word' id='word_1_230' title='bbox 2097 1621 2409 1691; x_wconf 90' lang='lat' dir='ltr'>marcis,et</span> <span class='ocrx_word' id='word_1_231' title='bbox 2431 1621 2822 1677; x_wconf 86' lang='lat' dir='ltr'>advocaciam</span> <span class='ocrx_word' id='word_1_232' title='bbox 2844 1623 2905 1676; x_wconf 91' lang='lat' dir='ltr'>in</span> <span class='ocrx_word' id='word_1_233' title='bbox 2932 1622 3391 1679; x_wconf 88' lang='lat' dir='ltr'>Badekenstede</span> <span class='ocrx_word' id='word_1_234' title='bbox 3427 1626 3587 1693; x_wconf 74' lang='grc'>(184)</span> <span class='ocrx_word' id='word_1_235' title='bbox 3616 1624 3695 1678; x_wconf 83' lang='lat' dir='ltr'>ab</span> <span class='ocrx_word' id='word_1_236' title='bbox 3716 1640 3801 1678; x_wconf 83' lang='lat' dir='ltr'>eo-</span> 
     </span>
    </p>
   </div>
   <div class='ocr_carea' id='block_1_19' title="bbox 321 1710 3797 1786">
    <p class='ocr_par' dir='ltr' id='par_1_19' title="bbox 321 1710 3797 1786">
     <span class='ocr_line' id='line_1_19' title="bbox 321 1710 3797 1786; baseline -0.001 -16"><span class='ocrx_word' id='word_1_237' title='bbox 321 1713 590 1784; x_wconf 89' lang='lat' dir='ltr'>bligavit,</span> <span class='ocrx_word' id='word_1_238' title='bbox 623 1717 680 1769; x_wconf 92' lang='lat' dir='ltr'>et</span> <span class='ocrx_word' id='word_1_239' title='bbox 709 1713 974 1786; x_wconf 87' lang='lat' dir='ltr'>quedam</span> <span class='ocrx_word' id='word_1_240' title='bbox 1006 1712 1169 1769; x_wconf 90' lang='lat' dir='ltr'>bona</span> <span class='ocrx_word' id='word_1_241' title='bbox 1201 1713 1312 1768; x_wconf 88' lang='lat' dir='ltr'>sibi</span> <span class='ocrx_word' id='word_1_242' title='bbox 1345 1714 1588 1786; x_wconf 86' lang='lat' dir='ltr'>suisque</span> <span class='ocrx_word' id='word_1_243' title='bbox 1635 1714 1992 1771; x_wconf 90' lang='lat' dir='ltr'>successori-</span> <span class='ocrx_word' id='word_1_244' title='bbox 2095 1710 2234 1766; x_wconf 91' lang='lat' dir='ltr'>dem</span> <span class='ocrx_word' id='word_1_245' title='bbox 2260 1726 2371 1782; x_wconf 89' lang='lat' dir='ltr'>pro</span> <span class='ocrx_word' id='word_1_246' title='bbox 2401 1716 2467 1765; x_wconf 77' lang='grc'>26</span> <span class='ocrx_word' id='word_1_247' title='bbox 2496 1710 2746 1778; x_wconf 86' lang='lat' dir='ltr'>talentis,</span> <span class='ocrx_word' id='word_1_248' title='bbox 2775 1710 2916 1765; x_wconf 90' lang='lat' dir='ltr'>item</span> <span class='ocrx_word' id='word_1_249' title='bbox 2942 1711 3245 1781; x_wconf 89' lang='lat' dir='ltr'>majorem</span> <span class='ocrx_word' id='word_1_250' title='bbox 3277 1713 3656 1781; x_wconf 88' lang='lat' dir='ltr'>comiciam,</span> <span class='ocrx_word' id='word_1_251' title='bbox 3688 1729 3797 1784; x_wconf 87' lang='lat' dir='ltr'>que</span> 
     </span>
    </p>
   </div>
   <div class='ocr_carea' id='block_1_20' title="bbox 318 1799 3795 1877">
    <p class='ocr_par' dir='ltr' id='par_1_20' title="bbox 318 1799 3795 1877">
     <span class='ocr_line' id='line_1_20' title="bbox 318 1799 3795 1877; baseline -0.001 -18"><span class='ocrx_word' id='word_1_252' title='bbox 318 1803 436 1860; x_wconf 89' lang='lat' dir='ltr'>bus</span> <span class='ocrx_word' id='word_1_253' title='bbox 466 1803 866 1876; x_wconf 86' lang='lat' dir='ltr'>comparavit;</span> <span class='ocrx_word' id='word_1_254' title='bbox 893 1802 1008 1857; x_wconf 88' lang='lat' dir='ltr'>ista</span> <span class='ocrx_word' id='word_1_255' title='bbox 1026 1802 1300 1858; x_wconf 83' lang='lat' dir='ltr'>videlicet</span> <span class='ocrx_word' id='word_1_256' title='bbox 1330 1821 1341 1856; x_wconf 93' lang='lat'><strong>:</strong></span> <span class='ocrx_word' id='word_1_257' title='bbox 1378 1808 1514 1858; x_wconf 89' lang='lat' dir='ltr'>ante</span> <span class='ocrx_word' id='word_1_258' title='bbox 1546 1809 1808 1860; x_wconf 90' lang='lat' dir='ltr'>castrum</span> <span class='ocrx_word' id='word_1_259' title='bbox 1841 1807 1990 1877; x_wconf 85' lang='lat' dir='ltr'>Pop-</span> <span class='ocrx_word' id='word_1_260' title='bbox 2092 1799 2298 1872; x_wconf 89' lang='lat' dir='ltr'>incipit</span> <span class='ocrx_word' id='word_1_261' title='bbox 2327 1815 2361 1853; x_wconf 91' lang='lat' dir='ltr'>a</span> <span class='ocrx_word' id='word_1_262' title='bbox 2410 1799 2685 1856; x_wconf 85' lang='lat' dir='ltr'>Scirbeke</span> <span class='ocrx_word' id='word_1_263' title='bbox 2722 1800 2899 1870; x_wconf 84' lang='lat' dir='ltr'>juxta</span> <span class='ocrx_word' id='word_1_264' title='bbox 2937 1799 3280 1856; x_wconf 86' lang='lat' dir='ltr'>Harlessem</span> <span class='ocrx_word' id='word_1_265' title='bbox 3311 1806 3370 1856; x_wconf 91' lang='lat' dir='ltr'>et</span> <span class='ocrx_word' id='word_1_266' title='bbox 3401 1801 3795 1874; x_wconf 81' lang='lat' dir='ltr'>protenditur</span> 
     </span>
    </p>
   </div>
   <div class='ocr_carea' id='block_1_21' title="bbox 318 1886 3792 1965">
    <p class='ocr_par' dir='ltr' id='par_1_21' title="bbox 318 1886 3792 1965">
     <span class='ocr_line' id='line_1_21' title="bbox 318 1886 3792 1965; baseline -0.001 -17"><span class='ocrx_word' id='word_1_267' title='bbox 318 1893 630 1965; x_wconf 89' lang='lat' dir='ltr'>penborch</span> <span class='ocrx_word' id='word_1_268' title='bbox 663 1895 727 1946; x_wconf 91' lang='lat'>10</span> <span class='ocrx_word' id='word_1_269' title='bbox 752 1907 998 1947; x_wconf 90' lang='lat' dir='ltr'>mansos</span> <span class='ocrx_word' id='word_1_270' title='bbox 1028 1907 1138 1963; x_wconf 87' lang='lat' dir='ltr'>pro</span> <span class='ocrx_word' id='word_1_271' title='bbox 1164 1896 1406 1947; x_wconf 90' lang='lat' dir='ltr'>centum</span> <span class='ocrx_word' id='word_1_272' title='bbox 1435 1892 1879 1965; x_wconf 88' lang='lat' dir='ltr'>quinquaginta</span> <span class='ocrx_word' id='word_1_273' title='bbox 1907 1897 1989 1950; x_wconf 89' lang='lat' dir='ltr'>ta-</span> <span class='ocrx_word' id='word_1_274' title='bbox 2091 1904 2200 1961; x_wconf 89' lang='lat' dir='ltr'>per</span> <span class='ocrx_word' id='word_1_275' title='bbox 2229 1888 2417 1943; x_wconf 87' lang='lat' dir='ltr'>Hever</span> <span class='ocrx_word' id='word_1_276' title='bbox 2451 1903 2639 1959; x_wconf 91' lang='lat' dir='ltr'>usque</span> <span class='ocrx_word' id='word_1_277' title='bbox 2693 1886 2772 1942; x_wconf 90' lang='lat' dir='ltr'>ad</span> <span class='ocrx_word' id='word_1_278' title='bbox 2823 1887 3048 1943; x_wconf 81' lang='lat' dir='ltr'>fontem</span> <span class='ocrx_word' id='word_1_279' title='bbox 3095 1888 3540 1964; x_wconf 79' lang='lat' dir='ltr'>Sebbettessen</span> <span class='ocrx_word' id='word_1_280' title='bbox 3589 1890 3673 1945; x_wconf 88' lang='lat' dir='ltr'>ab</span> <span class='ocrx_word' id='word_1_281' title='bbox 3704 1891 3792 1947; x_wconf 81' lang='lat' dir='ltr'>illa</span> 
     </span>
    </p>
   </div>
   <div class='ocr_carea' id='block_1_22' title="bbox 318 1976 3788 2052">
    <p class='ocr_par' dir='ltr' id='par_1_22' title="bbox 318 1976 3788 2052">
     <span class='ocr_line' id='line_1_22' title="bbox 318 1976 3788 2052; baseline -0.001 -16"><span class='ocrx_word' id='word_1_282' title='bbox 318 1981 516 2048; x_wconf 89' lang='lat' dir='ltr'>lentis,</span> <span class='ocrx_word' id='word_1_283' title='bbox 543 1985 661 2036; x_wconf 92' lang='lat' dir='ltr'>tres</span> <span class='ocrx_word' id='word_1_284' title='bbox 690 1983 889 2052; x_wconf 88' lang='lat' dir='ltr'>partes</span> <span class='ocrx_word' id='word_1_285' title='bbox 916 1979 1239 2036; x_wconf 89' lang='lat' dir='ltr'>advocacie</span> <span class='ocrx_word' id='word_1_286' title='bbox 1284 1980 1344 2035; x_wconf 90' lang='lat' dir='ltr'>in</span> <span class='ocrx_word' id='word_1_287' title='bbox 1378 1981 1736 2052; x_wconf 84' lang='lat' dir='ltr'>Chyerstede</span> <span class='ocrx_word' id='word_1_288' title='bbox 1765 1982 1845 2037; x_wconf 90' lang='lat' dir='ltr'>ab</span> <span class='ocrx_word' id='word_1_289' title='bbox 1874 1981 1985 2037; x_wconf 91' lang='lat' dir='ltr'>illis</span> <span class='ocrx_word' id='word_1_290' title='bbox 2091 1982 2259 2049; x_wconf 87' lang='lat' dir='ltr'>parte</span> <span class='ocrx_word' id='word_1_291' title='bbox 2308 1976 2699 2039; x_wconf 88' lang='lat' dir='ltr'>Gandersem,</span> <span class='ocrx_word' id='word_1_292' title='bbox 2732 1980 2789 2031; x_wconf 91' lang='lat' dir='ltr'>et</span> <span class='ocrx_word' id='word_1_293' title='bbox 2832 1992 3022 2048; x_wconf 88' lang='lat' dir='ltr'>usque</span> <span class='ocrx_word' id='word_1_294' title='bbox 3061 1976 3143 2032; x_wconf 90' lang='lat' dir='ltr'>ad</span> <span class='ocrx_word' id='word_1_295' title='bbox 3189 1982 3453 2049; x_wconf 79' lang='lat' dir='ltr'>pontem</span> <span class='ocrx_word' id='word_1_296' title='bbox 3494 1978 3788 2034; x_wconf 84' lang='lat' dir='ltr'>Olkessen</span> 
     </span>
    </p>
   </div>
   <div class='ocr_carea' id='block_1_23' title="bbox 318 2065 3788 2142">
    <p class='ocr_par' dir='ltr' id='par_1_23' title="bbox 318 2065 3788 2142">
     <span class='ocr_line' id='line_1_23' title="bbox 318 2065 3788 2142; baseline -0.001 -16"><span class='ocrx_word' id='word_1_297' title='bbox 318 2071 395 2126; x_wconf 91' lang='lat' dir='ltr'>de</span> <span class='ocrx_word' id='word_1_298' title='bbox 446 2069 760 2137; x_wconf 90' lang='lat' dir='ltr'>Escherde,</span> <span class='ocrx_word' id='word_1_299' title='bbox 792 2068 945 2124; x_wconf 90' lang='lat' dir='ltr'>duas</span> <span class='ocrx_word' id='word_1_300' title='bbox 992 2073 1191 2142; x_wconf 89' lang='lat' dir='ltr'>partes</span> <span class='ocrx_word' id='word_1_301' title='bbox 1236 2086 1348 2142; x_wconf 88' lang='lat' dir='ltr'>pro</span> <span class='ocrx_word' id='word_1_302' title='bbox 1394 2069 1698 2141; x_wconf 86' lang='lat' dir='ltr'>octoginta</span> <span class='ocrx_word' id='word_1_303' title='bbox 1727 2071 1980 2140; x_wconf 86' lang='lat' dir='ltr'>talentis,</span> <span class='ocrx_word' id='word_1_304' title='bbox 2093 2067 2258 2136; x_wconf 80' lang='lat'>(185),</span> <span class='ocrx_word' id='word_1_305' title='bbox 2291 2070 2348 2122; x_wconf 91' lang='lat' dir='ltr'>et</span> <span class='ocrx_word' id='word_1_306' title='bbox 2390 2070 2668 2138; x_wconf 88' lang='lat' dir='ltr'>quartam</span> <span class='ocrx_word' id='word_1_307' title='bbox 2699 2070 2932 2138; x_wconf 88' lang='lat' dir='ltr'>partem</span> <span class='ocrx_word' id='word_1_308' title='bbox 2963 2065 3215 2122; x_wconf 90' lang='lat' dir='ltr'>comicie</span> <span class='ocrx_word' id='word_1_309' title='bbox 3248 2082 3444 2138; x_wconf 89' lang='lat' dir='ltr'>super</span> <span class='ocrx_word' id='word_1_310' title='bbox 3481 2068 3788 2138; x_wconf 77' lang='lat' dir='ltr'>Amberga</span> 
     </span>
    </p>
   </div>
   <div class='ocr_carea' id='block_1_24' title="bbox 316 2155 3783 2233">
    <p class='ocr_par' dir='ltr' id='par_1_24' title="bbox 316 2155 3783 2233">
     <span class='ocr_line' id='line_1_24' title="bbox 316 2155 3783 2233; baseline -0.001 -17"><span class='ocrx_word' id='word_1_311' title='bbox 316 2159 632 2233; x_wconf 89' lang='lat' dir='ltr'>quandam</span> <span class='ocrx_word' id='word_1_312' title='bbox 668 2158 985 2215; x_wconf 90' lang='lat' dir='ltr'>comiciam</span> <span class='ocrx_word' id='word_1_313' title='bbox 1031 2159 1204 2229; x_wconf 77' lang='lat' dir='ltr'>juxta</span> <span class='ocrx_word' id='word_1_314' title='bbox 1259 2159 1578 2215; x_wconf 87' lang='lat' dir='ltr'>Cherstede</span> <span class='ocrx_word' id='word_1_315' title='bbox 1625 2159 1700 2215; x_wconf 93' lang='lat' dir='ltr'>de</span> <span class='ocrx_word' id='word_1_316' title='bbox 1738 2160 1852 2215; x_wconf 90' lang='lat' dir='ltr'>hiis</span> <span class='ocrx_word' id='word_1_317' title='bbox 1883 2160 1985 2216; x_wconf 84' lang='lat' dir='ltr'>vil-</span> <span class='ocrx_word' id='word_1_318' title='bbox 2089 2157 2260 2227; x_wconf 88' lang='lat'>(186),</span> <span class='ocrx_word' id='word_1_319' title='bbox 2311 2172 2346 2211; x_wconf 91' lang='lat' dir='ltr'>a</span> <span class='ocrx_word' id='word_1_320' title='bbox 2403 2155 2617 2210; x_wconf 90' lang='lat' dir='ltr'>comite</span> <span class='ocrx_word' id='word_1_321' title='bbox 2667 2158 3005 2210; x_wconf 86' lang='lat' dir='ltr'>Hermanno</span> <span class='ocrx_word' id='word_1_322' title='bbox 3049 2155 3125 2210; x_wconf 92' lang='lat' dir='ltr'>de</span> <span class='ocrx_word' id='word_1_323' title='bbox 3169 2155 3635 2226; x_wconf 80' lang='lat' dir='ltr'>Woldenberge</span> <span class='ocrx_word' id='word_1_324' title='bbox 3682 2174 3783 2230; x_wconf 86' lang='lat' dir='ltr'>pro</span> 
     </span>
    </p>
   </div>
   <div class='ocr_carea' id='block_1_25' title="bbox 314 2243 3782 2320">
    <p class='ocr_par' dir='ltr' id='par_1_25' title="bbox 314 2243 3782 2320">
     <span class='ocr_line' id='line_1_25' title="bbox 314 2243 3782 2320; baseline -0.001 -16"><span class='ocrx_word' id='word_1_325' title='bbox 314 2249 388 2304; x_wconf 93' lang='lat' dir='ltr'>lis</span> <span class='ocrx_word' id='word_1_326' title='bbox 417 2266 429 2303; x_wconf 92' lang='lat'>:</span> <span class='ocrx_word' id='word_1_327' title='bbox 483 2248 818 2314; x_wconf 89' lang='lat' dir='ltr'>Hottenem,</span> <span class='ocrx_word' id='word_1_328' title='bbox 855 2247 1279 2320; x_wconf 90' lang='lat' dir='ltr'>Duppenstede</span> <span class='ocrx_word' id='word_1_329' title='bbox 1309 2248 1480 2318; x_wconf 87' lang='lat'>(176),</span> <span class='ocrx_word' id='word_1_330' title='bbox 1509 2264 1700 2320; x_wconf 88' lang='lat' dir='ltr'>parvo</span> <span class='ocrx_word' id='word_1_331' title='bbox 1742 2245 1982 2306; x_wconf 89' lang='lat' dir='ltr'>Lobeke</span> <span class='ocrx_word' id='word_1_332' title='bbox 2087 2245 2544 2318; x_wconf 87' lang='lat' dir='ltr'>quadringentis</span> <span class='ocrx_word' id='word_1_333' title='bbox 2574 2244 2791 2299; x_wconf 88' lang='lat' dir='ltr'>marcis</span> <span class='ocrx_word' id='word_1_334' title='bbox 2823 2290 2830 2298; x_wconf 93' lang='lat'>.</span> <span class='ocrx_word' id='word_1_335' title='bbox 2879 2243 3274 2300; x_wconf 89' lang='lat' dir='ltr'>advocaciam</span> <span class='ocrx_word' id='word_1_336' title='bbox 3309 2245 3374 2299; x_wconf 91' lang='lat' dir='ltr'>in</span> <span class='ocrx_word' id='word_1_337' title='bbox 3407 2246 3782 2302; x_wconf 86' lang='lat' dir='ltr'>Sibbethtes-</span> 
     </span>
    </p>
   </div>
   <div class='ocr_carea' id='block_1_26' title="bbox 316 2334 3779 2411">
    <p class='ocr_par' dir='ltr' id='par_1_26' title="bbox 316 2334 3779 2411">
     <span class='ocr_line' id='line_1_26' title="bbox 316 2334 3779 2411; baseline -0.001 -17"><span class='ocrx_word' id='word_1_338' title='bbox 316 2339 462 2411; x_wconf 92' lang='lat'>(177)</span> <span class='ocrx_word' id='word_1_339' title='bbox 497 2341 555 2394; x_wconf 88' lang='lat' dir='ltr'>et</span> <span class='ocrx_word' id='word_1_340' title='bbox 603 2337 676 2393; x_wconf 92' lang='lat' dir='ltr'>de</span> <span class='ocrx_word' id='word_1_341' title='bbox 726 2336 856 2393; x_wconf 91' lang='lat' dir='ltr'>aliis</span> <span class='ocrx_word' id='word_1_342' title='bbox 903 2336 1274 2409; x_wconf 83' lang='lat' dir='ltr'>quibusdam</span> <span class='ocrx_word' id='word_1_343' title='bbox 1319 2336 1473 2393; x_wconf 90' lang='lat' dir='ltr'>villis</span> <span class='ocrx_word' id='word_1_344' title='bbox 1513 2337 1982 2408; x_wconf 87' lang='lat' dir='ltr'>circumjacenti-</span> <span class='ocrx_word' id='word_1_345' title='bbox 2087 2351 2193 2391; x_wconf 90' lang='lat' dir='ltr'>sen</span> <span class='ocrx_word' id='word_1_346' title='bbox 2223 2335 2296 2390; x_wconf 92' lang='lat' dir='ltr'>de</span> <span class='ocrx_word' id='word_1_347' title='bbox 2329 2335 2506 2390; x_wconf 87' lang='lat' dir='ltr'>bonis</span> <span class='ocrx_word' id='word_1_348' title='bbox 2540 2334 2803 2389; x_wconf 90' lang='lat' dir='ltr'>custodie</span> <span class='ocrx_word' id='word_1_349' title='bbox 2829 2350 2866 2389; x_wconf 92' lang='lat' dir='ltr'>a</span> <span class='ocrx_word' id='word_1_350' title='bbox 2890 2334 3142 2403; x_wconf 90' lang='lat' dir='ltr'>Hugone</span> <span class='ocrx_word' id='word_1_351' title='bbox 3181 2334 3257 2388; x_wconf 92' lang='lat' dir='ltr'>de</span> <span class='ocrx_word' id='word_1_352' title='bbox 3291 2334 3646 2391; x_wconf 87' lang='lat' dir='ltr'>Holthusen</span> <span class='ocrx_word' id='word_1_353' title='bbox 3677 2353 3779 2408; x_wconf 88' lang='lat' dir='ltr'>pro</span> 
     </span>
    </p>
   </div>
   <div class='ocr_carea' id='block_1_27' title="bbox 310 2423 3780 2500">
    <p class='ocr_par' dir='ltr' id='par_1_27' title="bbox 310 2423 3780 2500">
     <span class='ocr_line' id='line_1_27' title="bbox 310 2423 3780 2500; baseline -0.001 -16"><span class='ocrx_word' id='word_1_354' title='bbox 310 2428 453 2500; x_wconf 88' lang='lat' dir='ltr'>bus,</span> <span class='ocrx_word' id='word_1_355' title='bbox 483 2443 518 2484; x_wconf 92' lang='lat' dir='ltr'>a</span> <span class='ocrx_word' id='word_1_356' title='bbox 546 2427 824 2481; x_wconf 92' lang='lat' dir='ltr'>Brunone</span> <span class='ocrx_word' id='word_1_357' title='bbox 864 2424 938 2480; x_wconf 92' lang='lat' dir='ltr'>de</span> <span class='ocrx_word' id='word_1_358' title='bbox 971 2425 1225 2481; x_wconf 88' lang='lat' dir='ltr'>Gustede</span> <span class='ocrx_word' id='word_1_359' title='bbox 1275 2441 1384 2498; x_wconf 93' lang='lat' dir='ltr'>pro</span> <span class='ocrx_word' id='word_1_360' title='bbox 1426 2426 1868 2500; x_wconf 85' lang='lat' dir='ltr'>quinquaginta</span> <span class='ocrx_word' id='word_1_361' title='bbox 1899 2432 1980 2484; x_wconf 88' lang='lat' dir='ltr'>ta-</span> <span class='ocrx_word' id='word_1_362' title='bbox 2084 2429 2155 2481; x_wconf 81' lang='lat' dir='ltr'><strong>2O</strong></span> <span class='ocrx_word' id='word_1_363' title='bbox 2193 2425 2453 2490; x_wconf 89' lang='lat' dir='ltr'>marcis;</span> <span class='ocrx_word' id='word_1_364' title='bbox 2515 2428 2797 2492; x_wconf 87' lang='lat' dir='ltr'>stagnum</span> <span class='ocrx_word' id='word_1_365' title='bbox 2843 2424 3015 2494; x_wconf 83' lang='lat' dir='ltr'>juxta</span> <span class='ocrx_word' id='word_1_366' title='bbox 3069 2423 3380 2479; x_wconf 89' lang='lat' dir='ltr'>Eddessen</span> <span class='ocrx_word' id='word_1_367' title='bbox 3438 2431 3505 2480; x_wconf 86' lang='lat' dir='ltr'>et</span> <span class='ocrx_word' id='word_1_368' title='bbox 3554 2426 3780 2482; x_wconf 63' lang='lat' dir='ltr'>molen-</span> 
     </span>
    </p>
   </div>
   <div class='ocr_carea' id='block_1_28' title="bbox 309 2512 3777 2586">
    <p class='ocr_par' dir='ltr' id='par_1_28' title="bbox 309 2512 3777 2586">
     <span class='ocr_line' id='line_1_28' title="bbox 309 2512 3777 2586; baseline 0 -15"><span class='ocrx_word' id='word_1_369' title='bbox 309 2515 522 2583; x_wconf 89' lang='lat' dir='ltr'>lentis;</span> <span class='ocrx_word' id='word_1_370' title='bbox 555 2513 946 2570; x_wconf 87' lang='lat' dir='ltr'>advocaciam</span> <span class='ocrx_word' id='word_1_371' title='bbox 975 2514 1036 2568; x_wconf 90' lang='lat' dir='ltr'>in</span> <span class='ocrx_word' id='word_1_372' title='bbox 1067 2513 1305 2570; x_wconf 86' lang='lat' dir='ltr'>Clowen</span> <span class='ocrx_word' id='word_1_373' title='bbox 1337 2515 1408 2550; x_wconf 69' lang='grc'>¹⁰⁵</span> <span class='ocrx_word' id='word_1_374' title='bbox 1438 2530 1474 2570; x_wconf 92' lang='lat' dir='ltr'>a</span> <span class='ocrx_word' id='word_1_375' title='bbox 1504 2514 1719 2571; x_wconf 87' lang='lat' dir='ltr'>Sifrido</span> <span class='ocrx_word' id='word_1_376' title='bbox 1749 2515 1823 2571; x_wconf 91' lang='lat' dir='ltr'>de</span> <span class='ocrx_word' id='word_1_377' title='bbox 1865 2519 1976 2572; x_wconf 81' lang='lat' dir='ltr'>Bu-</span> <span class='ocrx_word' id='word_1_378' title='bbox 2082 2513 2295 2569; x_wconf 91' lang='lat' dir='ltr'>dinum</span> <span class='ocrx_word' id='word_1_379' title='bbox 2329 2515 2508 2583; x_wconf 84' lang='lat' dir='ltr'>Berge</span> <span class='ocrx_word' id='word_1_380' title='bbox 2540 2530 2677 2568; x_wconf 90' lang='lat' dir='ltr'>cum</span> <span class='ocrx_word' id='word_1_381' title='bbox 2721 2513 3057 2585; x_wconf 77' lang='lat' dir='ltr'>piscatum;</span> <span class='ocrx_word' id='word_1_382' title='bbox 3091 2512 3309 2569; x_wconf 79' lang='lat' dir='ltr'>silvam</span> <span class='ocrx_word' id='word_1_383' title='bbox 3343 2515 3683 2586; x_wconf 87' lang='lat' dir='ltr'>quandam</span> <span class='ocrx_word' id='word_1_384' title='bbox 3720 2517 3777 2570; x_wconf 90' lang='lat' dir='ltr'>in</span> 
     </span>
    </p>
   </div>
   <div class='ocr_carea' id='block_1_29' title="bbox 308 2600 3776 2677">
    <p class='ocr_par' dir='ltr' id='par_1_29' title="bbox 308 2600 3776 2677">
     <span class='ocr_line' id='line_1_29' title="bbox 308 2600 3776 2677; baseline -0.001 -16"><span class='ocrx_word' id='word_1_385' title='bbox 308 2605 591 2676; x_wconf 89' lang='lat' dir='ltr'>tenberge</span> <span class='ocrx_word' id='word_1_386' title='bbox 621 2619 731 2677; x_wconf 89' lang='lat' dir='ltr'>pro</span> <span class='ocrx_word' id='word_1_387' title='bbox 761 2603 1206 2676; x_wconf 84' lang='lat' dir='ltr'>quinquaginta</span> <span class='ocrx_word' id='word_1_388' title='bbox 1250 2604 1526 2672; x_wconf 90' lang='lat' dir='ltr'>talentis;</span> <span class='ocrx_word' id='word_1_389' title='bbox 1579 2604 1974 2662; x_wconf 87' lang='lat' dir='ltr'>advocaciam</span> <span class='ocrx_word' id='word_1_390' title='bbox 2083 2605 2261 2659; x_wconf 90' lang='lat' dir='ltr'>Harto</span> <span class='ocrx_word' id='word_1_391' title='bbox 2303 2602 2452 2673; x_wconf 88' lang='grc'>(187)</span> <span class='ocrx_word' id='word_1_392' title='bbox 2500 2618 2634 2674; x_wconf 78' lang='lat' dir='ltr'>quae</span> <span class='ocrx_word' id='word_1_393' title='bbox 2683 2600 2897 2656; x_wconf 88' lang='lat' dir='ltr'>dicitur</span> <span class='ocrx_word' id='word_1_394' title='bbox 2924 2600 3458 2667; x_wconf 87' lang='lat' dir='ltr'>Wrochterowolt,</span> <span class='ocrx_word' id='word_1_395' title='bbox 3501 2621 3544 2659; x_wconf 88' lang='lat' dir='ltr'>a</span> <span class='ocrx_word' id='word_1_396' title='bbox 3574 2605 3776 2659; x_wconf 84' lang='lat' dir='ltr'>multis</span> 
     </span>
    </p>
   </div>
   <div class='ocr_carea' id='block_1_30' title="bbox 304 2692 3770 2767">
    <p class='ocr_par' dir='ltr' id='par_1_30' title="bbox 304 2692 3770 2767">
     <span class='ocr_line' id='line_1_30' title="bbox 304 2692 3770 2767; baseline -0.001 -15"><span class='ocrx_word' id='word_1_397' title='bbox 304 2697 368 2752; x_wconf 92' lang='lat' dir='ltr'>in</span> <span class='ocrx_word' id='word_1_398' title='bbox 422 2695 800 2766; x_wconf 91' lang='lat' dir='ltr'>Borchdorpe</span> <span class='ocrx_word' id='word_1_399' title='bbox 848 2709 1058 2750; x_wconf 90' lang='lat' dir='ltr'>versus</span> <span class='ocrx_word' id='word_1_400' title='bbox 1109 2692 1366 2750; x_wconf 85' lang='lat' dir='ltr'>Miricam</span> <span class='ocrx_word' id='word_1_401' title='bbox 1421 2695 1565 2764; x_wconf 88' lang='grc'>(178)</span> <span class='ocrx_word' id='word_1_402' title='bbox 1599 2709 1636 2750; x_wconf 92' lang='lat' dir='ltr'>a</span> <span class='ocrx_word' id='word_1_403' title='bbox 1684 2694 1972 2767; x_wconf 89' lang='lat' dir='ltr'>Lippoldo</span> <span class='ocrx_word' id='word_1_404' title='bbox 2080 2692 2439 2749; x_wconf 86' lang='lat' dir='ltr'>echtwardis</span> <span class='ocrx_word' id='word_1_405' title='bbox 2470 2707 2578 2763; x_wconf 93' lang='lat' dir='ltr'>pro</span> <span class='ocrx_word' id='word_1_406' title='bbox 2611 2705 2834 2760; x_wconf 87' lang='lat' dir='ltr'>magna</span> <span class='ocrx_word' id='word_1_407' title='bbox 2872 2707 3113 2746; x_wconf 88' lang='lat' dir='ltr'>summa</span> <span class='ocrx_word' id='word_1_408' title='bbox 3142 2692 3404 2762; x_wconf 90' lang='lat' dir='ltr'>pecunie</span> <span class='ocrx_word' id='word_1_409' title='bbox 3436 2694 3770 2766; x_wconf 76' lang='lat' dir='ltr'>expedivit,</span> 
     </span>
    </p>
   </div>
   <div class='ocr_carea' id='block_1_31' title="bbox 303 2779 3773 2856">
    <p class='ocr_par' dir='ltr' id='par_1_31' title="bbox 303 2779 3773 2856">
     <span class='ocr_line' id='line_1_31' title="bbox 303 2779 3773 2856; baseline -0.001 -15"><span class='ocrx_word' id='word_1_410' title='bbox 303 2786 378 2842; x_wconf 91' lang='lat' dir='ltr'>de</span> <span class='ocrx_word' id='word_1_411' title='bbox 410 2783 702 2840; x_wconf 90' lang='lat' dir='ltr'>Escherde</span> <span class='ocrx_word' id='word_1_412' title='bbox 732 2798 840 2854; x_wconf 89' lang='lat' dir='ltr'>pro</span> <span class='ocrx_word' id='word_1_413' title='bbox 870 2785 941 2837; x_wconf 79' lang='grc'>40</span> <span class='ocrx_word' id='word_1_414' title='bbox 971 2782 1237 2849; x_wconf 88' lang='lat' dir='ltr'>talentis;</span> <span class='ocrx_word' id='word_1_415' title='bbox 1271 2783 1642 2854; x_wconf 89' lang='lat' dir='ltr'>piscaturam</span> <span class='ocrx_word' id='word_1_416' title='bbox 1670 2783 1732 2838; x_wconf 93' lang='lat' dir='ltr'>in</span> <span class='ocrx_word' id='word_1_417' title='bbox 1767 2785 1972 2855; x_wconf 85' lang='lat' dir='ltr'>Layna</span> <span class='ocrx_word' id='word_1_418' title='bbox 2079 2786 2134 2838; x_wconf 90' lang='lat' dir='ltr'>et</span> <span class='ocrx_word' id='word_1_419' title='bbox 2187 2779 2431 2837; x_wconf 90' lang='lat' dir='ltr'>ecclesie</span> <span class='ocrx_word' id='word_1_420' title='bbox 2486 2779 2760 2834; x_wconf 89' lang='lat' dir='ltr'>obtinuit.</span> <span class='ocrx_word' id='word_1_421' title='bbox 2825 2783 2883 2833; x_wconf 89' lang='lat' dir='ltr'>In</span> <span class='ocrx_word' id='word_1_422' title='bbox 2940 2779 3397 2850; x_wconf 82' lang='lat' dir='ltr'>Tyderingerod</span> <span class='ocrx_word' id='word_1_423' title='bbox 3466 2783 3773 2856; x_wconf 88' lang='lat' dir='ltr'>quinqua-</span> 
     </span>
    </p>
   </div>
   <div class='ocr_carea' id='block_1_32' title="bbox 296 2868 3769 2947">
    <p class='ocr_par' dir='ltr' id='par_1_32' title="bbox 296 2868 3769 2947">
     <span class='ocr_line' id='line_1_32' title="bbox 296 2868 3769 2947; baseline -0.001 -15"><span class='ocrx_word' id='word_1_424' title='bbox 296 2878 471 2947; x_wconf 84' lang='lat' dir='ltr'>juxta</span> <span class='ocrx_word' id='word_1_425' title='bbox 498 2875 671 2930; x_wconf 91' lang='lat' dir='ltr'>ruthe</span> <span class='ocrx_word' id='word_1_426' title='bbox 720 2889 757 2927; x_wconf 90' lang='lat' dir='ltr'>a</span> <span class='ocrx_word' id='word_1_427' title='bbox 805 2872 1033 2927; x_wconf 91' lang='lat' dir='ltr'>domno</span> <span class='ocrx_word' id='word_1_428' title='bbox 1089 2872 1360 2927; x_wconf 85' lang='lat' dir='ltr'>Johanne</span> <span class='ocrx_word' id='word_1_429' title='bbox 1418 2871 1493 2927; x_wconf 94' lang='lat' dir='ltr'>de</span> <span class='ocrx_word' id='word_1_430' title='bbox 1541 2872 1825 2945; x_wconf 86' lang='lat' dir='ltr'>Adenoys</span> <span class='ocrx_word' id='word_1_431' title='bbox 1856 2891 1967 2946; x_wconf 92' lang='lat' dir='ltr'>pro</span> <span class='ocrx_word' id='word_1_432' title='bbox 2077 2872 2241 2943; x_wconf 89' lang='lat' dir='ltr'>ginta</span> <span class='ocrx_word' id='word_1_433' title='bbox 2307 2868 2684 2925; x_wconf 83' lang='lat' dir='ltr'>echtwardos</span> <span class='ocrx_word' id='word_1_434' title='bbox 2739 2885 2774 2923; x_wconf 90' lang='lat' dir='ltr'>a</span> <span class='ocrx_word' id='word_1_435' title='bbox 2828 2869 3140 2940; x_wconf 81' lang='lat' dir='ltr'>Lyppoldo</span> <span class='ocrx_word' id='word_1_436' title='bbox 3216 2869 3291 2924; x_wconf 90' lang='lat' dir='ltr'>de</span> <span class='ocrx_word' id='word_1_437' title='bbox 3356 2871 3606 2927; x_wconf 84' lang='lat' dir='ltr'>Vreden</span> <span class='ocrx_word' id='word_1_438' title='bbox 3663 2890 3769 2944; x_wconf 86' lang='lat' dir='ltr'>pro</span> 
     </span>
    </p>
   </div>
   <div class='ocr_carea' id='block_1_33' title="bbox 303 2956 3766 3046">
    <p class='ocr_par' dir='ltr' id='par_1_33' title="bbox 303 2956 3766 3046">
     <span class='ocr_line' id='line_1_33' title="bbox 303 2956 3766 3046; baseline -0.001 -25"><span class='ocrx_word' id='word_1_439' title='bbox 303 2970 368 3021; x_wconf 74' lang='grc'>14</span> <span class='ocrx_word' id='word_1_440' title='bbox 420 2963 686 3030; x_wconf 87' lang='lat' dir='ltr'>talentis;</span> <span class='ocrx_word' id='word_1_441' title='bbox 748 2965 1010 3016; x_wconf 88' lang='lat' dir='ltr'>castrum</span> <span class='ocrx_word' id='word_1_442' title='bbox 1052 2961 1266 3017; x_wconf 89' lang='lat' dir='ltr'>Hudhe</span> <span class='ocrx_word' id='word_1_443' title='bbox 1306 2978 1445 3017; x_wconf 91' lang='lat' dir='ltr'>cum</span> <span class='ocrx_word' id='word_1_444' title='bbox 1484 2961 1752 3034; x_wconf 85' lang='lat' dir='ltr'>quinque</span> <span class='ocrx_word' id='word_1_445' title='bbox 1791 2979 1964 3019; x_wconf 89' lang='lat' dir='ltr'>man-</span> <span class='ocrx_word' id='word_1_446' title='bbox 2004 2992 2043 3046; x_wconf 67' lang='grc' dir='ltr'><strong>ρ</strong></span> <span class='ocrx_word' id='word_1_447' title='bbox 2075 2962 2144 3013; x_wconf 80' lang='grc'>24</span> <span class='ocrx_word' id='word_1_448' title='bbox 2171 2959 2409 3024; x_wconf 89' lang='lat' dir='ltr'>marcis,</span> <span class='ocrx_word' id='word_1_449' title='bbox 2443 2956 2744 3012; x_wconf 88' lang='lat' dir='ltr'>decimam</span> <span class='ocrx_word' id='word_1_450' title='bbox 2793 2957 2857 3046; x_wconf 13' lang='lat' dir='ltr'>in”</span> <span class='ocrx_word' id='word_1_451' title='bbox 2895 2957 3390 3031; x_wconf 87' lang='lat' dir='ltr'>Hemmendorpe</span> <span class='ocrx_word' id='word_1_452' title='bbox 3437 2968 3766 3018; x_wconf 79' lang='lat' dir='ltr'>vacantem</span> 
     </span>
    </p>
   </div>
   <div class='ocr_carea' id='block_1_34' title="bbox 299 3045 3762 3126">
    <p class='ocr_par' dir='ltr' id='par_1_34' title="bbox 299 3045 3762 3126">
     <span class='ocr_line' id='line_1_34' title="bbox 299 3045 3762 3126; baseline -0 -18"><span class='ocrx_word' id='word_1_453' title='bbox 299 3055 403 3124; x_wconf 87' lang='lat' dir='ltr'>sis,</span> <span class='ocrx_word' id='word_1_454' title='bbox 451 3056 625 3126; x_wconf 91' lang='lat' dir='ltr'>prato</span> <span class='ocrx_word' id='word_1_455' title='bbox 677 3066 815 3106; x_wconf 92' lang='lat' dir='ltr'>cum</span> <span class='ocrx_word' id='word_1_456' title='bbox 869 3048 1218 3106; x_wconf 91' lang='lat' dir='ltr'>molendino</span> <span class='ocrx_word' id='word_1_457' title='bbox 1294 3055 1349 3106; x_wconf 93' lang='lat' dir='ltr'>et</span> <span class='ocrx_word' id='word_1_458' title='bbox 1407 3050 1647 3106; x_wconf 89' lang='lat' dir='ltr'>duabus</span> <span class='ocrx_word' id='word_1_459' title='bbox 1703 3052 1960 3124; x_wconf 80' lang='lat' dir='ltr'>piscatu-</span> <span class='ocrx_word' id='word_1_460' title='bbox 2018 3045 2022 3046; x_wconf 28' lang='grc' dir='ltr'>ί</span> <span class='ocrx_word' id='word_1_461' title='bbox 2073 3047 2186 3103; x_wconf 89' lang='lat' dir='ltr'>sibi</span> <span class='ocrx_word' id='word_1_462' title='bbox 2236 3047 2482 3118; x_wconf 79' lang='lat' dir='ltr'>suisque</span> <span class='ocrx_word' id='word_1_463' title='bbox 2515 3045 2960 3102; x_wconf 85' lang='lat' dir='ltr'>successoribus</span> <span class='ocrx_word' id='word_1_464' title='bbox 2999 3048 3280 3114; x_wconf 90' lang='lat' dir='ltr'>retinuit;</span> <span class='ocrx_word' id='word_1_465' title='bbox 3335 3049 3614 3104; x_wconf 87' lang='lat' dir='ltr'>domum</span> <span class='ocrx_word' id='word_1_466' title='bbox 3644 3054 3762 3124; x_wconf 83' lang='lat' dir='ltr'>epi-</span> 
     </span>
    </p>
   </div>
   <div class='ocr_carea' id='block_1_35' title="bbox 293 3135 3762 3212">
    <p class='ocr_par' dir='ltr' id='par_1_35' title="bbox 293 3135 3762 3212">
     <span class='ocr_line' id='line_1_35' title="bbox 293 3135 3762 3212; baseline -0.001 -13"><span class='ocrx_word' id='word_1_467' title='bbox 293 3144 373 3199; x_wconf 91' lang='lat' dir='ltr'>ris</span> <span class='ocrx_word' id='word_1_468' title='bbox 425 3158 462 3198; x_wconf 90' lang='lat' dir='ltr'>a</span> <span class='ocrx_word' id='word_1_469' title='bbox 510 3141 825 3196; x_wconf 88' lang='lat' dir='ltr'>Hillemaro</span> <span class='ocrx_word' id='word_1_470' title='bbox 882 3138 955 3194; x_wconf 92' lang='lat' dir='ltr'>de</span> <span class='ocrx_word' id='word_1_471' title='bbox 1012 3139 1240 3210; x_wconf 89' lang='lat' dir='ltr'>Oberge</span> <span class='ocrx_word' id='word_1_472' title='bbox 1313 3155 1421 3212; x_wconf 91' lang='lat' dir='ltr'>pro</span> <span class='ocrx_word' id='word_1_473' title='bbox 1472 3139 1744 3196; x_wconf 90' lang='lat' dir='ltr'>ducentis</span> <span class='ocrx_word' id='word_1_474' title='bbox 1795 3158 1956 3198; x_wconf 89' lang='lat' dir='ltr'>mar-</span> <span class='ocrx_word' id='word_1_475' title='bbox 2067 3136 2374 3209; x_wconf 89' lang='lat' dir='ltr'>scopalem</span> <span class='ocrx_word' id='word_1_476' title='bbox 2407 3135 2468 3190; x_wconf 90' lang='lat' dir='ltr'>in</span> <span class='ocrx_word' id='word_1_477' title='bbox 2500 3135 3055 3207; x_wconf 87' lang='lat' dir='ltr'>Hildensem,quasi</span> <span class='ocrx_word' id='word_1_478' title='bbox 3081 3137 3376 3205; x_wconf 87' lang='lat' dir='ltr'>dirutam,</span> <span class='ocrx_word' id='word_1_479' title='bbox 3406 3155 3622 3209; x_wconf 83' lang='lat' dir='ltr'>muro,</span> <span class='ocrx_word' id='word_1_480' title='bbox 3655 3148 3762 3197; x_wconf 85' lang='lat' dir='ltr'>tra-</span> 
     </span>
    </p>
   </div>
   <div class='ocr_carea' id='block_1_36' title="bbox 292 3224 3760 3305">
    <p class='ocr_par' dir='ltr' id='par_1_36' title="bbox 292 3224 3760 3305">
     <span class='ocr_line' id='line_1_36' title="bbox 292 3224 3760 3305; baseline -0 -17"><span class='ocrx_word' id='word_1_481' title='bbox 292 3233 395 3295; x_wconf 90' lang='lat' dir='ltr'>cis,</span> <span class='ocrx_word' id='word_1_482' title='bbox 451 3235 506 3288; x_wconf 90' lang='lat' dir='ltr'>et</span> <span class='ocrx_word' id='word_1_483' title='bbox 552 3229 728 3305; x_wconf 91' lang='lat' dir='ltr'>quasi</span> <span class='ocrx_word' id='word_1_484' title='bbox 775 3227 1043 3284; x_wconf 88' lang='lat' dir='ltr'>funditus</span> <span class='ocrx_word' id='word_1_485' title='bbox 1092 3228 1166 3284; x_wconf 91' lang='lat' dir='ltr'>de</span> <span class='ocrx_word' id='word_1_486' title='bbox 1225 3245 1380 3284; x_wconf 88' lang='lat' dir='ltr'>novo</span> <span class='ocrx_word' id='word_1_487' title='bbox 1431 3228 1668 3299; x_wconf 90' lang='lat' dir='ltr'>magnis</span> <span class='ocrx_word' id='word_1_488' title='bbox 1707 3231 1956 3304; x_wconf 90' lang='lat' dir='ltr'>sumpti-</span> <span class='ocrx_word' id='word_1_489' title='bbox 2062 3227 2267 3290; x_wconf 90' lang='lat' dir='ltr'>bibus,</span> <span class='ocrx_word' id='word_1_490' title='bbox 2323 3229 2475 3281; x_wconf 86' lang='lat' dir='ltr'>tecto</span> <span class='ocrx_word' id='word_1_491' title='bbox 2531 3225 2766 3296; x_wconf 91' lang='lat' dir='ltr'>lapideo</span> <span class='ocrx_word' id='word_1_492' title='bbox 2810 3224 3028 3290; x_wconf 87' lang='lat' dir='ltr'>refecit,</span> <span class='ocrx_word' id='word_1_493' title='bbox 3073 3231 3129 3281; x_wconf 90' lang='lat' dir='ltr'>et</span> <span class='ocrx_word' id='word_1_494' title='bbox 3179 3227 3312 3281; x_wconf 90' lang='lat' dir='ltr'>aliis</span> <span class='ocrx_word' id='word_1_495' title='bbox 3371 3228 3640 3286; x_wconf 87' lang='lat' dir='ltr'>editiciis</span> <span class='ocrx_word' id='word_1_496' title='bbox 3681 3233 3760 3287; x_wconf 92' lang='lat' dir='ltr'>in-</span> 
     </span>
    </p>
   </div>
   <div class='ocr_carea' id='block_1_37' title="bbox 288 3314 3751 3390">
    <p class='ocr_par' dir='ltr' id='par_1_37' title="bbox 288 3314 3751 3390">
     <span class='ocr_line' id='line_1_37' title="bbox 288 3314 3751 3390; baseline 0 -12"><span class='ocrx_word' id='word_1_497' title='bbox 288 3322 405 3377; x_wconf 93' lang='lat' dir='ltr'>bus</span> <span class='ocrx_word' id='word_1_498' title='bbox 436 3317 782 3378; x_wconf 85' lang='lat' dir='ltr'>construxit.</span> <span class='ocrx_word' id='word_1_499' title='bbox 826 3317 1166 3374; x_wconf 89' lang='lat' dir='ltr'>Comeciam</span> <span class='ocrx_word' id='word_1_500' title='bbox 1222 3321 1444 3373; x_wconf 86' lang='lat' dir='ltr'>Nowen</span> <span class='ocrx_word' id='word_1_501' title='bbox 1484 3319 1554 3355; x_wconf 80' lang='grc'>¹⁰⁵</span> <span class='ocrx_word' id='word_1_502' title='bbox 1589 3318 1730 3390; x_wconf 86' lang='grc'>(179)</span> <span class='ocrx_word' id='word_1_503' title='bbox 1786 3335 1822 3374; x_wconf 92' lang='lat' dir='ltr'>a</span> <span class='ocrx_word' id='word_1_504' title='bbox 1862 3335 1956 3375; x_wconf 93' lang='lat' dir='ltr'>co-</span> <span class='ocrx_word' id='word_1_505' title='bbox 2063 3317 2368 3373; x_wconf 89' lang='lat' dir='ltr'>stauravit.</span> <span class='ocrx_word' id='word_1_506' title='bbox 2405 3314 2770 3372; x_wconf 87' lang='lat' dir='ltr'>Cenaculum</span> <span class='ocrx_word' id='word_1_507' title='bbox 2814 3314 2873 3369; x_wconf 92' lang='lat' dir='ltr'>in</span> <span class='ocrx_word' id='word_1_508' title='bbox 2922 3315 3374 3388; x_wconf 88' lang='lat' dir='ltr'>Poppenburch</span> <span class='ocrx_word' id='word_1_509' title='bbox 3421 3324 3483 3375; x_wconf 88' lang='lat' dir='ltr'>et</span> <span class='ocrx_word' id='word_1_510' title='bbox 3529 3325 3751 3378; x_wconf 84' lang='lat' dir='ltr'>turrem</span> 
     </span>
    </p>
   </div>
   <div class='ocr_carea' id='block_1_38' title="bbox 289 3401 3747 3478">
    <p class='ocr_par' dir='ltr' id='par_1_38' title="bbox 289 3401 3747 3478">
     <span class='ocr_line' id='line_1_38' title="bbox 289 3401 3747 3478; baseline -0.001 -11"><span class='ocrx_word' id='word_1_511' title='bbox 289 3412 429 3468; x_wconf 91' lang='lat' dir='ltr'>mite</span> <span class='ocrx_word' id='word_1_512' title='bbox 481 3408 733 3466; x_wconf 86' lang='lat' dir='ltr'>Henrico</span> <span class='ocrx_word' id='word_1_513' title='bbox 779 3407 854 3462; x_wconf 90' lang='lat' dir='ltr'>de</span> <span class='ocrx_word' id='word_1_514' title='bbox 901 3406 1333 3476; x_wconf 84' lang='lat' dir='ltr'>Woldenberge</span> <span class='ocrx_word' id='word_1_515' title='bbox 1386 3422 1496 3478; x_wconf 92' lang='lat' dir='ltr'>pro</span> <span class='ocrx_word' id='word_1_516' title='bbox 1547 3410 1647 3460; x_wconf 86' lang='lat'>120</span> <span class='ocrx_word' id='word_1_517' title='bbox 1696 3408 1950 3474; x_wconf 89' lang='lat' dir='ltr'>marcis;</span> <span class='ocrx_word' id='word_1_518' title='bbox 2059 3421 2315 3478; x_wconf 89' lang='lat' dir='ltr'>parvam</span> <span class='ocrx_word' id='word_1_519' title='bbox 2348 3402 2726 3473; x_wconf 90' lang='lat' dir='ltr'>adjacentem</span> <span class='ocrx_word' id='word_1_520' title='bbox 2752 3401 3059 3475; x_wconf 90' lang='lat' dir='ltr'>lapidibus</span> <span class='ocrx_word' id='word_1_521' title='bbox 3093 3403 3253 3459; x_wconf 82' lang='lat' dir='ltr'>texit.</span> <span class='ocrx_word' id='word_1_522' title='bbox 3274 3407 3569 3462; x_wconf 86' lang='lat' dir='ltr'>Castrum</span> <span class='ocrx_word' id='word_1_523' title='bbox 3599 3407 3747 3462; x_wconf 77' lang='lat' dir='ltr'>Win-</span> 
     </span>
    </p>
   </div>
   <div class='ocr_carea' id='block_1_39' title="bbox 288 3489 3734 3568">
    <p class='ocr_par' dir='ltr' id='par_1_39' title="bbox 288 3489 3734 3568">
     <span class='ocr_line' id='line_1_39' title="bbox 288 3489 3734 3568; baseline -0.002 -11"><span class='ocrx_word' id='word_1_524' title='bbox 288 3500 646 3558; x_wconf 87' lang='lat' dir='ltr'>advocacias</span> <span class='ocrx_word' id='word_1_525' title='bbox 677 3498 738 3552; x_wconf 93' lang='lat' dir='ltr'>in</span> <span class='ocrx_word' id='word_1_526' title='bbox 769 3495 1098 3565; x_wconf 85' lang='lat' dir='ltr'>Ringelem,</span> <span class='ocrx_word' id='word_1_527' title='bbox 1125 3495 1184 3549; x_wconf 93' lang='lat' dir='ltr'>in</span> <span class='ocrx_word' id='word_1_528' title='bbox 1215 3497 1466 3567; x_wconf 88' lang='lat' dir='ltr'>Uppem,</span> <span class='ocrx_word' id='word_1_529' title='bbox 1495 3495 1556 3550; x_wconf 92' lang='lat' dir='ltr'>in</span> <span class='ocrx_word' id='word_1_530' title='bbox 1583 3495 1777 3551; x_wconf 85' lang='lat' dir='ltr'>Solide</span> <span class='ocrx_word' id='word_1_531' title='bbox 1805 3497 1951 3568; x_wconf 89' lang='grc'>(180)</span> <span class='ocrx_word' id='word_1_532' title='bbox 2061 3493 2329 3561; x_wconf 87' lang='lat' dir='ltr'>cenburg</span> <span class='ocrx_word' id='word_1_533' title='bbox 2357 3507 2391 3546; x_wconf 86' lang='lat' dir='ltr'>a</span> <span class='ocrx_word' id='word_1_534' title='bbox 2438 3489 2772 3562; x_wconf 85' lang='lat' dir='ltr'>Beyerberg</span> <span class='ocrx_word' id='word_1_535' title='bbox 2801 3506 2992 3562; x_wconf 90' lang='lat' dir='ltr'>usque</span> <span class='ocrx_word' id='word_1_536' title='bbox 3023 3490 3102 3545; x_wconf 91' lang='lat' dir='ltr'>ad</span> <span class='ocrx_word' id='word_1_537' title='bbox 3133 3491 3391 3548; x_wconf 87' lang='lat' dir='ltr'>valvam</span> <span class='ocrx_word' id='word_1_538' title='bbox 3443 3495 3692 3548; x_wconf 79' lang='lat' dir='ltr'>muravit</span> <span class='ocrx_word' id='word_1_539' title='bbox 3718 3514 3734 3552; x_wconf 90' lang='lat'><strong><em>:</em></strong></span> 
     </span>
    </p>
   </div>
   <div class='ocr_carea' id='block_1_40' title="bbox 287 3579 3728 3655">
    <p class='ocr_par' dir='ltr' id='par_1_40' title="bbox 287 3579 3728 3655">
     <span class='ocr_line' id='line_1_40' title="bbox 287 3579 3728 3655; baseline -0.002 -10"><span class='ocrx_word' id='word_1_540' title='bbox 287 3595 344 3645; x_wconf 90' lang='lat' dir='ltr'>et</span> <span class='ocrx_word' id='word_1_541' title='bbox 373 3588 670 3644; x_wconf 89' lang='lat' dir='ltr'>comecias</span> <span class='ocrx_word' id='word_1_542' title='bbox 701 3584 781 3640; x_wconf 91' lang='lat' dir='ltr'>ad</span> <span class='ocrx_word' id='word_1_543' title='bbox 815 3583 1016 3651; x_wconf 86' lang='lat' dir='ltr'>Soltga</span> <span class='ocrx_word' id='word_1_544' title='bbox 1057 3587 1114 3636; x_wconf 90' lang='lat' dir='ltr'>et</span> <span class='ocrx_word' id='word_1_545' title='bbox 1141 3582 1219 3637; x_wconf 92' lang='lat' dir='ltr'>ad</span> <span class='ocrx_word' id='word_1_546' title='bbox 1257 3583 1355 3637; x_wconf 86' lang='lat' dir='ltr'>Ris</span> <span class='ocrx_word' id='word_1_547' title='bbox 1385 3584 1553 3655; x_wconf 89' lang='grc'>(181),</span> <span class='ocrx_word' id='word_1_548' title='bbox 1581 3598 1692 3638; x_wconf 92' lang='lat' dir='ltr'>nec</span> <span class='ocrx_word' id='word_1_549' title='bbox 1719 3601 1843 3640; x_wconf 92' lang='lat' dir='ltr'>non</span> <span class='ocrx_word' id='word_1_550' title='bbox 1873 3586 1950 3641; x_wconf 88' lang='lat' dir='ltr'>ad</span> <span class='ocrx_word' id='word_1_551' title='bbox 2059 3583 2299 3638; x_wconf 90' lang='lat' dir='ltr'>valvam</span> <span class='ocrx_word' id='word_1_552' title='bbox 2345 3579 2649 3652; x_wconf 87' lang='lat' dir='ltr'>lapideam</span> <span class='ocrx_word' id='word_1_553' title='bbox 2698 3585 2833 3635; x_wconf 88' lang='lat' dir='ltr'>ante</span> <span class='ocrx_word' id='word_1_554' title='bbox 2873 3585 3140 3635; x_wconf 87' lang='lat' dir='ltr'>castrum</span> <span class='ocrx_word' id='word_1_555' title='bbox 3173 3588 3381 3652; x_wconf 79' lang='lat' dir='ltr'>Peyne</span> <span class='ocrx_word' id='word_1_556' title='bbox 3412 3584 3728 3638; x_wconf 76' lang='lat' dir='ltr'>construxit</span> 
     </span>
    </p>
   </div>
   <div class='ocr_carea' id='block_1_41' title="bbox 284 3666 3736 3750">
    <p class='ocr_par' dir='ltr' id='par_1_41' title="bbox 284 3666 3736 3750">
     <span class='ocr_line' id='line_1_41' title="bbox 284 3666 3736 3750; baseline -0 -18"><span class='ocrx_word' id='word_1_557' title='bbox 284 3676 710 3750; x_wconf 87' lang='lat' dir='ltr'>proprietatem</span> <span class='ocrx_word' id='word_1_558' title='bbox 765 3673 940 3728; x_wconf 88' lang='lat' dir='ltr'>castri</span> <span class='ocrx_word' id='word_1_559' title='bbox 991 3671 1261 3726; x_wconf 85' lang='lat' dir='ltr'>Werdere</span> <span class='ocrx_word' id='word_1_560' title='bbox 1312 3671 1459 3741; x_wconf 83' lang='grc'>(182)</span> <span class='ocrx_word' id='word_1_561' title='bbox 1509 3676 1565 3727; x_wconf 90' lang='lat' dir='ltr'>et</span> <span class='ocrx_word' id='word_1_562' title='bbox 1622 3672 1950 3729; x_wconf 90' lang='lat' dir='ltr'>molendini</span> <span class='ocrx_word' id='word_1_563' title='bbox 2058 3673 2116 3722; x_wconf 75' lang='lat' dir='ltr'>et</span> <span class='ocrx_word' id='word_1_564' title='bbox 2160 3667 2461 3740; x_wconf 79' lang='lat' dir='ltr'>lapidibus</span> <span class='ocrx_word' id='word_1_565' title='bbox 2503 3666 2674 3732; x_wconf 70' lang='grc' dir='ltr'>ῑθΧὶῐς</span> <span class='ocrx_word' id='word_1_566' title='bbox 2719 3666 3078 3722; x_wconf 72' lang='grc' dir='ltr'>ῐθεῒυάίηθιη</span> <span class='ocrx_word' id='word_1_567' title='bbox 3122 3667 3180 3722; x_wconf 80' lang='lat' dir='ltr'>in</span> <span class='ocrx_word' id='word_1_568' title='bbox 3233 3673 3445 3726; x_wconf 73' lang='lat' dir='ltr'>castro</span> <span class='ocrx_word' id='word_1_569' title='bbox 3480 3671 3736 3727; x_wconf 77' lang='lat' dir='ltr'>similiter</span> 
     </span>
    </p>
   </div>
   <div class='ocr_carea' id='block_1_42' title="bbox 285 3754 3743 3837">
    <p class='ocr_par' dir='ltr' id='par_1_42' title="bbox 285 3754 3743 3837">
     <span class='ocr_line' id='line_1_42' title="bbox 285 3754 3743 3837; baseline 0.005 -38"><span class='ocrx_word' id='word_1_570' title='bbox 285 3771 342 3822; x_wconf 66' lang='lat' dir='ltr'><strong>et</strong></span> <span class='ocrx_word' id='word_1_571' title='bbox 368 3766 440 3800; x_wconf 67' lang='grc' dir='ltr'>ποθ</span> <span class='ocrx_word' id='word_1_572' title='bbox 461 3764 779 3837; x_wconf 59' lang='lat' dir='ltr'>piscatum,</span> <span class='ocrx_word' id='word_1_573' title='bbox 812 3765 870 3816; x_wconf 68' lang='lat' dir='ltr'>et</span> <span class='ocrx_word' id='word_1_574' title='bbox 899 3764 929 3815; x_wconf 89' lang='lat'><strong>9</strong></span> <span class='ocrx_word' id='word_1_575' title='bbox 959 3775 1312 3814; x_wconf 74' lang='lat' dir='ltr'>mansorum</span> <span class='ocrx_word' id='word_1_576' title='bbox 1343 3759 1764 3830; x_wconf 80' lang='lat' dir='ltr'>adjacencium</span> <span class='ocrx_word' id='word_1_577' title='bbox 1794 3778 1830 3817; x_wconf 77' lang='grc' dir='ltr'>δ,</span> <span class='ocrx_word' id='word_1_578' title='bbox 1855 3780 1950 3819; x_wconf 84' lang='lat' dir='ltr'>co-</span> <span class='ocrx_word' id='word_1_579' title='bbox 2056 3757 2356 3829; x_wconf 87' lang='lat' dir='ltr'>lapidibus</span> <span class='ocrx_word' id='word_1_580' title='bbox 2389 3754 2547 3822; x_wconf 82' lang='lat' dir='ltr'>texit,</span> <span class='ocrx_word' id='word_1_581' title='bbox 2567 3760 2623 3811; x_wconf 92' lang='lat' dir='ltr'>et</span> <span class='ocrx_word' id='word_1_582' title='bbox 2648 3755 2762 3811; x_wconf 89' lang='lat' dir='ltr'>alia</span> <span class='ocrx_word' id='word_1_583' title='bbox 2789 3755 3023 3810; x_wconf 86' lang='lat' dir='ltr'>editicia</span> <span class='ocrx_word' id='word_1_584' title='bbox 3053 3756 3116 3810; x_wconf 93' lang='lat' dir='ltr'>in</span> <span class='ocrx_word' id='word_1_585' title='bbox 3145 3756 3372 3813; x_wconf 87' lang='lat' dir='ltr'>eodem</span> <span class='ocrx_word' id='word_1_586' title='bbox 3397 3766 3604 3815; x_wconf 85' lang='lat' dir='ltr'>castro</span> <span class='ocrx_word' id='word_1_587' title='bbox 3630 3761 3743 3817; x_wconf 81' lang='lat' dir='ltr'>fere</span> 
     </span>
    </p>
   </div>
   <div class='ocr_carea' id='block_1_43' title="bbox 284 3844 3748 3923">
    <p class='ocr_par' dir='ltr' id='par_1_43' title="bbox 284 3844 3748 3923">
     <span class='ocr_line' id='line_1_43' title="bbox 284 3844 3748 3923; baseline 0 -17"><span class='ocrx_word' id='word_1_588' title='bbox 284 3857 427 3912; x_wconf 84' lang='lat' dir='ltr'>mite</span> <span class='ocrx_word' id='word_1_589' title='bbox 458 3853 706 3910; x_wconf 91' lang='lat' dir='ltr'>Ludolfo</span> <span class='ocrx_word' id='word_1_590' title='bbox 749 3851 822 3907; x_wconf 91' lang='lat' dir='ltr'>de</span> <span class='ocrx_word' id='word_1_591' title='bbox 854 3848 1297 3919; x_wconf 88' lang='lat' dir='ltr'>Woldenberge</span> <span class='ocrx_word' id='word_1_592' title='bbox 1337 3865 1447 3922; x_wconf 88' lang='lat' dir='ltr'>pro</span> <span class='ocrx_word' id='word_1_593' title='bbox 1491 3850 1946 3923; x_wconf 83' lang='lat' dir='ltr'>quadringentis</span> <span class='ocrx_word' id='word_1_594' title='bbox 2055 3846 2261 3902; x_wconf 89' lang='lat' dir='ltr'>omnia</span> <span class='ocrx_word' id='word_1_595' title='bbox 2289 3844 2634 3911; x_wconf 84' lang='lat' dir='ltr'>innovavit;</span> <span class='ocrx_word' id='word_1_596' title='bbox 2676 3844 2920 3900; x_wconf 86' lang='lat' dir='ltr'>feodum</span> <span class='ocrx_word' id='word_1_597' title='bbox 2950 3845 3144 3900; x_wconf 91' lang='lat' dir='ltr'>eciam</span> <span class='ocrx_word' id='word_1_598' title='bbox 3175 3847 3358 3902; x_wconf 86' lang='lat' dir='ltr'>castri</span> <span class='ocrx_word' id='word_1_599' title='bbox 3394 3849 3664 3906; x_wconf 79' lang='lat' dir='ltr'>civitatis</span> <span class='ocrx_word' id='word_1_600' title='bbox 3694 3857 3748 3906; x_wconf 90' lang='lat' dir='ltr'>et</span> 
     </span>
    </p>
   </div>
   <div class='ocr_carea' id='block_1_44' title="bbox 280 3932 3747 4020">
    <p class='ocr_par' dir='ltr' id='par_1_44' title="bbox 280 3932 3747 4020">
     <span class='ocr_line' id='line_1_44' title="bbox 280 3932 3747 4020; baseline -0.002 -18"><span class='ocrx_word' id='word_1_601' title='bbox 280 3943 722 4020; x_wconf 89' lang='lat' dir='ltr'>quinquaginta</span> <span class='ocrx_word' id='word_1_602' title='bbox 752 3940 990 4006; x_wconf 88' lang='lat' dir='ltr'>marcis,</span> <span class='ocrx_word' id='word_1_603' title='bbox 1024 3942 1077 3994; x_wconf 85' lang='lat' dir='ltr'>et</span> <span class='ocrx_word' id='word_1_604' title='bbox 1110 3937 1270 3995; x_wconf 91' lang='lat' dir='ltr'>idem</span> <span class='ocrx_word' id='word_1_605' title='bbox 1321 3943 1586 3995; x_wconf 90' lang='lat' dir='ltr'>castrum</span> <span class='ocrx_word' id='word_1_606' title='bbox 1634 3956 1743 4012; x_wconf 90' lang='lat' dir='ltr'>pro</span> <span class='ocrx_word' id='word_1_607' title='bbox 1791 3941 1945 3998; x_wconf 90' lang='lat' dir='ltr'>libro</span> <span class='ocrx_word' id='word_1_608' title='bbox 2054 3933 2302 3989; x_wconf 85' lang='lat' dir='ltr'>comicie</span> <span class='ocrx_word' id='word_1_609' title='bbox 2360 3935 2555 4004; x_wconf 82' lang='lat' dir='ltr'>Peyne</span> <span class='ocrx_word' id='word_1_610' title='bbox 2608 3948 2645 3988; x_wconf 86' lang='lat' dir='ltr'>a</span> <span class='ocrx_word' id='word_1_611' title='bbox 2686 3932 2900 3987; x_wconf 89' lang='lat' dir='ltr'>comite</span> <span class='ocrx_word' id='word_1_612' title='bbox 2931 3933 3288 3989; x_wconf 88' lang='lat' dir='ltr'>Widekindo</span> <span class='ocrx_word' id='word_1_613' title='bbox 3330 3935 3413 3990; x_wconf 89' lang='lat' dir='ltr'>de</span> <span class='ocrx_word' id='word_1_614' title='bbox 3469 3939 3747 4012; x_wconf 84' lang='lat' dir='ltr'>Poppen-</span> 
     </span>
    </p>
   </div>
   <div class='ocr_carea' id='block_1_45' title="bbox 283 4020 3746 4100">
    <p class='ocr_par' dir='ltr' id='par_1_45' title="bbox 283 4020 3746 4100">
     <span class='ocr_line' id='line_1_45' title="bbox 283 4020 3746 4100; baseline -0.002 -10"><span class='ocrx_word' id='word_1_615' title='bbox 283 4036 352 4070; x_wconf 81' lang='grc'>¹⁰⁷</span> <span class='ocrx_word' id='word_1_616' title='bbox 377 4038 571 4090; x_wconf 89' lang='lat' dir='ltr'>castro</span> <span class='ocrx_word' id='word_1_617' title='bbox 594 4029 839 4087; x_wconf 90' lang='lat' dir='ltr'>ecclesie</span> <span class='ocrx_word' id='word_1_618' title='bbox 862 4025 1139 4098; x_wconf 81' lang='lat' dir='ltr'>obtinuit,</span> <span class='ocrx_word' id='word_1_619' title='bbox 1153 4027 1235 4082; x_wconf 88' lang='lat' dir='ltr'>ita</span> <span class='ocrx_word' id='word_1_620' title='bbox 1255 4027 1419 4100; x_wconf 93' lang='lat' dir='ltr'>quod</span> <span class='ocrx_word' id='word_1_621' title='bbox 1447 4027 1641 4084; x_wconf 92' lang='lat' dir='ltr'>dictus</span> <span class='ocrx_word' id='word_1_622' title='bbox 1664 4044 1867 4084; x_wconf 90' lang='lat' dir='ltr'>comes</span> <span class='ocrx_word' id='word_1_623' title='bbox 1888 4033 1946 4086; x_wconf 90' lang='lat' dir='ltr'>et</span> <span class='ocrx_word' id='word_1_624' title='bbox 2050 4022 2240 4078; x_wconf 89' lang='lat' dir='ltr'>borch</span> <span class='ocrx_word' id='word_1_625' title='bbox 2265 4020 2581 4094; x_wconf 81' lang='lat' dir='ltr'>expedivit,</span> <span class='ocrx_word' id='word_1_626' title='bbox 2604 4020 2707 4094; x_wconf 90' lang='lat' dir='ltr'>qui</span> <span class='ocrx_word' id='word_1_627' title='bbox 2730 4020 2877 4075; x_wconf 89' lang='lat' dir='ltr'>illud</span> <span class='ocrx_word' id='word_1_628' title='bbox 2903 4020 2966 4076; x_wconf 91' lang='lat' dir='ltr'>in</span> <span class='ocrx_word' id='word_1_629' title='bbox 2993 4037 3212 4077; x_wconf 88' lang='lat' dir='ltr'>manus</span> <span class='ocrx_word' id='word_1_630' title='bbox 3249 4039 3400 4079; x_wconf 88' lang='lat' dir='ltr'>suas</span> <span class='ocrx_word' id='word_1_631' title='bbox 3434 4024 3636 4084; x_wconf 84' lang='lat' dir='ltr'>libere</span> <span class='ocrx_word' id='word_1_632' title='bbox 3661 4045 3746 4084; x_wconf 85' lang='lat' dir='ltr'>re-</span> 
     </span>
    </p>
   </div>
   <div class='ocr_carea' id='block_1_46' title="bbox 283 4109 3745 4192">
    <p class='ocr_par' dir='ltr' id='par_1_46' title="bbox 283 4109 3745 4192">
     <span class='ocr_line' id='line_1_46' title="bbox 283 4109 3745 4192; baseline -0.001 -12"><span class='ocrx_word' id='word_1_633' title='bbox 283 4125 375 4179; x_wconf 88' lang='lat' dir='ltr'>sui</span> <span class='ocrx_word' id='word_1_634' title='bbox 401 4123 652 4179; x_wconf 86' lang='lat' dir='ltr'>heredes</span> <span class='ocrx_word' id='word_1_635' title='bbox 677 4121 878 4192; x_wconf 91' lang='lat' dir='ltr'>ipsum</span> <span class='ocrx_word' id='word_1_636' title='bbox 901 4122 1160 4173; x_wconf 87' lang='lat' dir='ltr'>castrum</span> <span class='ocrx_word' id='word_1_637' title='bbox 1191 4134 1261 4174; x_wconf 92' lang='lat' dir='ltr'>eo</span> <span class='ocrx_word' id='word_1_638' title='bbox 1277 4118 1410 4189; x_wconf 86' lang='lat' dir='ltr'>jure</span> <span class='ocrx_word' id='word_1_639' title='bbox 1428 4118 1802 4187; x_wconf 88' lang='lat' dir='ltr'>obtinebunt,</span> <span class='ocrx_word' id='word_1_640' title='bbox 1817 4136 1941 4192; x_wconf 92' lang='lat' dir='ltr'>quo</span> <span class='ocrx_word' id='word_1_641' title='bbox 2052 4111 2343 4181; x_wconf 76' lang='lat' dir='ltr'>signavit;</span> <span class='ocrx_word' id='word_1_642' title='bbox 2397 4109 2784 4166; x_wconf 69' lang='lat' dir='ltr'>advocaoiam</span> <span class='ocrx_word' id='word_1_643' title='bbox 2828 4109 2889 4164; x_wconf 75' lang='lat' dir='ltr'>in</span> <span class='ocrx_word' id='word_1_644' title='bbox 2942 4110 3268 4182; x_wconf 75' lang='lat' dir='ltr'>Lapidibus</span> <span class='ocrx_word' id='word_1_645' title='bbox 3297 4128 3334 4166; x_wconf 72' lang='grc' dir='ltr'><em>ἃ</em></span> <span class='ocrx_word' id='word_1_646' title='bbox 3365 4115 3658 4171; x_wconf 79' lang='lat' dir='ltr'>JOhanne</span> <span class='ocrx_word' id='word_1_647' title='bbox 3691 4123 3745 4172; x_wconf 85' lang='lat' dir='ltr'>et</span> 
     </span>
    </p>
   </div>
   <div class='ocr_carea' id='block_1_47' title="bbox 279 4197 3740 4278">
    <p class='ocr_par' dir='ltr' id='par_1_47' title="bbox 279 4197 3740 4278">
     <span class='ocr_line' id='line_1_47' title="bbox 279 4197 3740 4278; baseline -0.002 -11"><span class='ocrx_word' id='word_1_648' title='bbox 279 4214 355 4268; x_wconf 90' lang='lat' dir='ltr'>de</span> <span class='ocrx_word' id='word_1_649' title='bbox 379 4211 751 4276; x_wconf 91' lang='lat' dir='ltr'>Halremunt,</span> <span class='ocrx_word' id='word_1_650' title='bbox 783 4208 857 4263; x_wconf 90' lang='lat' dir='ltr'>de</span> <span class='ocrx_word' id='word_1_651' title='bbox 887 4207 1126 4262; x_wconf 89' lang='lat' dir='ltr'>Sladem</span> <span class='ocrx_word' id='word_1_652' title='bbox 1154 4208 1426 4278; x_wconf 88' lang='lat' dir='ltr'>comites,</span> <span class='ocrx_word' id='word_1_653' title='bbox 1459 4212 1515 4263; x_wconf 92' lang='lat' dir='ltr'>et</span> <span class='ocrx_word' id='word_1_654' title='bbox 1550 4208 1835 4263; x_wconf 88' lang='lat' dir='ltr'>dominus</span> <span class='ocrx_word' id='word_1_655' title='bbox 1865 4209 1940 4264; x_wconf 93' lang='lat' dir='ltr'>de</span> <span class='ocrx_word' id='word_1_656' title='bbox 2051 4199 2326 4256; x_wconf 86' lang='lat' dir='ltr'>Conrado</span> <span class='ocrx_word' id='word_1_657' title='bbox 2355 4198 2558 4253; x_wconf 77' lang='lat' dir='ltr'>Acken</span> <span class='ocrx_word' id='word_1_658' title='bbox 2585 4197 2900 4269; x_wconf 87' lang='lat' dir='ltr'>expedivit.</span> <span class='ocrx_word' id='word_1_659' title='bbox 2935 4202 3081 4253; x_wconf 91' lang='lat' dir='ltr'>ltem</span> <span class='ocrx_word' id='word_1_660' title='bbox 3111 4214 3147 4254; x_wconf 86' lang='lat' dir='ltr'>a</span> <span class='ocrx_word' id='word_1_661' title='bbox 3179 4198 3417 4255; x_wconf 91' lang='lat' dir='ltr'>domno</span> <span class='ocrx_word' id='word_1_662' title='bbox 3451 4203 3740 4260; x_wconf 86' lang='lat' dir='ltr'>Heinrico</span> 
     </span>
    </p>
   </div>
   <div class='ocr_carea' id='block_1_48' title="bbox 280 4287 3742 4390">
    <p class='ocr_par' dir='ltr' id='par_1_48' title="bbox 280 4287 3742 4390">
     <span class='ocr_line' id='line_1_48' title="bbox 280 4287 3742 4390; baseline -0.002 -32"><span class='ocrx_word' id='word_1_663' title='bbox 280 4301 586 4369; x_wconf 87' lang='lat' dir='ltr'>Honburg,</span> <span class='ocrx_word' id='word_1_664' title='bbox 621 4313 731 4352; x_wconf 90' lang='lat' dir='ltr'>sua</span> <span class='ocrx_word' id='word_1_665' title='bbox 760 4300 956 4352; x_wconf 89' lang='lat' dir='ltr'>castra</span> <span class='ocrx_word' id='word_1_666' title='bbox 988 4300 1196 4390; x_wconf 73' lang='lat' dir='ltr'>tenere</span> <span class='ocrx_word' id='word_1_667' title='bbox 1229 4295 1306 4350; x_wconf 85' lang='lat' dir='ltr'>ab</span> <span class='ocrx_word' id='word_1_668' title='bbox 1337 4295 1586 4351; x_wconf 88' lang='lat' dir='ltr'>ecclesia</span> <span class='ocrx_word' id='word_1_669' title='bbox 1615 4296 1940 4352; x_wconf 87' lang='lat' dir='ltr'>dinoscun—</span> <span class='ocrx_word' id='word_1_670' title='bbox 1975 4337 2019 4390; x_wconf 68' lang='grc' dir='ltr'><strong>Β</strong></span> <span class='ocrx_word' id='word_1_671' title='bbox 2050 4289 2124 4345; x_wconf 91' lang='lat' dir='ltr'>de</span> <span class='ocrx_word' id='word_1_672' title='bbox 2155 4288 2478 4390; x_wconf 65' lang='lat' dir='ltr'>llonborch</span> <span class='ocrx_word' id='word_1_673' title='bbox 2502 4288 2563 4342; x_wconf 91' lang='lat' dir='ltr'>in</span> <span class='ocrx_word' id='word_1_674' title='bbox 2594 4287 2824 4390; x_wconf 74' lang='lat' dir='ltr'>placitis</span> <span class='ocrx_word' id='word_1_675' title='bbox 2853 4287 3110 4390; x_wconf 68' lang='lat' dir='ltr'>obtinuit</span> <span class='ocrx_word' id='word_1_676' title='bbox 3125 4289 3300 4390; x_wconf 66' lang='lat' dir='ltr'>quod</span> <span class='ocrx_word' id='word_1_677' title='bbox 3327 4290 3606 4348; x_wconf 84' lang='lat' dir='ltr'>liberum</span> <span class='ocrx_word' id='word_1_678' title='bbox 3633 4295 3742 4350; x_wconf 88' lang='lat' dir='ltr'>erit</span> 
     </span>
    </p>
   </div>
   <div class='ocr_carea' id='block_1_49' title="bbox 278 4377 3736 4459">
    <p class='ocr_par' dir='ltr' id='par_1_49' title="bbox 278 4377 3736 4459">
     <span class='ocr_line' id='line_1_49' title="bbox 278 4377 3736 4459; baseline -0.003 -10"><span class='ocrx_word' id='word_1_679' title='bbox 278 4399 392 4459; x_wconf 89' lang='lat' dir='ltr'>tur,</span> <span class='ocrx_word' id='word_1_680' title='bbox 425 4406 496 4446; x_wconf 90' lang='lat' dir='ltr'>eo</span> <span class='ocrx_word' id='word_1_681' title='bbox 546 4387 800 4458; x_wconf 88' lang='lat' dir='ltr'>adjecto,</span> <span class='ocrx_word' id='word_1_682' title='bbox 843 4383 1010 4458; x_wconf 90' lang='lat' dir='ltr'>quod</span> <span class='ocrx_word' id='word_1_683' title='bbox 1053 4389 1316 4440; x_wconf 89' lang='lat' dir='ltr'>castrum</span> <span class='ocrx_word' id='word_1_684' title='bbox 1365 4385 1494 4456; x_wconf 88' lang='lat' dir='ltr'>jam</span> <span class='ocrx_word' id='word_1_685' title='bbox 1546 4385 1773 4441; x_wconf 89' lang='lat' dir='ltr'>dictum</span> <span class='ocrx_word' id='word_1_686' title='bbox 1825 4387 1938 4443; x_wconf 92' lang='lat' dir='ltr'>sub</span> <span class='ocrx_word' id='word_1_687' title='bbox 1975 4377 2017 4390; x_wconf 77' lang='grc'><em>”’</em></span> <span class='ocrx_word' id='word_1_688' title='bbox 2049 4378 2294 4435; x_wconf 90' lang='lat' dir='ltr'>ecclesie</span> <span class='ocrx_word' id='word_1_689' title='bbox 2341 4377 2633 4432; x_wconf 90' lang='lat' dir='ltr'>redimere</span> <span class='ocrx_word' id='word_1_690' title='bbox 2681 4379 2943 4432; x_wconf 90' lang='lat' dir='ltr'>castrum</span> <span class='ocrx_word' id='word_1_691' title='bbox 2993 4377 3285 4448; x_wconf 86' lang='lat' dir='ltr'>Honburg</span> <span class='ocrx_word' id='word_1_692' title='bbox 3326 4395 3736 4456; x_wconf 88' lang='lat' dir='ltr'>quocumque</span> 
     </span>
    </p>
   </div>
   <div class='ocr_carea' id='block_1_50' title="bbox 277 4465 3733 4557">
    <p class='ocr_par' dir='ltr' id='par_1_50' title="bbox 277 4465 3733 4557">
     <span class='ocr_line' id='line_1_50' title="bbox 277 4465 3733 4557; baseline -0.003 -19"><span class='ocrx_word' id='word_1_693' title='bbox 277 4494 664 4557; x_wconf 91' lang='lat' dir='ltr'>quocumque</span> <span class='ocrx_word' id='word_1_694' title='bbox 717 4475 910 4532; x_wconf 90' lang='lat' dir='ltr'>eciam</span> <span class='ocrx_word' id='word_1_695' title='bbox 953 4473 1133 4546; x_wconf 89' lang='lat' dir='ltr'>pallio</span> <span class='ocrx_word' id='word_1_696' title='bbox 1173 4474 1317 4545; x_wconf 90' lang='grc'>(183)</span> <span class='ocrx_word' id='word_1_697' title='bbox 1355 4490 1462 4548; x_wconf 89' lang='lat' dir='ltr'>per</span> <span class='ocrx_word' id='word_1_698' title='bbox 1499 4473 1727 4530; x_wconf 91' lang='lat' dir='ltr'>dictum</span> <span class='ocrx_word' id='word_1_699' title='bbox 1756 4476 1939 4530; x_wconf 91' lang='lat' dir='ltr'>comi-</span> <span class='ocrx_word' id='word_1_700' title='bbox 2045 4485 2207 4526; x_wconf 90' lang='lat' dir='ltr'>anno</span> <span class='ocrx_word' id='word_1_701' title='bbox 2253 4482 2491 4557; x_wconf 85' lang='lat' dir='ltr'>semper</span> <span class='ocrx_word' id='word_1_702' title='bbox 2537 4465 2691 4557; x_wconf 77' lang='lat' dir='ltr'>infra</span> <span class='ocrx_word' id='word_1_703' title='bbox 2741 4465 2958 4557; x_wconf 73' lang='lat' dir='ltr'>festum</span> <span class='ocrx_word' id='word_1_704' title='bbox 3009 4467 3254 4557; x_wconf 12' lang='lat' dir='ltr'>pasche‘</span> <span class='ocrx_word' id='word_1_705' title='bbox 3292 4473 3351 4523; x_wconf 91' lang='lat' dir='ltr'>et</span> <span class='ocrx_word' id='word_1_706' title='bbox 3382 4470 3733 4543; x_wconf 86' lang='lat' dir='ltr'>Walburgis</span> 
     </span>
    </p>
   </div>
   <div class='ocr_carea' id='block_1_51' title="bbox 276 4554 3732 4640">
    <p class='ocr_par' dir='ltr' id='par_1_51' title="bbox 276 4554 3732 4640">
     <span class='ocr_line' id='line_1_51' title="bbox 276 4554 3732 4640; baseline -0.003 -11"><span class='ocrx_word' id='word_1_707' title='bbox 276 4554 396 4630; x_wconf 73' lang='lat' dir='ltr'>tem</span> <span class='ocrx_word' id='word_1_708' title='bbox 436 4570 558 4625; x_wconf 90' lang='lat' dir='ltr'>sive</span> <span class='ocrx_word' id='word_1_709' title='bbox 584 4583 692 4640; x_wconf 86' lang='lat' dir='ltr'>per</span> <span class='ocrx_word' id='word_1_710' title='bbox 721 4582 862 4622; x_wconf 92' lang='lat' dir='ltr'>suos</span> <span class='ocrx_word' id='word_1_711' title='bbox 892 4565 1140 4621; x_wconf 88' lang='lat' dir='ltr'>heredes</span> <span class='ocrx_word' id='word_1_712' title='bbox 1172 4565 1417 4622; x_wconf 89' lang='lat' dir='ltr'>alienari</span> <span class='ocrx_word' id='word_1_713' title='bbox 1445 4580 1570 4620; x_wconf 92' lang='lat' dir='ltr'>non</span> <span class='ocrx_word' id='word_1_714' title='bbox 1600 4564 1799 4632; x_wconf 89' lang='lat' dir='ltr'>debet,</span> <span class='ocrx_word' id='word_1_715' title='bbox 1831 4565 1937 4622; x_wconf 93' lang='lat' dir='ltr'>sed</span> <span class='ocrx_word' id='word_1_716' title='bbox 2044 4574 2155 4633; x_wconf 87' lang='lat' dir='ltr'>pro</span> <span class='ocrx_word' id='word_1_717' title='bbox 2217 4555 2490 4613; x_wconf 77' lang='lat' dir='ltr'>trecentis</span> <span class='ocrx_word' id='word_1_718' title='bbox 2553 4554 2719 4611; x_wconf 88' lang='lat' dir='ltr'>libris</span> <span class='ocrx_word' id='word_1_719' title='bbox 2780 4554 3372 4627; x_wconf 73' lang='lat' dir='ltr'>Hildensemensium</span> <span class='ocrx_word' id='word_1_720' title='bbox 3437 4557 3732 4618; x_wconf 85' lang='lat' dir='ltr'>denario-</span> 
     </span>
    </p>
   </div>
   <div class='ocr_carea' id='block_1_52' title="bbox 276 4643 3730 4736">
    <p class='ocr_par' dir='ltr' id='par_1_52' title="bbox 276 4643 3730 4736">
     <span class='ocr_line' id='line_1_52' title="bbox 276 4643 3730 4736; baseline -0.003 -19"><span class='ocrx_word' id='word_1_721' title='bbox 276 4677 387 4736; x_wconf 91' lang='lat' dir='ltr'>pro</span> <span class='ocrx_word' id='word_1_722' title='bbox 435 4660 568 4716; x_wconf 91' lang='lat' dir='ltr'>loco</span> <span class='ocrx_word' id='word_1_723' title='bbox 621 4661 678 4714; x_wconf 91' lang='lat' dir='ltr'>et</span> <span class='ocrx_word' id='word_1_724' title='bbox 726 4662 992 4728; x_wconf 89' lang='lat' dir='ltr'>tempore</span> <span class='ocrx_word' id='word_1_725' title='bbox 1043 4659 1306 4711; x_wconf 88' lang='lat' dir='ltr'>castrum</span> <span class='ocrx_word' id='word_1_726' title='bbox 1368 4671 1508 4710; x_wconf 91' lang='lat' dir='ltr'>cum</span> <span class='ocrx_word' id='word_1_727' title='bbox 1564 4653 1933 4727; x_wconf 84' lang='lat' dir='ltr'>molendino,</span> <span class='ocrx_word' id='word_1_728' title='bbox 2044 4664 2199 4704; x_wconf 85' lang='lat' dir='ltr'>rum.</span> <span class='ocrx_word' id='word_1_729' title='bbox 2235 4650 2377 4703; x_wconf 80' lang='lat' dir='ltr'>Item</span> <span class='ocrx_word' id='word_1_730' title='bbox 2408 4646 2773 4702; x_wconf 80' lang='lat' dir='ltr'>Camerarius</span> <span class='ocrx_word' id='word_1_731' title='bbox 2817 4643 3207 4713; x_wconf 76' lang='lat' dir='ltr'>marscalcu5,</span> <span class='ocrx_word' id='word_1_732' title='bbox 3239 4645 3567 4719; x_wconf 87' lang='lat' dir='ltr'>pincema,</span> <span class='ocrx_word' id='word_1_733' title='bbox 3599 4649 3730 4705; x_wconf 68' lang='lat' dir='ltr'>om-</span> 
     </span>
    </p>
   </div>
   <div class='ocr_carea' id='block_1_53' title="bbox 1649 4801 2319 4859">
    <p class='ocr_par' dir='ltr' id='par_1_53' title="bbox 1649 4801 2319 4859">
     <span class='ocr_line' id='line_1_53' title="bbox 1649 4801 2319 4859; baseline -0.007 0"><span class='ocrx_word' id='word_1_734' title='bbox 1649 4806 1878 4859; x_wconf 73' lang='lat' dir='ltr'>VARI/E</span> <span class='ocrx_word' id='word_1_735' title='bbox 1917 4802 2210 4859; x_wconf 86' lang='lat' dir='ltr'>LECTION</span> <span class='ocrx_word' id='word_1_736' title='bbox 2219 4801 2319 4856; x_wconf 87' lang='lat' dir='ltr'>ES.</span> 
     </span>
    </p>
   </div>
   <div class='ocr_carea' id='block_1_54' title="bbox 354 4907 2308 4974">
    <p class='ocr_par' dir='ltr' id='par_1_54' title="bbox 354 4907 2308 4974">
     <span class='ocr_line' id='line_1_54' title="bbox 354 4907 2308 4974; baseline -0.009 1"><span class='ocrx_word' id='word_1_737' title='bbox 354 4920 424 4954; x_wconf 75' lang='grc'>¹⁰⁴</span> <span class='ocrx_word' id='word_1_738' title='bbox 454 4917 671 4974; x_wconf 84' lang='lat' dir='ltr'>dowen</span> <span class='ocrx_word' id='word_1_739' title='bbox 705 4915 726 4968; x_wconf 97' lang='grc'>1</span> <span class='ocrx_word' id='word_1_740' title='bbox 812 4914 883 4948; x_wconf 72' lang='grc' dir='ltr'>ίοδ</span> <span class='ocrx_word' id='word_1_741' title='bbox 917 4915 1139 4968; x_wconf 82' lang='lat' dir='ltr'>Rowen</span> <span class='ocrx_word' id='word_1_742' title='bbox 1168 4912 1261 4968; x_wconf 85' lang='lat' dir='ltr'>ed.</span> <span class='ocrx_word' id='word_1_743' title='bbox 1341 4911 1412 4953; x_wconf 79' lang='grc' dir='ltr'>ιοθ</span> <span class='ocrx_word' id='word_1_744' title='bbox 1439 4910 1460 4966; x_wconf 92' lang='lat' dir='ltr'>i</span> <span class='ocrx_word' id='word_1_745' title='bbox 1490 4926 1542 4966; x_wconf 87' lang='lat' dir='ltr'>c.</span> <span class='ocrx_word' id='word_1_746' title='bbox 1618 4910 1690 4948; x_wconf 82' lang='grc'>¹⁰⁷</span> <span class='ocrx_word' id='word_1_747' title='bbox 1720 4909 1873 4966; x_wconf 92' lang='lat' dir='ltr'>libro</span> <span class='ocrx_word' id='word_1_748' title='bbox 1905 4925 1956 4967; x_wconf 88' lang='lat' dir='ltr'>c.</span> <span class='ocrx_word' id='word_1_749' title='bbox 2035 4907 2109 4943; x_wconf 76' lang='grc'>¹⁰⁸</span> <span class='ocrx_word' id='word_1_750' title='bbox 2141 4909 2226 4962; x_wconf 92' lang='lat' dir='ltr'>tm</span> <span class='ocrx_word' id='word_1_751' title='bbox 2258 4922 2308 4962; x_wconf 76' lang='grc' dir='ltr'>ε.</span> 
     </span>
    </p>
   </div>
   <div class='ocr_carea' id='block_1_55' title="bbox 1873 5050 2100 5109">
    <p class='ocr_par' dir='ltr' id='par_1_55' title="bbox 1873 5050 2100 5109">
     <span class='ocr_line' id='line_1_55' title="bbox 1873 5050 2100 5109; baseline -0.022 0"><span class='ocrx_word' id='word_1_752' title='bbox 1873 5050 2100 5109; x_wconf 71' lang='lat' dir='ltr'>NOTAE.</span> 
     </span>
    </p>
   </div>
   <div class='ocr_carea' id='block_1_56' title="bbox 343 5131 2984 5223">
    <p class='ocr_par' dir='ltr' id='par_1_56' title="bbox 343 5131 2984 5223">
     <span class='ocr_line' id='line_1_56' title="bbox 343 5131 2984 5223; baseline -0.007 -16"><span class='ocrx_word' id='word_1_753' title='bbox 343 5151 492 5223; x_wconf 84' lang='lat'>(176)</span> <span class='ocrx_word' id='word_1_754' title='bbox 533 5151 720 5223; x_wconf 72' lang='lat' dir='ltr'>Locus</span> <span class='ocrx_word' id='word_1_755' title='bbox 751 5147 1042 5223; x_wconf 71' lang='lat' dir='ltr'>desertus.</span> <span class='ocrx_word' id='word_1_756' title='bbox 1985 5173 1987 5175; x_wconf 62' lang='grc' dir='ltr'><strong><em>ι</em></strong></span> <span class='ocrx_word' id='word_1_757' title='bbox 2107 5138 2259 5223; x_wconf 57' lang='grc' dir='ltr'>(18ἓ)</span> <span class='ocrx_word' id='word_1_758' title='bbox 2300 5134 2537 5223; x_wconf 64' lang='lat' dir='ltr'>Werder</span> <span class='ocrx_word' id='word_1_759' title='bbox 2565 5149 2642 5223; x_wconf 78' lang='lat' dir='ltr'>an</span> <span class='ocrx_word' id='word_1_760' title='bbox 2667 5131 2778 5223; x_wconf 71' lang='lat' dir='ltr'>der</span> <span class='ocrx_word' id='word_1_761' title='bbox 2806 5135 2984 5190; x_wconf 86' lang='lat' dir='ltr'>Nette.</span> 
     </span>
    </p>
   </div>
   <div class='ocr_carea' id='block_1_57' title="bbox 346 5209 2764 5346">
    <p class='ocr_par' dir='ltr' id='par_1_57' title="bbox 346 5209 2764 5346">
     <span class='ocr_line' id='line_1_57' title="bbox 346 5209 2764 5346; baseline -0.006 -69"><span class='ocrx_word' id='word_1_762' title='bbox 346 5209 493 5346; x_wconf 55' lang='lat'>$177)</span> <span class='ocrx_word' id='word_1_763' title='bbox 534 5219 782 5302; x_wconf 77' lang='lat' dir='ltr'>Kleinen</span> <span class='ocrx_word' id='word_1_764' title='bbox 814 5216 1033 5298; x_wconf 89' lang='lat' dir='ltr'>Lopke.</span> <span class='ocrx_word' id='word_1_765' title='bbox 1118 5285 1127 5296; x_wconf 84' lang='lat'><em>_</em></span> <span class='ocrx_word' id='word_1_766' title='bbox 1258 5283 1267 5294; x_wconf 37' lang='lat'><strong>.</strong></span> <span class='ocrx_word' id='word_1_767' title='bbox 1745 5283 1754 5294; x_wconf 37' lang='lat'><em>.</em></span> <span class='ocrx_word' id='word_1_768' title='bbox 1871 5283 1882 5294; x_wconf 33' lang='grc' dir='ltr'>ι</span> <span class='ocrx_word' id='word_1_769' title='bbox 2111 5209 2259 5346; x_wconf 54' lang='lat'>(188)</span> <span class='ocrx_word' id='word_1_770' title='bbox 2297 5209 2336 5264; x_wconf 93' lang='lat' dir='ltr'>i.</span> <span class='ocrx_word' id='word_1_771' title='bbox 2372 5223 2422 5264; x_wconf 90' lang='lat' dir='ltr'>e.</span> <span class='ocrx_word' id='word_1_772' title='bbox 2455 5210 2764 5279; x_wconf 71' lang='lat' dir='ltr'>praetextu.</span> 
     </span>
     <span class='ocr_line' id='line_1_58' title="bbox 373 5276 2764 5346; baseline -0.006 0"><span class='ocrx_word' id='word_1_773' title='bbox 373 5295 491 5346; x_wconf 82' lang='lat'>178)</span> <span class='ocrx_word' id='word_1_774' title='bbox 532 5295 745 5346; x_wconf 82' lang='lat' dir='ltr'>Mirica.</span> <span class='ocrx_word' id='word_1_775' title='bbox 775 5304 1018 5346; x_wconf 78' lang='lat' dir='ltr'>mertca.</span> <span class='ocrx_word' id='word_1_776' title='bbox 1050 5301 1227 5346; x_wconf 82' lang='lat' dir='ltr'>erica,</span> <span class='ocrx_word' id='word_1_777' title='bbox 1253 5284 1414 5340; x_wconf 81' lang='lat' dir='ltr'>idem</span> <span class='ocrx_word' id='word_1_778' title='bbox 1443 5283 1611 5346; x_wconf 83' lang='lat' dir='ltr'>quod</span> <span class='ocrx_word' id='word_1_779' title='bbox 1639 5284 1845 5346; x_wconf 80' lang='lat' dir='ltr'>Hezde,</span> <span class='ocrx_word' id='word_1_780' title='bbox 1867 5297 1931 5339; x_wconf 89' lang='lat' dir='ltr'>1n</span> <span class='ocrx_word' id='word_1_781' title='bbox 2138 5282 2253 5346; x_wconf 61' lang='lat'>184,-)</span> <span class='ocrx_word' id='word_1_782' title='bbox 2297 5276 2764 5334; x_wconf 86' lang='lat' dir='ltr'>Babdekenstedt</span> 
     </span>
    </p>
   </div>
   <div class='ocr_carea' id='block_1_58' title="bbox 373 5276 3154 5362">
    <p class='ocr_par' dir='ltr' id='par_1_58' title="bbox 373 5276 3154 5362">
     <span class='ocr_line' id='line_1_59' title="bbox 373 5276 3154 5362; baseline -0.008 -14"><span class='ocrx_word' id='word_1_783' title='bbox 373 5276 491 5362; x_wconf 76' lang='lat'>178)</span> <span class='ocrx_word' id='word_1_784' title='bbox 532 5291 745 5357; x_wconf 83' lang='lat' dir='ltr'>Mirica,</span> <span class='ocrx_word' id='word_1_785' title='bbox 775 5276 1018 5362; x_wconf 72' lang='lat' dir='ltr'>merica,</span> <span class='ocrx_word' id='word_1_786' title='bbox 1050 5285 1227 5362; x_wconf 77' lang='lat' dir='ltr'>erica,</span> <span class='ocrx_word' id='word_1_787' title='bbox 1253 5283 1414 5340; x_wconf 91' lang='lat' dir='ltr'>idem</span> <span class='ocrx_word' id='word_1_788' title='bbox 1443 5283 1611 5357; x_wconf 90' lang='lat' dir='ltr'>quod</span> <span class='ocrx_word' id='word_1_789' title='bbox 1639 5283 1845 5352; x_wconf 80' lang='lat' dir='ltr'>Heide,</span> <span class='ocrx_word' id='word_1_790' title='bbox 1867 5283 1931 5339; x_wconf 93' lang='lat' dir='ltr'>in</span> <span class='ocrx_word' id='word_1_791' title='bbox 2111 5276 2253 5362; x_wconf 50' lang='lat'>(18:13)</span> <span class='ocrx_word' id='word_1_792' title='bbox 2297 5276 2790 5362; x_wconf 56' lang='lat' dir='ltr'>galidekenstedt.</span> <span class='ocrx_word' id='word_1_793' title='bbox 2831 5345 2846 5362; x_wconf 53' lang='lat'><em>‘</em></span> <span class='ocrx_word' id='word_1_794' title='bbox 2959 5360 2971 5362; x_wconf 72' lang='lat'>_</span> <span class='ocrx_word' id='word_1_795' title='bbox 3005 5361 3009 5362; x_wconf 11' lang='grc' dir='ltr'><em>ν</em></span> <span class='ocrx_word' id='word_1_796' title='bbox 3141 5345 3154 5356; x_wconf 41' lang='lat'><em>.</em></span> 
     </span>
    </p>
   </div>
   <div class='ocr_carea' id='block_1_59' title="bbox 273 5345 3710 5477">
    <p class='ocr_par' dir='ltr' id='par_1_59' title="bbox 273 5345 3710 5477">
     <span class='ocr_line' id='line_1_60' title="bbox 273 5345 3710 5477; baseline -0.004 -56"><span class='ocrx_word' id='word_1_797' title='bbox 273 5345 760 5421; x_wconf 42' lang='lat' dir='ltr'>marcida—nostra</span> <span class='ocrx_word' id='word_1_798' title='bbox 790 5345 1016 5416; x_wconf 55' lang='lat' dir='ltr'>silvam&#39;</span> <span class='ocrx_word' id='word_1_799' title='bbox 1034 5345 1401 5438; x_wconf 77' lang='lat' dir='ltr'>significans.</span> <span class='ocrx_word' id='word_1_800' title='bbox 1462 5345 1485 5357; x_wconf 70' lang='grc'><strong><em>⁵</em></strong></span> <span class='ocrx_word' id='word_1_801' title='bbox 1510 5425 1522 5437; x_wconf 42' lang='grc' dir='ltr'><strong>ο</strong></span> <span class='ocrx_word' id='word_1_802' title='bbox 1785 5427 1794 5437; x_wconf 42' lang='grc'>.</span> <span class='ocrx_word' id='word_1_803' title='bbox 1833 5345 1841 5352; x_wconf 84' lang='grc'><em>’</em></span> <span class='ocrx_word' id='word_1_804' title='bbox 2091 5345 2280 5477; x_wconf 52' lang='lat'>185&#39;)1</span> <span class='ocrx_word' id='word_1_805' title='bbox 2299 5348 2622 5406; x_wconf 86' lang='lat' dir='ltr'>Schirbeck</span> <span class='ocrx_word' id='word_1_806' title='bbox 2645 5352 2702 5404; x_wconf 89' lang='lat' dir='ltr'>et</span> <span class='ocrx_word' id='word_1_807' title='bbox 2718 5345 3067 5426; x_wconf 84' lang='lat' dir='ltr'>Harlessem,</span> <span class='ocrx_word' id='word_1_808' title='bbox 3095 5345 3240 5404; x_wconf 89' lang='lat' dir='ltr'>villa</span> <span class='ocrx_word' id='word_1_809' title='bbox 3269 5347 3490 5417; x_wconf 83' lang='lat' dir='ltr'>desoL,</span> <span class='ocrx_word' id='word_1_810' title='bbox 3512 5366 3710 5425; x_wconf 85' lang='lat' dir='ltr'>prope</span> 
     </span>
     <span class='ocr_line' id='line_1_61' title="bbox 342 5417 3705 5477; baseline 0 0"><span class='ocrx_word' id='word_1_811' title='bbox 342 5438 488 5477; x_wconf 74' lang='lat' dir='ltr'>(nm</span> <span class='ocrx_word' id='word_1_812' title='bbox 521 5434 589 5477; x_wconf 61' lang='grc' dir='ltr'>(τε</span> <span class='ocrx_word' id='word_1_813' title='bbox 637 5435 683 5477; x_wconf 77' lang='lat' dir='ltr'>n</span> <span class='ocrx_word' id='word_1_814' title='bbox 742 5437 794 5477; x_wconf 24' lang='grc' dir='ltr'>Δγ</span> <span class='ocrx_word' id='word_1_815' title='bbox 834 5430 1064 5477; x_wconf 70' lang='lat' dir='ltr'>Lnntml</span> <span class='ocrx_word' id='word_1_816' title='bbox 1099 5429 1193 5477; x_wconf 77' lang='lat' dir='ltr'>die</span> <span class='ocrx_word' id='word_1_817' title='bbox 1241 5427 1419 5477; x_wconf 74' lang='lat' dir='ltr'>altera</span> <span class='ocrx_word' id='word_1_818' title='bbox 1459 5428 1699 5477; x_wconf 82' lang='lat' dir='ltr'>Diocese</span> <span class='ocrx_word' id='word_1_819' title='bbox 1731 5425 1928 5477; x_wconf 78' lang='lat' dir='ltr'>Hilde-</span> <span class='ocrx_word' id='word_1_820' title='bbox 2037 5426 2104 5477; x_wconf 87' lang='lat' dir='ltr'><strong>H1</strong></span> <span class='ocrx_word' id='word_1_821' title='bbox 2129 5422 2237 5477; x_wconf 88' lang='lat' dir='ltr'>des</span> <span class='ocrx_word' id='word_1_822' title='bbox 2289 5439 2326 5477; x_wconf 83' lang='lat'>.:</span> <span class='ocrx_word' id='word_1_823' title='bbox 2373 5421 2479 5476; x_wconf 91' lang='lat' dir='ltr'>der</span> <span class='ocrx_word' id='word_1_824' title='bbox 2535 5423 2720 5475; x_wconf 87' lang='lat' dir='ltr'>Hever</span> <span class='ocrx_word' id='word_1_825' title='bbox 2751 5433 2938 5477; x_wconf 81' lang='lat' dir='ltr'>prone</span> <span class='ocrx_word' id='word_1_826' title='bbox 2976 5417 3314 5477; x_wconf 80' lang='lat' dir='ltr'>Bilderlah:</span> <span class='ocrx_word' id='word_1_827' title='bbox 3379 5421 3705 5477; x_wconf 76' lang='lat' dir='ltr'>Sebexen:</span> 
     </span>
    </p>
   </div>
   <div class='ocr_carea' id='block_1_60' title="bbox 342 5417 3705 5506">
    <p class='ocr_par' dir='ltr' id='par_1_60' title="bbox 342 5417 3705 5506">
     <span class='ocr_line' id='line_1_62' title="bbox 342 5417 3705 5506; baseline -0.003 -16"><span class='ocrx_word' id='word_1_828' title='bbox 342 5417 703 5506; x_wconf 17' lang='lat' dir='ltr'>(1778—)7Cfril.</span> <span class='ocrx_word' id='word_1_829' title='bbox 734 5437 798 5488; x_wconf 81' lang='grc' dir='ltr'>Α.</span> <span class='ocrx_word' id='word_1_830' title='bbox 834 5417 1193 5491; x_wconf 67' lang='grc' dir='ltr'>ιιιηίκθΙῙΗε</span> <span class='ocrx_word' id='word_1_831' title='bbox 1241 5427 1419 5484; x_wconf 88' lang='lat' dir='ltr'>altere</span> <span class='ocrx_word' id='word_1_832' title='bbox 1458 5425 1699 5483; x_wconf 85' lang='lat' dir='ltr'>Diocese</span> <span class='ocrx_word' id='word_1_833' title='bbox 1731 5425 1928 5482; x_wconf 86' lang='lat' dir='ltr'>Hilde-</span> <span class='ocrx_word' id='word_1_834' title='bbox 2036 5417 2326 5506; x_wconf 41' lang='lat' dir='ltr'>gildeshq</span> <span class='ocrx_word' id='word_1_835' title='bbox 2373 5421 2479 5502; x_wconf 83' lang='lat' dir='ltr'>der</span> <span class='ocrx_word' id='word_1_836' title='bbox 2531 5423 2728 5506; x_wconf 44' lang='grc' dir='ltr'>βρίθῃ</span> <span class='ocrx_word' id='word_1_837' title='bbox 2751 5433 2938 5506; x_wconf 52' lang='lat' dir='ltr'>prope</span> <span class='ocrx_word' id='word_1_838' title='bbox 2967 5417 3338 5506; x_wconf 43' lang='lat' dir='ltr'>Riiderl‘ahHL</span> <span class='ocrx_word' id='word_1_839' title='bbox 3379 5417 3705 5492; x_wconf 76' lang='lat' dir='ltr'>Sebéxen;</span> 
     </span>
    </p>
   </div>
   <div class='ocr_carea' id='block_1_61' title="bbox 273 5488 3360 5580">
    <p class='ocr_par' dir='ltr' id='par_1_61' title="bbox 273 5488 3360 5580">
     <span class='ocr_line' id='line_1_63' title="bbox 273 5488 3360 5580; baseline -0.005 -20"><span class='ocrx_word' id='word_1_840' title='bbox 273 5488 485 5580; x_wconf 52' lang='lat' dir='ltr'>sh‘eim&#39;</span> <span class='ocrx_word' id='word_1_841' title='bbox 502 5488 581 5580; x_wconf 20' lang='grc' dir='ltr'>,ί</span> <span class='ocrx_word' id='word_1_842' title='bbox 594 5488 718 5580; x_wconf 54' lang='grc'>108.</span> <span class='ocrx_word' id='word_1_843' title='bbox 865 5488 872 5491; x_wconf 11' lang='grc' dir='ltr'><strong>ἦ</strong></span> <span class='ocrx_word' id='word_1_844' title='bbox 2035 5492 2465 5580; x_wconf 47' lang='lat' dir='ltr'>Gandnersheim</span> <span class='ocrx_word' id='word_1_845' title='bbox 2475 5509 2493 5580; x_wconf 58' lang='grc' dir='ltr'>ξ</span> <span class='ocrx_word' id='word_1_846' title='bbox 2528 5488 2819 5580; x_wconf 50' lang='lat' dir='ltr'>plshe&#39;im:</span> <span class='ocrx_word' id='word_1_847' title='bbox 2833 5488 3205 5580; x_wconf 48' lang='grc' dir='ltr'>Δ(Ξῒξὲιιιῐιπλεύ</span> <span class='ocrx_word' id='word_1_848' title='bbox 3240 5490 3360 5545; x_wconf 80' lang='lat'>155.</span> 
     </span>
    </p>
   </div>
   <div class='ocr_carea' id='block_1_62' title="bbox 364 5561 3021 5646">
    <p class='ocr_par' dir='ltr' id='par_1_62' title="bbox 364 5561 3021 5646">
     <span class='ocr_line' id='line_1_64' title="bbox 364 5561 3021 5646; baseline -0.006 -11"><span class='ocrx_word' id='word_1_849' title='bbox 364 5561 762 5646; x_wconf 51' lang='lat' dir='ltr'>180)‘Sohlde.</span> <span class='ocrx_word' id='word_1_850' title='bbox 2099 5566 2247 5646; x_wconf 74' lang='grc'>(180)</span> <span class='ocrx_word' id='word_1_851' title='bbox 2283 5564 2346 5646; x_wconf 62' lang='lat' dir='ltr'>in</span> <span class='ocrx_word' id='word_1_852' title='bbox 2375 5579 2499 5636; x_wconf 90' lang='lat' dir='ltr'>quo</span> <span class='ocrx_word' id='word_1_853' title='bbox 2523 5577 2577 5620; x_wconf 87' lang='lat' dir='ltr'>e.</span> <span class='ocrx_word' id='word_1_854' title='bbox 2611 5577 2668 5634; x_wconf 89' lang='lat' dir='ltr'>g.</span> <span class='ocrx_word' id='word_1_855' title='bbox 2702 5561 3021 5620; x_wconf 86' lang='lat' dir='ltr'>Bokenem.</span> 
     </span>
    </p>
   </div>
   <div class='ocr_carea' id='block_1_63' title="bbox 337 5579 2467 5719">
    <p class='ocr_par' dir='ltr' id='par_1_63' title="bbox 337 5579 2467 5719">
     <span class='ocr_line' id='line_1_65' title="bbox 364 5579 2467 5646; baseline -0.009 -11"><span class='ocrx_word' id='word_1_856' title='bbox 364 5579 485 5646; x_wconf 83' lang='lat'>180)</span> <span class='ocrx_word' id='word_1_857' title='bbox 503 5579 762 5634; x_wconf 41' lang='lat' dir='ltr'>’Sohlde.</span> <span class='ocrx_word' id='word_1_858' title='bbox 2099 5579 2247 5638; x_wconf 76' lang='grc' dir='ltr'>(ιδσ)</span> <span class='ocrx_word' id='word_1_859' title='bbox 2283 5579 2346 5620; x_wconf 85' lang='lat' dir='ltr'>1n</span> <span class='ocrx_word' id='word_1_860' title='bbox 2375 5579 2467 5636; x_wconf 64' lang='lat' dir='ltr'>que</span> 
     </span>
     <span class='ocr_line' id='line_1_66' title="bbox 337 5579 2467 5719; baseline -0.006 -15"><span class='ocrx_word' id='word_1_861' title='bbox 337 5579 484 5719; x_wconf 57' lang='lat' dir='ltr'>i181)</span> <span class='ocrx_word' id='word_1_862' title='bbox 523 5648 751 5705; x_wconf 80' lang='lat' dir='ltr'>Bereler</span> <span class='ocrx_word' id='word_1_863' title='bbox 777 5647 893 5703; x_wconf 81' lang='lat' dir='ltr'>Bis.</span> <span class='ocrx_word' id='word_1_864' title='bbox 2105 5636 2254 5708; x_wconf 86' lang='grc'>(187)</span> <span class='ocrx_word' id='word_1_865' title='bbox 2295 5636 2467 5692; x_wconf 82' lang='lat' dir='ltr'>Harz.</span> 
     </span>
    </p>
   </div>
  </div>
