3998 6176
164 261 282 312 1265

1315 248 1718 310 CHRONICON
1759 245 2378 316 HILDESHEIMENSE.

3425 269 3562 322 1266

159 380 280 436 ciati
307 378 591 452 episcopi,
640 378 714 433 de
745 378 1132 452 suppellectili
1161 377 1549 451 quorundam
1580 372 1792 446 prede-
1830 373 1880 427 A
1908 382 2161 436 mortem
2193 399 2366 440 suam
2396 385 2743 441 ordinarent
2770 389 2948 457 prout
2997 387 3331 444 secundum
3376 393 3563 446 Deum

157 486 441 526 cessorum
475 485 722 524 suorum
754 469 1174 542 episcoporum
1205 470 1280 526 de
1311 469 1466 526 facto
1516 483 1577 522 se
1604 465 1799 535 inges-

155 564 353 624 serant,
382 557 549 630 quod
576 558 892 630 episcopus
921 559 1160 632 penitus
1185 559 1463 615 abolevit.
1490 555 1643 623 Quid
1669 553 1800 626 plu-

151 650 254 706 ra?
307 646 564 704 Ecclesia
610 647 907 720 siquidem
967 665 1072 722 per
1118 649 1319 722 ipsum
1358 648 1794 704 incrementum

153 738 311 809 longe
340 735 599 809 amplius
629 737 965 809 recepisset,
1002 738 1050 793 si
1082 743 1137 794 et
1186 737 1518 794 domestica
1569 740 1627 790 et
1680 733 1794 790 fra-

152 831 295 882 trum
320 824 648 898 persecutio
678 841 800 880 non
826 825 1036 882 fuisset
1060 845 1072 893 ;
1124 826 1283 882 unde
1309 826 1516 899 iniquo
1546 822 1791 881 consilio

150 919 335 972 actum
365 918 452 970 est
480 913 646 987 quod
673 915 796 970 dux
817 917 1118 972 Iohannes
1149 922 1383 973 armata
1410 931 1600 972 manu
1647 928 1789 970 con-

146 1009 231 1062 tra
249 1005 591 1078 episcopum
619 1008 674 1060 et
701 1005 1013 1062 ecclesiam
1039 1007 1345 1079 processit,
1389 1011 1446 1062 et
1494 1021 1615 1061 non
1663 1008 1790 1060 tan-

147 1100 264 1152 tum
286 1095 594 1167 laycorum
632 1100 928 1168 quantum
978 1096 1364 1153 ecclesiarum
1393 1093 1788 1169 possessioni-

144 1183 251 1240 bus
276 1184 539 1256 dampna
566 1185 772 1254 gravia
800 1184 1098 1256 irrogavit.
1161 1187 1314 1241 Pace
1364 1184 1609 1240 tandem
1641 1183 1791 1238 inter

145 1275 480 1348 episcopum
510 1279 565 1330 et
591 1274 791 1347 ipsum
839 1275 1058 1332 ducem
1113 1275 1533 1342 intercedente,
1586 1274 1788 1345 eisque

144 1365 203 1420 in
229 1364 491 1420 amicicia
517 1364 768 1420 ﬁrmatis
798 1365 875 1421 ad
902 1365 1182 1433 invicem,
1234 1381 1370 1421 ecce
1419 1366 1540 1421 dux
1591 1364 1790 1420 Alber-

143 1459 231 1510 tus
262 1454 470 1522 senior,
502 1458 587 1510 set
608 1453 737 1509 aliis
764 1455 1082 1517 inmanior.
1114 1455 1354 1511 stimulo
1386 1454 1602 1510 invidie
1650 1469 1790 1508 con-

142 1546 224 1598 tra
252 1542 486 1599 fratrem
518 1559 697 1598 suum
740 1545 1093 1616 episcopum
1147 1544 1426 1614 agitatus,
1485 1543 1685 1615 ipsum
1734 1545 1791 1598 et

140 1632 437 1687 ecclesiam
462 1631 775 1688 humiliare
807 1633 1120 1705 disposuit,
1168 1633 1334 1705 quod
1366 1648 1545 1705 opere
1600 1632 1791 1703 impo-

1906 465 2104 522 anime
2133 487 2237 527 sue
2265 473 2442 530 saluti
2466 474 2746 547 expedire
2776 473 3048 530 viderent
3080 492 3092 530 :
3121 476 3282 532 unde
3309 493 3380 532 ex
3404 479 3563 533 ordi-

1900 555 2143 613 natione
2174 562 2416 632 capituli
2445 563 2521 619 de
2551 562 2765 619 eodem
2805 563 3007 619 novali
3045 564 3106 619 in
3155 564 3564 622 anniversario

1901 642 2090 716 ipsius
2115 646 2354 706 dabitur
2383 653 2723 709 communis
2755 651 3002 723 karitas,
3059 652 3136 709 de
3182 653 3361 724 pullis
3408 670 3564 726 pane

1901 736 1958 788 et
2001 733 2160 802 vino,
2220 736 2500 795 fratribus
2553 745 2611 796 et
2659 741 2895 797 vicariis
2951 741 3294 798 universis:
3327 742 3568 799 cuilibet

1900 821 2150 879 fratrum
2179 825 2248 880 2O
2291 827 2538 896 denarii,
2589 830 2828 886 cuilibet
2873 831 3237 888 vicariorum
3262 835 3346 902 10,
3371 831 3562 887 tribus

1899 905 2304 986 campanariis
2337 917 2585 984 solidus,
2620 919 2807 974 tribus
2831 921 3153 976 cameraris
3184 920 3430 991 solidus,
3457 920 3563 993 qui

1898 1002 2352 1073 coadjuvabunt
2399 1009 2819 1079 campanarios
2864 1009 2943 1064 ad
2986 1010 3380 1081 pulsandum,
3413 1026 3562 1084 pau-

1899 1091 2140 1163 peribus
2171 1094 2504 1150 scolaribus
2541 1100 2602 1150 12
2631 1095 2821 1150 solidi.
2845 1096 3170 1170 Episcopus
3201 1100 3391 1155 eciam
3411 1117 3558 1172 qua-

1898 1180 2072 1236 sdam
2130 1183 2526 1255 proprietates
2569 1185 2871 1242 bonorum
2896 1188 3212 1259 proprium
3240 1189 3563 1244 scolarium

1897 1272 2162 1342 contulit,
2194 1290 2304 1346 pro
2333 1275 2556 1347 quibus
2588 1276 2648 1330 in
2679 1281 2852 1332 nocte
2883 1276 3276 1333 anniversarii
3328 1279 3458 1348 ejus
3488 1279 3562 1334 de

1896 1360 2009 1416 illis
2039 1363 2100 1417 12
2130 1363 2334 1419 solidis
2362 1365 2848 1437 procurabuntur
2872 1384 2884 1434 ;
2928 1365 3051 1421 duo
3083 1367 3236 1422 cerei
3273 1367 3347 1422 de
3374 1366 3564 1422 tribus

1897 1451 2062 1508 libris
2086 1469 2216 1508 cere
2247 1458 2568 1526 ponentur,
2599 1471 2755 1510 unus
2785 1454 2860 1510 de
2891 1454 3074 1511 altare
3105 1455 3276 1512 beate
3306 1455 3566 1525 Virginis

1896 1542 1957 1596 in
1987 1542 2189 1610 choro,
2215 1543 2361 1599 alter
2390 1544 2469 1599 ad
2497 1544 2882 1617 sepulchrum
2913 1545 3199 1617 episcopi,
3248 1545 3354 1618 qui
3400 1545 3568 1601 arde-

1895 1630 2049 1686 bunt
2075 1632 2150 1686 de
2181 1649 2303 1689 una
2332 1649 2586 1706 vespera
2625 1633 2704 1689 ad
2753 1633 2954 1689 aliam.
2990 1637 3346 1690 Memoratus
3373 1635 3566 1691 eciam

141 1721 276 1786 suit;
307 1721 447 1792 quia
480 1737 600 1774 non
627 1725 941 1776 contentus
972 1722 1136 1794 quod
1169 1721 1481 1777 ecclesiam
1536 1720 1790 1776 circum—
1830 1724 1871 1778 Β
1901 1721 2218 1794 episcopus
2249 1727 2304 1778 et
2329 1739 2726 1795 personarum
2766 1728 2821 1778 et
2871 1723 3115 1778 ecclesie
3167 1723 3402 1780 utilitati
3432 1741 3567 1797 pro-

138 1810 290 1865 venit
313 1810 370 1864 in
405 1809 624 1876 multis,
656 1810 808 1865 sicut
837 1811 1018 1866 etiam
1071 1812 1132 1866 in
1187 1811 1299 1866 illis
1332 1811 1600 1883 quinque
1641 1809 1796 1865 villis

71 1908 74 1910 ‘
137 1899 211 1954 ad
251 1899 577 1954 comeciam
628 1900 829 1969 Soltga
881 1901 1128 1974 antiquo
1175 1902 1306 1971 jure
1365 1899 1792 1971 spectantibus,

140 2004 286 2058 quas
317 1988 584 2043 marchio
644 1991 775 2043 Otto
830 1989 904 2042 de
958 1989 1376 2044 Brandeborch
1432 1988 1624 2042 eidem
1654 1975 1797 2042 duci

142 2081 338 2131 contra
359 2077 649 2146 justitiam
681 2077 1070 2146 adjudicavit,
1106 2077 1390 2148 episcopo
1424 2082 1624 2132 tamen
1655 2092 1793 2131 con-

137 2165 447 2220 tradicente
470 2172 526 2220 et
555 2165 939 2235 reclamante,
984 2167 1177 2221 eciam
1210 2167 1519 2222 suscitavit
1550 2166 1793 2222 ecclesie

142 2253 530 2322 adversarios,
562 2255 785 2327 quibus
818 2256 895 2313 ad
921 2256 1247 2312 ledendum
1299 2274 1432 2312 eam
1474 2257 1699 2328 rapinis
1739 2261 1796 2312 et

134 2343 413 2398 incendiis
441 2360 548 2416 per
573 2348 794 2400 terram
825 2345 996 2401 ducis
1026 2345 1174 2400 liber
1219 2346 1464 2418 patebat
1511 2346 1794 2401 transitus

139 2436 193 2486 et
213 2448 449 2488 securus
476 2432 554 2488 ad
581 2434 955 2489 municiones
988 2451 1128 2490 suas
1161 2451 1456 2489 recursus.
1507 2434 1689 2502 Igitur
1716 2433 1794 2488 ab

132 2518 409 2592 episcopo
438 2520 628 2588 gratia
653 2521 880 2576 consilii
932 2521 1010 2578 ab
1049 2522 1266 2577 ducem
1317 2523 1652 2576 Johannem
1708 2537 1795 2576 re-

135 2611 404 2675 curritur,
435 2609 538 2681 qui
572 2626 711 2664 cum
737 2609 988 2664 diversis
1014 2610 1246 2682 placitis
1270 2611 1406 2665 hinc
1439 2610 1574 2666 inde
1605 2625 1796 2666 serva‘

125 2697 218 2762 tis,
255 2698 430 2753 frater
461 2698 626 2754 fratri
656 2699 818 2770 apud
851 2698 1093 2754 fratrem
1126 2699 1392 2772 optinere
1418 2716 1540 2754 non
1570 2704 1791 2772 posset,

124 2786 404 2842 misertus
435 2787 636 2842 fratris
661 2787 919 2860 pomittit
949 2787 1256 2853 auxilium,
1287 2793 1344 2844 et
1368 2788 1793 2844 nichilominus

124 2891 197 2930 eo
225 2881 582 2946 procurante
617 2893 754 2932 cum
788 2876 1240 2949 archiepiscopo
1273 2877 1570 2932 Bremensi
1599 2883 1654 2934 et
1682 2878 1791 2934 do-

131 2965 329 3019 minus
360 2965 741 3020 inferioribus
772 2982 881 3021 nec
905 2982 1028 3021 non
1060 2983 1197 3021 cum
1230 2968 1438 3022 Ottone
1469 2973 1525 3022 et
1551 2967 1788 3024 Alberto

1905 1810 2181 1882 spiciens,
2233 1812 2365 1884 ipsa
2419 1813 2569 1868 hora
2619 1814 2685 1846 ¹¹¹
2744 1828 2866 1884 qua
2909 1817 3332 1868 testamentum
3388 1830 3567 1869 suum

1903 1899 2169 1954 condidit
2193 1900 2271 1955 ad
2300 1901 2582 1956 devotam
2621 1900 3121 1972 supplicationem
3165 1901 3430 1974 capituli,
3463 1918 3568 1956 an-

1902 2004 2050 2043 num
2080 1989 2277 2058 gracie
2303 1989 2378 2044 de
2406 1989 2713 2045 beneﬁciis
2737 2006 2855 2062 que
2881 1990 2955 2045 de
2978 2006 3167 2046 manu
3192 1990 3458 2063 episcopi
3485 1995 3568 2046 te-

1901 2082 2136 2145 nentur,
2167 2078 2428 2151 capitulo
2457 2079 2738 2148 indulsit;
2782 2084 2838 2135 et
2891 2081 3232 2152 prepositus
3259 2082 3566 2136 Iohannes

1901 2168 1976 2223 de
2007 2167 2131 2222 suis
2157 2167 2484 2237 beneficiis,
2526 2172 2582 2224 et
2610 2169 2942 2241 capitulum
2989 2169 3063 2224 de
3111 2169 3466 2225 obedientiis
3497 2169 3569 2223 si-

1902 2257 2114 2312 militer
2139 2257 2520 2312 indulserunt
2545 2275 2558 2324 ;
2589 2257 2703 2312 hoc
2731 2257 2914 2312 modo
2944 2257 3220 2312 videlicet
3249 2257 3410 2329 quod
3440 2256 3569 2328 qui-

1903 2362 2163 2418 cumque
2194 2345 2444 2400 fratrum
2470 2350 2607 2400 ante
2637 2345 2798 2400 diem
2836 2345 2996 2401 beati
3041 2345 3250 2401 Jacobi
3295 2345 3566 2416 moritur,

1903 2449 2058 2489 nova
2086 2435 2388 2506 sequentis
2419 2433 2561 2490 anni
2590 2433 2894 2506 percipiet,
2926 2438 3106 2506 prout
3135 2433 3196 2489 in
3225 2433 3415 2506 ipsius
3452 2433 3570 2506 epi-

1904 2523 2069 2594 scopi
2099 2527 2155 2578 et
2184 2521 2426 2594 capituli
2455 2521 2660 2578 litteris
2687 2521 2950 2593 plenarie
2977 2522 3313 2578 continetur
3335 2522 3571 2595 Episco~

1901 2627 1981 2683 po
2011 2611 2072 2666 in
2103 2610 2197 2665 die
2228 2610 2386 2666 beati
2418 2609 2609 2677 Olrici,
2629 2609 2733 2682 qui
2749 2614 2891 2666 tunc
2915 2610 3061 2666 feria
3091 2610 3271 2666 tercia
3289 2611 3566 2679 occurrit,

1903 2705 1967 2756 ut
1994 2700 2220 2756 dictum
2248 2704 2335 2755 est
2361 2703 2710 2772 premortuo
2742 2715 2878 2754 ecce
2932 2699 3095 2756 dictu
3143 2699 3416 2756 mirabile
3464 2699 3569 2755 sed

1902 2793 2022 2846 Deo
2048 2806 2170 2846 non
2196 2789 2564 2862 impossibile
2596 2788 2985 2860 subsequitur
3026 2807 3038 2844 :
3085 2788 3240 2844 infra
3295 2794 3326 2845 6
3381 2788 3568 2845 ebdo-

1900 2879 2132 2950 mades,
2176 2879 2391 2935 eodem
2451 2879 2546 2934 die
2601 2893 2724 2951 quo
2767 2878 3088 2952 episcopus
3136 2878 3260 2934 dux
3289 2879 3568 2935 Albertus

1897 2974 2033 3042 post
2084 2968 2336 3024 moritur
2384 2970 2506 3038 (an.
2546 2968 2701 3037 1279,
2732 2969 2887 3038 Aug.
2927 2969 3033 3040 15),
3095 2972 3408 3041 tamquam
3467 2967 3568 3024 Dei

125 3053 574 3109 marchionibus
601 3055 675 3109 de
699 3054 1121 3110 Brandeborch
1148 3055 1206 3109 in
1232 3055 1499 3111 favorem
1521 3055 1786 3129 episcopi
1825 3072 1867 3131 α
1894 3058 2120 3130 judicio
2151 3061 2453 3113 evocatus.
2483 3057 2649 3112 Rexit
2678 3060 2880 3112 autem
2911 3057 3233 3129 episcopus
3283 3059 3416 3113 Otto
3461 3072 3567 3112 no-

120 3146 326 3198 contra
356 3141 574 3197 ducem
606 3143 800 3198 valide
831 3143 1172 3216 inspiratur.
1229 3145 1341 3200 Sed
1395 3161 1529 3201 ecce
1577 3146 1786 3218 iniqua

121 3239 276 3287 sorte
305 3233 426 3287 dux
455 3234 757 3289 Iohannes
782 3235 1161 3306 praemoritur
1189 3237 1312 3301 (an.
1354 3237 1650 3302 1277,Dec.
1674 3238 1784 3307 13),

119 3328 179 3378 et
206 3322 326 3378 dux
351 3322 624 3378 Albertus
654 3328 811 3378 tutor
842 3323 1172 3391 admittitur
1198 3342 1210 3390 ;
1241 3325 1400 3380 unde
1422 3330 1479 3380 et
1503 3342 1573 3381 ex
1596 3331 1786 3382 morte

116 3412 300 3482 hujus
330 3417 385 3468 et
415 3416 578 3468 metu
608 3413 849 3468 alterius
880 3429 1033 3485 pene
1063 3414 1313 3470 moritur
1357 3415 1647 3471 auxilium
1695 3433 1785 3472 ec-

117 3501 292 3558 clesie
339 3503 793 3575 repromissum.
843 3506 1310 3577 Verumptamen
1360 3505 1678 3577 episcopus
1730 3510 1787 3562 et

115 3590 647 3660 Magdeburgensis
678 3591 921 3647 ecclesie
952 3597 1008 3648 et
1052 3592 1474 3648 marchionum
1523 3594 1786 3650 confisus

116 3677 360 3746 auxilio,
415 3695 478 3735 se
532 3684 740 3735 contra
791 3681 1034 3735 fratrem
1094 3697 1203 3752 pro
1249 3680 1498 3736 ecclesia
1529 3682 1785 3738 invitum

109 3768 398 3841 opposuit
423 3785 616 3842 eoque
646 3769 708 3824 in
737 3769 1030 3842 principio
1052 3768 1290 3823 viriliter
1317 3773 1526 3824 contra
1545 3770 1786 3824 fratrem

106 3862 349 3927 agente,
379 3858 661 3931 predictis
695 3875 835 3914 vero
864 3859 926 3913 in
958 3857 1206 3912 ferendo
1237 3857 1459 3913 auxilio
1501 3857 1785 3930 torpenti-

105 3947 248 4012 bus,
280 3947 596 4004 Cherstede
629 3953 685 4004 et
720 3951 946 4020 Empne
968 3947 1340 4002 municiones
1379 3947 1627 4003 ecclesie
1680 3962 1788 4018 per

101 4035 267 4104 ignis
313 4036 516 4106 jacula
545 4037 885 4108 capiuntur,
944 4040 1002 4091 et
1046 4035 1320 4108 pociores
1371 4035 1787 4090 minifteriales

103 4123 361 4178 ecclesie
391 4124 536 4180 inibi
563 4126 942 4197 captivantur
972 4125 1095 4195 (an.
1134 4128 1313 4193 1279).
1366 4127 1447 4179 Ex
1502 4125 1615 4180 hac
1663 4141 1788 4181 ma-

111 4228 242 4280 gna
268 4212 443 4268 ruina
473 4214 717 4270 ecclesie
748 4214 812 4269 fit
840 4213 1052 4284 ingens
1097 4213 1268 4268 dolor
1327 4214 1404 4270 ab
1460 4214 1742 4269 omnibus
1771 4233 1782 4281 ;

107 4301 219 4357 sed
247 4302 592 4375 episcopus,
623 4320 808 4376 quem
830 4303 968 4377 plus
997 4302 1168 4358 dolor
1199 4303 1478 4373 angebat,
1514 4303 1650 4376 plus
1682 4303 1790 4360 do-

1895 3149 2081 3201 stram
2134 3145 2470 3215 ecclesiam,
2519 3149 2789 3217 tempore
2838 3145 3257 3217 postulationis
3290 3161 3394 3199 sue
3429 3160 3566 3199 con-

1895 3239 2233 3304 numerato,
2265 3238 2327 3290 l9
2363 3236 2432 3270 ¹¹²
2467 3235 2642 3290 annis
2673 3240 2730 3290 et
2757 3234 3015 3307 perfecte
3046 3234 3354 3290 mensibus
3385 3240 3438 3290 7.

2434 3326 2750 3381 SIFRIDUS
2791 3329 2910 3380 32us
2948 3324 3037 3379 “3.

1968 3412 2254 3468 Defuncto
2284 3413 2612 3468 venerabili
2644 3417 2811 3485 patre
2843 3412 3091 3468 domino
3119 3416 3324 3468 nostro
3355 3413 3564 3469 Ottone

1895 3502 2199 3574 episcopo,
2229 3501 2498 3557 Sifl‘ridus
2524 3501 3053 3573 Magdeburgensis
3093 3500 3336 3558 ecclesie
3384 3501 3564 3557 deca-

1895 3607 2032 3657 nus,
2066 3591 2140 3646 de
2170 3590 2355 3646 domo
2384 3590 2682 3646 nobilium
2729 3591 2803 3646 de
2853 3590 3275 3656 Querenvorde
3319 3591 3562 3647 trahens

1895 3680 2209 3749 originem,
2241 3680 2330 3734 vir
2357 3695 2464 3752 per
2494 3679 2700 3736 omnia
2747 3680 3178 3750 magnanimus
3230 3679 3562 3737 litterarum

1896 3770 2159 3838 scientia,
2214 3786 2455 3824 morum
2507 3771 2847 3836 honestate,
2921 3770 3244 3841 multisque
3327 3769 3562 3841 pollens

1896 3857 2228 3923 virtutibus,
2276 3859 2340 3912 in
2369 3862 2644 3914 nostrum
2691 3857 3067 3929 episcopum,
3110 3856 3560 3912 consulentibus

1897 3951 1953 4002 et
1980 3945 2437 4001 amminiculum
2499 3945 2579 4000 ad
2624 3946 2740 4000 hoc
2791 3944 3194 4017 prestantibus
3233 3943 3560 4000 venerabili

1896 4035 2199 4091 Bernardo
2230 4038 2434 4089 sancte
2461 4033 2992 4103 Magdeburgensis
3048 4032 3292 4088 ecclesie
3349 4032 3556 4105 electo,

1896 4131 1954 4182 et
1980 4123 2190 4180 illustri
2214 4123 2451 4180 Alberto
2476 4123 2551 4179 de
2582 4121 3003 4178 Brandeborch
3033 4122 3403 4192 marchione,
3451 4122 3557 4194 qui

1896 4214 2110 4271 eodem
2135 4218 2402 4286 tempore
2433 4212 2746 4268 ecclesiam
2774 4216 3044 4269 nostram
3071 4212 3381 4269 viduatam
3420 4228 3560 4268 con-

1896 4310 1986 4360 tra
2015 4302 2323 4359 Albertum
2349 4302 2566 4357 ducem
2595 4301 2670 4358 de
2714 4301 3096 4357 Bruneswich
3139 4301 3339 4374 ipsam
3385 4300 3557 4373 inpu-

96 4390 237 4460 luit,
271 4396 330 4446 et
357 4393 418 4447 in
446 4397 676 4448 tantum
717 4393 778 4447 in
825 4409 896 4450 eo
927 4391 1098 4448 dolor
1129 4392 1394 4459 invaluit,
1428 4393 1594 4465 quod
1640 4393 1772 4462 sibi,
1818 4422 1859 4474 ο
1896 4396 2178 4464 gnantem
2227 4390 2462 4447 viriliter
2504 4391 2911 4459 defendentes,
2971 4391 3032 4446 in
3089 4391 3320 4447 civitate
3364 4389 3558 4444 Hilde-

99 4484 168 4535 ut
197 4481 481 4544 creditur.
512 4482 761 4554 prestitit
784 4499 1032 4540 causam
1073 4482 1298 4538 mortis.
1336 4486 1464 4555 Ipse
1495 4482 1656 4539 enim
1689 4488 1776 4540 ta-

97 4574 242 4625 ctus
267 4571 603 4629 vehementi
646 4571 851 4628 dolore
881 4573 1253 4643 intrinsecus,
1311 4576 1624 4644 tamquam
1671 4590 1775 4629 sue

95 4659 326 4714 mortis
366 4660 638 4732 prescius
678 4666 844 4717 sexta
885 4661 1031 4716 feria
1083 4665 1242 4730 ante,
1300 4662 1448 4717 sicut
1501 4661 1570 4697 '09
1617 4679 1779 4719 anno

94 4748 352 4804 Domini
388 4754 520 4806 1279
551 4750 612 4805 in
647 4751 742 4806 die
771 4750 928 4806 beati
975 4751 1166 4818 Olrici,
1224 4751 1369 4824 quia
1421 4752 1565 4808 feria
1603 4753 1782 4810 tercia

92 4844 250 4892 tunc
283 4839 562 4908 occurrit,
592 4839 786 4895 carnis
808 4840 1093 4912 persolvit
1122 4841 1393 4896 debitum
1441 4843 1532 4910 “0,
1586 4843 1779 4899 fratri-

88 4927 222 4980 bus
254 4926 321 4981 in
348 4927 610 5000 capitulo
641 4929 1005 4998 convocatis,
1038 4928 1112 4984 de
1143 4930 1342 4985 novali
1372 4929 1432 4985 in
1465 4931 1778 5003 Emberke,

1890 4484 2140 4539 neshem
2171 4498 2309 4537 cum
2336 4480 2580 4554 copioso
2635 4481 2896 4537 exercitu
2943 4497 3178 4536 moram
3214 4477 3549 4546 trahebant,

1887 4573 2172 4629 canonice
2203 4577 2293 4628 est
2323 4572 2561 4628 electus.
2615 4571 2726 4638 Qui
2783 4587 2922 4626 cum
2971 4566 3443 4625 conﬁrmationis
3495 4570 3553 4622 et

1891 4663 2354 4720 consecrationis
2384 4679 2607 4718 munus
2637 4662 2716 4718 ab
2738 4659 3189 4732 archiepiscopo
3208 4657 3550 4727 Moguntino

1889 4759 1945 4810 et
1964 4753 2256 4823 regalium
2293 4751 2705 4808 investituram
2735 4767 2772 4806 a
2822 4747 3206 4804 serenissimo
3257 4750 3552 4802 Romano-

1888 4861 2024 4900 rum
2060 4859 2199 4913 rege
2239 4841 2490 4898 Rodolfo
2538 4843 2696 4894 esset
2740 4839 3014 4911 adeptus,
3073 4836 3390 4892 ecclesiam
3437 4851 3548 4892 no-

1891 4937 2098 4997 stram,
2133 4947 2320 5003 quam
2351 4946 2423 4985 ex
2452 4944 2522 4982 eo
2553 4926 2718 4999 quod
2749 4925 3108 4982 munitiones
3152 4924 3453 4981 Tzerstede
3493 4929 3550 4980 et

1891 5026 2122 5094 quna
2177 5035 2284 5091 per
2341 5018 2558 5072 ducem
2607 5015 2941 5088 predictum
2985 5015 3223 5087 penitus
3252 5015 3548 5070 destructe

1888 5115 1946 5167 et
1971 5124 2095 5164 non
2123 5106 2303 5180 pauci
2323 5105 2547 5161 ibidem
2569 5103 3045 5160 ministerialium
3066 5107 3122 5159 et
3146 5103 3548 5159 vassallorum

1889 5197 2133 5256 ecclesie
2161 5199 2329 5251 erant
2360 5194 2538 5267 capti,
2572 5193 2829 5264 graviter
2866 5193 3278 5266 perturbatam
3299 5193 3544 5263 invenit,

1887 5305 1997 5363 pro
2023 5285 2249 5342 viribus
2281 5284 2403 5339 suis
2437 5283 2663 5340 studuit
2690 5283 3035 5338 reformare.
3097 5283 3234 5354 Ipso
3280 5297 3547 5354 namque

1887 5378 2040 5433 duce
2069 5378 2207 5448 post
2235 5389 2462 5446 paucos
2493 5371 2619 5428 dies
2640 5370 2942 5439 defuncto,
2964 5370 3232 5443 captivos
3257 5370 3401 5427 data
3424 5386 3548 5426 non

1890 5466 2129 5523 modica
2167 5463 2423 5538 pecunia
2455 5461 2745 5532 liberavit,
2790 5465 2848 5517 et
2892 5460 3250 5533 procedente
3279 5465 3548 5533 tempore

80 5016 274 5088 quod
337 5034 410 5072 ex
469 5019 855 5074 concessione
901 5019 1173 5074 omnium
1213 5036 1472 5090 quorum
1503 5021 1782 5078 intererat

80 5107 428 5179 exstirpari
483 5107 721 5174 fecerat,
783 5125 960 5163 suum
1012 5124 1217 5166 coram
1276 5108 1556 5166 fratribus
1605 5117 1780 5169 testa-

81 5200 385 5250 mentum
419 5197 696 5266 concidit,
728 5202 785 5253 et
815 5196 959 5252 illud
983 5214 1121 5253 cum
1154 5197 1512 5269 proprietate
1544 5205 1600 5256 et
1628 5202 1782 5258 deci-

80 5299 202 5339 ma
228 5299 351 5340 nec
385 5301 511 5341 non
543 5303 682 5342 cum
707 5287 872 5342 omni
897 5287 1053 5358 jure,
1079 5286 1229 5341 sicut
1264 5287 1392 5359 ipse
1427 5290 1628 5355 tenuit,
1680 5309 1778 5348 su-

77 5387 207 5444 per
232 5373 530 5446 reliquias
556 5375 730 5432 beate
761 5376 1012 5446 Virginis
1042 5375 1271 5442 obtulit,
1301 5375 1558 5432 liberum
1610 5379 1780 5435 relin-

73 5477 307 5534 quens
361 5465 623 5536 capitulo
669 5465 954 5537 quatinus
1004 5465 1077 5520 de
1132 5465 1358 5520 eisdem
1409 5466 1584 5522 bonis
1646 5475 1783 5540 post

1493 5575 1726 5630 VARIAZ
1767 5575 2061 5632 LECTION
2069 5573 2172 5630 ES.

159 5658 255 5734 :2:
269 5659 375 5734 fta
408 5673 487 5728 0.;
518 5662 644 5732 lege
667 5676 875 5734 quam.
956 5661 1028 5734 ξ¹⁰
1058 5662 1329 5734 sepultus
1356 5668 1492 5718 ante
1521 5663 1706 5720 altare
1737 5667 1939 5721 sancte
1970 5662 2171 5721 Crucis
2197 5666 2249 5718 2.
2331 5662 2399 5696 ¹¹¹
2434 5661 2521 5720 ita
2553 5660 2792 5717 correxi
2807 5672 2830 5731 ;
2857 5658 3022 5716 bona
3051 5674 3100 5714 ο.
3183 5659 3253 5692 ¹¹²
3282 5658 3370 5714 ita
3399 5674 3448 5714 c.
3482 5663 3547 5714 at

67 5728 140 5785 X
152 5728 331 5786 VIII
352 5728 591 5790 tantum
615 5728 831 5790 sedisse
870 5728 1147 5794 videtur:
1206 5735 1277 5770 ¹¹⁸
1306 5736 1617 5806 inscriptio
1640 5736 1818 5794 deest.
