3998 6176
405 185 537 237 1267

1545 184 1901 239 ΑΡΡΕΝΙΠΧ
1934 183 2033 243 AD
2070 181 2124 236 S.

2167 182 2668 253 GODEHABDUM»
3704 189 3827 255 {233

400 308 759 364 munitiones
804 304 1131 359 destructas
1194 307 1489 377 Empnam
1551 307 1620 343 ¹¹δ
1668 306 1936 363 videlicet
1997 309 2054 361 et
2092 305 2139 377 ᾼ.
2168 304 2353 361 berch
2381 310 2624 378 captum
2654 306 2913 389 fuituPer
2941 306 3111 376 cujus
3138 306 3487 385 captionem.
3538 306 3682 381 ipse
3721 310 3828 379 epi-

400 395 703 454 Tzerstede
724 393 1095 448 restauravit.
1132 396 1423 467 Empnam
1456 403 1657 456 tamen
1711 399 1771 452 in
1813 397 1945 452 loco
1971 401 2058 452 tu—

400 486 529 541 tiori
553 484 835 552 locatam,
871 486 1096 538 mutato
1132 487 1373 541 nomine
1403 489 1690 543 Gronowe
1713 486 2052 560 appellavit.

400 575 496 629 Set
524 587 658 627 ecce
689 570 927 626 Alberto
955 571 1129 643 duce,
1162 577 1225 630 ut
1273 576 1649 647 premittitur,
1710 576 1944 633 sublato
1982 574 2056 631 de

396 660 619 731 medio,
675 659 779 717 ﬁlii
827 661 956 731 ejus
1006 663 1288 720 Henricus
1337 667 1476 736 (188)
1520 666 1794 722 Albertus
1825 668 1970 737 (189)
2001 670 2058 721 et

403 749 756 805 \Vilhelmus
786 751 934 821 (190)
962 751 1165 821 duces,
1202 754 1463 825 paternis
1496 755 1756 823 vestigiis
1784 755 2056 811 inheren-

396 844 747 905 tes,coutra
776 840 1129 913 episcopum
1173 847 1227 897 et
1272 843 1583 899 ecclesiam
1623 844 1890 900 ferociter
1944 845 2054 901 eri-

397 932 637 1000 guntur.
674 929 900 993 Quibus
928 947 1066 985 cum
1093 932 1409 1007 cpiscopus
1438 932 1656 989 fortiter
1675 938 2057 1006 repugnaret,

399 1019 622 1075 factum
653 1023 740 1074 est
770 1018 1003 1075 sinistro
1036 1026 1270 1086 eventu,
1318 1026 1382 1077 ut
1431 1024 1505 1078 de
1549 1024 1846 1096 precipuis
1887 1023 2056 1079 mini-

401 1108 735 1163 sterialil..as
790 1112 846 1164 et
904 1108 1140 1164 vasallis
1195 1111 1438 1168 ecclesie
1492 1111 1551 1167 in
1602 1117 1795 1169 castro
1836 1116 2057 1185 Campe

398 1198 566 1269 (191),
600 1197 678 1255 ad
705 1197 871 1269 quod
899 1199 1086 1267 gratia
1114 1200 1359 1271 presidii
1402 1218 1463 1256 se
1514 1204 1880 1273 receperant,
1928 1202 2059 1274 ipso.

398 1292 591 1343 castro
622 1304 728 1359 per
750 1287 933 1342 duces
965 1288 1341 1360 aliquamdiu
1374 1296 1499 1347 arta
1539 1291 1849 1347 obsidione
1880 1292 2059 1351 valla-

399 1381 455 1433 to
487 1394 557 1433 ac
583 1377 831 1432 demum
879 1383 1245 1449 expugnato,
1298 1380 1674 1452 septuaginta
1714 1381 1807 1441 vel
1835 1382 2063 1439 circiter

397 1469 768 1539 caperentur.
800 1468 881 1520 Ex
905 1481 1027 1539 quo
1069 1471 1299 1522 tantum
1353 1468 1681 1541 periclitata
1726 1474 1783 1525 et
1833 1469 2063 1540 dejecta

2166 410 2384 473 scopus
2409 394 2711 465 judicium
2733 392 2807 452 ad
2840 395 3012 457 Bocla
3045 396 3225 471 (194),~
3246 392 3427 468 quod
3461 396 3599 453 dux
3643 388 3831 452 Ather-

2163 487 2259 538 tus
2287 487 2344 539 et
2372 483 2528 539 ﬁlius
2559 484 2687 554 ejus
2718 483 2995 540 Henricus
3025 483 3262 551 dudum
3293 490 3502 541 contra
3529 485 3827 555 justitiam

2163 571 2559 642 detinuerant,
2592 577 2957 647 occupatum
2981 572 3352 645 recuperavit
3379 575 3505 645 (an.
3550 578 3739 645 1291),
3784 558 3837 643 εἰ,

2162 660 2367 733 ipsum
2398 665 2659 717 castrum
2691 677 2895 716 coram
2927 678 2987 716 se
3028 665 3314 739 tanquam
3368 662 3489 719 loci
3542 662 3707 718 illius
3748 664 3829 734 ju-

2163 750 2294 805 dice
2325 748 2575 805 seculari
2607 749 2892 823 proscribi
2920 754 2977 806 et
3000 749 3144 809 data
3175 750 3465 815 sententia
3523 751 3668 823 fecit
3714 752 3830 807 fun-

2163 837 2321 894 ditus
2378 838 2668 895 demoliri.
2728 841 2790 893 Et
2846 839 3204 917 procedente
3248 844 3523 913 tempore
3582 842 3649 897 in
3713 840 3831 903 loco

2163 926 2309 983 haut
2336 927 2511 999 longe
2541 926 2736 1001 posito
2768 934 3028 983 castrum
3088 928 3469 1003 Levenborch
3505 931 3674 1001 (195)
3715 949 3830 1003 ma;

2165 1017 2296 1086 guis
2339 1014 2677 1092 sumptibus
2722 1018 3067 1087 construxit,
3121 1034 3227 1093 per
3267 1006 3433 1093 quod
3464 1018 3657 1092 plura
3686 1019 3833 1077 bona

2166 1122 2234 1163 ac
2252 1106 2390 1175 jura
2416 1088 2659 1162 ecclesie
2691 1106 2989 1179 abstracta
3015 1111 3073 1173 et
3100 1088 3385 1164 distracta
3408 1088 3489 1163 ad
3523 1110 3833 1165 ecclesiam

2165 1197 2484 1253 revocavit.
2521 1196 2802 1252 Henricus
2828 1212 2965 1261 vero
2996 1201 3053 1252 et
3081 1197 3353 1254 Albertus
3386 1198 3586 1255 duces
3619 1205 3743 1273 tam
3768 1200 3831 1254 de

2167 1285 2345 1341 castri
2375 1285 3050 1363 constructione,quam
3079 1285 3263 1342 etiam
3282 1287 3519 1357 jurium
3555 1304 3629 1343 ac
3660 1287 3832 1343 bono—

2168 1390 2302 1430 rum
2331 1373 2572 1430 ecclesie
2598 1374 2974 1430 revocatione
3003 1375 3291 1446 dolentes,
3323 1376 3541 1449 ipsum
3582 1385 3831 1447 castrum

2174 1464 2575 1533 Levenborch,
2609 1481 2748 1520 cum
2775 1455 2972 1520 adhuc
3022 1470 3175 1520 esset
3227 1465 3463 1520 nevella
3526 1465 3830 1539 plantatio,

397 1555 506 1611 fuit
525 1554 794 1621 ecclesia,
829 1555 993 1627 quod
1024 1555 1120 1611 vix
1148 1559 1544 1631 recuperandi
1587 1563 1689 1615 aut
1713 1545 2069 1630 resurgendi
2174 1554 2387 1624 grandi
2439 1555 2695 1611 exercitu
2748 1554 3155 1621 obsederunt;
3211 1561 3297 1609 set
3341 1572 3484 1623 cum
3518 1556 3833 1628 episcopus

398 1660 532 1717 spes
564 1642 765 1715 aliqua
793 1642 1146 1700 habebatur.
1206 1646 1535 1720 Episcopus
1587 1652 1788 1704 tamen
1848 1648 1908 1707 in
1959 1651 2070 1706 Do"
2107 1662 2147 1719 Β
2173 1643 2250 1700 ad
2280 1642 2693 1716 repellendum
2717 1660 2818 1697 eos
2850 1660 2911 1698 se
2937 1643 3159 1699 fortiter
3186 1650 3560 1718 prepararet,
3591 1646 3830 1715 magna-

396 1736 561 1788 mino
587 1731 915 1799 conﬁdens,
946 1737 1000 1787 et
1040 1750 1279 1789 murum
1308 1735 1673 1792 defensionis
1724 1754 1832 1811 pro
1876 1739 2057 1794 eccle-
2130 1726 2137 1731 ’
2166 1732 2496 1789 nimitatem
2528 1732 2656 1803 ejus
2690 1732 2953 1791 videntes
2998 1738 3053 1788 et
3092 1732 3494 1815 constantiam
3543 1733 3606 1787 in
3639 1738 3833 1803 sancto

397 1823 484 1878 sia
515 1839 576 1877 se
610 1837 944 1894 opponens,
979 1822 1223 1879 minime
1246 1824 1600 1896 desperavit.
1638 1829 1771 1884 Orta
1794 1843 2058 1901 namque

396 1911 545 1967 inter
574 1910 782 1966 fratres
812 1927 916 1965 seu
946 1910 1130 1967 duces
1159 1911 1323 1983 ipsos
1368 1912 1689 1981 discordia,
1740 1915 1863 1988 ipse
1906 1916 2055 1972 duo-

395 2002 510 2056 bus
532 2016 741 2057 eorum
775 1999 1080 2055 Willielmo
1112 2000 1386 2058 videlicet
1420 2007 1476 2059 et
1504 2003 1742 2061 Alberto
1787 2006 2061 2063 confede-

396 2095 581 2156 ratur,
609 2106 645 2145 a
673 2088 895 2161 quibus
924 2092 982 2144 et
1011 2094 1275 2146 castrum
1334 2093 1852 2164 Stouphemborch
1910 2095 2057 2167 (192)

398 2180 511 2237 sibi
538 2178 795 2252 optinuit
824 2194 934 2251 pro
961 2183 1120 2235 certa
1158 2180 1409 2252 pecunie
1466 2182 1797 2255 quantitate
1841 2185 2059 2265 stipen-

396 2269 633 2327 diorum
665 2267 909 2325 nomine
937 2268 1209 2338 obligari,
1253 2274 1459 2328 contra
1503 2272 1740 2331 tertium
1791 2290 1854 2329 se
1885 2279 1940 2339 et
1968 2291 2058 2331 cc-

397 2358 641 2414 clesiam
670 2357 1048 2415 defensurus.
1082 2359 1268 2415 Factis
1297 2359 1500 2433 itaque
1540 2361 1789 2419 diversis
1836 2363 2061 2421 insulti—

396 2448 512 2503 bus
537 2451 593 2504 et
621 2445 997 2503 conﬂictibus
1026 2445 1165 2505 hinc
1195 2452 1251 2504 et
1279 2447 1418 2505 inde
1444 2450 1764 2525 episcopus
1804 2453 2058 2511 nonnul-

397 2534 488 2591 los
517 2534 591 2591 de
621 2538 789 2609 parte
807 2533 1065 2591 adversa
1093 2534 1309 2591 milites
1334 2552 1403 2591 ac
1434 2537 1691 2593 famulos
1722 2539 2058 2611 captivavit,

397 2640 504 2699 per
532 2639 686 2698 quos
711 2622 912 2696 plures
963 2639 1214 2683 suorum
1255 2641 1290 2680 a
1335 2625 1672 2697 captivitate
1703 2626 1978 2699 absolvit,
2006 2632 2060 2686 et

395 2729 608 2769 rursus
637 2711 717 2770 ad
745 2711 1157 2769 defensionem
1205 2713 1452 2768 ecclesie
1504 2731 1566 2770 se
1616 2715 1888 2773 munivit.
1938 2716 2060 2773 Hiis

399 2803 480 2859 ita
510 2801 692 2874 gestis
720 2792 994 2857 Albertus
1053 2804 1109 2858 et
1156 2801 1511 2857 Wilhelmus
1568 2804 1752 2861 duces
1810 2806 2058 2883 opidum

398 2890 593 2947 fratris
643 2904 853 2945 eorum
901 2888 1069 2944 ducis
1116 2888 1351 2944 Henrici
1404 2890 1767 2953 Helmenstat
1795 2895 2059 2962 nomine,

2171 1824 2242 1856 “6
2272 1821 2601 1895 proposito,
2630 1827 3023 1897 recesserunt,
3057 1822 3353 1897 machinis
3398 1822 3459 1899 in
3523 1838 3745 1899 campo
3784 1826 3833 1876 et

2167 1911 2297 1967 aliis
2323 1910 2730 1975 instrumentis
2779 1906 3026 1979 bellicis,
3079 1929 3214 1986 quea
3242 1911 3323 1987 ad
3351 1912 3830 1984 expugnandum

2169 2006 2430 2057 castrum
2459 2007 2940 2075 apportaverant,
2982 2001 3294 2065 derelictis.
3357 2000 3592 2056 Eodem
3645 2006 3829 2056 tamen

2167 2107 2328 2147 anno
2380 2089 2605 2147 hiidem
2659 2090 2843 2145 duces
2888 2107 3112 2161 magno
3152 2095 3525 2167 congregato
3562 2093 3833 2159 exercitu,

2169 2196 2348 2251 super
2388 2182 2726 2239 Fusennam
2758 2178 3008 2255 fluvium
3063 2167 3207 2253 (196)
3266 2195 3455 2251 prope
3512 2168 3827 2235 Olesborcb

2168 2272 2432 2323 castrum
2481 2267 2739 2323 multum
2780 2267 3165 2340 prejudiciale
3209 2266 3457 2323 ecclesie
3498 2256 3827 2339 erexerunt,

2169 2361 2225 2412 et
2253 2373 2475 2423 nomen
2497 2357 2874 2429 imponentes
2905 2356 3221 2411 Lowendal
3248 2362 3655 2430 occuparunt.
3714 2358 3832 2430 Epi-

2170 2462 2390 2517 scopus
2424 2462 2564 2509 vero
2590 2463 2665 2501 ne
2695 2446 2844 2519 liber
2883 2461 2951 2503 ac
2985 2445 3263 2518 frequens
3318 2445 3468 2520 ipsis
3518 2446 3597 2502 de
3649 2452 3832 2502 castro

2170 2520 2453 2607 praedicto
2480 2534 2558 2591 ad
2588 2533 3001 2590 invadendum
3029 2533 3347 2591 ecclesiam
3388 2540 3625 2606 pateret
3652 2530 3816 2591 introi

2172 2631 2286 2695 tus,
2320 2623 2483 2693 aliud
2513 2626 2795 2693 castrum,
2830 2623 2925 2678 cui
2953 2640 3176 2700 nomen
3207 2623 3569 2698 impositum
3614 2629 3703 2681 est
3749 2627 3831 2679 Pa-

2170 2712 2500 2791 penborch,
2532 2712 2755 2773 inloco
2787 2728 2908 2767 non
2967 2711 3153 2768 multo
3207 2711 3343 2787 plus
3396 2730 3594 2786 quam
3646 2714 3721 2768 ad
3766 2714 3834 2784 ja-

2171 2807 2334 2865 ctum
2366 2801 2574 2871 sagitte
2602 2812 2830 2857 remoto
2864 2796 3067 2881 erexit,
3100 2806 3155 2855 et
3202 2799 3408 2867 multis
3463 2791 3721 2857 munivit
3759 2818 3833 2857 ar-

2173 2891 2347 2951 matis
2376 2909 2389 2946 :
2425 2907 2530 2963 per
2555 2891 2716 2964 quod
2736 2895 3000 2967 castrum
3036 2888 3359 2945 Lowendal
3384 2896 3834 2946 manutenentes

401 2980 758 3053 cooperante
804 2977 1086 3051 episcopo
1142 2978 1541 3048 obsederunt;
1598 2980 1874 3055 civesque
1909 2984 2064 3040 obsi-
2101 3012 2143 3079 (ἶ
2173 2981 2413 3053 fuerunt
2443 2980 2611 3036 artati
2644 2996 2715 3035 ac
2747 2978 2974 3049 religati
3004 2977 3064 3057 iu
3092 2982 3327 3057 tantum
3376 2983 3459 3043 ut,
3518 2982 3628 3054 qui
3679 2986 3837 3037 antea

401 3068 579 3125 dione
610 3066 803 3139 artati,
849 3067 1004 3123 datis
1051 3068 1267 3137 treugis
1313 3067 1454 3126 hinc
1499 3073 1553 3126 et
1604 3069 1764 3142 inde,
1804 3071 2064 3144 potiores
2100 3072 2111 3087 ‘

402 3158 617 3215 milites
654 3173 780 3217 non
808 3173 1037 3232 paucos
1066 3162 1189 3215 tam
1238 3157 1311 3214 de
1360 3162 1529 3231 parte
1585 3159 1847 3233 episcopi
1879 3178 2066 3235 quam

403 3248 629 3303 ducum
660 3247 739 3304 ad
770 3264 832 3303 se
855 3247 918 3303 in
947 3246 1199 3319 opidum
1223 3246 1371 3305 mitti
1394 3249 1707 3321 petierunt,
1750 3254 2066 3324 tamquam

403 3339 477 3394 de
505 3353 654 3411 pace
683 3342 739 3394 et
758 3336 1082 3393 concordia
1111 3338 1437 3395 tractaturi.
1473 3339 1702 3403 Quibus
1745 3339 2066 3412 introgres-

406 3426 485 3481 sis
511 3428 569 3479 et
592 3425 671 3480 ad
698 3425 958 3498 hospitia
981 3425 1108 3495 jam
1142 3426 1392 3498 receptis
1430 3427 1733 3503 nichilque
1776 3429 1916 3486 mali
1970 3447 2068 3485 su-

407 3512 799 3585 spicantibus,
831 3512 1102 3569 infideles
1131 3513 1290 3568 cives
1319 3514 1499 3571 verba
1546 3516 1713 3587 pacis
1746 3517 1808 3573 in
1841 3535 1941 3577 ore
1971 3535 2068 3590 ge-

408 3603 605 3657 rentes
636 3599 779 3657 etin
826 3604 1063 3673 pectore
1120 3616 1244 3656 non
1282 3601 1594 3671 habentes,
1652 3609 1856 3677 portas
1905 3607 2069 3678 opidi

408 3688 851 3757 concluserunt,
868 3693 925 3745 et
949 3705 1052 3745 eos
1080 3689 1235 3745 intra
1265 3690 1579 3751 crudeliter
1608 3692 1956 3753 occiderunt
1975 3698 2066 3753 “5.

408 3780 580 3848 Quod
609 3779 835 3839 factum
864 3778 1119 3851 lugubre
1150 3779 1254 3837 toti
1299 3779 1488 3852 patrie
1538 3798 1785 3841 causam
1823 3786 2074 3859 prestitit

407 3871 796 3928 lamentandi.
873 3869 1097 3927 Deinde
1174 3886 1246 3932 ex
1312 3871 1601 3927 mandato
1660 3874 2071 3941 Romanorum

409 3962 567 4031 regis
596 3959 863 4035 thBdlCtl
891 3975 1041 4033 pace
1060 3959 1267 4032 jurata
1295 3960 1447 4017 inter
1472 3960 1773 4035 principes
1803 3967 1860 4025 et
1907 3965 2074 4032 nobi-

409 4052 497 4107 les
528 4051 802 4121 Saxonie,
822 4051 946 4109 dux
971 4050 1254 4107 Henricus
1280 4050 1354 4106 de
1382 4056 1578 4108 castro
1608 4052 2074 4125 Harlingeberch

412 4139 866 4208 (193)0mnibus
895 4138 1334 4197 circumvicinis
1392 4140 1663 4212 dampna
1718 4142 1885 4198 varia
1932 4143 2076 4199 irro-

410 4226 616 4298 gavit;
676 4227 837 4285 unde
888 4227 1029 4283 dicti
1079 4227 1403 4300 principes,
1461 4229 1523 4291 in
1579 4246 1841 4303 quorum
1892 4232 2075 4289 etiam

2177 3070 2555 3143 obsederant,
2584 3066 3294 3141 obsiderentur,factique
3325 3084 3397 3122 ex
3428 3067 3838 3148 obsessoribus

2178 3162 2293 3225 sint
2321 3157 2573 3229 obsessi.
2597 3160 2845 3229 Demum
2880 3174 3019 3214 vero
3047 3158 3194 3235 ipsis
3218 3158 3278 3212 in
3307 3162 3505 3229 castro
3532 3152 3839 3229 Levendal

2177 3248 2613 3321 deﬁcientibus,
2647 3253 2703 3303 et
2726 3249 2785 3302 in
2812 3254 3007 3317 castro
3060 3247 3453 3323 Papeuborcb
3496 3238 3840 3319 profitienti-

2179 3336 2314 3406 bus,
2347 3340 2610 3407 castrum
2640 3334 2957 3397 Lowcndal
2990 3335 3241 3411 capitur,
3275 3341 3330 3390 et
3362 3338 3479 3419 tam
3516 3334 3637 3390 hoc
3664 3351 3845 3419 quam

2178 3425 2324 3483 illud
2350 3425 2587 3501 penitus
2607 3426 2945 3491 demolitur.
2981 3408 3132 3495 Quid
3163 3425 3329 3496 plura
3355 3424 3378 3477 ‘3
3404 3408 3662 3478 illustris
3686 3408 3847 3490 Otto,

2179 3514 2303 3569 dux
2349 3501 2718 3583 Luneborch,
2780 3520 3043 3575 castrum
3092 3511 3431 3571 Caleuborcli
3462 3514 3620 3591 (197)
3654 3528 3853 3591 super

2182 3606 2447 3676 [.aynam
2477 3604 2728 3681 ﬂuvium
2757 3603 3127 3681 construxit;
3156 3600 3304 3675 quod
3341 3588 3483 3681 quia
3536 3588 3853 3671 vergebat

2180 3691 2241 3748 in
2264 3675 2598 3755 maxime
2631 3675 2873 3751 ecclesie
2919 3692 3358 3773 detrimentum,
3388 3675 3722 3769 episcopus
3757 3708 3854 3745 su-

2184 3782 2400 3844 stinere
2430 3799 2551 3845 non
2582 3782 2787 3839 valens
2815 3799 2923 3838 nec
2955 3782 3187 3851 valens,
3236 3785 3443 3835 contra
3504 3778 3715 3866 ipsum
3752 3779 3843 3832 du-

2183 3889 2313 3931 cem
2342 3872 2680 3941 insurrexit,
2714 3878 2768 3928 et
2795 3873 2992 3949 modis
3022 3870 3246 3944 quibus
3297 3870 3494 3950 potuit
3536 3869 3849 3947 impugna-

2183 3962 2285 4032 vit.
2316 3967 2446 4035 Ipse
2486 3978 2626 4017 vero
2675 3964 2804 4035 0tto
2858 3962 2981 4037 dux
3033 3977 3171 4039 cum
3221 3960 3476 4039 Henrico
3523 3965 3581 4037 et
3626 3960 3852 4014 Aliter-to

2184 4050 2441 4117 (lucibus
2474 4050 2549 4106 de
2579 4051 2923 4129 Brunswicli
2950 4034 3395 4127 conspiratione
3447 4028 3608 4129 facta
3657 4055 3856 4104 contra

2187 4140 2519 4205 ecclesiam,
2574 4139 2989 4211 assistentibus
3030 4138 3116 4209 eis
3165 4142 3379 4219 Ottone
3406 4144 3471 4205 et
3518 4138 3857 4223 Hermanno

2186 4229 2260 4286 de
2310 4228 2732 4301 Brandeborcb
2790 4227 3241 4303 inarcbionibus
3299 4214 3359 4282 et
3404 4214 3700 4303 nonnulis
3742 4226 3863 4280 aliis

404 4332 669 4375 numero
700 4315 1020 4388 episcopus
1050 4316 1361 4386 existebat,
1417 4334 1488 4374 ac
1532 4302 1764 4376 nobiles
1824 4320 2076 4379 Saxonie
2114 4359 2155 4412 Β
2187 4318 2559 4393 principibus
2613 4336 2686 4383 ac
2736 4310 3060 4387 nobilibus,
3115 4332 3340 4389 magno
3393 4302 3656 4374 collecto
3716 4332 3866 4370 exer-

417 4411 625 4463 contra
663 4405 867 4479 ipsum
917 4404 1155 4473 ducem,
1208 4411 1520 4478 tamquam
1572 4408 1864 4479 generalis
1908 4410 2076 4489 pacis

416 4495 784 4562 violatorem,
817 4493 1075 4550 dictante
1115 4493 1305 4568 ipsius
1360 4495 1516 4566 regis
1561 4498 1851 4565 sententia
1882 4499 2079 4556 insur-

414 4588 695 4642 rexerunt
751 4588 809 4640 et
864 4588 1131 4643 castrum
1185 4584 1616 4655 Harlingeberh
1693 4587 2077 4646 obsederunt.

419 4679 691 4749 Cumque
732 4674 893 4731 idem
944 4674 1070 4730 dux
1111 4673 1191 4729 ad
1236 4674 1649 4737 liberationem
1688 4677 1878 4750 ipsius
1906 4666 2083 4734 castri

417 4765 740 4829 festinaret,
765 4764 911 4821 inito
942 4764 1208 4821 maximo
1239 4781 1377 4821 cum
1405 4756 1780 4839 principibus
1823 4772 1879 4824 et
1909 4767 2080 4825 nobi-

415 4856 575 4915 libus
621 4854 905 4915 conilictu
944 4854 1286 4925 subcubuit,
1339 4860 1724 4928 castrumque
1772 4856 2081 4929 Harlinge-

2191 4408 2309 4464 citu
2364 4412 2547 4479 terras
2604 4407 2847 4465 ecclesie
2914 4408 3276 4485 invaserunt,
3330 4406 3632 4483 duasque

2186 4498 2456 4573 lapideas
2507 4497 2864 4581 Ste‘derdorp
2922 4497 3191 4563 videlicet
3252 4500 3311 4552 et
3362 4494 3658 4567 ’Dberge,
3742 4510 3875 4581 quo»

2189 4587 2471 4655 rumdam
2494 4586 2750 4647 militum
2778 4585 3048 4663 fidelium
3089 4583 3334 4663 ecclesie
3376 4587 3763 4663 mansiones
3806 4598 3876 4636 ce

2187 4681 2424 4753 perunt,
2452 4692 2680 4749 easque
2706 4662 3149 4749 ,incastellantes
3192 4660 3443 4728 firmiter
3496 4660 3879 4731 munierunt.

2185 4758 2264 4822 'de
2295 4765 2406 4822 illis
2437 4768 2493 4821 et
2518 4764 2647 4820 aliis
2829 4762 3270 4820 munitionibus
3322 4768 3563 4817 terram
3622 4768 3688 4818 et
3718 4758 3883 4817 θεὼ

2193 4855 2346 4915 siam
2403 4852 2754 4925 gravissime
2812 4851 3256 4931 impugnantes.
3330 4842 3703 4933 Episcopus
3764 4860 3879 4901 vero

1791 4992 2030 5047 VARIIE
2071 4988 2364 5046 LEGTION
2372 4988 2477 5043 ES.

495 5088 561 5122 ¹¹⁴
592 5103 838 5143 emnam
867 5104 917 5143 c.
1000 5089 1070 5122 ¹¹⁶
1099 5086 1204 5142 ubi
1235 5091 1352 5144 tres
1380 5087 1611 5143 nobiles
1636 5088 1852 5145 milites
1882 5088 2137 5145 diocesis
2164 5090 2367 5144 nostre
2394 5082 2668 5139 videlicet
2699 5082 3023 5140 Stenberch
3075 5085 3134 5137 et
3192 5079 3406 5137 Sder
3452 5086 3531 5137 et
3589 5086 3723 5139 eat.
3767 5074 3879 5133 ω

420 5159 708 5223 interfecti
734 5158 970 5214 fuerant
994 5161 1175 5229 refert
1202 5163 1258 5214 2.
1338 5161 1412 5193 ¹¹⁶
1443 5159 1538 5216 fco
1567 5176 1618 5216 c.
1815 5184 1817 5187 ί

2018 5248 2250 5307 NOT/E.

492 5366 638 5439 (188)
682 5369 809 5421 Dux
834 5366 896 5439 in
918 5365 1375 5439 Grubenhagen.

494 5436 639 5509 (189)
682 5441 809 5493 Dux
838 5436 900 5492 in
932 5437 1226 5509 Gottinga.

494 5512 644 5579 (190)
686 5512 816 5564 Dux
832 5508 1232 5580 )Velferbytan
1240 5525 1331 5564 us.

495 5580 643 5649 (191)
683 5579 852 5649 Haud
880 5579 1146 5649 procula
1174 5580 1546 5635 Brunswich.

496 5648 646 5714 (192)
687 5648 1088 5718 Staufenburg
1112 5664 1299 5721 prope
1329 5651 1634 5711 Osterode.

2256 5366 2407 5429 (193)
2436 5360 2636 5417 Berlin
2647 5359 2865 5428 gsberg
2888 5373 3077 5430 prope
3103 5355 3439 5414 Goslu-iam
3470 5358 3699 5417 dcit.

2266 5437 2417 5503 (194)
2454 5431 2818 5503 Buchloden.

2263 5502 2413 5573 (195)
2444 5502 2848 5571 ,Liebenburg.

2263 5510 2413 5646 (195)
2444 5510 2621 5563 ,Liebe

2261 5581 2387 5645 (196
2453 5579 2621 5631 Fuse.

2260 5644 2412 5718 (197)
2450 5644 2798 5719 Calenberg.
