3996 6168
58 124 83 175 1
95 120 210 185 269

1274 109 1686 187 εΗΒοΝιβοΝ
1730 106 2359 205 mLpESHEiMEsse.

3409 114 3548 167 1270

54 240 529 319 magnanimus
572 240 634 296 in
688 238 949 299 adversis
998 237 1314 311 desperare
1366 240 1474 293 aut
1503 232 1767 306 deprimi
1808 236 1854 287 Α
1882 238 2153 295 sterhove
2186 242 2330 314 (203)
2358 242 2603 297 ecclesie
2635 245 2835 298 nostre
2861 237 3111 315 perutile
3124 253 3283 293 (cum
3306 215 3425 319 'suo
3454 252 3545 290 co-

56 349 198 388 non
233 318 595 399 consuetus,
654 334 743 386 set
795 329 853 384 in
901 327 1146 384 domino
1181 330 1294 383 Deo
1327 343 1440 382 suo
1472 318 1769 392 conﬁsus,

54 421 400 477 conductis
431 417 744 489 armigeris
773 421 830 474 et
858 415 1253 490 stipendiariis
1274 412 1609 473 innumeris
1638 413 1770 468 vim

52 511 116 565 vi
164 514 305 565 tum
340 524 485 564 cum
519 505 939 562 moderamine
986 509 1113 560 tum
1163 505 1285 560 sine
1342 502 1770 559 moderamine

53 598 427 673 repellebat.
462 601 611 653 Nam
643 596 860 652 eadem
888 594 1139 652 durante
1171 611 1407 666 guerra,
1455 592 1769 667 quasdam

56 688 449 745 munitiones
497 684 745 752 ducum,
793 684 1068 741 videlicet
1114 684 1331 751 Uslere,
1395 680 1765 749 Everborch,

58 774 532 834 Geveldehusen
564 778 621 831 et
650 774 829 833 Echte
859 775 1006 845 (198)
1036 775 1190 848 cepit
1218 779 1274 830 et
1315 771 1622 838 destruxit,
1688 786 1766 825 ac

61 869 124 923 in
154 865 446 942 pluribus
477 863 886 931 conﬂictibus,
919 863 1282 919 concedente
1321 861 1570 917 domino
1611 863 1760 928 Deo,

65 974 103 1013 a
133 973 264 1031 quo
295 959 383 1011 est
412 952 614 1010 omnis
635 953 903 1022 victoria,
946 952 1350 1027 triumphavit,
1407 951 1638 1023 sibique
1696 948 1761 1004 in

66 1047 187 1102 hac
221 1045 436 1101 eadem
467 1058 691 1115 guerra
717 1046 951 1098 tantum
975 1042 1359 1114 supercrevit,
1382 1040 1548 1115 quod
1578 1039 1759 1113 plura

66 1132 280 1189 debita
308 1131 619 1205 persolvit,
650 1126 711 1185 in
751 1129 975 1203 quibus
1025 1134 1202 1185 antea
1257 1128 1589 1185 tenebatur.
1640 1130 1755 1182 De-

20 1272 23 1276 .
64 1239 243 1278 mum
270 1239 416 1277 vero
443 1226 595 1277 inter
626 1219 984 1293 episcopum
1034 1236 1105 1274 ex
1153 1236 1295 1287 una,
1347 1221 1620 1275 Ottonem
1675 1217 1753 1272 de

19 1332 25 1367 ;
68 1310 431 1368 Luneborch
458 1315 513 1366 et
546 1309 859 1365 Albertum
889 1308 963 1364 de
995 1308 1344 1364 Brunswich
1371 1308 1555 1364 duces
1580 1313 1751 1380 parte

20 1418 138 1457 .ex
189 1401 399 1467 altera,
468 1399 723 1456 Henrico
776 1400 929 1454 duce
986 1398 1250 1469 excluso,
1310 1398 1519 1455 castris
1567 1398 1748 1453 etiam

64 1490 301 1560 Oberge
328 1494 386 1545 et
418 1484 815 1560 Stedemdorp
843 1487 1095 1560 primitis
1121 1486 1354 1555 dirutis,
1388 1485 1747 1560 compositio

20 1636 23 1640 ,
62 1579 401 1634 ordinatur.
436 1581 502 1677 [ξι
728 1575 854 1631 dux
898 1578 1028 1633 Otto
1056 1582 1322 1633 castrum
1357 1565 1746 1667 (Ialemberch
1784 1590 1829 1683 ξ

65 1684 234 1722 sonte
266 1671 417 1734 (199)
447 1664 804 1736 includeret,
835 1670 1083 1738 pontem
1106 1671 1243 1722 ante
1271 1670 1534 1722 castrum
1560 1662 1746 1737 super

20 1816 23 1819 ι
68 1760 337 1829 Laynam
365 1773 400 1811 a
432 1772 585 1812 sona
608 1754 821 1833 eadem
852 1755 1172 1828 episcopus
1201 1754 1576 1811 excludebat.
1615 1756 1741 1810 Dux

64 1850 269 1900 autem
299 1844 588 1900 Henricus
621 1838 937 1899 ecClesiam
987 1842 1186 1899 adhuc
1234 1835 1623 1916 impugnans,
1645 1834 1742 1899 ca-

20 2000 21 2003 η
63 1940 256 1990 strum
286 1933 602 2009 quoddam
628 1930 972 1989 MOrsborch
1002 1938 1423 2009 nuncupatum
1448 1933 1507 1988 in
1546 1932 1743 1989 termi-

60 2024 159 2079 nis
189 2023 453 2079 cometias
486 2016 670 2078 Bocla
697 2012 1045 2089 construxit,
1075 2022 1243 2094 quod
1282 2022 1482 2078 statim
1513 2022 1741 2095 episco~

20 2180 21 2183 η
58 2130 180 2185 pus
205 2116 260 2168 et
286 2111 403 2181 alii,
436 2112 666 2184 quibus
697 2110 1061 2166 constructio
1090 2100 1447 2182 hujusmodi
1494 2111 1740 2170 videba-

60 2210 162 2259 tur
190 2203 538 2272 incongrua,
570 2199 1037 2268 circumdantes,
1096 2201 1331 2274 penitus
1377 2198 1737 2261 everterunt.

57 2293 202 2364 Ipso
226 2291 654 2347 nichilominus
703 2289 857 2344 duce
913 2287 971 2342 in
1024 2290 1436 2360 persecutione
1488 2278 1739 2348 ecclesie

54 2379 444 2453 perdurante,
498 2396 569 2434 ac
618 2377 926 2433 nobilibus
974 2376 1113 2431 viris
1140 2375 1213 2433 de
1246 2376 1541 2443 Werdere,
1574 2384 1633 2435 et
1662 2380 1738 2437 de

57 2466 279 2525 Sladen
308 2466 630 2524 comitibus
661 2465 772 2520 sibi
803 2462 1236 2535 assistentibus,
1254 2483 1362 2539 per
1388 2465 1590 2538 ipsum
1610 2470 1737 2541 epi-

20 2630 21 2635 η
54 2573 314 2631 scopum
346 2544 611 2611 castrum
643 2552 920 2611 Werdere
952 2550 1101 2624 (200)
1129 2552 1437 2626 aliquanto
1467 2559 1738 2633 tempore

51 2645 384 2701 obsessum
417 2643 652 2718 capitur
672 2647 728 2698 et
771 2642 1112 2697 destruitur.
1164 2643 1437 2698 Castrum
1475 2642 1738 2703 Walmo-

51 2735 184 2791 den
213 2735 289 2792 ad
310 2724 732 2809 reprimendos
763 2730 934 2787 ducis
972 2731 1201 2786 Henrici
1255 2732 1503 2804 predicti
1552 2733 1738 2792 insul-

51 2832 183 2887 tus,
214 2816 317 2897 qui
340 2823 413 2880 de
440 2828 639 2879 castro
673 2825 901 2877 Luttere
941 2816 1378 2891 irrogabantur,
1410 2827 1737 2893 nongentis

48 2932 80 2969 e
98 2918 123 2969 t
146 2904 587 2989 quinquaginta
616 2910 752 2983 puri
804 2909 1035 2979 argenti
1065 2902 1281 2964 marcis
1311 2910 1555 2966 ecclesie
1587 2930 1735 2970 con-
1775 2940 1815 2998 ρ

48 3004 326 3077 paratur;
364 3006 641 3075 Castrum
665 3016 807 3055 vero
841 2997 1078 3054 Sladem
1101 2999 1358 3069 graviter
1396 2998 1733 3061 obsidetur.

47 3092 327 3149 Tandem
354 3090 789 3165 compositione
821 3089 971 3144 inter
1008 3086 1227 3143 ducem
1279 3092 1335 3144 et
1380 3088 1737 3165 episcopum

52 3176 363 3251 ordinata,
396 3180 722 3254 episcopus
752 3193 965 3248 graves
996 3176 1463 3249 inpugnationes
1482 3183 1539 3235 et
1565 3196 1738 3249 guer-

20 3270 21 3273 “
55 3287 158 3327 ras
191 3273 403 3342 postea
431 3284 552 3323 non
584 3264 902 3333 sustinuit;
960 3254 1048 3320 set
1094 3281 1241 3337 pace
1297 3266 1543 3339 aliquali
1599 3274 1738 3328 ante

56 3358 251 3415 ﬁnem
286 3357 401 3413 vite
430 3372 557 3423 sue,
593 3354 834 3410 modico
860 3356 1061 3437 tamen
1090 3358 1376 3427 tempore,
1406 3352 1734 3415 fruebatur.

60 3450 220 3502 Inter
241 3444 353 3501 hec
382 3450 584 3502 autem
608 3460 726 3516 que
759 3442 1034 3516 superius
1065 3441 1223 3499 dicta
1254 3448 1413 3513 sunt,
1471 3450 1736 3506 castrum

56 3541 285 3594 Butam
316 3536 463 3607 (201)
494 3534 552 3592 in
583 3534 719 3590 loco
759 3528 863 3588 ubi
910 3533 1114 3605 Layna
1166 3537 1222 3589 et
1270 3533 1545 3592 lndistria
1599 3532 1738 3595 con-

52 3616 263 3681 ﬂuunt
316 3616 667 3698 sumptuose
723 3616 1072 3692 construxit,
1135 3618 1393 3696 propter
1435 3625 1601 3698 quod
1657 3627 1735 3684 ab

54 3717 277 3770 Ottone
305 3713 456 3769 duce
502 3706 1005 3780 Lunenburgensi
1058 3727 1271 3779 graves
1330 3713 1735 3786 impugnatio-

48 3818 164 3857 nes
193 3798 253 3859 et
280 3818 525 3872 guerras
549 3790 733 3871 longo
760 3805 1028 3874 tempore
1067 3805 1153 3856 est
1188 3817 1527 3875 perpessus.
1584 3806 1732 3861 Pace

48 3888 267 3948 tamen
288 3880 444 3946 inter
472 3907 575 3946 eos
613 3889 762 3946 facta
794 3880 916 3959 (an.
950 3893 1107 3960 1283,
1156 3891 1294 3946 Dec.
1347 3894 1456 3961 16),
1506 3892 1734 3963 episco-

44 3998 169 4054 pus
202 3980 268 4036 in
300 3968 528 4052 placitis
554 3972 812 4036 obtinuit
836 3978 1050 4035 donari
1074 3972 1187 4034 Sibi
1213 3983 1270 4035 et
1299 3978 1545 4035 ecclesie
1568 3996 1604 4037 a
1629 3981 1733 4038 du-

42 4089 111 4127 ce
147 4068 445 4145 praedicto
477 4069 903 4143 proprietatem
932 4069 1108 4125 castri
1140 4068 1504 4125 Lowenrode
1530 4074 1586 4126 et
1606 4071 1730 4145 opi-

40 4162 103 4218 di
138 4158 496 4228 Honovere;
529 4158 695 4232 quod
729 4159 927 4214 tamen
958 4159 1118 4214 idem
1148 4159 1269 4214 dux
1313 4158 1392 4214 ab
1443 4158 1728 4235 episcopo

39 4244 285 4322 recepit
313 4242 373 4304 in
404 4244 672 4319 fetidum,
692 4248 846 4304 datis
862 4248 1285 4304 tantummodo
1307 4252 1547 4304 centum
1569 4266 1725 4306 mar-

1881 326 2088 385 mitatu
2121 330 2281 386 mille
2309 337 2361 386 et
2395 332 2603 395 vigenti
2634 329 2850 387 marcis
2884 328 3019 403 puri
3071 327 3303 395 argenti
3345 323 3460 381 sibi
3491 328 3547 380 et

1884 417 2007 471 suis
2065 419 2507 475 successorilms
2567 418 2954 494 comparavit.
3010 414 3415 471 Advocaciam
3481 414 3544 468 in

1880 503 2026 558 urbe
2053 522 2089 570 a
2118 506 2363 562 Ludolfo
2387 505 2715 562 munerario
2747 504 3019 561 absolvit.
3046 500 3448 559 Advocaciam
3478 501 3540 557 in

1880 586 2333 652 llasikenhusen
2368 600 2509 669 (201)
2559 614 2593 652 a
2626 594 2913 669 Lippoldo
2970 594 3045 649 de
3094 592 3299 648 Dalem
3356 590 3538 647 milite

1877 684 2209 758 acquisivit.
2244 687 2530 743 Palatium
2576 682 2914 758 episcopale
2962 683 3021 738 in
3070 681 3271 737 multis
3300 676 3538 736 cdifitiis

1875 774 2237 837 emendavit.
2288 776 2746 849 cappellamque
2794 772 3019 830 ibidem
3077 769 3152 826 de
3189 786 3349 825 novo
3399 784 3537 825 con-

1875 862 2107 935 struxit,
2134 864 2235 920 ubi
2261 870 2317 921 et
2341 871 2600 938 quatuor
2640 863 2962 922 canonicos
3003 859 3272 925 instituit,
3313 856 3538 930 quibus

1870 950 1948 1007 ad
2001 952 2219 1009 victum
2263 954 2666 1028 quadraginta
2714 952 2900 1010 libras
2954 947 3540 1009 Hildensemensium

1867 1041 2255 1100 denariorum
2281 1044 2353 1099 de
2385 1042 2792 1101 oblationibus
2833 1046 2890 1098 et
2918 1037 3388 1097 obventionibus
3448 1036 3546 1092 ec-

1866 1129 2044 1188 clesie
2089 1134 2277 1189 sancti
2323 1135 2554 1191 Andree
2609 1150 2720 1189 nec
2772 1148 2894 1190 non
2925 1130 3231 1204 preposito
3260 1127 3548 1199 ejusdem

1863 1221 2111 1277 ecclesie
2139 1223 2260 1279 sive
2291 1204 2714 1280 archidiacono
2744 1219 2994 1278 civitatis
3053 1219 3114 1273 l2
3161 1216 3348 1274 libras
3405 1215 3556 1274 dari

1862 1311 2040 1367 annis
2092 1311 2341 1383 singulis
2393 1312 2709 1370 ordinavit.
2766 1314 2904 1368 Tres
2953 1308 3136 1365 etiam
3180 1323 3441 1363 mansos
3486 1306 3558 1367 in

1860 1399 2063 1456 Reden
2112 1400 2226 1457 sibi
2268 1408 2552 1459 vacantes
2597 1400 2814 1473 adjecit
2844 1397 3153 1456 canonicis
3193 1395 3552 1459 antedictis.

1861 1489 2210 1545 Novissimis
2242 1494 2442 1547 autem
2469 1490 2681 1546 diebus
2715 1488 2838 1544 suis
2887 1503 3029 1544 cum
3064 1484 3311 1559 aliquali
3349 1501 3544 1561 pace,

1860 1579 1925 1631 ut
1956 1576 2181 1633 dictum
2209 1584 2295 1635 est
2325 1580 2617 1652 superius,
2652 1578 2963 1644 frueretur,
2998 1578 3261 1631 castrum
3292 1575 3542 1633 Hunde-

1856 1673 2058 1738 struge
2089 1673 2145 1725 et
2163 1670 2414 1742 cpidum
2448 1669 2616 1726 Dasle
2651 1670 2793 1741 (205)
2826 1683 2966 1723 cum
2998 1665 3310 1737 adjacente
3338 1667 3529 1722 comi-

1854 1760 1983 1813 tatu
2034 1758 2196 1815 mille
2253 1764 2309 1816 et
2361 1759 2676 1830 nongentis
2714 1756 2934 1813 marcis
2983 1754 3303 1829 emptionis
3351 1754 3525 1811 titulo

1854 1849 2248 1920 comparavit,
2276 1849 2621 1923 relinquens
2650 1864 2722 1904 ea
2762 1862 2873 1920 pro
2917 1845 3133 1918 majori
3173 1848 3342 1917 parte
3396 1845 3521 1923 suis

1854 1924 2844 2007 successoribus‘exsolvenda(an.
2883 1935 3060 2005 1310).
3110 1932 3266 1989 Licet
3316 1931 3520 2007 itaque

1853 2022 2048 2079 dictus
2078 2027 2403 2099 episcopus
2435 2026 2663 2082 cunctis
2691 2040 2844 2097 pene
2890 2022 3268 2096 temporibus
3296 2020 3520 2095 quibus

1853 2117 2122 2170 nostram
2155 2115 2304 2171 rexit
2342 2115 2657 2172 ecclesiam
2702 2115 3018 2187 potentum
3065 2112 3410 2186 principum
3463 2114 3521 2166 et

1851 2202 2105 2259 aliorum
2136 2204 2302 2260 duris
2334 2202 2849 2278 persecutionibus
2888 2202 3344 2268 circumclusus,
3387 2215 3518 2272 gra-

1853 2291 2134 2366 viumque
2167 2309 2520 2363 guerrarum
2548 2290 2901 2348 tumultibus
2942 2290 3118 2347 fuerit
3162 2294 3512 2362 occupatus,

1850 2384 1908 2434 et
1936 2396 1972 2435 a
2000 2379 2380 2436 tribulatione
2429 2381 2727 2436 malorum
2762 2381 2819 2433 et
2845 2377 3053 2434 dolore
3076 2382 3323 2434 vexatus
3367 2374 3517 2433 utili-

1850 2471 2031 2523 tatem
2064 2473 2265 2524 tamen
2296 2469 2540 2524 ecclesie
2582 2470 2783 2523 nostre
2838 2470 2964 2523 tam
3012 2466 3073 2521 in
3106 2464 3515 2540 spiritualibus

1847 2572 2035 2629 quam
2092 2556 2152 2610 in
2207 2555 2633 2630 temporalibus
2671 2554 3013 2628 prospicere
3061 2569 3187 2613 non
3232 2553 3508 2625 neglexit,

1848 2645 2036 2701 immo
2090 2661 2225 2700 eam
2278 2644 2617 2718 utrobique,
2668 2647 2733 2700 ut
2780 2643 2861 2701 ita
2917 2643 3213 2713 dicamus,
3262 2648 3320 2700 et
3358 2643 3513 2700 inter

1848 2750 2161 2807 pressuras
2192 2735 2475 2792 exaltavit
2505 2730 2561 2791 et
2597 2733 2747 2790 inter
2776 2732 3087 2803 angustias
3113 2734 3401 2791 dilatavit.
3447 2736 3514 2789 Et

1845 2828 1910 2880 ut
1964 2826 2039 2881 de
2088 2825 2524 2899 temporalibus
2572 2823 2847 2898 superius
2898 2823 3059 2882 dicta
3101 2823 3419 2897 sufﬁciant,
3449 2824 3512 2879 in

1847 2914 2258 2987 spiritualibus
2318 2915 2471 2971 sicut
2540 2914 2696 2971 infra
2764 2914 3040 2976 scribitur
3100 2930 3161 2970 se
3226 2913 3509 2991 habebat.

1850 3005 2138 3070 Quamvis
2169 3005 2331 3062 enim
2362 3004 2793 3078 temporalibus
2822 3003 3107 3075 intentus,
3147 3002 3517 3060 adversario-

1848 3110 1985 3148 rum
2014 3110 2083 3149 ac
2113 3093 2458 3175 principum
2479 3110 2602 3150 non
2628 3093 2889 3171 timuerit
2912 3093 3317 3169 principatum
3342 3111 3356 3161 ;
3379 3092 3514 3149 totis

1849 3186 2051 3239 tamen
2078 3170 2410 3241 ivisceribus
2448 3182 2736 3253 diligebat
2765 3183 3063 3239 Christum
3092 3198 3315 3252 regem.
3363 3184 3514 3238 Nam

1847 3268 2121 3346 divinum
2153 3271 2410 3328 ofﬁtium
2441 3272 2693 3329 libenter
2720 3271 3024 3343 audiebat,
3076 3271 3288 3328 fatiens
3344 3269 3513 3326 omni

1846 3360 1943 3417 die
1970 3361 2224 3419 missam
2250 3378 2456 3418 coram
2499 3377 2559 3417 se
2602 3352 2709 3434 per
2755 3364 2963 3423 notam
3016 3360 3344 3432 decantari,
3398 3358 3513 3419 nisi

1846 3467 2075 3522 magna
2104 3468 2243 3507 eum
2274 3451 2334 3507 in
2366 3450 2480 3507 hoc
2509 3450 2832 3522 necessitas
2863 3450 3196 3524 impediret.
3232 3453 3297 3522 Et
3324 3465 3516 3522 quan-

1845 3539 2171 3612 docunque
2202 3556 2426 3596 novem
2458 3539 2773 3596 lectionem
2821 3539 3040 3596 festum
3088 3537 3336 3611 aliquod
3379 3552 3516 3608 age-

1844 3628 2042 3699 batur,
2074 3645 2199 3686 non
2230 3630 2426 3685 solum
2457 3630 2709 3709 missam
2739 3618 2828 3686 set
2851 3633 2909 3685 et
2938 3628 3302 3695 matutinum
3328 3643 3399 3684 ac
3420 3643 3514 3683 ve-

1845 3719 2177 3791 spertinum
2209 3719 2476 3776 ofﬁcium
2530 3719 2781 3777 tonatim
2828 3736 2969 3776 cum
3017 3734 3212 3792 pausa
3239 3721 3296 3776 et
3322 3718 3513 3775 inten-

1842 3807 2003 3862 tione
2034 3809 2224 3864 multa
2250 3825 2388 3863 cum
2419 3809 2542 3864 suis
2568 3808 2794 3864 clericis
2824 3807 3184 3864 decantavit.
3228 3811 3293 3862 In
3324 3806 3511 3876 majo-

1842 3894 2008 3950 ribus
2035 3895 2215 3951 etiam
2264 3894 2680 3952 festivitatibus
2722 3897 2779 3953 et
2825 3893 3308 3950 ordinationibus
3346 3892 3510 3948 cleri-

1842 3999 2052 4039 corum
2103 4000 2172 4038 ac
2228 3982 2525 4039 velatione
2569 3997 2883 4039 sacrarum
2919 3979 3225 4054 virginum
3256 3979 3505 4052 aliisque

1838 4071 2284 4148 pontificalibus
2314 4066 2525 4126 ofﬁciis
2554 4087 2694 4127 cum
2720 4085 2828 4143 per
2870 4086 2931 4126 se
2963 4084 3134 4149 sacra
3177 4068 3505 4141 missarum

1838 4152 2175 4232 solempnia
2202 4157 2545 4227 celebraret,
2574 4161 2740 4235 tanta
2768 4157 2882 4215 sibi
2910 4158 3097 4215 virtus
3126 4162 3184 4217 et
3207 4158 3446 4235 devotio
3467 4174 3505 4216 a

1842 4250 2092 4306 Domino
2124 4253 2216 4331 est
2238 4264 2549 4329 concessa,
2579 4253 2641 4305 ut
2668 4248 2730 4305 in
2758 4248 3040 4306 lacrimas
3060 4254 3497 4324 prorumperet,

37 4358 148 4396 ωε.
184 4342 314 4395 Hoc
336 4342 532 4393 autem
560 4336 787 4393 factum
817 4328 904 4393 est
933 4337 1218 4410 episcopo
1266 4341 1323 4393 et
1366 4330 1610 4394 ecclesie
1659 4339 1720 4395 in
1761 4328 1807 4382 ¹⁴ῗ
1832 4343 1889 4395 et
1916 4338 2107 4395 imbre
2138 4328 2528 4394 lacrimarum
2556 4354 2729 4395 suam
2759 4338 2976 4415 faciem
3003 4338 3295 4411 irrigaret,
3319 4340 3499 4398 devo-

37 4442 518 4499 recompensam
548 4418 1163 4500 castriHuden,quod
1189 4426 1313 4481 dux
1343 4425 1726 4487 dextruxerat

36 4515 412 4575 antedictus.
447 4510 790 4583 Quamdam
820 4515 1001 4571 etiam
1030 4512 1266 4591 partem
1293 4515 1468 4571 castri
1495 4504 1726 4593 Popen¥

32 4607 240 4663 borch
279 4604 357 4660 ab
387 4603 755 4679 impetitione
787 4603 1074 4679 Gherardi
1100 4600 1332 4661 Comitis
1354 4602 1427 4659 de
1457 4606 1730 4663 Scowen-

28 4695 239 4752 borch
276 4692 417 4749 data
440 4678 698 4767 pecunia
722 4678 1042 4768 ex'pedidit.
1060 4682 1332 4750 Castrum
1350 4692 1549 4751 Herste
1575 4692 1728 4768 (202)

31 4800 244 4859 prope
269 4778 515 4853 Gotinge
541 4774 938 4856 cemparavit,
970 4784 1136 4856 quod
1168 4788 1377 4856 postea
1402 4801 1509 4858 per
1548 4785 1727 4842 tradi-

30 4878 285 4933 tionem
300 4874 555 4952 captum
584 4872 926 4929 destruitur.
981 4866 1254 4953 Castrum
1302 4890 1547 4949 quoque
1595 4878 1724 4932 We-

1838 4429 2102 4502 tionique
2130 4428 2282 4486 adeo
2321 4428 2557 4507 deditus
2589 4429 2884 4505 existeret,
2916 4434 2983 4486 ut
3008 4445 3080 4487 ea
3109 4446 3227 4504 que
3260 4434 3525 4499 cantang

1836 4518 1916 4575 da
1942 4521 2045 4575 aut
2068 4517 2324 4575 dicenda
2351 4523 2541 4595 erant,
2594 4518 2694 4593 vix
2739 4524 2945 4595 posset
2993 4519 3189 4575 dicere
3227 4522 3332 4576 aut
3357 4534 3492 4589 pro-

1836 4607 2008 4679 ferre,
2042 4612 2129 4664 set
2156 4607 2334 4664 verba
2365 4607 2726 4678 singultibus
2749 4608 3185 4679 interrumpere
3214 4608 3284 4642 “7
3311 4621 3491 4679 opor-

1837 4692 2014 4754 tebat.
2050 4686 2230 4755 Sacra
2258 4698 2439 4755 etiam
2468 4696 2820 4755 visitationis
2850 4694 3115 4767 officium
3151 4695 3354 4763 multis
3380 4711 3489 4753 an-

1835 4785 1929 4844 nis
1959 4776 2691 4863 asuispredecessoribus
2733 4784 3138 4860 intermissum
3184 4778 3323 4842 eum
3363 4801 3491 4851 ma-

1834 4893 1955 4951 gna
2003 4877 2312 4957 sedulitate
2359 4874 2642 4949 exercuit,
2682 4873 2990 4950 evellendo
3038 4877 3095 4944 et
3135 4874 3487 4948 dissipando

1428 5004 1657 5060 νΑΒΙΑῑ
1695 5004 2104 5062 LECTIONES.

108 5111 192 5146 υτ
226 5121 625 5180 prorumpere
655 5121 811 5162 corr.
842 5106 1276 5178 interrumpere
1307 5123 1359 5165 c.
1464 5176 1471 5181 ,

30 5391 43 5402 ,
105 5317 293 5405 (108)Δ
316 5313 504 5405 Eslar,
551 5312 1087 5378 Gieboldehausen,
1134 5314 1351 5405 Echte;
1408 5317 1713 5387 Everburg

28 5390 445 5527 Ἧῗὲξῖῗθ.
485 5432 968 5514 reconciliationi.

138 5462 276 5527 199)
314 5462 354 5512 i.
394 5473 445 5513 e.
485 5462 968 5514 reconciliationi.

102 5462 280 5675 $200)
320 5532 385 5584 1n
403 5543 580 5657 lpago
607 5528 969 5600 Ambergau.

130 5599 276 5675 201)
312 5600 403 5657 Ru
468 5615 521 5661 θ.

130 5599 276 5675 201)
312 5599 521 5661 Ruthe.

1656 5213 1879 5288 Nom.

1949 5318 2040 5373 02)
2078 5318 2303 5372 Harste.

1984 5385 2035 5445 3)
2076 5385 2435 5442 Westerhof.

1911 5457 2038 5528 204)
2078 5458 2160 5516 Cf.
2195 5457 2494 5531 Lﬁntzell.
2524 5474 2576 5516 c.
2603 5473 2663 5531 p.
2690 5461 2815 5531 240.

1909 5531 2033 5602 205)
2074 5529 2466 5587 Hunnesruck
2493 5534 2552 5588 et
2574 5528 2779 5589 Uassel
2804 5530 2868 5587 in
2901 5528 3160 5603 Sollinga
3191 5532 3359 5590 silva.
