3998 6176
318 690 333 698 ,
412 636 558 695 mini
604 639 742 692 Jesu
792 637 1022 701 Christi,
1069 643 1125 694 et
1173 639 1234 694 in
1266 655 1528 711 persona
1581 640 1670 694 sui
1710 644 1846 695 ante
1871 638 2077 695 omnia

419 168 549 221 1271
1566 160 1912 216 APPENDIX
1951 159 2047 212 AD
2091 158 2146 213 S.
2188 158 2696 219 GODEHARDUM.

410 286 614 355 noxia,
641 283 976 341 edificando
1005 286 1061 338 et
1087 283 1419 355 plantando
1442 284 1733 357 proﬁcua,
1765 283 2059 352 corrigen-
2097 283 2147 335 A
2178 282 2359 339 sionis
2389 290 2732 359 amputetur
2760 282 3012 340 materia
3040 282 3100 338 in
3131 281 3501 350 futurum,et
3532 278 3841 348 litigiorun:

412 377 493 433 do
525 393 592 431 ac
616 371 1000 429 reformando
1030 375 1155 427 tam
1177 373 1237 427 in
1269 372 1461 445 capite
1483 390 1666 446 quam
1686 373 1743 429 in
1763 372 2071 438 membris,
2180 372 2509 446 dispendiis
2536 364 2961 449 via,quantum
2985 377 3073 430 est
3099 370 3415 446 possibile,
3443 367 3839 442 precludatm.

414 480 530 537 que
557 457 940 516 correctionis
973 475 1044 515 ac
1070 460 1513 518 reformationis
1539 462 1705 518 novit
1742 461 1940 517 studio
1984 461 2073 516 in-
2182 466 2399 519 statuto
2430 468 2487 521 et
2514 464 2825 538 privilegio
2872 465 3164 536 perpetuo
3203 466 3291 516 est
3324 459 3661 514 ﬁrmatum
3687 458 3843 527 quo:

2183 551 2236 606 si
2258 551 2410 609 inter
2436 553 2660 610 clerum
2694 558 2751 609 et
2780 553 3108 620 burgenscs
3136 566 3318 622 super
3343 546 3749 604 libertatibus
3777 561 3853 599 an;

3730 157 3841 208 127‘.

413 553 634 618 digere,
662 563 785 603 non
807 549 1117 620 querendo
1146 567 1264 623 que
1294 568 1403 607 sua
1436 556 1650 613 essent,
1694 556 1779 608 set
1802 567 1921 624 que
1965 549 2074 606 do-

2184 642 2610 700 emunitatibus
2634 642 2877 699 ecclesie
2904 646 3007 697 aut
3026 656 3087 696 re
3111 638 3337 711 aliquia
3355 636 3620 710 questio
3634 634 3856 691 orietur.

2184 731 2481 804 quidquid
2510 732 2783 789 canonici
2815 735 3013 787 nostre
3043 728 3288 785 ecclesie
3305 728 3561 799 justum
3606 740 3741 780 esse
3760 742 3859 778 sus

2186 819 2488 878 afﬁrmare
2516 821 2815 877 voluerint
2838 818 3219 891 iuramentis,
3252 816 3496 890 absque
3520 814 3719 871 ullius
3737 830 3863 868 eoa

2187 909 2537 966 tradictione
2571 910 2809 966 salvum
2859 909 2940 965 eis
2971 908 3032 963 in
3061 910 3425 981 perpetuum
3460 903 3859 977 permanebit.

2191 999 2363 1055 Omni
2390 999 2569 1056 etiam
2600 1016 2784 1071 anno,
2811 998 3059 1072 quando
3087 997 3230 1053 novi
3261 995 3555 1051 consules
3590 999 3740 1048 sunt
3767 1000 3863 1046 st.-

422 1083 607 1154 gessit
631 1082 725 1137 hic
758 1083 1372 1155 pontifex‘gloriosus,
1399 1102 1516 1158 que
1548 1102 1670 1142 non
1700 1091 1838 1142 sunt
1862 1086 2084 1159 scripta
2190 1087 2317 1155 tuti,
2350 1087 2574 1144 hiidem
2604 1086 2881 1143 consules
2913 1087 2991 1141 ab
3025 1086 3309 1158 episcopo
3336 1087 3444 1139 aut
3477 1080 3760 1154 capitulo
3798 1096 3867 1134 re—

422 1174 483 1228 in
508 1172 657 1227 libro
690 1172 824 1241 hoc,
857 1188 930 1226 ne
961 1171 1299 1241 legentibus
1324 1173 1415 1229 vel
1447 1174 1828 1230 audientibus
1858 1174 2084 1230 tediutn
2192 1177 2413 1248 quisiti,
2444 1177 2683 1233 venient
2712 1176 2789 1232 ad
2819 1175 3184 1248 presentiam
3213 1171 3584 1235 eorundem,
3622 1175 3685 1225 et
3718 1171 3867 1225 tacta

425 1265 807 1331 generarent;
836 1261 945 1315 hec
976 1266 1176 1317 autem
1208 1261 1428 1336 scripta
1456 1268 1612 1331 sunt,
1638 1268 1703 1319 ut
1734 1263 1952 1319 sciatur
1981 1280 2088 1336 per
2196 1271 2544 1323 sanctorum
2574 1266 2841 1340 reliquiis
2864 1264 3159 1336 jurabunt
3185 1262 3355 1337 quod
3404 1276 3641 1317 omnes
3686 1264 3868 1332 porta:

427 1351 632 1407 omnia
656 1350 915 1406 valuisse
946 1356 1001 1406 et
1030 1351 1232 1407 multis
1260 1352 1579 1407 virtutibus
1598 1352 1899 1407 claruisse.
1926 1350 2090 1406 Rexit
2196 1355 2445 1411 civitatis
2473 1356 2724 1411 ﬁdeliter
2752 1354 3040 1411 tenebunt
3085 1357 3143 1408 et
3172 1351 3544 1417 custodient,
3611 1355 3675 1404 et
3726 1348 3869 1421 quod

429 1445 631 1496 autem
662 1438 975 1495 ecclesiam
1005 1445 1273 1496 nostram
1300 1440 1474 1495 annis
1502 1446 1569 1495 30
1590 1445 1647 1496 et
1675 1443 1745 1477 “9
1777 1439 2087 1496 mensibus

2243 1446 2528 1518 pecialiter
2560 1445 2757 1502 Sancti
2784 1442 3157 1500 Pantaleonis
3188 1447 3244 1497 et
3274 1447 3431 1497 retro
3482 1439 3713 1495 urbem
3758 1453 3869 1510 por-

433 1535 518 1585 10.
550 1534 722 1584 Anno
747 1528 906 1583 enim
939 1528 1238 1584 dominico
1268 1528 1695 1585 incarnationis
1742 1533 1895 1595 1310,
1943 1543 2090 1600 pon-
2196 1538 2288 1590 tas
2338 1534 2623 1606 episcopo
2673 1538 2777 1589 aut
2826 1531 3088 1604 capitulo
3133 1532 3255 1586 sive
3294 1530 3392 1584 die
3438 1528 3570 1584 sive
3616 1532 3797 1582 nocte
3826 1526 3868 1579 in

432 1617 686 1673 tiﬁcatus
739 1616 829 1671 sui
878 1618 966 1686 31,
1020 1618 1230 1690 quinto
1276 1618 1399 1674 Kal.
1435 1614 1562 1674 Maii
1592 1618 1860 1674 debitum
1891 1616 2086 1673 carnis
2123 1616 2476 1691 Bomnibus
2525 1639 2736 1679 eorum
2784 1620 3237 1677 necessitatibus
3288 1617 3683 1675 reserabunt.
3740 1619 3866 1669 Item

433 1706 769 1769 exsolvens,
826 1705 1103 1775 migravit
1146 1707 1224 1762 ad
1275 1708 1595 1763 Dominum
1628 1709 1720 1775 "0,
1751 1706 2095 1780 relinquens

2246 1713 2369 1768 mni
2396 1728 2556 1768 anno
2590 1712 2733 1768 feria
2759 1711 3025 1768 secunda
3056 1711 3115 1765 in
3142 1709 3336 1782 capite
3368 1706 3686 1762 adventus
3721 1707 3789 1739 ¹²⁶
3828 1720 3869 1757 ιη

436 1794 753 1850 θθοῙθείδῑΠ
810 1794 1037 1850 honore
1091 1800 1147 1851 et
1199 1796 1465 1867 Potentia
1540 1796 1944 1863 emendatam,
2012 1799 2099 1850 set
2208 1801 2469 1872 generali
2489 1801 3062 1875 capitulojurabunt
3086 1799 3227 1854 dicti
3254 1797 3873 1859 consules,seomnes

439 1882 661 1951 multis,
689 1886 755 1939 ut
796 1900 1005 1940 verum
1050 1884 1365 1952 fateamur,
1398 1885 1740 1941 debitorum
1770 1884 2098 1941 honeribus
2206 1890 2506 1946 libertates
2533 1895 2590 1946 et
2615 1889 2971 1945 emunitates
2998 1887 3263 1955 ecclesie,
3306 1885 3372 1941 in
3399 1888 3723 1957 quantum

442 1978 813 2044 agravatam.

412 725 785 783 ostendendo
818 726 937 782 vita
958 730 1015 782 et
1041 728 1513 796 conversatione,
1543 728 1723 784 verbo
1753 729 1973 801 pariter
2004 729 2075 762 ¹¹³

413 821 471 873 et
518 816 816 889 exemplo,
868 817 1124 890 qualiter
1178 818 1450 874 subditos
1505 820 1563 874 in
1612 819 1796 875 domo
1844 818 2080 874 Domini

416 909 715 978 oporteret
742 904 1123 962 laudabiliter
1152 908 1516 963 conversari.
1546 906 1722 965 Multa
1750 907 1996 980 quidem
2025 911 2082 963 et

419 995 537 1052 alia
573 1010 690 1066 que
735 994 1255 1067 contemplationis
1301 1000 1359 1052 et
1402 996 1757 1053 actualitatis
1801 996 2079 1059 existunt,

2211 1984 2369 2046 sunt,
2400 1978 2651 2035 ﬁdeliter
2678 1978 3049 2034 defensuros.
3069 1975 3185 2031 Hiis
3214 1990 3353 2030 vero
3384 1974 3467 2029 ita
3490 1972 3872 2045 compositus,

2213 2072 2477 2125 castrum
2506 2067 2815 2123 Hoinboke
2841 2068 2988 2137 (207)
3020 2081 3138 2121 una
3164 2081 3304 2119 cum
3324 2062 3590 2118 domino
3620 2060 3703 2116 de
3728 2063 3875 2115 Hom-

2215 2157 2423 2225 borch,
2458 2155 2887 2213 auxiliantibus
2906 2155 2983 2211 ad
3012 2155 3125 2210 hoc
3157 2158 3492 2224 utcumque
3519 2149 3874 2223 quibusdam

2219 2245 2349 2301 aliis
2378 2244 2770 2317 principibus,
2800 2247 3073 2318 potenter
3110 2240 3365 2309 obsedit,
3419 2239 3752 2295 obsessum
3807 2252 3876 2291 re

448 2333 692 2391 ecclesie
746 2337 946 2389 nostre
995 2334 1282 2401 decanus,
1342 2334 1417 2390 de
1466 2333 1677 2389 illustri
1722 2332 2008 2389 comitum
2037 2332 2110 2388 de
2219 2332 2324 2406 pit,
2374 2336 2739 2405 captumque
2783 2330 2917 2387 fecit
2962 2330 3229 2386 funditus
3276 2326 3586 2383 demolir'.
3637 2325 3875 2399 Opidum

448 2422 880 2493 Woldenberge
910 2423 1195 2496 prosapia
1224 2423 1516 2479 oriundus
1549 2424 1641 2479 ¹²².
1700 2422 1810 2488 Qui
1849 2414 2133 2477 castrum'
2225 2422 2523 2478 Bokenem
2550 2420 2707 2477 mille
2737 2425 2795 2476 et
2819 2426 3061 2475 centum
3103 2416 3321 2474 marcis
3374 2416 3634 2471 ecclesie
3680 2431 3875 2485 conpa-

453 2512 843 2583 Hundesruge
869 2529 939 2569 ac
965 2513 1218 2586 opidum
1249 2513 1419 2570 Dasle
1447 2529 1586 2569 cum
1618 2512 1903 2568 comitatu
1945 2512 2113 2582 adja—
2223 2510 2389 2566 ravit.
2419 2509 2559 2578 (An.
2582 2512 2734 2576 1314,
2763 2510 2946 2564 Mart.
2979 2509 3053 2578 8).
3085 2509 3231 2562 Cum
3263 2504 3474 2560 illustri
3508 2507 3729 2559 Ottone
3749 2502 3873 2556 duce

453 2605 620 2658 cente
651 2618 687 2658 a
716 2601 1097 2658 serenissimo
1119 2602 1368 2658 Henrico
1386 2603 1460 2658 de
1481 2594 2116 2657 Lutcelenborch'tunc
2224 2599 2299 2655 de
2330 2598 2699 2666 Luneborch,
2732 2598 2835 2671 qui
2866 2595 3127 2669 opidum
3167 2595 3483 2649 Honovere
3536 2598 3597 2649 et
3636 2597 3873 2648 castram

454 2694 864 2747 Romanorum
890 2706 1050 2761 rege,
1075 2695 1285 2763 postea
1310 2695 1513 2747 autem
1542 2689 1922 2763 imperatore,
1942 2689 2120 2745 eccle-
2227 2686 2591 2744 Lowenrode
2631 2703 2771 2742 cum
2794 2685 3160 2759 quibusdam
3206 2682 3606 2739 comitatibus
3645 2688 3707 2737 et
3732 2680 3877 2736 bonis

454 2781 536 2835 sie
566 2784 767 2835 nostre
815 2785 1104 2851 perpetuo
1156 2779 1331 2847 uniri,
1393 2795 1576 2851 seque
1630 2783 1687 2834 et
1742 2795 2119 2835 successores
2227 2776 2357 2832 aliis
2390 2775 2468 2831 ab
2491 2775 2742 2831 ecclesia
2770 2775 2830 2831 in
2860 2774 3108 2829 feudum
3142 2776 3414 2827 tenuerat
3442 2775 3500 2825 et
3531 2770 3616 2826 ab
3646 2771 3777 2842 ipso
3814 2785 3875 2823 re-

458 2884 603 2922 suos
634 2866 709 2921 de
739 2867 969 2922 eisdem
990 2866 1143 2922 inter
1171 2871 1365 2923 cetera
1391 2866 1635 2936 regalia,
1659 2883 1777 2938 que
1806 2872 2012 2923 nostra
2041 2868 2120 2923 ab
2228 2867 2423 2939 cipere
2456 2863 2703 2933 curavit,
2736 2879 2950 2934 graves
2977 2877 3225 2932 guerras
3254 2858 3489 2923 habuit,
3523 2858 3734 2932 plures
3758 2873 3875 2912 con-

456 2954 709 3025 imperio
761 2958 923 3009 tenet
979 2954 1251 3021 ecclesia,
1316 2954 1573 3011 obtinuit
1634 2954 1931 3011 infeudari
1998 2957 2117 3028 (an.
2160 2988 2201 3045 ο
2232 2956 2423 3012 ﬂictus
2452 2954 2596 3019 iniit,
2630 2955 2688 3009 in
2730 2952 3033 3026 aliquibus
3063 2949 3470 3006 succumbens
3500 2954 3563 3005 et
3608 2950 3673 3005 in
3720 2948 3874 3021 plun-

956 2119 1307 2176 HENRICUS
1346 2124 1465 2175 3308
1504 2120 1595 2174 ¹²¹.

520 2244 667 2300 Huic
697 2243 981 2300 successit
1009 2244 1101 2299 vir
1152 2245 1356 2317 utique
1404 2243 1759 2300 venerabilis
1804 2243 2108 2310 Henricus,

461 3045 617 3112 1310,
650 3043 812 3111 Sept.
855 3045 929 3113 6).
984 3045 1049 3098 Et
1102 3042 1462 3115 procedente
1515 3047 1802 3117 tempore,
1854 3049 2121 3101 castrum

458 3130 711 3205 opidum
741 3147 810 3187 ac
844 3132 1195 3188 comitatum
1222 3133 1573 3204 hujusmodi
1623 3133 1928 3206 persolvit,
1980 3134 2124 3207 quia

458 3239 495 3278 a
515 3221 940 3295 predecessore
972 3238 1104 3293 suo,
1126 3222 1231 3297 qui
1264 3238 1335 3279 ea
1367 3227 1815 3297 comparaverat,
1848 3223 2124 3279 nondum

458 3311 697 3367 fuerant
750 3312 1076 3385 persoluta.
1140 3317 1203 3368 In
1252 3311 1547 3385 principio
1576 3312 1972 3386 promotionis
2019 3329 2125 3369 sue

459 3402 790 3472 burgenses
824 3417 894 3457 ac
925 3402 1081 3457 cives
1122 3401 1373 3457 civitatis
1423 3406 1622 3458 nostre
1671 3403 1731 3456 in
1778 3417 2002 3473 magna
2057 3418 2128 3458 ac

461 3494 627 3544 tanta
655 3488 977 3543 rebellione
1023 3493 1080 3543 et
1122 3488 1436 3560 pertinatia
1461 3488 1708 3561 positos,
1750 3489 1917 3561 quod
1946 3488 2131 3545 ﬁdeli-

465 3575 599 3630 tatis
660 3574 773 3629 sibi
830 3579 1095 3645 prestare
1152 3576 1509 3645 homagium
1566 3576 1906 3645 noluerunt,
1968 3578 2131 3634 bona

466 3660 579 3715 sibi
630 3661 692 3715 in
741 3660 972 3716 civitate
1032 3661 1501 3717 Hildensemensi
1532 3678 1641 3734 per
1668 3662 2132 3731 resignationem

465 3748 837 3805 vasallorum
869 3764 1121 3807 suorum
1148 3749 1425 3805 vacantia
1460 3755 1927 3821 occupaverunt,
1984 3755 2039 3806 et
2070 3751 2132 3806 in

468 3838 670 3894 multis
693 3837 823 3894 aliis
852 3854 913 3893 se
945 3842 1360 3913 opposuerunt
1373 3856 1491 3913 que
1508 3843 1708 3896 nostre
1735 3840 2137 3912 respiciebant

468 3927 713 3984 ecclesie
742 3928 1097 3996 libertatem,
1131 3928 1489 4002 competenti
1523 3929 1937 3986 moderatione
1969 3946 2134 3985 com-

468 4017 717 4092 pescuit.
749 4017 1004 4074 Collecto
1034 4034 1300 4091 namque
1332 4033 1555 4088 magno
1605 4018 1885 4085 exercitu,
1933 4019 2135 4075 civita-

473 4113 593 4163 tem
622 4107 932 4175 obsidens,
964 4113 1232 4164 castrum
1266 4108 1600 4166 Sturewold
1641 4112 1786 4176 (206)
1813 4110 2140 4167 construxit

475 4198 569 4263 ηδ,
629 4212 852 4269 eosque
901 4198 1222 4255 subtractis
1266 4197 1756 4254 molendinorum
1797 4204 1853 4255 et
1882 4216 2139 4272 pascuo-

474 4301 610 4340 rum
640 4284 864 4340 solatiis
886 4286 948 4341 in
979 4290 1213 4342 tantum
1239 4286 1453 4343 artavit
1498 4286 1666 4360 quod
1704 4287 1861 4345 infra
1908 4304 2137 4361 paucos

476 4373 604 4429 dies
637 4390 777 4430 cum
826 4373 959 4446 ipso
1012 4380 1502 4448 composuerunt,
1544 4376 1913 4434 deditionem
1940 4379 2053 4435 sibi
2083 4384 2140 4436 et

475 4462 775 4520 ﬁdelitatis
797 4463 1151 4534 homagium
1168 4464 1471 4538 facientes,
1494 4483 1566 4523 ac
1583 4466 1782 4524 salvas
1804 4467 2143 4541 relinquen-

478 4558 565 4610 tes
595 4553 672 4609 ab
703 4553 852 4626 ipsis
885 4553 1126 4609 invasas
1154 4554 1399 4611 ecclesie
1445 4555 1766 4613 libertates.
1819 4561 1973 4614 Inter
2002 4559 2142 4615 arti-

480 4641 647 4697 culos
676 4641 1105 4714 conpositionis
1135 4642 1487 4714 hujusmodi
1522 4644 1858 4717 specialiter
1908 4652 1996 4704 est
2042 4664 2143 4705 ex-

480 4747 758 4805 pressum
786 4732 952 4805 quod
980 4737 1154 4806 porta
1183 4738 1338 4790 retro
1368 4732 1603 4802 urbem,
1660 4752 1769 4808 per
1815 4753 2001 4810 quam
2029 4738 2147 4795 itur

484 4821 563 4878 ad
591 4823 875 4879 Sanctum
896 4822 1386 4892 Paulum,'multis
1404 4824 1577 4881 annis
1608 4825 1887 4882 continue
1918 4828 2144 4897 clausa,

484 4911 754 4967 manebit
781 4912 1069 4968 ammodo
1097 4917 1383 4970 reserata.
1433 4917 1500 4971 Et
1536 4919 1602 4971 ut
1626 4915 1824 4971 omnis
1852 4915 2006 4973 inter
2034 4918 2145 4974 cle-

485 5016 624 5057 rum
656 5017 729 5061 ex
757 5017 900 5074 una,
929 5004 987 5058 et
1011 5001 1345 5072 burgenses
1376 5008 1544 5075 parte
1573 5020 1646 5060 ex
1676 5004 1881 5073 altera,
1913 5005 2145 5064 dissen-

2230 3046 2345 3102 bus
2370 3044 2766 3116 triumphans.
2796 3041 3060 3099 Tandem
3091 3039 3508 3113 conpositione
3536 3039 3721 3107 facta,
3744 3038 3876 3093 idem

2231 3135 2356 3190 dux
2378 3134 2509 3205 jam
2538 3133 2696 3188 dicta
2726 3132 2889 3187 bona
2918 3130 2996 3186 ab
3041 3130 3330 3202 episcopo
3380 3128 3612 3201 recepit
3660 3128 3721 3183 in
3775 3127 3879 3181 feu-

2232 3224 2401 3291 dum,
2457 3229 2514 3279 et
2571 3240 2635 3279 se
2689 3221 2989 3277 vasallum
3036 3219 3284 3277 ecclesie
3322 3219 3697 3289 recognovit.
3742 3217 3879 3273 Idem

2234 3314 2557 3387 episcopus
2586 3328 2905 3369 usurarum
2937 3309 3306 3380 voraginem,
3356 3325 3474 3381 que
3522 3309 3765 3364 animas
3796 3306 3884 3361 de-

2234 3407 2407 3459 vorat
2431 3405 2487 3457 et
2514 3400 2823 3457 facultates
2850 3398 3142 3469 exhaurit,
3196 3413 3313 3470 que
3362 3396 3523 3467 apud
3580 3397 3745 3451 cives
3788 3394 3884 3450 Hil-

2235 3492 2665 3549 densemenses
2687 3488 2943 3544 multum
2976 3486 3310 3543 inoleverat.
3359 3483 3529 3539 Valde
3559 3484 3887 3538 restrinxit.

2238 3582 2478 3636 Castam
2510 3566 2693 3634 vitam
2724 3577 2910 3644 duxit,
2936 3581 2994 3632 et
3023 3572 3341 3649 pontiﬁcale
3368 3570 3632 3626 ofﬁcium
3665 3569 3889 3625 devote

2238 3674 2296 3726 et
2324 3686 2463 3725 cum
2494 3683 2718 3739 magna
2745 3665 3056 3722 sedulitate
3088 3664 3356 3729 exercuit,
3375 3662 3523 3717 sicut
3543 3661 3637 3715 vir
3666 3660 3890 3719 bonus.

2241 3759 2495 3831 simplex
2520 3761 2577 3813 et
2604 3760 2819 3823 rectus,
2852 3761 2907 3811 et
2934 3754 3223 3810 recedens
3253 3770 3289 3809 a
3318 3750 3494 3813 malo,
3545 3750 3655 3806 Dei
3678 3755 3737 3805 et
3764 3766 3886 3822 pro—

2240 3847 2386 3903 ximi
2445 3845 2678 3902 habens
2734 3844 2925 3900 zelum
2982 3845 3073 3897 1’5.
3134 3842 3463 3898 Novissime
3512 3856 3654 3895 vero
3695 3838 3887 3894 diebus

2244 3937 2365 3991 suis
2398 3934 2753 3991 mandatum
2778 3931 3197 4005 apostolicum,
3241 3930 3355 3986 sibi
3401 3945 3607 3999 grave,
3658 3927 3887 3984 subditis

2244 4023 2655 4092 intollerabile,
2688 4038 2810 4078 non
2840 4037 2913 4077 ex
2940 4036 3146 4077 amore
3170 4019 3421 4090 justitie,
3442 4024 3533 4073 set
3563 4018 3687 4073 odii
3714 4017 3888 4072 fomite

2245 4119 2303 4171 et
2329 4113 2511 4169 livore
2538 4110 2911 4175 vindicte,ab
2944 4109 3158 4166 emulis
3189 4108 3304 4164 sibi
3333 4108 3508 4178 dirigi
3538 4111 3888 4181 procuratur,

2250 4204 2413 4261 Unde
2472 4202 2620 4275 ipse,
2674 4201 3045 4275 presentiens
3082 4202 3317 4255 tantum
3361 4198 3619 4263 malum,
3671 4195 3892 4251 surrexit

2250 4294 2403 4349 sicut
2431 4274 2637 4366 pastor
2665 4274 2883 4362 bonus,
2914 4290 3014 4362 qui
3045 4288 3246 4362 posuit
3278 4289 3554 4345 animam
3587 4274 3761 4343 suain
3804 4300 3892 4357 pro

2250 4381 2463 4437 ovibus
2520 4381 2682 4447 suis,
2739 4378 3063 4450 sedemque
3117 4376 3517 4449 apostolicam
3580 4376 3746 4439 adiit,
3804 4390 3893 4446 pm

2250 4471 2461 4528 fraude
2490 4475 2548 4527 et
2573 4469 2715 4525 dolo
2744 4467 3094 4540 hujusmodi
3125 4482 3368 4521 summo
3416 4465 3701 4539 pontiﬁci
3741 4477 3894 4533 exptr

2252 4560 2486 4617 nendis.
2522 4558 2629 4615 Ubi
2650 4558 2712 4613 in
2747 4556 3167 4630 prosecutione
3193 4555 3345 4626 juris
3377 4555 3471 4609 sui
3514 4554 3688 4610 febre
3718 4556 3895 4609 tactus.

2252 4667 2363 4725 pro
2393 4664 2571 4721 grege
2600 4663 2710 4704 suo
2740 4651 3013 4703 mortuus
3034 4650 3140 4711 est,
3200 4649 3257 4699 et
3298 4644 3360 4699 in
3391 4643 3771 4699 monasterio
3797 4655 3899 4695 san-

2254 4745 2361 4796 ctae
2394 4738 2559 4797 Clare
2591 4736 2882 4793 Avinione
2920 4733 3247 4791 honoriﬁce
3282 4732 3353 4768 ¹²⁶
3382 4732 3729 4789 tumulatus
3770 4745 3898 4786 ann"

2258 4828 2490 4886 Domini
2523 4827 2678 4894 1318,
2703 4831 2755 4882 3.
2785 4825 2924 4882 ldus
2954 4824 3113 4890 Julii,
3145 4821 3530 4897 pontificatus
3566 4824 3677 4879 sui
3698 4836 3845 4879 anno
3858 4824 3891 4871 9.

2258 4925 2321 4975 In
2347 4918 2477 4988 ejus
2505 4914 2914 4973 anniversario
2945 4913 3252 4969 dabuntur
3299 4912 3374 4967 de
3419 4910 3676 4969 decima
3728 4911 3787 4966 in
3826 4910 3891 4963 Se

2254 5007 2385 5064 lede
2419 5004 2660 5062 cuilibet
2682 5003 3071 5060 dominorum
3098 4999 3357 5075 presenti
3385 5006 3413 5053 7
3460 4999 3713 5057 denarii
3757 5003 3810 5055 et
3839 4996 3891 5049 di-

1862 5132 2099 5187 VARUE
2139 5131 2432 5190 LECTION
2440 5132 2544 5187 ES.

564 5231 960 5308 “°__additum.
1038 5231 1421 5308 “additum.
1461 5235 1557 5308 _“"
1589 5236 1858 5308 sepultus
1887 5238 1949 5293 in
1972 5238 2177 5295 media
2204 5236 2458 5294 ecclesie
2482 5235 2598 5292 sub
2622 5250 2861 5308 corona
2886 5238 2939 5289 2.
3022 5234 3098 5308 "{
3125 5232 3438 5308 inscriptio
3463 5230 3662 5308 deest,
3681 5307 3688 5308 γ
3701 5238 3765 5308 gl
3788 5228 3888 5308 cur

492 5302 761 5381 omnibus
792 5304 897 5381 qui
924 5311 1273 5381 sequuntur.
1353 5306 1433 5381 “ﬁ
1459 5306 1574 5381 Iste
1600 5292 1744 5381 quia
1770 5308 1859 5364 vir
1888 5292 2401 5381 iﬁaﬁéﬁiué’fdit,
2435 5292 2471 5364 a
2508 5305 2880 5381 quibusdam
2929 5303 3262 5381 vocabatur
3302 5292 3745 5381 Aleke‘_2.__'_m
3770 5292 3889 5371 ιιωᾶ

492 5352 1208 5452 θι-ᾼΙθιίθιιῖρῃςρξξρφαῖἱι
1369 5378 1441 5415 ⁸³⁸
2435 5352 3002 5436 ἦάἦῖίᾶὖόἓ”ἦαῆἇ
3034 5375 3374 5432 recentiori.
3453 5373 3530 5408 ¹¹⁶
3570 5374 3701 5429 Hic
3728 5352 3891 5428 ριῖιικε

2091 5524 2321 5580 ΝΟΤΛΕ.

494 5447 619 5501 alia
650 5447 856 5503 saeculi
882 5447 1030 5502 XIV
1048 5448 1280 5517 incipit.

568 5634 712 5704 (206)
753 5633 1134 5694 Steverwald.

2331 5634 2482 5708 (207)
2524 5635 2995 5694 Hohenbﬁchen.
