3998 6176
276 140 281 147 λ
329 110 466 165 1273

1502 106 1906 165 CHRONICON
1947 106 2572 168 HILDESHEIMENSE.

3612 94 3753 157 1274'

328 230 517 287 midia
547 236 721 305 stopa
749 229 895 297 vini,
926 230 1149 287 vicario
1174 234 1208 285 4
1231 229 1464 288 denarii
1489 236 1547 287 et
1583 235 1799 304 quarta
1845 229 1987 296 vini,
2028 235 2075 286 Α
2103 231 2256 288 duas
2286 234 2513 293 faculas
2542 228 2718 292 annis
2746 233 2995 304 singulis
3018 249 3127 306 per
3171 236 3362 287 totum
3419 228 3747 285 adventum
3828 242 3831 246 ’

329 320 624 389 magistro
643 319 881 390 majori,
917 318 1275 376 subcuStodi
1303 323 1360 375 et
1389 318 1725 375 succentori
1781 317 1989 373 simili-

308 412 437 475 ter,
464 407 721 463 candela
745 406 819 462 de
851 407 1005 463 libra
1035 422 1189 478 cere,
1222 408 1554 465 scolaribns
1584 414 1614 463 5
1655 406 1848 477 solidi,
1897 423 1991 464 ca-

327 494 601 552 merariis
632 499 690 551 et
719 495 1126 568 campanariis
1155 502 1185 553 3
1218 495 1391 552 solidi
1420 496 1509 552 υτ.

983 586 1160 642 ΟΤΤΟ
1192 589 1313 642 34⁸⁸
1327 628 1339 642 .

404 673 739 731 Venerabili
767 678 935 747 patre
964 673 1192 731 domno
1223 676 1474 732 Henrico
1499 675 1574 732 de
1608 673 1992 731 Woldenber-

335 763 451 835 ghe
480 764 763 839 episcopo
791 769 998 820 nostro
1055 765 1344 822 Avinione
1391 765 1634 821 feliciter
1688 764 1990 832 defuncto,

332 854 408 909 de
456 869 579 926 quo
633 852 938 909 sufﬁciens
1000 854 1291 927 scriptura
1353 855 1627 928 superius
1682 853 1990 927 reperitur,

333 943 621 999 successit
648 943 701 999 ei
732 947 985 1016 patruus
1011 944 1143 1015 ejus
1175 944 1439 1001 domnus
1466 946 1597 1001 Otto
1618 944 1692 999 de
1709 942 1995 999 Wolden-

335 1031 580 1103 berghe,
611 1032 954 1104 prepositns
982 1035 1191 1091 Montis
1216 1034 1409 1091 sancti
1441 1034 1713 1104 Manritii,
1746 1033 1807 1088 in
1837 1032 1993 1106 epis-

335 1138 557 1195 copum
582 1127 859 1178 nostrum
882 1122 1257 1179 concorditer
1279 1123 1519 1180 electus.
1556 1123 1657 1179 Hic
1682 1123 1744 1177 in
1774 1122 1995 1194 princi-
2023 1130 2028 1135 '

334 1211 435 1283 pio
467 1211 780 1282 ingressus
808 1212 901 1267 sui
927 1212 1143 1268 habuit
1162 1212 1504 1268 conﬂictum
1564 1229 1703 1268 cum
1747 1210 1993 1284 quibus-

335 1299 479 1355 dam
508 1300 972 1372 oppressoribus
1002 1305 1174 1372 terre,
1203 1306 1427 1372 nostre,
1457 1300 1731 1357 videlicet
1760 1301 1835 1355 de
1880 1302 1993 1355 En-

336 1387 801 1459 gelinghborstel
831 1392 888 1444 et
913 1388 988 1444 de
1018 1388 1410 1446 Monikhusen
1452 1389 1596 1461 (208)
1645 1403 1835 1462 prope
1890 1387 1993 1443 vil-

334 1477 457 1533 lam
509 1477 872 1533 Osleveshen
911 1478 1082 1549 (209),
1142 1482 1200 1534 et
1256 1481 1371 1534 Deo
1416 1478 1727 1535 victoriam
1778 1477 1996 1534 nostris

2095 320 2173 376 ob
2196 325 2592 381 reverentiam
2616 324 2827 399 ympni
2871 323 3016 395 (213)
3081 322 3227 377 Vem'
3280 319 3633 389 Redemptor
3685 315 3747 370 in

2095 410 2278 467 choro
2305 419 2510 471 nostro
2540 419 2676 471 ante
2708 413 3010 488 pulpitum
3036 410 3115 467 ad
3158 406 3613 479 completorium
3640 404 3746 459 rin-

2096 499 2437 558 cendendas
2466 508 2523 559 et
2542 503 2928 575 ardendas,et
2943 499 3183 556 cuilibet
3213 494 3428 551 scolari
3447 495 3509 549 in
3536 493 3747 549 eodem

2097 588 2479 661 completerio
2518 592 2779 665 presenti
2817 592 2997 647 etiam
3022 587 3446 656 undecumque
3495 580 3749 637 venienti

2099 691 2285 732 unam
2316 677 2573 737 similam
2596 697 2705 754 per
2741 679 3112 754 prepositnm
3158 677 3433 731 nostrum
3490 669 3751 725 tribuen-

2096 764 2260 820 dam.
2291 769 2535 840 lnsnper
2560 768 2776 825 festum
2814 769 2986 826 beate
3008 763 3309 823 Elizabeth
3329 776 3469 817 cum
3492 761 3673 815 cantu
3698 759 3755 810 et

2098 854 2515 912 consolacione
2542 858 2953 932 solempnibus
2982 857 3042 913 in
3081 851 3330 911 ecclesia
3386 852 3592 906 nostra
3640 861 3752 919 pro

2097 944 2323 1016 duplici
2347 944 2495 1000 festo
2518 948 2931 1020 peragendum
2991 944 3242 1002 instituit
3288 947 3468 1014 atque
3506 934 3752 993 redditi-

2098 1033 2213 1088 bus
2234 1033 2481 1090 dotavit.
2511 1035 2968 1091 Anniversarios
2993 1035 3383 1090 domnornm.
3412 1025 3649 1100 Siﬁ‘rydi
3698 1028 3756 1078 et

2100 1122 2329 1179 Henrici
2359 1125 2781 1197 episcoporum
2837 1129 3199 1188 nostrorum,
3256 1119 3754 1193 predecessorum

2101 1228 2369 1279 suorum,
2400 1218 2457 1269 ct
2486 1230 2664 1270 suum
2691 1214 3004 1287 proprium
3033 1212 3094 1267 in
3145 1209 3393 1265 ecclesia
3428 1210 3631 1262 nostra
3662 1219 3754 1258 so-

2098 1301 2415 1374 lempniter
2435 1301 2687 1372 singulis
2710 1302 2885 1358 annis
2915 1297 3292 1374 peragendos
3315 1311 3455 1351 cum
3473 1294 3638 1349 bona
3653 1291 3754 1346 ad-

2100 1389 2534 1447 ministratione
2586 1391 2905 1448 ordinavit.
2958 1389 3124 1445 Rexit
3175 1392 3376 1442 autem
3445 1381 3757 1447 ecclesiam

2101 1485 2373 1536 nostram
2392 1480 2454 1536 in
2487 1498 2728 1537 summa
2756 1485 2813 1537 et
2834 1478 3152 1553 tranquilla
3178 1491 3326 1550 pace
3347 1473 3396 1529 si
3425 1470 3590 1544 quod
3619 1484 3758 1524 cum

337 1566 724 1655 concedentp,
754 1567 956 1623 hostes
986 1572 1091 1623 aut
1119 1566 1277 1639 capti
1301 1573 1405 1623 aut
1446 1567 1731 1624 interfecti
1778 1571 1882 1623 ant
1910 1566 1998 1622 fn-
2036 1588 2076 1642 Β
2105 1569 2226 1625 suis
2249 1570 2534 1625 omnibus
2564 1571 2816 1626 subditis
2842 1569 3101 1625 multum
3132 1567 3323 1622 fuerat
3341 1560 3757 1655 locupletatus,

338 1656 459 1726 gati
490 1654 977 1723 succubuerunt;
1009 1655 1085 1712 de
1122 1672 1386 1728 quorum
1409 1656 1749 1729 captivitate
1798 1655 1995 1711 domi-

338 1760 453 1799 nus
509 1748 710 1800 noster
766 1744 1087 1817 episcopus
1139 1760 1391 1816 mgnam
1439 1746 1684 1802 extorsit
1744 1744 1995 1819 pecunie

339 1832 754 1905 quantitatem,
783 1832 945 1888 unde
968 1834 1098 1906 ipse
1129 1838 1185 1890 et
1231 1833 1323 1890 sui
1370 1833 1714 1907 locupletati
1734 1836 1992 1890 fuerunt.

342 1925 474 1993 lpse
500 1937 644 1979 vero
667 1926 957 1993 tanquam
977 1921 1170 1977 ﬁdelis
1195 1927 1255 1978 et
1280 1922 1479 1978 bonus
1492 1922 1870 1995 dispensator
1898 1938 1996 1993 pes

340 2009 548 2071 cunias
577 2009 689 2065 sibi
712 2009 906 2065 taliter
931 2011 1347 2082 provenientes
1378 2011 1441 2067 in
1463 2011 1775 2067 utilitatem
1812 2010 1995 2067 eccle-

334 2097 422 2153 sie
444 2103 644 2153 nostre
664 2103 1037 2169 convertens,
1062 2103 1256 2156 castra
1297 2104 1355 2155 et
1401 2100 1566 2156 bona
1629 2099 1994 2173 episcopalia

340 2201 449 2258 per
468 2185 920 2258 predecessores
953 2203 1096 2243 suos
1149 2187 1555 2261 impignorata
1603 2205 1707 2245 seu
1737 2188 1996 2245 alienata

341 2274 720 2346 recnparavit
740 2279 797 2330 et
828 2273 1098 2331 redemit.
1160 2278 1433 2333 Castrum
1482 2293 1623 2332 vero
1654 2279 1883 2332 Luttere
1941 2282 1997 2332 et

337 2361 604 2417 ofﬁcium
628 2365 691 2417 in
719 2362 907 2419 Barke
939 2368 995 2418 et
1019 2362 1410 2420 advocaciam
1434 2364 1496 2419 in
1515 2364 1823 2421 Calevelde
1845 2364 1995 2435 (210)

337 2469 373 2507 a
397 2451 659 2507 ducibus
690 2452 1241 2508 Brunswicensibus
1271 2469 1383 2526 pro
1408 2453 1599 2509 tribus
1648 2452 1913 2508 millibus
1942 2458 2001 2508 et

338 2545 407 2597 60
436 2541 656 2596 marcis
687 2543 849 2609 emit,
882 2546 938 2597 et
966 2542 1255 2614 pecunias
1286 2558 1396 2614 pro
1426 2542 1647 2615 quibus
1690 2542 2000 2613 predeces-

340 2646 437 2684 sor
486 2645 631 2684 suus
683 2629 946 2685 domnus
1000 2628 1316 2702 Syﬂ‘rydus
1360 2630 1679 2704 episcopus
1736 2636 1997 2687 castrum

343 2716 620 2773 Lindowe
650 2717 791 2789 (211)
817 2733 853 2772 a
890 2716 1195 2773 nobilibus
1225 2717 1301 2773 de
1355 2717 1548 2775 Plesse
1602 2718 1997 2791 comparavit.

344 2805 617 2860 nondum
648 2804 873 2861 solutas
894 2804 1200 2878 persolvit,
1233 2811 1290 2862 et
1316 2806 1378 2861 in
1400 2807 1615 2862 eodem
1642 2812 1838 2863 castro
1889 2822 1999 2879 pa-

343 2893 564 2950 lacinm
615 2893 1083 2988 inexpugnabile
1126 2910 1266 2988 cum
1298 2894 1417 2950 alto
1447 2911 1623 2951 muro
1648 2896 1995 2951 construxit.
2039 2933 2081 2988 Ο

344 2985 616 3038 Castrum
645 2981 976 3037 Stnrwolde
1005 2982 1182 3055 quasi
1206 2998 1281 3038 ex
1308 2986 1433 3039 toto
1482 2983 1896 3056 solempnibus
1944 2988 2003 3039 et

342 3070 914 3143 inexpugnabilibus
969 3070 1237 3143 ediﬁciis,
1292 3077 1471 3145 prout
1526 3073 1731 3145 liquet,
1788 3079 2002 3145 praeter

343 3158 646 3232 palacium
677 3159 1017 3231 antiquum,
1039 3159 1208 3232 quod
1230 3164 1485 3233 patruus
1517 3177 1663 3216 suus
1693 3162 2004 3217 immedia-

344 3255 437 3305 tns
458 3247 851 3321 predecessor
877 3248 1141 3304 domnus
1182 3249 1452 3305 Hinricus
1507 3250 1829 3323 episcopus
1877 3250 2003 3306 edi-

340 3336 562 3404 ﬁcavit,
610 3336 1228 3410 magnissumptibus
1281 3338 1629 3396 construxit.
1682 3342 1748 3396 Et
1793 3355 2005 3412 qnam-

340 3426 517 3499 plura
548 3425 782 3483 ediﬁcia
806 3426 868 3482 in
897 3426 1028 3483 aliis
1059 3435 1263 3484 nostre
1293 3428 1537 3497 ecclesie
1556 3431 1765 3486 castris
1786 3429 2003 3497 diruta,

343 3528 461 3587 que
491 3514 697 3571 omnia
726 3514 1064 3571 describere
1093 3515 1334 3572 difﬁcile
1373 3523 1550 3587 esset,
1606 3518 1735 3591 ipse
1776 3518 2006 3574 reediti-

344 3604 467 3661 cari
495 3606 858 3677 procuravit.
887 3606 1019 3678 ipse
1044 3606 1225 3662 etiam
1246 3607 1445 3663 adhuc
1480 3608 1820 3681 prepositus
1844 3611 2004 3665 Mon-

347 3694 420 3750 tis
445 3693 729 3760 existens,
753 3694 831 3750 ad
860 3694 1105 3751 laudem
1135 3699 1192 3751 et
1236 3695 1531 3752 honorem
1580 3697 2008 3769 omnipotentis

348 3783 450 3840 Dei
501 3789 559 3839 et
598 3783 853 3853 gloriose
910 3784 1119 3840 matris
1177 3784 1456 3856 ejusdem
1530 3786 1778 3856 virginis
1832 3788 2007 3843 Marie

346 3873 658 3946 quandam
690 3874 965 3945 missam,
995 3873 1318 3945 vulgariter
1349 3890 1596 3930 auream
1617 3875 1861 3946 dictam,
1895 3877 2010 3931 sin-

348 3962 500 4032 gulis
550 3963 726 4018 annis
778 3962 1076 4019 sabbatho
1132 3962 1413 4036 proximo
1466 3968 1603 4036 post
1656 3980 2010 4021 communes

348 4053 495 4123 (212)
522 4052 600 4109 ab
632 4053 801 4108 omni
829 4051 987 4108 clero
1046 4057 1171 4109 tam
1200 4052 1479 4123 religioso
1510 4069 1697 4126 quam
1758 4055 2009 4110 seculari

2104 1662 2161 1713 et
2186 1657 2376 1713 taliter
2404 1659 2569 1730 quod
2593 1658 2809 1714 villane
2838 1658 2899 1713 in
2928 1655 3202 1730 pluribus
3249 1651 3403 1708 villis
3458 1664 3566 1704 sue
3609 1652 3759 1702 terre

2104 1762 2242 1800 cum
2272 1746 2450 1801 bonis
2480 1746 2749 1802 vestibus
2778 1750 2837 1801 et
2854 1743 3150 1801 mantellis
3179 1742 3255 1797 de
3286 1739 3449 1796 vario
3481 1733 3760 1792 foderatis

2104 1834 2377 1890 incedere
2406 1835 2785 1901 videbantur,
2818 1834 3173 1907 disponente
3222 1828 3476 1885 Domino
3521 1829 3587 1880 et
3619 1837 3760 1878 coo—

2103 1923 2456 1994 perantibns
2478 1923 2590 1978 sibi
2623 1923 2824 1979 favore
2851 1927 2905 1979 et
2939 1920 3212 1977 amicicia
3257 1916 3553 1973 nobilium
3604 1910 3763 1984 prin—

2103 2011 2304 2083 cipum
2339 2011 2565 2067 Ottonis
2585 2011 2658 2066 de
2694 2010 3041 2067 Luneborch
3072 2013 3129 2065 et
3158 2005 3385 2065 Ottonis
3416 2003 3490 2059 de
3540 2004 3759 2056 Bruns-

2104 2099 2258 2154 wich
2277 2098 2525 2165 ducum,
2556 2099 2722 2171 pacis
2749 2104 2805 2155 et
2840 2098 3075 2169 justicie
3130 2095 3414 2150 ﬁliorum.
3470 2086 3763 2146 Omnibus

2104 2188 2307 2261 itaque
2338 2204 2444 2261 per
2472 2188 2697 2243 dictum
2732 2188 3029 2243 domnum
3083 2187 3358 2243 Ottonem
3409 2180 3763 2252 episcopum

2090 2286 2095 2293 '
2105 2293 2216 2348 pro
2239 2276 2481 2333 utilitate
2508 2283 2565 2332 et
2592 2276 2915 2332 commodo
2945 2274 3188 2330 ecclesie
3217 2276 3417 2326 ncstre
3451 2274 3764 2337 tamquam

2105 2382 2215 2438 per
2235 2365 2468 2421 bonum
2495 2371 2552 2421 et
2580 2364 2821 2420 ﬁdelem
2845 2369 3155 2437 pastorem
3181 2357 3560 2416 laudabiliter
3588 2359 3643 2410 et
3682 2353 3764 2408 fe-

2105 2454 2291 2508 liciter
2321 2453 2710 2522 consumatis,
2744 2468 2903 2508 anno
2929 2448 3322 2507 ordinationis
3353 2462 3457 2501 sue
3520 2445 3609 2498 16°
3666 2442 3766 2497 de-

2106 2542 2299 2597 bitum
2330 2544 2594 2598 humane
2626 2540 2997 2597 condicionis
3029 2537 3280 2595 exsolvit
3304 2537 3451 2608 (214)
3474 2533 3760 2605 [αη.1331,

2107 2635 2265 2703 Aug.
2298 2632 2411 2702 22],
2459 2637 2515 2688 et
2544 2632 2603 2687 in
2653 2631 2906 2688 ecclesia
2954 2634 3159 2686 nostra
3208 2632 3344 2683 ante
3398 2624 3584 2680 altare
3633 2637 3764 2676 om-

2107 2722 2277 2777 nium
2308 2725 2656 2777 sanctorum
2684 2720 3002 2793 requiescit
3032 2720 3123 2773 ¹²⁸.
3158 2717 3341 2787 Cujus
3389 2712 3681 2769 memoria
3711 2715 3768 2765 et

2112 2813 2179 2846 "9
2211 2810 2624 2866 benedictione
2654 2810 2727 2866 sit
2754 2815 2975 2866 eterna.
3008 2815 3218 2864 Amen.

2680 2899 3026 2955 HENRICUS
3057 2897 3175 2952 35m
3190 2940 3201 2952 .

2183 2991 2324 3046 Huic
2350 2990 2634 3046 successit
2662 2991 2810 3062 (215)
2838 2989 3017 3060 [Aug.
3052 2988 3140 3058 28]
3192 2982 3551 3041 venerabilis
3600 2985 3769 3054 pater

2111 3079 2376 3135 domnus
2430 3079 2737 3146 Henricus,
2803 3078 3044 3134 illustris
3104 3078 3176 3111 ¹³⁰
3232 3075 3405 3130 ducis
3491 3073 3641 3142 (216)
3693 3069 3768 3125 (10

2114 3170 2460 3225 Brunswich
2508 3170 2687 3235 ﬁlius,
2747 3169 2809 3223 in
2861 3167 3034 3237 cujus
3077 3164 3362 3221 electione
3419 3158 3768 3217 detestabile

2114 3260 2335 3315 scisma
2365 3258 2635 3315 surrexit.
2672 3262 2818 3314 Nam
2848 3256 3098 3329 quidam
3138 3254 3213 3308 de
3238 3251 3501 3307 dominis
3549 3248 3768 3304 nostris

2114 3348 2487 3404 adherebant
2515 3346 2785 3403 electioni
2808 3361 2934 3411 sue,
2976 3342 3074 3398 alii
3130 3356 3267 3396 vero
3321 3339 3550 3395 domno
3604 3336 3771 3391 Erico

2113 3438 2188 3494 de
2221 3436 2689 3495 Schowinborch
2719 3451 2826 3507 per
2851 3430 3244 3506 apostolicam
3275 3429 3481 3484 sedem
3506 3424 3770 3500 proviso,

2115 3526 2211 3582 cui
2238 3526 2429 3582 eciam
2458 3527 2617 3582 cives
2650 3522 3169 3579 Hildensemenses
3203 3518 3590 3584 adhesernnt,
3644 3518 3773 3568 tum

2114 3618 2358 3688 propter
2427 3614 2618 3686 ipsius
2685 3611 2895 3668 domni
2953 3607 3182 3665 Henrici
3229 3604 3591 3680 potenciam,
3643 3606 3774 3658 tum

2117 3708 2360 3777 propter
2413 3701 2917 3775 depravacionem
2964 3702 3202 3755 monete
3251 3699 3451 3752 nostre
3489 3709 3598 3766 per
3639 3690 3773 3746 illos

2117 3792 2263 3847 forte
2290 3792 2509 3846 factam
2538 3809 2550 3857 ;
2583 3790 2835 3861 quidam
2858 3802 3000 3842 vero
3026 3787 3101 3841 de
3144 3782 3491 3839 consulibus
3544 3779 3778 3833 Hilden-

2118 3879 2496 3935 semensibus
2523 3877 2682 3932 dicto
2710 3876 2937 3930 domno
2967 3871 3216 3927 Henrico
3244 3872 3510 3925 faventes
3540 3867 3777 3921 fuerant

2118 3969 2193 4023 de
2223 3966 2456 4022 civitate
2508 3963 2762 4036 expulsi.
2817 3963 3215 4017 Remanentes
3273 3961 3476 4010 autem
3518 3960 3576 4009 et
3615 3953 3775 4008 dicto

2118 4055 2347 4111 domno
2380 4053 2544 4108 Erico
2567 4050 2854 4106 auxilium
2905 4050 3261 4120 prestantes,
3313 4042 3582 4098 ferociter
3636 4058 3775 4096 cum

347 4141 733 4214 solempniter
771 4141 832 4196 in
858 4140 1110 4198 ecclesia
1160 4147 1371 4198 nostra
1424 4142 1677 4199 instituit
1706 4143 2013 4200 decantari
2119 4142 2359 4213 magnis
2416 4140 2659 4214 gwerris
2723 4136 2989 4193 diocesin
3066 4134 3335 4191 nostram
3406 4131 3773 4188 invaserunt.

348 4232 468 4303 (an.
509 4232 664 4301 1315,
698 4229 873 4285 Febr.
907 4232 981 4301 5),
1013 4229 1311 4303 deputans
1340 4231 1419 4287 ad
1445 4232 1561 4287 hoc
1590 4231 1664 4289 de
1684 4232 1919 4289 decima
1948 4233 2008 4288 in
2046 4275 2092 4330 υ
2122 4238 2271 4290 Nam
2300 4231 2551 4305 opidnm
2584 4232 2731 4285 Dam
2760 4227 2987 4284 domno
3018 4223 3268 4281 Henrico
3296 4222 3591 4279 adherens
3612 4236 3780 4295 cepe-

350 4319 524 4375 Zolde
553 4319 790 4390 largam
821 4323 878 4375 et
917 4318 1147 4375 bonam
1174 4320 1642 4377 consolationem
1701 4322 1765 4377 in
1795 4322 2008 4379 eadem
2046 4316 2090 4330 ”
2122 4328 2337 4380 runtet
2368 4320 2635 4377 funditus
2660 4318 3101 4385 destruxernnt,
3158 4318 3221 4370 nt
3264 4316 3513 4386 apparet
3559 4324 3776 4381 coope-

351 4408 536 4463 missa
571 4407 949 4480 presentibns
981 4407 1463 4465 ministrandam.
1513 4413 1655 4465 Item
1709 4411 2006 4468 ordinavit
2115 4411 2390 4470 rantibus
2440 4409 2524 4465 eis
2580 4407 2659 4464 ad
2710 4407 2826 4463 hoc
2868 4403 3236 4478 quibusdam
3293 4399 3536 4456 ecclesie
3577 4401 3778 4452 nostre

1727 4545 1954 4600 VARIAS
1993 4545 2297 4604 LECTION
2304 4544 2406 4599 ES.

431 4650 496 4683 “7
528 4650 754 4704 Iterum
786 4650 912 4705 alia
936 4665 1152 4706 manus
1180 4650 1393 4706 saeculi
1413 4650 1530 4705 XV
1552 4651 1781 4719 incipit.
1888 4651 1957 4686 ³³⁸
1990 4651 2205 4708 obiita.
2232 4653 2295 4706 D.
2328 4650 2685 4705 MCCCXXXI.
2719 4641 3125 4700 ordinacionis
3151 4654 3255 4693 sne
3278 4639 3384 4693 XV.
3416 4640 3470 4691 2.
3510 4635 3777 4690 numeris

356 4721 655 4775 ρωινριιιιζς.
737 4722 807 4754 ¹²⁰
836 4722 921 4776 ita
952 4736 1002 4777 c.
1110 4722 1185 4756 ¹³⁰
1208 4720 1245 4777 i.
1280 4737 1350 4777 ac
1377 4721 1621 4791 elegans
1653 4727 1707 4777 2.

1953 4856 2173 4910 ΝΟΤΑΞ.

2126 4981 2284 5045 n97,
2317 4990 2387 5047 p.
2416 4978 2539 5047 442,
2574 4974 2693 5028 143.

2196 5046 2336 5118 (213)
2377 5046 2415 5101 i.
2448 5062 2500 5100 e.
2529 5046 2773 5118 hymII}-_
2946 5110 2965 5118 _
3015 5111 3052 5118 _
3098 5108 3107 5118 .

2196 5107 2337 5188 (214)
2381 5119 2460 5171 De
2488 5107 2650 5171 anno
2676 5110 2979 5188 obituscf.
3013 5108 3279 5188 Beitrage
3314 5107 3778 5188 1.,1ᾼρεΑο0-94,

2122 5192 2180 5243 et
2200 5179 2441 5243 chartas
2471 5203 2569 5259 ap.
2598 5182 2834 5259 Luntzel
2863 5179 3240 5259 (1100011110...
3268 5194 3328 5251 p.
3358 5182 3483 5259 4.23.,
3511 5179 3636 5259 424.
3724 5246 3734 5255 _

2195 5260 2340 5331 (215)
2383 5247 2742 5331 Excéi'ptnm
2765 5252 3089 5331 jnramenti
3131 5247 3399 5331 episcopi
3451 5247 3665 5331 legitur
3716 5247 3782 5327 in

2126 5318 2489 5385 De‘duc'tione
2527 5318 2957 5399 jtirisdictionis
3008 5318 3501 5399 meyerding—iceeh
3520 5318 3783 5399 ecclesia:

2125 5400 2483 5456 cathcdralis
2514 5389 2894 5455 Hildesheim.
2928 5389 3251 5467 praeposito
3271 5389 3784 5463 et'capitulocom-

2124 5472 2397 5545 petentis.
2433 5469 2693 5545 Hildesh.
2732 5470 2889 5545 1Ῑ58,
2921 5464 3021 5545 fol.
3050 5464 3189 5537 pag.

2200 5542 2346 5616 (216)
2388 5540 2607 5597 Alberti
2640 5536 3055 5607 Gottingensis.

430 4980 581 5047 (208)
620 4976 999 5048 Engelbostel
1028 4978 1576 5048 etMt'mchbausen.

431 5046 574 5122 (209)
616 5046 908 5122 Cesselse,
940 5046 1241 5122 districtus
1268 5050 1476 5122 Ruthe.

429 5117 579 5193 (210)
619 5117 898 5193 Berkaet
925 5117 1184 5176 Calefeld
1222 5120 1475 5193 princip.
1536 5120 1904 5190 Gottingens,
1959 5123 2017 5174 et

358 5192 740 5262 Grnbenhag.
774 5191 1101 5247 dimceseos
1129 5191 1506 5261 Moguntina.

430 5263 580 5334 (211)
623 5263 869 5319 Lindau.‘

434 5331 575 5406 (212)
616 5338 981 5406 Communes
1040 5355 1067 5381 ‹‹
1094 5332 1190 5389 (110
1239 5331 1454 5406 heilige
1506 5332 1956 5406 gemeinvvoche
1987 5354 2012 5379 ››

360 5403 530 5461 erant
553 5403 681 5461 dies
709 5405 968 5461 victoriae
998 5407 1305 5461 Saxonum
1345 5403 1420 5459 de
1448 5404 1742 5473 Turingis,
1774 5404 1836 5457 in
1869 5404 2012 5457 heb-

361 5475 630 5553 domada
649 5476 974 5553 pos_t_diem
1007 5476 1063 5553 S_.
1091 5474 1397 5553 Michaelis
1416 5474 1845 5553 celebratiﬂrv.
1876 5473 2013 5553 Hal-

360 5550 497 5607 taus
552 5543 959 5604 lah'rzeitbnch
1009 5546 1118 5603 der
1166 5545 1499 5603 Dentschen
1519 5545 1626 5602 des
1665 5543 2015 5603 Mittelalters
