  <div class='ocr_page' id='page_1' title='image "/cluster/home/n/w/nwhite01/storage/ocr_20150623/141/hvd.32044054760012/642.png"; bbox 0 0 3996 6168; ppageno 0'>
   <div class='ocr_carea' id='block_1_1' title="bbox 196 54 445 133">
    <p class='ocr_par' dir='ltr' id='par_1_1' title="bbox 196 54 445 133">
     <span class='ocr_line' id='line_1_1' title="bbox 196 54 445 133; baseline 0.024 -27"><span class='ocrx_word' id='word_1_1' title='bbox 196 54 241 106; x_wconf 74' lang='grc'><strong>1</strong></span> <span class='ocrx_word' id='word_1_2' title='bbox 261 58 445 133; x_wconf 62' lang='lat'><strong>277</strong></span> 
     </span>
    </p>
   </div>
   <div class='ocr_carea' id='block_1_2' title="bbox 1484 22 2568 147">
    <p class='ocr_par' dir='ltr' id='par_1_2' title="bbox 1484 22 2568 147">
     <span class='ocr_line' id='line_1_2' title="bbox 1484 22 2568 147; baseline 0.011 -43"><span class='ocrx_word' id='word_1_3' title='bbox 1484 49 1896 139; x_wconf 34' lang='lat' dir='ltr'><strong>CH‘B‘ONICON</strong></span> <span class='ocrx_word' id='word_1_4' title='bbox 1944 22 2568 147; x_wconf 45' lang='lat' dir='ltr'><strong>HICDQSQEIMENﬁE.</strong></span> 
     </span>
    </p>
   </div>
   <div class='ocr_carea' id='block_1_3' title="bbox 3692 0 3912 9">
    <p class='ocr_par' dir='ltr' id='par_1_3' title="bbox 3692 0 3912 9">
     <span class='ocr_line' id='line_1_3' title="bbox 3692 0 3912 9; baseline 0.014 -3"><span class='ocrx_word' id='word_1_5' title='bbox 3692 0 3912 9; x_wconf 35' lang='grc' dir='ltr'><strong>ἡ..</strong></span> 
     </span>
    </p>
   </div>
   <div class='ocr_carea' id='block_1_4' title="bbox 3618 75 3757 163">
    <p class='ocr_par' dir='ltr' id='par_1_4' title="bbox 3618 75 3757 163">
     <span class='ocr_line' id='line_1_4' title="bbox 3618 75 3757 163; baseline 0.007 -36"><span class='ocrx_word' id='word_1_6' title='bbox 3618 75 3757 163; x_wconf 70' lang='lat'><strong>427§</strong></span> 
     </span>
    </p>
   </div>
   <div class='ocr_carea' id='block_1_5' title="bbox 194 152 3771 265">
    <p class='ocr_par' dir='ltr' id='par_1_5' title="bbox 194 152 3771 265">
     <span class='ocr_line' id='line_1_5' title="bbox 194 152 3771 265; baseline 0.005 -32"><span class='ocrx_word' id='word_1_7' title='bbox 194 152 486 257; x_wconf 51' lang='lat' dir='ltr'><strong>gibus</strong></span> <span class='ocrx_word' id='word_1_8' title='bbox 510 177 660 265; x_wconf 71' lang='grc'>(218)</span> <span class='ocrx_word' id='word_1_9' title='bbox 689 176 746 265; x_wconf 88' lang='lat' dir='ltr'><strong>et</strong></span> <span class='ocrx_word' id='word_1_10' title='bbox 772 174 1039 265; x_wconf 71' lang='lat' dir='ltr'><strong>maxima</strong></span> <span class='ocrx_word' id='word_1_11' title='bbox 1085 173 1519 265; x_wconf 78' lang='lat' dir='ltr'><strong>armigerorum</strong></span> <span class='ocrx_word' id='word_1_12' title='bbox 1543 172 1969 265; x_wconf 24' lang='lat' dir='ltr'><strong>-mu_lti_tudine.</strong></span> <span class='ocrx_word' id='word_1_13' title='bbox 2009 154 2052 227; x_wconf 66' lang='grc' dir='ltr'><strong>Α</strong></span> <span class='ocrx_word' id='word_1_14' title='bbox 2086 188 2455 265; x_wconf 82' lang='lat' dir='ltr'><strong>gwerraruru</strong></span> <span class='ocrx_word' id='word_1_15' title='bbox 2486 152 2543 238; x_wconf 87' lang='lat' dir='ltr'><strong>et</strong></span> <span class='ocrx_word' id='word_1_16' title='bbox 2580 183 2860 261; x_wconf 86' lang='lat' dir='ltr'><strong>laborum</strong></span> <span class='ocrx_word' id='word_1_17' title='bbox 2906 187 3165 265; x_wconf 82' lang='lat' dir='ltr'><strong>retinuit.</strong></span> <span class='ocrx_word' id='word_1_18' title='bbox 3216 190 3490 249; x_wconf 85' lang='lat' dir='ltr'><strong>Castrum</strong></span> <span class='ocrx_word' id='word_1_19' title='bbox 3525 152 3759 265; x_wconf 60' lang='lat' dir='ltr'><strong>Vynen:</strong></span> 
     </span>
    </p>
   </div>
   <div class='ocr_carea' id='block_1_6' title="bbox 215 258 1977 339">
    <p class='ocr_par' dir='ltr' id='par_1_6' title="bbox 215 258 1977 339">
     <span class='ocr_line' id='line_1_6' title="bbox 215 258 1977 339; baseline -0.004 -18"><span class='ocrx_word' id='word_1_20' title='bbox 215 281 294 321; x_wconf 88' lang='grc' dir='ltr'>ο</span> <span class='ocrx_word' id='word_1_21' title='bbox 305 262 567 324; x_wconf 84' lang='lat' dir='ltr'><strong>ccurrit</strong></span> <span class='ocrx_word' id='word_1_22' title='bbox 585 264 670 321; x_wconf 89' lang='lat' dir='ltr'><strong>eis</strong></span> <span class='ocrx_word' id='word_1_23' title='bbox 687 262 931 338; x_wconf 81' lang='lat' dir='ltr'><strong>propter</strong></span> <span class='ocrx_word' id='word_1_24' title='bbox 944 258 1143 318; x_wconf 69' lang='lat' dir='ltr'><strong>vilhm</strong></span> <span class='ocrx_word' id='word_1_25' title='bbox 1159 259 1508 319; x_wconf 74' lang='lat' dir='ltr'><strong>V&#39;oruiersen</strong></span> <span class='ocrx_word' id='word_1_26' title='bbox 1533 261 1687 333; x_wconf 86' lang='grc'>(220)</span> <span class='ocrx_word' id='word_1_27' title='bbox 1706 261 1977 339; x_wconf 86' lang='lat' dir='ltr'><strong>domnus</strong></span> 
     </span>
    </p>
   </div>
   <div class='ocr_carea' id='block_1_7' title="bbox 208 349 1980 427">
    <p class='ocr_par' dir='ltr' id='par_1_7' title="bbox 208 349 1980 427">
     <span class='ocr_line' id='line_1_7' title="bbox 208 349 1980 427; baseline -0.002 -20"><span class='ocrx_word' id='word_1_28' title='bbox 208 355 643 413; x_wconf 83' lang='lat' dir='ltr'><strong>Gherardus</strong></span> <span class='ocrx_word' id='word_1_29' title='bbox 701 352 1041 424; x_wconf 80' lang='lat' dir='ltr'><strong>episcopus,</strong></span> <span class='ocrx_word' id='word_1_30' title='bbox 1099 354 1157 407; x_wconf 86' lang='lat' dir='ltr'><strong>et</strong></span> <span class='ocrx_word' id='word_1_31' title='bbox 1213 351 1400 427; x_wconf 90' lang='lat' dir='ltr'><strong>prelio</strong></span> <span class='ocrx_word' id='word_1_32' title='bbox 1443 349 1786 407; x_wconf 81' lang='lat' dir='ltr'><strong>diutissimo</strong></span> <span class='ocrx_word' id='word_1_33' title='bbox 1822 351 1980 404; x_wconf 85' lang='lat' dir='ltr'><strong>com-</strong></span> 
     </span>
    </p>
   </div>
   <div class='ocr_carea' id='block_1_8' title="bbox 213 439 1979 515">
    <p class='ocr_par' dir='ltr' id='par_1_8' title="bbox 213 439 1979 515">
     <span class='ocr_line' id='line_1_8' title="bbox 213 439 1979 515; baseline -0.003 -15"><span class='ocrx_word' id='word_1_34' title='bbox 213 446 509 515; x_wconf 84' lang='lat' dir='ltr'><strong>misso,</strong></span> <span class='ocrx_word' id='word_1_35' title='bbox 561 441 890 500; x_wconf 82' lang='lat' dir='ltr'><strong>auxiliante</strong></span> <span class='ocrx_word' id='word_1_36' title='bbox 918 440 1042 497; x_wconf 89' lang='lat' dir='ltr'><strong>Deo</strong></span> <span class='ocrx_word' id='word_1_37' title='bbox 1071 444 1131 498; x_wconf 89' lang='lat' dir='ltr'><strong>et</strong></span> <span class='ocrx_word' id='word_1_38' title='bbox 1177 458 1286 499; x_wconf 90' lang='lat' dir='ltr'><strong>sua</strong></span> <span class='ocrx_word' id='word_1_39' title='bbox 1331 442 1633 514; x_wconf 86' lang='lat' dir='ltr'><strong>genitrice,</strong></span> <span class='ocrx_word' id='word_1_40' title='bbox 1664 439 1979 496; x_wconf 82' lang='lat' dir='ltr'><strong>victoriam</strong></span> 
     </span>
    </p>
   </div>
   <div class='ocr_carea' id='block_1_9' title="bbox 226 528 1982 603">
    <p class='ocr_par' dir='ltr' id='par_1_9' title="bbox 226 528 1982 603">
     <span class='ocr_line' id='line_1_9' title="bbox 226 528 1982 603; baseline -0.005 -12"><span class='ocrx_word' id='word_1_41' title='bbox 226 533 624 603; x_wconf 71' lang='lat' dir='ltr'><strong>gloriosam</strong></span> <span class='ocrx_word' id='word_1_42' title='bbox 678 528 867 587; x_wconf 83' lang='lat' dir='ltr'><strong>nostri</strong></span> <span class='ocrx_word' id='word_1_43' title='bbox 896 535 1381 603; x_wconf 78' lang='lat' dir='ltr'><strong>reportaverunt,</strong></span> <span class='ocrx_word' id='word_1_44' title='bbox 1414 528 1737 587; x_wconf 77' lang='lat' dir='ltr'><strong>interfectis</strong></span> <span class='ocrx_word' id='word_1_45' title='bbox 1765 544 1982 601; x_wconf 85' lang='lat' dir='ltr'><strong>quam-</strong></span> 
     </span>
    </p>
   </div>
   <div class='ocr_carea' id='block_1_10' title="bbox 230 617 1981 696">
    <p class='ocr_par' dir='ltr' id='par_1_10' title="bbox 230 617 1981 696">
     <span class='ocr_line' id='line_1_10' title="bbox 230 617 1981 696; baseline -0.005 -15"><span class='ocrx_word' id='word_1_46' title='bbox 230 623 570 696; x_wconf 82' lang='lat' dir='ltr'><strong>plurimis</strong></span> <span class='ocrx_word' id='word_1_47' title='bbox 602 622 674 657; x_wconf 77' lang='grc'><strong>¹³⁸</strong></span> <span class='ocrx_word' id='word_1_48' title='bbox 705 618 1220 690; x_wconf 78' lang='lat' dir='ltr'><strong>adversariorum,</strong></span> <span class='ocrx_word' id='word_1_49' title='bbox 1246 624 1302 678; x_wconf 90' lang='lat' dir='ltr'><strong>et</strong></span> <span class='ocrx_word' id='word_1_50' title='bbox 1326 620 1515 694; x_wconf 86' lang='lat' dir='ltr'><strong>captis</strong></span> <span class='ocrx_word' id='word_1_51' title='bbox 1535 619 1692 676; x_wconf 75' lang='lat' dir='ltr'><strong>duce</strong></span> <span class='ocrx_word' id='word_1_52' title='bbox 1707 617 1981 691; x_wconf 89' lang='lat' dir='ltr'><strong>predicto</strong></span> 
     </span>
    </p>
   </div>
   <div class='ocr_carea' id='block_1_11' title="bbox 237 706 1982 783">
    <p class='ocr_par' dir='ltr' id='par_1_11' title="bbox 237 706 1982 783">
     <span class='ocr_line' id='line_1_11' title="bbox 237 706 1982 783; baseline -0.005 -14"><span class='ocrx_word' id='word_1_53' title='bbox 237 724 403 769; x_wconf 79' lang='lat' dir='ltr'><strong>nec</strong></span> <span class='ocrx_word' id='word_1_54' title='bbox 456 726 580 768; x_wconf 91' lang='lat' dir='ltr'><strong>non</strong></span> <span class='ocrx_word' id='word_1_55' title='bbox 632 709 923 783; x_wconf 90' lang='lat' dir='ltr'><strong>episcopo</strong></span> <span class='ocrx_word' id='word_1_56' title='bbox 992 708 1480 767; x_wconf 83' lang='lat' dir='ltr'><strong>Halberstadensi</strong></span> <span class='ocrx_word' id='word_1_57' title='bbox 1533 708 1775 763; x_wconf 77' lang='lat' dir='ltr'><strong>Alberto</strong></span> <span class='ocrx_word' id='word_1_58' title='bbox 1837 706 1982 762; x_wconf 88' lang='lat' dir='ltr'><strong>eum</strong></span> 
     </span>
    </p>
   </div>
   <div class='ocr_carea' id='block_1_12' title="bbox 254 792 1984 871">
    <p class='ocr_par' dir='ltr' id='par_1_12' title="bbox 254 792 1984 871">
     <span class='ocr_line' id='line_1_12' title="bbox 254 792 1984 871; baseline -0.006 -13"><span class='ocrx_word' id='word_1_59' title='bbox 254 812 519 871; x_wconf 85' lang='lat' dir='ltr'><strong>magna</strong></span> <span class='ocrx_word' id='word_1_60' title='bbox 550 811 800 854; x_wconf 89' lang='lat' dir='ltr'><strong>suorum</strong></span> <span class='ocrx_word' id='word_1_61' title='bbox 848 792 1258 861; x_wconf 83' lang='lat' dir='ltr'><strong>multitudine,</strong></span> <span class='ocrx_word' id='word_1_62' title='bbox 1310 814 1345 854; x_wconf 89' lang='lat' dir='ltr'><strong>a</strong></span> <span class='ocrx_word' id='word_1_63' title='bbox 1376 797 1599 871; x_wconf 86' lang='lat' dir='ltr'><strong>quibus</strong></span> <span class='ocrx_word' id='word_1_64' title='bbox 1641 794 1984 851; x_wconf 79' lang='lat' dir='ltr'><strong>maximam</strong></span> 
     </span>
    </p>
   </div>
   <div class='ocr_carea' id='block_1_13' title="bbox 266 884 1982 963">
    <p class='ocr_par' dir='ltr' id='par_1_13' title="bbox 266 884 1982 963">
     <span class='ocr_line' id='line_1_13' title="bbox 266 884 1982 963; baseline -0.006 -16"><span class='ocrx_word' id='word_1_65' title='bbox 266 888 544 963; x_wconf 82' lang='lat' dir='ltr'><strong>pecunie</strong></span> <span class='ocrx_word' id='word_1_66' title='bbox 579 901 892 943; x_wconf 86' lang='lat' dir='ltr'><strong>summam</strong></span> <span class='ocrx_word' id='word_1_67' title='bbox 924 886 1055 960; x_wconf 85' lang='lat' dir='ltr'><strong>ipse</strong></span> <span class='ocrx_word' id='word_1_68' title='bbox 1097 886 1380 944; x_wconf 87' lang='lat' dir='ltr'><strong>dominus</strong></span> <span class='ocrx_word' id='word_1_69' title='bbox 1421 891 1623 942; x_wconf 88' lang='lat' dir='ltr'><strong>uoster</strong></span> <span class='ocrx_word' id='word_1_70' title='bbox 1653 884 1982 957; x_wconf 88' lang='lat' dir='ltr'><strong>episcopus</strong></span> 
     </span>
    </p>
   </div>
   <div class='ocr_carea' id='block_1_14' title="bbox 272 974 1984 1055">
    <p class='ocr_par' dir='ltr' id='par_1_14' title="bbox 272 974 1984 1055">
     <span class='ocr_line' id='line_1_14' title="bbox 272 974 1984 1055; baseline -0.005 -19"><span class='ocrx_word' id='word_1_71' title='bbox 272 982 644 1055; x_wconf 80' lang='lat' dir='ltr'><strong>extorquere</strong></span> <span class='ocrx_word' id='word_1_72' title='bbox 690 974 1017 1049; x_wconf 85' lang='lat' dir='ltr'><strong>potuisset,</strong></span> <span class='ocrx_word' id='word_1_73' title='bbox 1070 976 1175 1033; x_wconf 87' lang='lat' dir='ltr'><strong>sed</strong></span> <span class='ocrx_word' id='word_1_74' title='bbox 1222 975 1439 1033; x_wconf 90' lang='lat' dir='ltr'><strong>veritus</strong></span> <span class='ocrx_word' id='word_1_75' title='bbox 1483 974 1849 1032; x_wconf 87' lang='lat' dir='ltr'><strong>tirauuidem</strong></span> <span class='ocrx_word' id='word_1_76' title='bbox 1889 987 1984 1029; x_wconf 90' lang='lat' dir='ltr'><strong>ar-</strong></span> 
     </span>
    </p>
   </div>
   <div class='ocr_carea' id='block_1_15' title="bbox 274 1063 1987 1140">
    <p class='ocr_par' dir='ltr' id='par_1_15' title="bbox 274 1063 1987 1140">
     <span class='ocr_line' id='line_1_15' title="bbox 274 1063 1987 1140; baseline -0.005 -15"><span class='ocrx_word' id='word_1_77' title='bbox 274 1066 659 1140; x_wconf 88' lang='lat' dir='ltr'><strong>chiepiscopi</strong></span> <span class='ocrx_word' id='word_1_78' title='bbox 684 1065 1243 1137; x_wconf 81' lang='lat' dir='ltr'><strong>Magdeburgensis,</strong></span> <span class='ocrx_word' id='word_1_79' title='bbox 1272 1065 1377 1138; x_wconf 91' lang='lat' dir='ltr'><strong>qui</strong></span> <span class='ocrx_word' id='word_1_80' title='bbox 1407 1070 1551 1121; x_wconf 89' lang='lat' dir='ltr'><strong>tunc</strong></span> <span class='ocrx_word' id='word_1_81' title='bbox 1603 1063 1772 1136; x_wconf 90' lang='lat' dir='ltr'><strong>apud</strong></span> <span class='ocrx_word' id='word_1_82' title='bbox 1798 1065 1987 1117; x_wconf 82' lang='lat' dir='ltr'><strong>Karo-</strong></span> 
     </span>
    </p>
   </div>
   <div class='ocr_carea' id='block_1_16' title="bbox 272 1152 1982 1230">
    <p class='ocr_par' dir='ltr' id='par_1_16' title="bbox 272 1152 1982 1230">
     <span class='ocr_line' id='line_1_16' title="bbox 272 1152 1982 1230; baseline -0.004 -15"><span class='ocrx_word' id='word_1_83' title='bbox 272 1159 421 1215; x_wconf 89' lang='lat' dir='ltr'><strong>lum</strong></span> <span class='ocrx_word' id='word_1_84' title='bbox 448 1154 735 1230; x_wconf 73' lang='lat' dir='ltr'><strong>’quartum</strong></span> <span class='ocrx_word' id='word_1_85' title='bbox 764 1154 1199 1228; x_wconf 77' lang='lat' dir='ltr'><strong>imperatorem</strong></span> <span class='ocrx_word' id='word_1_86' title='bbox 1228 1172 1450 1226; x_wconf 91' lang='lat' dir='ltr'><strong>magne</strong></span> <span class='ocrx_word' id='word_1_87' title='bbox 1481 1153 1842 1211; x_wconf 86' lang='lat' dir='ltr'><strong>suctoritatis</strong></span> <span class='ocrx_word' id='word_1_88' title='bbox 1868 1152 1982 1209; x_wconf 87' lang='lat' dir='ltr'><strong>ha-</strong></span> 
     </span>
    </p>
   </div>
   <div class='ocr_carea' id='block_1_17' title="bbox 278 1242 1980 1318">
    <p class='ocr_par' dir='ltr' id='par_1_17' title="bbox 278 1242 1980 1318">
     <span class='ocr_line' id='line_1_17' title="bbox 278 1242 1980 1318; baseline -0.003 -15"><span class='ocrx_word' id='word_1_89' title='bbox 278 1242 565 1314; x_wconf 80' lang='lat' dir='ltr'><strong>bebatur,</strong></span> <span class='ocrx_word' id='word_1_90' title='bbox 597 1250 655 1303; x_wconf 87' lang='lat' dir='ltr'><strong>et</strong></span> <span class='ocrx_word' id='word_1_91' title='bbox 681 1245 869 1317; x_wconf 83' lang='lat' dir='ltr'><strong>etiam</strong></span> <span class='ocrx_word' id='word_1_92' title='bbox 898 1244 1232 1318; x_wconf 79' lang='lat' dir='ltr'><strong>potentiam</strong></span> <span class='ocrx_word' id='word_1_93' title='bbox 1282 1245 1453 1301; x_wconf 84' lang='lat' dir='ltr'><strong>ducis</strong></span> <span class='ocrx_word' id='word_1_94' title='bbox 1482 1244 1677 1314; x_wconf 80' lang='lat' dir='ltr'><strong>Magni</strong></span> <span class='ocrx_word' id='word_1_95' title='bbox 1695 1242 1980 1315; x_wconf 85' lang='lat' dir='ltr'><strong>junioris,</strong></span> 
     </span>
    </p>
   </div>
   <div class='ocr_carea' id='block_1_18' title="bbox 282 1318 1981 1410">
    <p class='ocr_par' dir='ltr' id='par_1_18' title="bbox 282 1318 1981 1410">
     <span class='ocr_line' id='line_1_18' title="bbox 282 1318 1981 1410; baseline -0.002 -19"><span class='ocrx_word' id='word_1_96' title='bbox 282 1337 399 1409; x_wconf 85' lang='lat' dir='ltr'><strong>qui</strong></span> <span class='ocrx_word' id='word_1_97' title='bbox 420 1341 560 1392; x_wconf 86' lang='lat' dir='ltr'><strong>tunc</strong></span> <span class='ocrx_word' id='word_1_98' title='bbox 587 1332 667 1391; x_wconf 90' lang='lat' dir='ltr'><strong>ad</strong></span> <span class='ocrx_word' id='word_1_99' title='bbox 712 1318 978 1391; x_wconf 80' lang='lat' dir='ltr'><strong>ducatus</strong></span> <span class='ocrx_word' id='word_1_100' title='bbox 1022 1334 1539 1391; x_wconf 86' lang='lat' dir='ltr'><strong>Brunswicensem</strong></span> <span class='ocrx_word' id='word_1_101' title='bbox 1570 1334 1627 1390; x_wconf 87' lang='lat' dir='ltr'><strong>et</strong></span> <span class='ocrx_word' id='word_1_102' title='bbox 1665 1332 1981 1410; x_wconf 84' lang='lat' dir='ltr'><strong>Lunebur—</strong></span> 
     </span>
    </p>
   </div>
   <div class='ocr_carea' id='block_1_19' title="bbox 289 1418 1979 1499">
    <p class='ocr_par' dir='ltr' id='par_1_19' title="bbox 289 1418 1979 1499">
     <span class='ocr_line' id='line_1_19' title="bbox 289 1418 1979 1499; baseline -0.002 -18"><span class='ocrx_word' id='word_1_103' title='bbox 289 1430 541 1496; x_wconf 78' lang='lat' dir='ltr'><strong>gen&#39;sem</strong></span> <span class='ocrx_word' id='word_1_104' title='bbox 573 1418 772 1481; x_wconf 84' lang='lat' dir='ltr'><strong>fuerat</strong></span> <span class='ocrx_word' id='word_1_105' title='bbox 797 1423 1114 1491; x_wconf 83' lang='lat' dir='ltr'><strong>exaltat’us,</strong></span> <span class='ocrx_word' id='word_1_106' title='bbox 1148 1440 1183 1480; x_wconf 91' lang='lat' dir='ltr'><strong>a</strong></span> <span class='ocrx_word' id='word_1_107' title='bbox 1224 1422 1502 1497; x_wconf 76' lang='lat' dir='ltr'><strong>predi&#39;ctis</strong></span> <span class='ocrx_word' id='word_1_108' title='bbox 1532 1422 1783 1499; x_wconf 86' lang='lat' dir='ltr'><strong>captivis</strong></span> <span class='ocrx_word' id='word_1_109' title='bbox 1814 1438 1979 1477; x_wconf 84' lang='lat' dir='ltr'><strong>sum-</strong></span> 
     </span>
    </p>
   </div>
   <div class='ocr_carea' id='block_1_20' title="bbox 2085 258 3754 354">
    <p class='ocr_par' dir='ltr' id='par_1_20' title="bbox 2085 258 3754 354">
     <span class='ocr_line' id='line_1_20' title="bbox 2085 258 3754 354; baseline 0.012 -36"><span class='ocrx_word' id='word_1_110' title='bbox 2085 262 2275 321; x_wconf 85' lang='lat' dir='ltr'><strong>borch</strong></span> <span class='ocrx_word' id='word_1_111' title='bbox 2335 283 2371 341; x_wconf 92' lang='lat' dir='ltr'><strong>a_</strong></span> <span class='ocrx_word' id='word_1_112' title='bbox 2422 258 2637 354; x_wconf 78' lang='lat' dir='ltr'><strong>comite</strong></span> <span class='ocrx_word' id='word_1_113' title='bbox 2689 258 2966 330; x_wconf 56' lang='lat' dir='ltr'><strong>Ceurad&#39;d</strong></span> <span class='ocrx_word' id='word_1_114' title='bbox 3010 270 3089 332; x_wconf 78' lang='lat' dir='ltr'><strong>&#39;de</strong></span> <span class='ocrx_word' id='word_1_115' title='bbox 3130 258 3590 350; x_wconf 70' lang='lat' dir='ltr'><strong>Werninigerode</strong></span> <span class='ocrx_word' id='word_1_116' title='bbox 3640 272 3754 354; x_wconf 79' lang='lat' dir='ltr'><strong>‘p’r‘o&#39;</strong></span> 
     </span>
    </p>
   </div>
   <div class='ocr_carea' id='block_1_21' title="bbox 2088 346 3757 433">
    <p class='ocr_par' dir='ltr' id='par_1_21' title="bbox 2088 346 3757 433">
     <span class='ocr_line' id='line_1_21' title="bbox 2088 346 3757 433; baseline 0.012 -26"><span class='ocrx_word' id='word_1_117' title='bbox 2088 368 2317 421; x_wconf 80' lang='lat' dir='ltr'><strong>magna</strong></span> <span class='ocrx_word' id='word_1_118' title='bbox 2357 346 2600 415; x_wconf 75' lang='lat' dir='ltr'><strong>summa</strong></span> <span class='ocrx_word' id='word_1_119' title='bbox 2641 362 2894 433; x_wconf 90' lang='lat' dir='ltr'><strong>pecunie</strong></span> <span class='ocrx_word' id='word_1_120' title='bbox 2925 364 3084 420; x_wconf 85' lang='lat' dir='ltr'><strong>emit.</strong></span> <span class='ocrx_word' id='word_1_121' title='bbox 3128 346 3401 423; x_wconf 76' lang='lat' dir='ltr'><strong>Castrum</strong></span> <span class='ocrx_word' id='word_1_122' title='bbox 3429 346 3757 427; x_wconf 44' lang='lat' dir='ltr'><strong>Blanck-eu-</strong></span> 
     </span>
    </p>
   </div>
   <div class='ocr_carea' id='block_1_22' title="bbox 2086 440 3756 531">
    <p class='ocr_par' dir='ltr' id='par_1_22' title="bbox 2086 440 3756 531">
     <span class='ocr_line' id='line_1_22' title="bbox 2086 440 3756 531; baseline 0.012 -35"><span class='ocrx_word' id='word_1_123' title='bbox 2086 440 2280 498; x_wconf 85' lang='lat' dir='ltr'><strong>borch</strong></span> <span class='ocrx_word' id='word_1_124' title='bbox 2310 447 2467 519; x_wconf 80' lang='lat' dir='ltr'><strong>cepit</strong></span> <span class='ocrx_word' id='word_1_125' title='bbox 2496 448 2822 527; x_wconf 84' lang='lat' dir='ltr'><strong>adjuvante</strong></span> <span class='ocrx_word' id='word_1_126' title='bbox 2845 451 3065 531; x_wconf 71' lang='lat' dir='ltr'><strong>comite‘</strong></span> <span class='ocrx_word' id='word_1_127' title='bbox 3088 454 3372 527; x_wconf 88' lang='lat' dir='ltr'><strong>Tyderico</strong></span> <span class='ocrx_word' id='word_1_128' title='bbox 3394 457 3468 513; x_wconf 91' lang='lat' dir='ltr'><strong>de</strong></span> <span class='ocrx_word' id='word_1_129' title='bbox 3492 459 3756 515; x_wconf 83' lang='lat' dir='ltr'><strong>Weruiri-</strong></span> 
     </span>
    </p>
   </div>
   <div class='ocr_carea' id='block_1_23' title="bbox 2090 531 3756 620">
    <p class='ocr_par' dir='ltr' id='par_1_23' title="bbox 2090 531 3756 620">
     <span class='ocr_line' id='line_1_23' title="bbox 2090 531 3756 620; baseline 0.011 -35"><span class='ocrx_word' id='word_1_130' title='bbox 2090 531 2332 620; x_wconf 85' lang='lat' dir='ltr'><strong>gerode,</strong></span> <span class='ocrx_word' id='word_1_131' title='bbox 2366 535 2534 607; x_wconf 88' lang='lat' dir='ltr'><strong>quod</strong></span> <span class='ocrx_word' id='word_1_132' title='bbox 2582 540 2785 594; x_wconf 88' lang='lat' dir='ltr'><strong>tamen</strong></span> <span class='ocrx_word' id='word_1_133' title='bbox 2812 539 2873 595; x_wconf 89' lang='lat' dir='ltr'><strong>in</strong></span> <span class='ocrx_word' id='word_1_134' title='bbox 2902 536 3132 613; x_wconf 86' lang='lat' dir='ltr'><strong>placitis</strong></span> <span class='ocrx_word' id='word_1_135' title='bbox 3176 548 3416 617; x_wconf 90' lang='lat' dir='ltr'><strong>recepta</strong></span> <span class='ocrx_word' id='word_1_136' title='bbox 3444 546 3756 620; x_wconf 87' lang='lat' dir='ltr'><strong>aliquanta</strong></span> 
     </span>
    </p>
   </div>
   <div class='ocr_carea' id='block_1_24' title="bbox 2090 619 3757 705">
    <p class='ocr_par' dir='ltr' id='par_1_24' title="bbox 2090 619 3757 705">
     <span class='ocr_line' id='line_1_24' title="bbox 2090 619 3757 705; baseline 0.011 -33"><span class='ocrx_word' id='word_1_137' title='bbox 2090 619 2363 691; x_wconf 64' lang='lat' dir='ltr'><strong>pecunias</strong></span> <span class='ocrx_word' id='word_1_138' title='bbox 2406 634 2651 681; x_wconf 85' lang='lat' dir='ltr'><strong>summa</strong></span> <span class='ocrx_word' id='word_1_139' title='bbox 2694 625 2910 683; x_wconf 85' lang='lat' dir='ltr'><strong>comite</strong></span> <span class='ocrx_word' id='word_1_140' title='bbox 2962 629 3034 665; x_wconf 74' lang='lat'><strong>“&#39;°</strong></span> <span class='ocrx_word' id='word_1_141' title='bbox 3078 631 3384 689; x_wconf 88' lang='lat' dir='ltr'><strong>Borchado</strong></span> <span class='ocrx_word' id='word_1_142' title='bbox 3428 633 3502 705; x_wconf 86' lang='lat' dir='ltr'><strong>de</strong></span> <span class='ocrx_word' id='word_1_143' title='bbox 3524 619 3757 705; x_wconf 55' lang='lat' dir='ltr'><strong>RegenL</strong></span> 
     </span>
    </p>
   </div>
   <div class='ocr_carea' id='block_1_25' title="bbox 2092 709 3756 795">
    <p class='ocr_par' dir='ltr' id='par_1_25' title="bbox 2092 709 3756 795">
     <span class='ocr_line' id='line_1_25' title="bbox 2092 709 3756 795; baseline 0.01 -34"><span class='ocrx_word' id='word_1_144' title='bbox 2092 709 2262 781; x_wconf 86' lang='lat' dir='ltr'><strong>steyn</strong></span> <span class='ocrx_word' id='word_1_145' title='bbox 2298 713 2569 783; x_wconf 86' lang='lat' dir='ltr'><strong>restituit,</strong></span> <span class='ocrx_word' id='word_1_146' title='bbox 2623 717 2898 772; x_wconf 86' lang='lat' dir='ltr'><strong>Castrum</strong></span> <span class='ocrx_word' id='word_1_147' title='bbox 2950 717 3362 791; x_wconf 81' lang='lat' dir='ltr'><strong>Setyubrugge</strong></span> <span class='ocrx_word' id='word_1_148' title='bbox 3412 720 3756 795; x_wconf 73' lang='lat' dir='ltr'><strong>construere</strong></span> 
     </span>
    </p>
   </div>
   <div class='ocr_carea' id='block_1_26' title="bbox 2091 795 3753 881">
    <p class='ocr_par' dir='ltr' id='par_1_26' title="bbox 2091 795 3753 881">
     <span class='ocr_line' id='line_1_26' title="bbox 2091 795 3753 881; baseline 0.008 -31"><span class='ocrx_word' id='word_1_149' title='bbox 2091 795 2330 879; x_wconf 79' lang='lat' dir='ltr'><strong>incepit.</strong></span> <span class='ocrx_word' id='word_1_150' title='bbox 2390 803 2453 856; x_wconf 90' lang='lat' dir='ltr'><strong>lu</strong></span> <span class='ocrx_word' id='word_1_151' title='bbox 2486 800 2677 860; x_wconf 87' lang='lat' dir='ltr'><strong>saliua</strong></span> <span class='ocrx_word' id='word_1_152' title='bbox 2733 805 3087 878; x_wconf 70' lang='lat' dir='ltr'><strong>Gyter(224)</strong></span> <span class='ocrx_word' id='word_1_153' title='bbox 3139 808 3438 881; x_wconf 88' lang='lat' dir='ltr'><strong>quosdam</strong></span> <span class='ocrx_word' id='word_1_154' title='bbox 3481 806 3753 866; x_wconf 79' lang='lat' dir='ltr'><strong>redditus</strong></span> 
     </span>
    </p>
   </div>
   <div class='ocr_carea' id='block_1_27' title="bbox 2092 885 3755 969">
    <p class='ocr_par' dir='ltr' id='par_1_27' title="bbox 2092 885 3755 969">
     <span class='ocr_line' id='line_1_27' title="bbox 2092 885 3755 969; baseline 0.01 -29"><span class='ocrx_word' id='word_1_155' title='bbox 2092 885 2284 942; x_wconf 90' lang='lat' dir='ltr'><strong>dictos</strong></span> <span class='ocrx_word' id='word_1_156' title='bbox 2314 888 2699 963; x_wconf 86' lang='lat' dir='ltr'><strong>bokpeunige</strong></span> <span class='ocrx_word' id='word_1_157' title='bbox 2744 890 2823 949; x_wconf 84' lang='lat' dir='ltr'><strong>ab</strong></span> <span class='ocrx_word' id='word_1_158' title='bbox 2852 893 2965 949; x_wconf 90' lang='lat' dir='ltr'><strong>illis</strong></span> <span class='ocrx_word' id='word_1_159' title='bbox 2996 895 3070 952; x_wconf 92' lang='lat' dir='ltr'><strong>de</strong></span> <span class='ocrx_word' id='word_1_160' title='bbox 3120 895 3416 969; x_wconf 84' lang='lat' dir='ltr'><strong>Kuystede</strong></span> <span class='ocrx_word' id='word_1_161' title='bbox 3446 898 3606 954; x_wconf 89' lang='lat' dir='ltr'><strong>emit.</strong></span> <span class='ocrx_word' id='word_1_162' title='bbox 3637 898 3755 955; x_wconf 88' lang='lat' dir='ltr'><strong>Vil-</strong></span> 
     </span>
    </p>
   </div>
   <div class='ocr_carea' id='block_1_28' title="bbox 2091 973 3792 1055">
    <p class='ocr_par' dir='ltr' id='par_1_28' title="bbox 2091 973 3792 1055">
     <span class='ocr_line' id='line_1_28' title="bbox 2091 973 3792 1055; baseline 0.008 -25"><span class='ocrx_word' id='word_1_163' title='bbox 2091 973 2216 1031; x_wconf 88' lang='lat' dir='ltr'><strong>lam</strong></span> <span class='ocrx_word' id='word_1_164' title='bbox 2246 977 2762 1038; x_wconf 87' lang='lat' dir='ltr'><strong>Muddesdeborch</strong></span> <span class='ocrx_word' id='word_1_165' title='bbox 2790 982 2936 1055; x_wconf 85' lang='grc'>(225)</span> <span class='ocrx_word' id='word_1_166' title='bbox 2975 988 3032 1040; x_wconf 87' lang='lat' dir='ltr'><strong>et</strong></span> <span class='ocrx_word' id='word_1_167' title='bbox 3062 982 3274 1042; x_wconf 84' lang='lat' dir='ltr'><strong>silvam</strong></span> <span class='ocrx_word' id='word_1_168' title='bbox 3302 984 3650 1043; x_wconf 87' lang='lat' dir='ltr'><strong>attinentem</strong></span> <span class='ocrx_word' id='word_1_169' title='bbox 3677 987 3757 1044; x_wconf 91' lang='lat' dir='ltr'><strong>ab</strong></span> <span class='ocrx_word' id='word_1_170' title='bbox 3786 1005 3792 1012; x_wconf 84' lang='lat'><strong><em>&#39;</em></strong></span> 
     </span>
    </p>
   </div>
   <div class='ocr_carea' id='block_1_29' title="bbox 2091 1064 3761 1146">
    <p class='ocr_par' dir='ltr' id='par_1_29' title="bbox 2091 1064 3761 1146">
     <span class='ocr_line' id='line_1_29' title="bbox 2091 1064 3761 1146; baseline 0.008 -26"><span class='ocrx_word' id='word_1_171' title='bbox 2091 1064 2205 1120; x_wconf 89' lang='lat' dir='ltr'><strong>illis</strong></span> <span class='ocrx_word' id='word_1_172' title='bbox 2237 1065 2312 1123; x_wconf 90' lang='lat' dir='ltr'><strong>de</strong></span> <span class='ocrx_word' id='word_1_173' title='bbox 2339 1069 2544 1126; x_wconf 84' lang='lat' dir='ltr'><strong>Roden</strong></span> <span class='ocrx_word' id='word_1_174' title='bbox 2588 1066 2699 1144; x_wconf 90' lang='lat' dir='ltr'><strong>pro</strong></span> <span class='ocrx_word' id='word_1_175' title='bbox 2724 1076 2885 1129; x_wconf 88' lang='lat' dir='ltr'><strong>certa</strong></span> <span class='ocrx_word' id='word_1_176' title='bbox 2936 1075 3188 1146; x_wconf 90' lang='lat' dir='ltr'><strong>pecunie</strong></span> <span class='ocrx_word' id='word_1_177' title='bbox 3214 1092 3456 1132; x_wconf 88' lang='lat' dir='ltr'><strong>summa</strong></span> <span class='ocrx_word' id='word_1_178' title='bbox 3484 1070 3761 1133; x_wconf 83' lang='lat' dir='ltr'><strong>videlicet</strong></span> 
     </span>
    </p>
   </div>
   <div class='ocr_carea' id='block_1_30' title="bbox 2090 1150 3759 1237">
    <p class='ocr_par' dir='ltr' id='par_1_30' title="bbox 2090 1150 3759 1237">
     <span class='ocr_line' id='line_1_30' title="bbox 2090 1150 3759 1237; baseline 0.007 -26"><span class='ocrx_word' id='word_1_179' title='bbox 2090 1159 2196 1213; x_wconf 88' lang='lat'><strong>700</strong></span> <span class='ocrx_word' id='word_1_180' title='bbox 2229 1158 2297 1191; x_wconf 61' lang='lat'><strong>1“</strong></span> <span class='ocrx_word' id='word_1_181' title='bbox 2331 1150 2557 1214; x_wconf 82' lang='lat' dir='ltr'><strong>markis</strong></span> <span class='ocrx_word' id='word_1_182' title='bbox 2586 1162 2978 1233; x_wconf 81' lang='lat' dir='ltr'><strong>comparavit.</strong></span> <span class='ocrx_word' id='word_1_183' title='bbox 3015 1156 3271 1220; x_wconf 88' lang='lat' dir='ltr'><strong>Domum</strong></span> <span class='ocrx_word' id='word_1_184' title='bbox 3299 1162 3607 1237; x_wconf 83' lang='lat' dir='ltr'><strong>lapideam</strong></span> <span class='ocrx_word' id='word_1_185' title='bbox 3648 1162 3759 1223; x_wconf 89' lang='lat' dir='ltr'><strong>seu</strong></span> 
     </span>
    </p>
   </div>
   <div class='ocr_carea' id='block_1_31' title="bbox 2089 1240 3754 1327">
    <p class='ocr_par' dir='ltr' id='par_1_31' title="bbox 2089 1240 3754 1327">
     <span class='ocr_line' id='line_1_31' title="bbox 2089 1240 3754 1327; baseline 0.007 -27"><span class='ocrx_word' id='word_1_186' title='bbox 2089 1244 2395 1317; x_wconf 89' lang='lat' dir='ltr'><strong>palacium</strong></span> <span class='ocrx_word' id='word_1_187' title='bbox 2450 1249 2511 1303; x_wconf 89' lang='lat' dir='ltr'><strong>in</strong></span> <span class='ocrx_word' id='word_1_188' title='bbox 2583 1250 3018 1323; x_wconf 83' lang='lat' dir='ltr'><strong>Popp&#39;enborch</strong></span> <span class='ocrx_word' id='word_1_189' title='bbox 3071 1240 3334 1309; x_wconf 79' lang='lat' dir='ltr'><strong>edificari</strong></span> <span class='ocrx_word' id='word_1_190' title='bbox 3389 1242 3754 1327; x_wconf 89' lang='lat' dir='ltr'><strong>procuravit.</strong></span> 
     </span>
    </p>
   </div>
   <div class='ocr_carea' id='block_1_32' title="bbox 2089 1334 3755 1405">
    <p class='ocr_par' dir='ltr' id='par_1_32' title="bbox 2089 1334 3755 1405">
     <span class='ocr_line' id='line_1_32' title="bbox 2089 1334 3755 1405; baseline 0.006 -14"><span class='ocrx_word' id='word_1_191' title='bbox 2089 1336 2328 1405; x_wconf 83' lang='lat' dir='ltr'><strong>Organa</strong></span> <span class='ocrx_word' id='word_1_192' title='bbox 2368 1342 2569 1394; x_wconf 89' lang='lat' dir='ltr'><strong>nostra</strong></span> <span class='ocrx_word' id='word_1_193' title='bbox 2600 1344 2759 1395; x_wconf 84' lang='lat' dir='ltr'><strong>nova</strong></span> <span class='ocrx_word' id='word_1_194' title='bbox 2803 1340 2882 1396; x_wconf 91' lang='lat' dir='ltr'><strong>ad</strong></span> <span class='ocrx_word' id='word_1_195' title='bbox 2932 1334 3212 1398; x_wconf 82' lang='lat' dir='ltr'><strong>ornatum</strong></span> <span class='ocrx_word' id='word_1_196' title='bbox 3261 1341 3509 1399; x_wconf 92' lang='lat' dir='ltr'><strong>ecclesie</strong></span> <span class='ocrx_word' id='word_1_197' title='bbox 3540 1340 3755 1401; x_wconf 71' lang='lat' dir='ltr'><strong>nostrae</strong></span> 
     </span>
    </p>
   </div>
   <div class='ocr_carea' id='block_1_33' title="bbox 2088 1416 3757 1497">
    <p class='ocr_par' dir='ltr' id='par_1_33' title="bbox 2088 1416 3757 1497">
     <span class='ocr_line' id='line_1_33' title="bbox 2088 1416 3757 1497; baseline 0.008 -21"><span class='ocrx_word' id='word_1_198' title='bbox 2088 1423 2433 1497; x_wconf 82' lang='lat' dir='ltr'><strong>sumptibus</strong></span> <span class='ocrx_word' id='word_1_199' title='bbox 2468 1416 2565 1483; x_wconf 86' lang='grc'><strong>100</strong></span> <span class='ocrx_word' id='word_1_200' title='bbox 2595 1432 2939 1484; x_wconf 87' lang='lat' dir='ltr'><strong>marcarum</strong></span> <span class='ocrx_word' id='word_1_201' title='bbox 2969 1434 3026 1486; x_wconf 90' lang='lat' dir='ltr'><strong>et</strong></span> <span class='ocrx_word' id='word_1_202' title='bbox 3055 1431 3203 1487; x_wconf 85' lang='lat' dir='ltr'><strong>ultra</strong></span> <span class='ocrx_word' id='word_1_203' title='bbox 3241 1426 3512 1488; x_wconf 80' lang='lat' dir='ltr'><strong>donavit.</strong></span> <span class='ocrx_word' id='word_1_204' title='bbox 3544 1422 3757 1490; x_wconf 74' lang='lat' dir='ltr'><strong>Villam</strong></span> 
     </span>
    </p>
   </div>
   <div class='ocr_carea' id='block_1_34' title="bbox 286 1508 3757 1595">
    <p class='ocr_par' dir='ltr' id='par_1_34' title="bbox 286 1508 3757 1595">
     <span class='ocr_line' id='line_1_34' title="bbox 286 1508 3757 1595; baseline 0.003 -25"><span class='ocrx_word' id='word_1_205' title='bbox 286 1530 457 1570; x_wconf 87' lang='lat' dir='ltr'><strong>mam</strong></span> <span class='ocrx_word' id='word_1_206' title='bbox 476 1510 751 1569; x_wconf 72' lang='lat' dir='ltr'><strong>tiridecim</strong></span> <span class='ocrx_word' id='word_1_207' title='bbox 770 1510 1033 1568; x_wconf 86' lang='lat' dir='ltr'><strong>millium</strong></span> <span class='ocrx_word' id='word_1_208' title='bbox 1065 1512 1407 1568; x_wconf 77' lang='lat' dir='ltr'><strong>marcarum</strong></span> <span class='ocrx_word' id='word_1_209' title='bbox 1430 1508 1659 1581; x_wconf 78' lang='lat' dir='ltr'><strong>argenti</strong></span> <span class='ocrx_word' id='word_1_210' title='bbox 1679 1511 1741 1566; x_wconf 91' lang='lat' dir='ltr'><strong>in</strong></span> <span class='ocrx_word' id='word_1_211' title='bbox 1764 1511 1974 1567; x_wconf 86' lang='lat' dir='ltr'><strong>amici-</strong></span> <span class='ocrx_word' id='word_1_212' title='bbox 2013 1529 2055 1583; x_wconf 79' lang='grc' dir='ltr'><strong>Β</strong></span> <span class='ocrx_word' id='word_1_213' title='bbox 2087 1515 2282 1584; x_wconf 81' lang='lat' dir='ltr'><strong>Peyue</strong></span> <span class='ocrx_word' id='word_1_214' title='bbox 2315 1518 2511 1591; x_wconf 78' lang='lat' dir='ltr'><strong>prepe</strong></span> <span class='ocrx_word' id='word_1_215' title='bbox 2531 1514 2871 1572; x_wconf 88' lang='lat' dir='ltr'><strong>Kerkverde</strong></span> <span class='ocrx_word' id='word_1_216' title='bbox 2901 1534 3011 1591; x_wconf 89' lang='lat' dir='ltr'><strong>pro</strong></span> <span class='ocrx_word' id='word_1_217' title='bbox 3060 1510 3159 1575; x_wconf 86' lang='grc'><strong>100</strong></span> <span class='ocrx_word' id='word_1_218' title='bbox 3188 1518 3409 1575; x_wconf 89' lang='lat' dir='ltr'><strong>marcis</strong></span> <span class='ocrx_word' id='word_1_219' title='bbox 3437 1514 3757 1595; x_wconf 77' lang='lat' dir='ltr'><strong>cempara-</strong></span> 
     </span>
    </p>
   </div>
   <div class='ocr_carea' id='block_1_35' title="bbox 284 1600 1977 1673">
    <p class='ocr_par' dir='ltr' id='par_1_35' title="bbox 284 1600 1977 1673">
     <span class='ocr_line' id='line_1_35' title="bbox 284 1600 1977 1673; baseline -0.001 -13"><span class='ocrx_word' id='word_1_220' title='bbox 284 1603 369 1660; x_wconf 88' lang='lat' dir='ltr'><strong>tia</strong></span> <span class='ocrx_word' id='word_1_221' title='bbox 402 1600 723 1658; x_wconf 80' lang='lat' dir='ltr'><strong>dumtaxat</strong></span> <span class='ocrx_word' id='word_1_222' title='bbox 739 1600 969 1673; x_wconf 86' lang='lat' dir='ltr'><strong>recepit</strong></span> <span class='ocrx_word' id='word_1_223' title='bbox 1002 1601 1235 1657; x_wconf 65' lang='lat' dir='ltr'><strong>‘3’.Post</strong></span> <span class='ocrx_word' id='word_1_224' title='bbox 1258 1601 1374 1655; x_wconf 91' lang='lat' dir='ltr'><strong>hoc</strong></span> <span class='ocrx_word' id='word_1_225' title='bbox 1399 1606 1531 1657; x_wconf 90' lang='lat' dir='ltr'><strong>orta</strong></span> <span class='ocrx_word' id='word_1_226' title='bbox 1561 1606 1651 1657; x_wconf 92' lang='lat' dir='ltr'><strong>est</strong></span> <span class='ocrx_word' id='word_1_227' title='bbox 1671 1600 1977 1658; x_wconf 85' lang='lat' dir='ltr'><strong>discordia</strong></span> 
     </span>
    </p>
   </div>
   <div class='ocr_carea' id='block_1_36' title="bbox 284 1683 1975 1762">
    <p class='ocr_par' dir='ltr' id='par_1_36' title="bbox 284 1683 1975 1762">
     <span class='ocr_line' id='line_1_36' title="bbox 284 1683 1975 1762; baseline 0 -16"><span class='ocrx_word' id='word_1_228' title='bbox 284 1683 441 1747; x_wconf 79' lang='lat' dir='ltr'><strong>inter</strong></span> <span class='ocrx_word' id='word_1_229' title='bbox 464 1689 795 1746; x_wconf 86' lang='lat' dir='ltr'><strong>dominum</strong></span> <span class='ocrx_word' id='word_1_230' title='bbox 825 1692 1098 1744; x_wconf 86' lang='lat' dir='ltr'><strong>nostrum</strong></span> <span class='ocrx_word' id='word_1_231' title='bbox 1128 1686 1451 1762; x_wconf 88' lang='lat' dir='ltr'><strong>epicopum</strong></span> <span class='ocrx_word' id='word_1_232' title='bbox 1480 1696 1537 1745; x_wconf 88' lang='lat' dir='ltr'><strong>et</strong></span> <span class='ocrx_word' id='word_1_233' title='bbox 1565 1706 1636 1746; x_wconf 80' lang='lat' dir='ltr'><strong>ex</strong></span> <span class='ocrx_word' id='word_1_234' title='bbox 1667 1689 1784 1746; x_wconf 85' lang='lat' dir='ltr'><strong>alia</strong></span> <span class='ocrx_word' id='word_1_235' title='bbox 1806 1694 1975 1762; x_wconf 89' lang='lat' dir='ltr'><strong>parte</strong></span> 
     </span>
    </p>
   </div>
   <div class='ocr_carea' id='block_1_37' title="bbox 280 1777 1972 1857">
    <p class='ocr_par' dir='ltr' id='par_1_37' title="bbox 280 1777 1972 1857">
     <span class='ocr_line' id='line_1_37' title="bbox 280 1777 1972 1857; baseline 0 -21"><span class='ocrx_word' id='word_1_236' title='bbox 280 1781 473 1837; x_wconf 89' lang='lat' dir='ltr'><strong>duces</strong></span> <span class='ocrx_word' id='word_1_237' title='bbox 501 1782 787 1836; x_wconf 90' lang='lat' dir='ltr'><strong>Ottonem</strong></span> <span class='ocrx_word' id='word_1_238' title='bbox 838 1779 983 1850; x_wconf 87' lang='grc'>(221)</span> <span class='ocrx_word' id='word_1_239' title='bbox 1022 1784 1077 1834; x_wconf 92' lang='lat' dir='ltr'><strong>et</strong></span> <span class='ocrx_word' id='word_1_240' title='bbox 1123 1777 1433 1857; x_wconf 76' lang='lat' dir='ltr'><strong>Albertum</strong></span> <span class='ocrx_word' id='word_1_241' title='bbox 1485 1782 1628 1851; x_wconf 89' lang='grc'>(222)</span> <span class='ocrx_word' id='word_1_242' title='bbox 1675 1780 1750 1836; x_wconf 87' lang='lat' dir='ltr'><strong>de</strong></span> <span class='ocrx_word' id='word_1_243' title='bbox 1782 1779 1972 1836; x_wconf 88' lang='lat' dir='ltr'><strong>Brun—</strong></span> 
     </span>
    </p>
   </div>
   <div class='ocr_carea' id='block_1_38' title="bbox 280 1865 1971 1940">
    <p class='ocr_par' dir='ltr' id='par_1_38' title="bbox 280 1865 1971 1940">
     <span class='ocr_line' id='line_1_38' title="bbox 280 1865 1971 1940; baseline 0.001 -17"><span class='ocrx_word' id='word_1_244' title='bbox 280 1867 499 1938; x_wconf 83' lang='lat' dir='ltr'><strong>swigk;</strong></span> <span class='ocrx_word' id='word_1_245' title='bbox 522 1865 786 1940; x_wconf 86' lang='lat' dir='ltr'><strong>quidam</strong></span> <span class='ocrx_word' id='word_1_246' title='bbox 814 1866 1148 1935; x_wconf 63' lang='lat' dir='ltr'><strong>de&#39;gvasallis</strong></span> <span class='ocrx_word' id='word_1_247' title='bbox 1172 1872 1231 1922; x_wconf 91' lang='lat' dir='ltr'><strong>et</strong></span> <span class='ocrx_word' id='word_1_248' title='bbox 1260 1866 1758 1924; x_wconf 90' lang='lat' dir='ltr'><strong>ministerialibus</strong></span> <span class='ocrx_word' id='word_1_249' title='bbox 1786 1868 1971 1924; x_wconf 85' lang='lat' dir='ltr'><strong>eccle-</strong></span> 
     </span>
    </p>
   </div>
   <div class='ocr_carea' id='block_1_39' title="bbox 281 1954 1969 2028">
    <p class='ocr_par' dir='ltr' id='par_1_39' title="bbox 281 1954 1969 2028">
     <span class='ocr_line' id='line_1_39' title="bbox 281 1954 1969 2028; baseline 0.001 -16"><span class='ocrx_word' id='word_1_250' title='bbox 281 1957 372 2012; x_wconf 88' lang='lat' dir='ltr'><strong>sie</strong></span> <span class='ocrx_word' id='word_1_251' title='bbox 405 1954 923 2012; x_wconf 84' lang='lat' dir='ltr'><strong>Hildensemensis</strong></span> <span class='ocrx_word' id='word_1_252' title='bbox 945 1955 1231 2028; x_wconf 90' lang='lat' dir='ltr'><strong>episcopo</strong></span> <span class='ocrx_word' id='word_1_253' title='bbox 1257 1961 1468 2011; x_wconf 90' lang='lat' dir='ltr'><strong>nostro</strong></span> <span class='ocrx_word' id='word_1_254' title='bbox 1490 1957 1867 2023; x_wconf 88' lang='lat' dir='ltr'><strong>rebellantes,</strong></span> <span class='ocrx_word' id='word_1_255' title='bbox 1892 1959 1969 2014; x_wconf 89' lang='lat' dir='ltr'><strong>ad</strong></span> 
     </span>
    </p>
   </div>
   <div class='ocr_carea' id='block_1_40' title="bbox 279 2041 1970 2120">
    <p class='ocr_par' dir='ltr' id='par_1_40' title="bbox 279 2041 1970 2120">
     <span class='ocr_line' id='line_1_40' title="bbox 279 2041 1970 2120; baseline 0.001 -18"><span class='ocrx_word' id='word_1_256' title='bbox 279 2045 477 2102; x_wconf 85' lang='lat' dir='ltr'><strong>dictos</strong></span> <span class='ocrx_word' id='word_1_257' title='bbox 516 2041 707 2101; x_wconf 83' lang='lat' dir='ltr'><strong>duces</strong></span> <span class='ocrx_word' id='word_1_258' title='bbox 756 2048 821 2100; x_wconf 76' lang='lat' dir='ltr'><strong>Se</strong></span> <span class='ocrx_word' id='word_1_259' title='bbox 865 2044 1279 2112; x_wconf 82' lang='lat' dir='ltr'><strong>contulerunt;</strong></span> <span class='ocrx_word' id='word_1_260' title='bbox 1326 2056 1484 2117; x_wconf 88' lang='lat' dir='ltr'><strong>quos</strong></span> <span class='ocrx_word' id='word_1_261' title='bbox 1535 2047 1660 2120; x_wconf 90' lang='lat' dir='ltr'><strong>ipse</strong></span> <span class='ocrx_word' id='word_1_262' title='bbox 1708 2047 1970 2103; x_wconf 84' lang='lat' dir='ltr'><strong>domnus</strong></span> 
     </span>
    </p>
   </div>
   <div class='ocr_carea' id='block_1_41' title="bbox 282 2130 1971 2209">
    <p class='ocr_par' dir='ltr' id='par_1_41' title="bbox 282 2130 1971 2209">
     <span class='ocr_line' id='line_1_41' title="bbox 282 2130 1971 2209; baseline 0.001 -18"><span class='ocrx_word' id='word_1_263' title='bbox 282 2134 612 2209; x_wconf 79' lang='lat' dir='ltr'><strong>episcopus</strong></span> <span class='ocrx_word' id='word_1_264' title='bbox 643 2130 705 2190; x_wconf 80' lang='lat' dir='ltr'><strong>in</strong></span> <span class='ocrx_word' id='word_1_265' title='bbox 759 2136 956 2190; x_wconf 87' lang='lat' dir='ltr'><strong>castro</strong></span> <span class='ocrx_word' id='word_1_266' title='bbox 1004 2133 1371 2191; x_wconf 89' lang='lat' dir='ltr'><strong>Walmoden</strong></span> <span class='ocrx_word' id='word_1_267' title='bbox 1423 2136 1697 2208; x_wconf 82' lang='lat' dir='ltr'><strong>potenter</strong></span> <span class='ocrx_word' id='word_1_268' title='bbox 1734 2136 1971 2193; x_wconf 88' lang='lat' dir='ltr'><strong>obsedit</strong></span> 
     </span>
    </p>
   </div>
   <div class='ocr_carea' id='block_1_42' title="bbox 284 2219 1970 2299">
    <p class='ocr_par' dir='ltr' id='par_1_42' title="bbox 284 2219 1970 2299">
     <span class='ocr_line' id='line_1_42' title="bbox 284 2219 1970 2299; baseline 0.001 -18"><span class='ocrx_word' id='word_1_269' title='bbox 284 2219 415 2296; x_wconf 83' lang='grc' dir='ltr'>(άη.</span> <span class='ocrx_word' id='word_1_270' title='bbox 465 2220 647 2292; x_wconf 82' lang='grc'>1308),</span> <span class='ocrx_word' id='word_1_271' title='bbox 697 2224 957 2299; x_wconf 90' lang='lat' dir='ltr'><strong>et_miro</strong></span> <span class='ocrx_word' id='word_1_272' title='bbox 988 2224 1172 2280; x_wconf 86' lang='lat' dir='ltr'><strong>modo</strong></span> <span class='ocrx_word' id='word_1_273' title='bbox 1220 2220 1329 2296; x_wconf 90' lang='lat' dir='ltr'><strong>per</strong></span> <span class='ocrx_word' id='word_1_274' title='bbox 1365 2223 1728 2282; x_wconf 87' lang='lat' dir='ltr'><strong>industriam</strong></span> <span class='ocrx_word' id='word_1_275' title='bbox 1767 2225 1970 2299; x_wconf 90' lang='lat' dir='ltr'><strong>ipsum</strong></span> 
     </span>
    </p>
   </div>
   <div class='ocr_carea' id='block_1_43' title="bbox 289 2296 1969 2393">
    <p class='ocr_par' dir='ltr' id='par_1_43' title="bbox 289 2296 1969 2393">
     <span class='ocr_line' id='line_1_43' title="bbox 289 2296 1969 2393; baseline -0.001 -23"><span class='ocrx_word' id='word_1_276' title='bbox 289 2318 557 2370; x_wconf 86' lang='lat' dir='ltr'><strong>castrum</strong></span> <span class='ocrx_word' id='word_1_277' title='bbox 583 2330 727 2369; x_wconf 90' lang='lat' dir='ltr'><strong>cum</strong></span> <span class='ocrx_word' id='word_1_278' title='bbox 764 2296 921 2393; x_wconf 74' lang='lat' dir='ltr'><strong>aque</strong></span> <span class='ocrx_word' id='word_1_279' title='bbox 954 2313 1120 2369; x_wconf 83' lang='lat' dir='ltr'><strong>ﬂuxu</strong></span> <span class='ocrx_word' id='word_1_280' title='bbox 1168 2321 1549 2385; x_wconf 87' lang='lat' dir='ltr'><strong>comportato</strong></span> <span class='ocrx_word' id='word_1_281' title='bbox 1580 2296 1807 2386; x_wconf 73' lang='lat' dir='ltr'><strong>aggere</strong></span> <span class='ocrx_word' id='word_1_282' title='bbox 1828 2314 1969 2369; x_wconf 88' lang='lat' dir='ltr'><strong>sub-</strong></span> 
     </span>
    </p>
   </div>
   <div class='ocr_carea' id='block_1_44' title="bbox 294 2398 1969 2473">
    <p class='ocr_par' dir='ltr' id='par_1_44' title="bbox 294 2398 1969 2473">
     <span class='ocr_line' id='line_1_44' title="bbox 294 2398 1969 2473; baseline 0 -14"><span class='ocrx_word' id='word_1_283' title='bbox 294 2402 488 2472; x_wconf 86' lang='lat' dir='ltr'><strong>mergi</strong></span> <span class='ocrx_word' id='word_1_284' title='bbox 518 2398 654 2459; x_wconf 80' lang='lat' dir='ltr'><strong>fecit</strong></span> <span class='ocrx_word' id='word_1_285' title='bbox 698 2406 757 2458; x_wconf 89' lang='lat' dir='ltr'><strong>et</strong></span> <span class='ocrx_word' id='word_1_286' title='bbox 786 2416 857 2458; x_wconf 76' lang='lat' dir='ltr'><strong>ex</strong></span> <span class='ocrx_word' id='word_1_287' title='bbox 908 2404 1028 2458; x_wconf 90' lang='lat' dir='ltr'><strong>toto</strong></span> <span class='ocrx_word' id='word_1_288' title='bbox 1060 2401 1308 2468; x_wconf 84' lang='lat' dir='ltr'><strong>destrui,</strong></span> <span class='ocrx_word' id='word_1_289' title='bbox 1363 2409 1545 2473; x_wconf 87' lang='lat' dir='ltr'><strong>prout</strong></span> <span class='ocrx_word' id='word_1_290' title='bbox 1592 2403 1835 2459; x_wconf 81' lang='lat' dir='ltr'><strong>intuitus</strong></span> <span class='ocrx_word' id='word_1_291' title='bbox 1865 2403 1969 2459; x_wconf 91' lang='lat' dir='ltr'><strong>ho-</strong></span> 
     </span>
    </p>
   </div>
   <div class='ocr_carea' id='block_1_45' title="bbox 292 2488 1968 2549">
    <p class='ocr_par' dir='ltr' id='par_1_45' title="bbox 292 2488 1968 2549">
     <span class='ocr_line' id='line_1_45' title="bbox 292 2488 1968 2549; baseline -0.001 -1"><span class='ocrx_word' id='word_1_292' title='bbox 292 2488 538 2548; x_wconf 88' lang='lat' dir='ltr'><strong>diernus</strong></span> <span class='ocrx_word' id='word_1_293' title='bbox 563 2489 931 2549; x_wconf 84' lang='lat' dir='ltr'><strong>manifestat.</strong></span> <span class='ocrx_word' id='word_1_294' title='bbox 965 2488 1212 2548; x_wconf 89' lang='lat' dir='ltr'><strong>Siuistro</strong></span> <span class='ocrx_word' id='word_1_295' title='bbox 1244 2494 1447 2546; x_wconf 88' lang='lat' dir='ltr'><strong>tamen</strong></span> <span class='ocrx_word' id='word_1_296' title='bbox 1480 2494 1692 2547; x_wconf 88' lang='lat' dir='ltr'><strong>eventu</strong></span> <span class='ocrx_word' id='word_1_297' title='bbox 1746 2491 1968 2547; x_wconf 85' lang='lat' dir='ltr'><strong>factum</strong></span> 
     </span>
    </p>
   </div>
   <div class='ocr_carea' id='block_1_46' title="bbox 294 2576 1968 2654">
    <p class='ocr_par' dir='ltr' id='par_1_46' title="bbox 294 2576 1968 2654">
     <span class='ocr_line' id='line_1_46' title="bbox 294 2576 1968 2654; baseline -0.001 -18"><span class='ocrx_word' id='word_1_298' title='bbox 294 2582 386 2636; x_wconf 87' lang='lat' dir='ltr'><strong>est</strong></span> <span class='ocrx_word' id='word_1_299' title='bbox 412 2576 593 2654; x_wconf 82' lang='lat' dir='ltr'><strong>quod,</strong></span> <span class='ocrx_word' id='word_1_300' title='bbox 613 2579 975 2637; x_wconf 88' lang='lat' dir='ltr'><strong>durantibus</strong></span> <span class='ocrx_word' id='word_1_301' title='bbox 991 2578 1346 2653; x_wconf 87' lang='lat' dir='ltr'><strong>hujusmodi</strong></span> <span class='ocrx_word' id='word_1_302' title='bbox 1379 2580 1821 2648; x_wconf 85' lang='lat' dir='ltr'><strong>controversiis,</strong></span> <span class='ocrx_word' id='word_1_303' title='bbox 1838 2578 1968 2653; x_wconf 87' lang='lat' dir='ltr'><strong>pre-</strong></span> 
     </span>
    </p>
   </div>
   <div class='ocr_carea' id='block_1_47' title="bbox 297 2664 1967 2743">
    <p class='ocr_par' dir='ltr' id='par_1_47' title="bbox 297 2664 1967 2743">
     <span class='ocr_line' id='line_1_47' title="bbox 297 2664 1967 2743; baseline 0 -19"><span class='ocrx_word' id='word_1_304' title='bbox 297 2664 440 2725; x_wconf 78' lang='lat' dir='ltr'><strong>(iicti</strong></span> <span class='ocrx_word' id='word_1_305' title='bbox 468 2668 654 2725; x_wconf 89' lang='lat' dir='ltr'><strong>duces</strong></span> <span class='ocrx_word' id='word_1_306' title='bbox 685 2668 937 2742; x_wconf 88' lang='lat' dir='ltr'><strong>opidum</strong></span> <span class='ocrx_word' id='word_1_307' title='bbox 967 2667 1214 2725; x_wconf 91' lang='lat' dir='ltr'><strong>ecclesie</strong></span> <span class='ocrx_word' id='word_1_308' title='bbox 1251 2670 1473 2723; x_wconf 75' lang='lat' dir='ltr'><strong>nostrae</strong></span> <span class='ocrx_word' id='word_1_309' title='bbox 1511 2668 1752 2725; x_wconf 83' lang='lat' dir='ltr'><strong>Alvelde</strong></span> <span class='ocrx_word' id='word_1_310' title='bbox 1795 2686 1967 2743; x_wconf 63' lang='lat' dir='ltr'><strong>Cepe-</strong></span> 
     </span>
    </p>
   </div>
   <div class='ocr_carea' id='block_1_48' title="bbox 298 2756 1966 2831">
    <p class='ocr_par' dir='ltr' id='par_1_48' title="bbox 298 2756 1966 2831">
     <span class='ocr_line' id='line_1_48' title="bbox 298 2756 1966 2831; baseline 0.001 -18"><span class='ocrx_word' id='word_1_311' title='bbox 298 2762 456 2825; x_wconf 89' lang='lat' dir='ltr'><strong>ruut,</strong></span> <span class='ocrx_word' id='word_1_312' title='bbox 511 2756 939 2831; x_wconf 85' lang='lat' dir='ltr'><strong>spoliaverunt,</strong></span> <span class='ocrx_word' id='word_1_313' title='bbox 1010 2762 1067 2814; x_wconf 89' lang='lat' dir='ltr'><strong>et</strong></span> <span class='ocrx_word' id='word_1_314' title='bbox 1119 2760 1385 2814; x_wconf 86' lang='lat' dir='ltr'><strong>castrum</strong></span> <span class='ocrx_word' id='word_1_315' title='bbox 1451 2774 1678 2814; x_wconf 90' lang='lat' dir='ltr'><strong>novum</strong></span> <span class='ocrx_word' id='word_1_316' title='bbox 1742 2757 1966 2814; x_wconf 84' lang='lat' dir='ltr'><strong>ibidem</strong></span> 
     </span>
    </p>
   </div>
   <div class='ocr_carea' id='block_1_49' title="bbox 2028 1600 3759 1687">
    <p class='ocr_par' dir='ltr' id='par_1_49' title="bbox 2028 1600 3759 1687">
     <span class='ocr_line' id='line_1_49' title="bbox 2028 1600 3759 1687; baseline 0.008 -32"><span class='ocrx_word' id='word_1_317' title='bbox 2028 1600 2057 1609; x_wconf 78' lang='grc'>”</span> <span class='ocrx_word' id='word_1_318' title='bbox 2086 1601 2187 1657; x_wconf 89' lang='lat' dir='ltr'><strong>vit.</strong></span> <span class='ocrx_word' id='word_1_319' title='bbox 2218 1602 2467 1676; x_wconf 76' lang='lat' dir='ltr'><strong>Insuper</strong></span> <span class='ocrx_word' id='word_1_320' title='bbox 2492 1601 2739 1660; x_wconf 89' lang='lat' dir='ltr'><strong>calicem</strong></span> <span class='ocrx_word' id='word_1_321' title='bbox 2768 1604 2843 1661; x_wconf 91' lang='lat' dir='ltr'><strong>de</strong></span> <span class='ocrx_word' id='word_1_322' title='bbox 2875 1622 3023 1663; x_wconf 91' lang='lat' dir='ltr'><strong>auro</strong></span> <span class='ocrx_word' id='word_1_323' title='bbox 3069 1624 3221 1687; x_wconf 78' lang='lat' dir='ltr'><strong>puro</strong></span> <span class='ocrx_word' id='word_1_324' title='bbox 3253 1608 3512 1677; x_wconf 82' lang='lat' dir='ltr'><strong>gemmis</strong></span> <span class='ocrx_word' id='word_1_325' title='bbox 3543 1610 3759 1687; x_wconf 90' lang='lat' dir='ltr'><strong>pretio-</strong></span> 
     </span>
    </p>
   </div>
   <div class='ocr_carea' id='block_1_50' title="bbox 2086 1682 3757 1758">
    <p class='ocr_par' dir='ltr' id='par_1_50' title="bbox 2086 1682 3757 1758">
     <span class='ocr_line' id='line_1_50' title="bbox 2086 1682 3757 1758; baseline 0.009 -15"><span class='ocrx_word' id='word_1_326' title='bbox 2086 1689 2168 1744; x_wconf 89' lang='lat' dir='ltr'><strong>sis</strong></span> <span class='ocrx_word' id='word_1_327' title='bbox 2196 1689 2559 1746; x_wconf 86' lang='lat' dir='ltr'><strong>adornatum</strong></span> <span class='ocrx_word' id='word_1_328' title='bbox 2581 1690 2824 1749; x_wconf 89' lang='lat' dir='ltr'><strong>ecclesie</strong></span> <span class='ocrx_word' id='word_1_329' title='bbox 2846 1688 3046 1751; x_wconf 75' lang='lat' dir='ltr'><strong>n‘ostre</strong></span> <span class='ocrx_word' id='word_1_330' title='bbox 3067 1682 3247 1751; x_wconf 79' lang='lat' dir='ltr'><strong>dedit.</strong></span> <span class='ocrx_word' id='word_1_331' title='bbox 3263 1682 3757 1758; x_wconf 59' lang='lat' dir='ltr'><strong>Auﬁivei‘sarium</strong></span> 
     </span>
    </p>
   </div>
   <div class='ocr_carea' id='block_1_51' title="bbox 2086 1771 3755 1863">
    <p class='ocr_par' dir='ltr' id='par_1_51' title="bbox 2086 1771 3755 1863">
     <span class='ocr_line' id='line_1_51' title="bbox 2086 1771 3755 1863; baseline 0.01 -31"><span class='ocrx_word' id='word_1_332' title='bbox 2086 1794 2267 1863; x_wconf 89' lang='lat' dir='ltr'><strong>suum</strong></span> <span class='ocrx_word' id='word_1_333' title='bbox 2299 1778 2549 1836; x_wconf 87' lang='lat' dir='ltr'><strong>instituit</strong></span> <span class='ocrx_word' id='word_1_334' title='bbox 2597 1780 2982 1854; x_wconf 90' lang='lat' dir='ltr'><strong>solempniter</strong></span> <span class='ocrx_word' id='word_1_335' title='bbox 3020 1782 3082 1840; x_wconf 88' lang='lat' dir='ltr'><strong>in</strong></span> <span class='ocrx_word' id='word_1_336' title='bbox 3114 1780 3368 1842; x_wconf 85' lang='lat' dir='ltr'><strong>ecclesia</strong></span> <span class='ocrx_word' id='word_1_337' title='bbox 3418 1771 3621 1846; x_wconf 86' lang='lat' dir='ltr'><strong>nostra</strong></span> <span class='ocrx_word' id='word_1_338' title='bbox 3649 1806 3755 1863; x_wconf 87' lang='lat' dir='ltr'><strong>pe-</strong></span> 
     </span>
    </p>
   </div>
   <div class='ocr_carea' id='block_1_52' title="bbox 2080 1862 3756 1945">
    <p class='ocr_par' dir='ltr' id='par_1_52' title="bbox 2080 1862 3756 1945">
     <span class='ocr_line' id='line_1_52' title="bbox 2080 1862 3756 1945; baseline 0.009 -24"><span class='ocrx_word' id='word_1_339' title='bbox 2080 1862 2442 1936; x_wconf 82' lang='lat' dir='ltr'><strong>ragendum.</strong></span> <span class='ocrx_word' id='word_1_340' title='bbox 2476 1868 2691 1924; x_wconf 88' lang='lat' dir='ltr'><strong>Aulam</strong></span> <span class='ocrx_word' id='word_1_341' title='bbox 2742 1864 3146 1943; x_wconf 85' lang='lat' dir='ltr'><strong>episc0palem</strong></span> <span class='ocrx_word' id='word_1_342' title='bbox 3191 1873 3373 1945; x_wconf 89' lang='lat' dir='ltr'><strong>quasi</strong></span> <span class='ocrx_word' id='word_1_343' title='bbox 3411 1862 3672 1935; x_wconf 82' lang='lat' dir='ltr'><strong>dirutam</strong></span> <span class='ocrx_word' id='word_1_344' title='bbox 3698 1883 3756 1935; x_wconf 91' lang='lat' dir='ltr'><strong>et</strong></span> 
     </span>
    </p>
   </div>
   <div class='ocr_carea' id='block_1_53' title="bbox 2079 1959 3755 2038">
    <p class='ocr_par' dir='ltr' id='par_1_53' title="bbox 2079 1959 3755 2038">
     <span class='ocr_line' id='line_1_53' title="bbox 2079 1959 3755 2038; baseline 0.007 -27"><span class='ocrx_word' id='word_1_345' title='bbox 2079 1959 2373 2012; x_wconf 84' lang='lat' dir='ltr'><strong>vetustate</strong></span> <span class='ocrx_word' id='word_1_346' title='bbox 2389 1963 2812 2030; x_wconf 89' lang='lat' dir='ltr'><strong>consumptam</strong></span> <span class='ocrx_word' id='word_1_347' title='bbox 2837 1959 3170 2016; x_wconf 85' lang='lat' dir='ltr'><strong>reedificari</strong></span> <span class='ocrx_word' id='word_1_348' title='bbox 3191 1960 3557 2038; x_wconf 81' lang='lat' dir='ltr'><strong>procuravit.</strong></span> <span class='ocrx_word' id='word_1_349' title='bbox 3585 1962 3755 2023; x_wconf 81' lang='lat' dir='ltr'><strong>Clau-</strong></span> 
     </span>
    </p>
   </div>
   <div class='ocr_carea' id='block_1_54' title="bbox 2081 2040 3754 2121">
    <p class='ocr_par' dir='ltr' id='par_1_54' title="bbox 2081 2040 3754 2121">
     <span class='ocr_line' id='line_1_54' title="bbox 2081 2040 3754 2121; baseline 0.007 -20"><span class='ocrx_word' id='word_1_350' title='bbox 2081 2050 2272 2101; x_wconf 88' lang='lat' dir='ltr'><strong>strum</strong></span> <span class='ocrx_word' id='word_1_351' title='bbox 2295 2044 2806 2103; x_wconf 85' lang='lat' dir='ltr'><strong>Carthusiensium</strong></span> <span class='ocrx_word' id='word_1_352' title='bbox 2833 2043 3109 2106; x_wconf 86' lang='lat' dir='ltr'><strong>fundavit</strong></span> <span class='ocrx_word' id='word_1_353' title='bbox 3126 2046 3427 2121; x_wconf 84' lang='lat' dir='ltr'><strong>adjutorio</strong></span> <span class='ocrx_word' id='word_1_354' title='bbox 3451 2040 3754 2112; x_wconf 85' lang='lat' dir='ltr'><strong>bonorum</strong></span> 
     </span>
    </p>
   </div>
   <div class='ocr_carea' id='block_1_55' title="bbox 2079 2132 3751 2212">
    <p class='ocr_par' dir='ltr' id='par_1_55' title="bbox 2079 2132 3751 2212">
     <span class='ocr_line' id='line_1_55' title="bbox 2079 2132 3751 2212; baseline 0.007 -23"><span class='ocrx_word' id='word_1_355' title='bbox 2079 2133 2349 2190; x_wconf 89' lang='lat' dir='ltr'><strong>virorum</strong></span> <span class='ocrx_word' id='word_1_356' title='bbox 2381 2132 2438 2190; x_wconf 92' lang='lat' dir='ltr'><strong>et</strong></span> <span class='ocrx_word' id='word_1_357' title='bbox 2464 2134 2795 2192; x_wconf 84' lang='lat' dir='ltr'><strong>redditibus</strong></span> <span class='ocrx_word' id='word_1_358' title='bbox 2825 2136 3072 2194; x_wconf 83' lang='lat' dir='ltr'><strong>dotavit.</strong></span> <span class='ocrx_word' id='word_1_359' title='bbox 3093 2139 3225 2212; x_wconf 90' lang='lat' dir='ltr'><strong>Ipse</strong></span> <span class='ocrx_word' id='word_1_360' title='bbox 3255 2143 3406 2197; x_wconf 81' lang='lat' dir='ltr'><strong>rexit</strong></span> <span class='ocrx_word' id='word_1_361' title='bbox 3435 2140 3751 2200; x_wconf 79' lang='lat' dir='ltr'><strong>ecclesiam</strong></span> 
     </span>
    </p>
   </div>
   <div class='ocr_carea' id='block_1_56' title="bbox 2078 2224 3752 2299">
    <p class='ocr_par' dir='ltr' id='par_1_56' title="bbox 2078 2224 3752 2299">
     <span class='ocr_line' id='line_1_56' title="bbox 2078 2224 3752 2299; baseline 0.005 -21"><span class='ocrx_word' id='word_1_362' title='bbox 2078 2224 2352 2279; x_wconf 85' lang='lat' dir='ltr'><strong>nostram</strong></span> <span class='ocrx_word' id='word_1_363' title='bbox 2379 2224 2553 2279; x_wconf 87' lang='lat' dir='ltr'><strong>anuis</strong></span> <span class='ocrx_word' id='word_1_364' title='bbox 2604 2225 2839 2294; x_wconf 73' lang='lat' dir='ltr'><strong>triginta</strong></span> <span class='ocrx_word' id='word_1_365' title='bbox 2885 2226 3096 2299; x_wconf 81' lang='lat' dir='ltr'><strong>trib’us,</strong></span> <span class='ocrx_word' id='word_1_366' title='bbox 3129 2232 3185 2283; x_wconf 90' lang='lat' dir='ltr'><strong>et</strong></span> <span class='ocrx_word' id='word_1_367' title='bbox 3229 2234 3355 2285; x_wconf 91' lang='lat' dir='ltr'><strong>erat</strong></span> <span class='ocrx_word' id='word_1_368' title='bbox 3384 2231 3506 2286; x_wconf 88' lang='lat' dir='ltr'><strong>suis</strong></span> <span class='ocrx_word' id='word_1_369' title='bbox 3542 2230 3752 2287; x_wconf 88' lang='lat' dir='ltr'><strong>subdi-</strong></span> 
     </span>
    </p>
   </div>
   <div class='ocr_carea' id='block_1_57' title="bbox 2084 2310 3746 2389">
    <p class='ocr_par' dir='ltr' id='par_1_57' title="bbox 2084 2310 3746 2389">
     <span class='ocr_line' id='line_1_57' title="bbox 2084 2310 3746 2389; baseline 0.004 -21"><span class='ocrx_word' id='word_1_370' title='bbox 2084 2312 2151 2368; x_wconf 90' lang='lat' dir='ltr'><strong>tis</strong></span> <span class='ocrx_word' id='word_1_371' title='bbox 2183 2311 2497 2385; x_wconf 86' lang='lat' dir='ltr'><strong>presertim</strong></span> <span class='ocrx_word' id='word_1_372' title='bbox 2530 2311 2755 2368; x_wconf 88' lang='lat' dir='ltr'><strong>clericis</strong></span> <span class='ocrx_word' id='word_1_373' title='bbox 2782 2310 3038 2369; x_wconf 87' lang='lat' dir='ltr'><strong>multum</strong></span> <span class='ocrx_word' id='word_1_374' title='bbox 3060 2314 3319 2372; x_wconf 73' lang='lat' dir='ltr'><strong>affabilis</strong></span> <span class='ocrx_word' id='word_1_375' title='bbox 3343 2322 3398 2373; x_wconf 87' lang='lat' dir='ltr'><strong>et</strong></span> <span class='ocrx_word' id='word_1_376' title='bbox 3425 2316 3746 2389; x_wconf 86' lang='lat' dir='ltr'><strong>benignus;</strong></span> 
     </span>
    </p>
   </div>
   <div class='ocr_carea' id='block_1_58' title="bbox 2080 2396 3745 2467">
    <p class='ocr_par' dir='ltr' id='par_1_58' title="bbox 2080 2396 3745 2467">
     <span class='ocr_line' id='line_1_58' title="bbox 2080 2396 3745 2467; baseline 0.004 -13"><span class='ocrx_word' id='word_1_377' title='bbox 2080 2400 2188 2456; x_wconf 91' lang='lat' dir='ltr'><strong>fuit</strong></span> <span class='ocrx_word' id='word_1_378' title='bbox 2211 2398 2576 2454; x_wconf 70' lang='lat' dir='ltr'><strong>sufﬁcienter</strong></span> <span class='ocrx_word' id='word_1_379' title='bbox 2600 2400 2912 2467; x_wconf 87' lang='lat' dir='ltr'><strong>litteratus,</strong></span> <span class='ocrx_word' id='word_1_380' title='bbox 2944 2407 3001 2458; x_wconf 90' lang='lat' dir='ltr'><strong>et</strong></span> <span class='ocrx_word' id='word_1_381' title='bbox 3025 2400 3161 2457; x_wconf 86' lang='lat' dir='ltr'><strong>ideo</strong></span> <span class='ocrx_word' id='word_1_382' title='bbox 3188 2402 3544 2459; x_wconf 90' lang='lat' dir='ltr'><strong>clericorum</strong></span> <span class='ocrx_word' id='word_1_383' title='bbox 3576 2396 3745 2461; x_wconf 82' lang='lat' dir='ltr'><strong>fauc-</strong></span> 
     </span>
    </p>
   </div>
   <div class='ocr_carea' id='block_1_59' title="bbox 2079 2478 3750 2568">
    <p class='ocr_par' dir='ltr' id='par_1_59' title="bbox 2079 2478 3750 2568">
     <span class='ocr_line' id='line_1_59' title="bbox 2079 2478 3750 2568; baseline 0.004 -24"><span class='ocrx_word' id='word_1_384' title='bbox 2079 2494 2188 2545; x_wconf 91' lang='lat' dir='ltr'><strong>tor.</strong></span> <span class='ocrx_word' id='word_1_385' title='bbox 2211 2488 2400 2544; x_wconf 88' lang='lat' dir='ltr'><strong>Etiam</strong></span> <span class='ocrx_word' id='word_1_386' title='bbox 2431 2488 2652 2545; x_wconf 89' lang='lat' dir='ltr'><strong>multas</strong></span> <span class='ocrx_word' id='word_1_387' title='bbox 2684 2488 2985 2545; x_wconf 88' lang='lat' dir='ltr'><strong>orationes</strong></span> <span class='ocrx_word' id='word_1_388' title='bbox 3015 2494 3072 2547; x_wconf 89' lang='lat' dir='ltr'><strong>et</strong></span> <span class='ocrx_word' id='word_1_389' title='bbox 3101 2489 3428 2549; x_wconf 83' lang='lat' dir='ltr'><strong>dictaturas</strong></span> <span class='ocrx_word' id='word_1_390' title='bbox 3458 2495 3582 2550; x_wconf 87' lang='lat' dir='ltr'><strong>tam</strong></span> <span class='ocrx_word' id='word_1_391' title='bbox 3611 2478 3750 2568; x_wconf 84' lang='lat' dir='ltr'><strong>pro-</strong></span> 
     </span>
    </p>
   </div>
   <div class='ocr_carea' id='block_1_60' title="bbox 2078 2574 3749 2652">
    <p class='ocr_par' dir='ltr' id='par_1_60' title="bbox 2078 2574 3749 2652">
     <span class='ocr_line' id='line_1_60' title="bbox 2078 2574 3749 2652; baseline 0.002 -18"><span class='ocrx_word' id='word_1_392' title='bbox 2078 2593 2294 2650; x_wconf 87' lang='lat' dir='ltr'><strong>saycas</strong></span> <span class='ocrx_word' id='word_1_393' title='bbox 2324 2591 2509 2649; x_wconf 91' lang='lat' dir='ltr'><strong>quam</strong></span> <span class='ocrx_word' id='word_1_394' title='bbox 2559 2574 2838 2636; x_wconf 84' lang='lat' dir='ltr'><strong>metricas</strong></span> <span class='ocrx_word' id='word_1_395' title='bbox 2866 2595 2974 2651; x_wconf 90' lang='lat' dir='ltr'><strong>per</strong></span> <span class='ocrx_word' id='word_1_396' title='bbox 2999 2580 3060 2634; x_wconf 78' lang='lat' dir='ltr'><strong>Se</strong></span> <span class='ocrx_word' id='word_1_397' title='bbox 3103 2574 3303 2652; x_wconf 75' lang='lat' dir='ltr'><strong>ipsum</strong></span> <span class='ocrx_word' id='word_1_398' title='bbox 3334 2580 3519 2636; x_wconf 89' lang='lat' dir='ltr'><strong>edidit</strong></span> <span class='ocrx_word' id='word_1_399' title='bbox 3547 2584 3602 2637; x_wconf 89' lang='lat' dir='ltr'><strong>et</strong></span> <span class='ocrx_word' id='word_1_400' title='bbox 3622 2578 3749 2639; x_wconf 74' lang='lat' dir='ltr'><strong>dic-</strong></span> 
     </span>
    </p>
   </div>
   <div class='ocr_carea' id='block_1_61' title="bbox 2078 2658 3743 2741">
    <p class='ocr_par' dir='ltr' id='par_1_61' title="bbox 2078 2658 3743 2741">
     <span class='ocr_line' id='line_1_61' title="bbox 2078 2658 3743 2741; baseline 0.002 -18"><span class='ocrx_word' id='word_1_401' title='bbox 2078 2666 2236 2723; x_wconf 87' lang='lat' dir='ltr'><strong>tavit.</strong></span> <span class='ocrx_word' id='word_1_402' title='bbox 2294 2669 2430 2741; x_wconf 87' lang='lat' dir='ltr'><strong>Ipso</strong></span> <span class='ocrx_word' id='word_1_403' title='bbox 2486 2658 2689 2723; x_wconf 85' lang='lat' dir='ltr'><strong>autem</strong></span> <span class='ocrx_word' id='word_1_404' title='bbox 2746 2667 2807 2722; x_wconf 90' lang='lat' dir='ltr'><strong>in</strong></span> <span class='ocrx_word' id='word_1_405' title='bbox 2851 2671 3003 2724; x_wconf 88' lang='lat' dir='ltr'><strong>etate</strong></span> <span class='ocrx_word' id='word_1_406' title='bbox 3042 2658 3347 2740; x_wconf 80' lang='lat' dir='ltr'><strong>decrepita</strong></span> <span class='ocrx_word' id='word_1_407' title='bbox 3403 2670 3743 2741; x_wconf 87' lang='lat' dir='ltr'><strong>constituto,</strong></span> 
     </span>
    </p>
   </div>
   <div class='ocr_carea' id='block_1_62' title="bbox 2078 2754 3749 2817">
    <p class='ocr_par' dir='ltr' id='par_1_62' title="bbox 2078 2754 3749 2817">
     <span class='ocr_line' id='line_1_62' title="bbox 2078 2754 3749 2817; baseline 0.003 -5"><span class='ocrx_word' id='word_1_408' title='bbox 2078 2754 2301 2812; x_wconf 88' lang='lat' dir='ltr'><strong>subditi</strong></span> <span class='ocrx_word' id='word_1_409' title='bbox 2332 2754 2424 2810; x_wconf 90' lang='lat' dir='ltr'><strong>sui</strong></span> <span class='ocrx_word' id='word_1_410' title='bbox 2454 2760 2511 2811; x_wconf 92' lang='lat' dir='ltr'><strong>et</strong></span> <span class='ocrx_word' id='word_1_411' title='bbox 2556 2755 2819 2813; x_wconf 82' lang='lat' dir='ltr'><strong>maxime</strong></span> <span class='ocrx_word' id='word_1_412' title='bbox 2846 2757 3090 2813; x_wconf 90' lang='lat' dir='ltr'><strong>ecclesie</strong></span> <span class='ocrx_word' id='word_1_413' title='bbox 3128 2754 3341 2813; x_wconf 84' lang='lat' dir='ltr'><strong>vasalli</strong></span> <span class='ocrx_word' id='word_1_414' title='bbox 3370 2758 3663 2814; x_wconf 89' lang='lat' dir='ltr'><strong>tumultus</strong></span> <span class='ocrx_word' id='word_1_415' title='bbox 3689 2763 3749 2817; x_wconf 85' lang='lat' dir='ltr'><strong>et</strong></span> 
     </span>
    </p>
   </div>
   <div class='ocr_carea' id='block_1_63' title="bbox 302 2842 3743 2926">
    <p class='ocr_par' dir='ltr' id='par_1_63' title="bbox 302 2842 3743 2926">
     <span class='ocr_line' id='line_1_63' title="bbox 302 2842 3743 2926; baseline 0 -23"><span class='ocrx_word' id='word_1_416' title='bbox 302 2842 615 2904; x_wconf 71' lang='lat' dir='ltr'><strong>ereXerunt</strong></span> <span class='ocrx_word' id='word_1_417' title='bbox 645 2847 769 2917; x_wconf 87' lang='lat' dir='ltr'><strong>(an.</strong></span> <span class='ocrx_word' id='word_1_418' title='bbox 789 2848 964 2919; x_wconf 85' lang='grc'>1370).</span> <span class='ocrx_word' id='word_1_419' title='bbox 990 2848 1103 2906; x_wconf 88' lang='lat' dir='ltr'><strong>Sed</strong></span> <span class='ocrx_word' id='word_1_420' title='bbox 1130 2846 1418 2903; x_wconf 89' lang='lat' dir='ltr'><strong>dominus</strong></span> <span class='ocrx_word' id='word_1_421' title='bbox 1448 2849 1602 2903; x_wconf 89' lang='lat' dir='ltr'><strong>Deus</strong></span> <span class='ocrx_word' id='word_1_422' title='bbox 1632 2850 1686 2904; x_wconf 89' lang='lat' dir='ltr'><strong>et</strong></span> <span class='ocrx_word' id='word_1_423' title='bbox 1711 2848 1813 2921; x_wconf 91' lang='lat' dir='ltr'><strong>pia</strong></span> <span class='ocrx_word' id='word_1_424' title='bbox 1842 2850 1967 2904; x_wconf 50' lang='lat' dir='ltr'><strong>ma;</strong></span> <span class='ocrx_word' id='word_1_425' title='bbox 2007 2874 2047 2926; x_wconf 77' lang='grc' dir='ltr'>ο</span> <span class='ocrx_word' id='word_1_426' title='bbox 2078 2846 2341 2916; x_wconf 83' lang='lat' dir='ltr'><strong>gwerras</strong></span> <span class='ocrx_word' id='word_1_427' title='bbox 2366 2844 2521 2917; x_wconf 87' lang='lat' dir='ltr'><strong>inter</strong></span> <span class='ocrx_word' id='word_1_428' title='bbox 2549 2862 2610 2902; x_wconf 90' lang='lat' dir='ltr'><strong>se</strong></span> <span class='ocrx_word' id='word_1_429' title='bbox 2659 2846 2872 2916; x_wconf 84' lang='lat' dir='ltr'><strong>graves</strong></span> <span class='ocrx_word' id='word_1_430' title='bbox 2910 2844 3381 2903; x_wconf 77' lang='lat' dir='ltr'><strong>concitaverunt.</strong></span> <span class='ocrx_word' id='word_1_431' title='bbox 3430 2851 3491 2903; x_wconf 85' lang='lat' dir='ltr'><strong>in</strong></span> <span class='ocrx_word' id='word_1_432' title='bbox 3517 2847 3743 2920; x_wconf 88' lang='lat' dir='ltr'><strong>quibus</strong></span> 
     </span>
    </p>
   </div>
   <div class='ocr_carea' id='block_1_64' title="bbox 303 2934 1965 3015">
    <p class='ocr_par' dir='ltr' id='par_1_64' title="bbox 303 2934 1965 3015">
     <span class='ocr_line' id='line_1_64' title="bbox 303 2934 1965 3015; baseline 0.001 -24"><span class='ocrx_word' id='word_1_433' title='bbox 303 2940 391 2992; x_wconf 87' lang='lat' dir='ltr'><strong>ter</strong></span> <span class='ocrx_word' id='word_1_434' title='bbox 410 2937 537 3007; x_wconf 91' lang='lat' dir='ltr'><strong>ejus</strong></span> <span class='ocrx_word' id='word_1_435' title='bbox 562 2953 686 2993; x_wconf 91' lang='lat' dir='ltr'><strong>non</strong></span> <span class='ocrx_word' id='word_1_436' title='bbox 716 2934 880 2993; x_wconf 87' lang='lat' dir='ltr'><strong>obliti</strong></span> <span class='ocrx_word' id='word_1_437' title='bbox 910 2934 1314 3015; x_wconf 84' lang='lat' dir='ltr'><strong>misericordie</strong></span> <span class='ocrx_word' id='word_1_438' title='bbox 1356 2952 1463 2992; x_wconf 88' lang='lat' dir='ltr'><strong>sue</strong></span> <span class='ocrx_word' id='word_1_439' title='bbox 1511 2953 1621 2992; x_wconf 91' lang='lat' dir='ltr'><strong>nec</strong></span> <span class='ocrx_word' id='word_1_440' title='bbox 1649 2937 1965 2993; x_wconf 91' lang='lat' dir='ltr'><strong>ecclesiam</strong></span> 
     </span>
    </p>
   </div>
   <div class='ocr_carea' id='block_1_65' title="bbox 310 3010 1970 3100">
    <p class='ocr_par' dir='ltr' id='par_1_65' title="bbox 310 3010 1970 3100">
     <span class='ocr_line' id='line_1_65' title="bbox 310 3010 1970 3100; baseline 0.002 -20"><span class='ocrx_word' id='word_1_441' title='bbox 310 3032 579 3081; x_wconf 88' lang='lat' dir='ltr'><strong>nostram</strong></span> <span class='ocrx_word' id='word_1_442' title='bbox 602 3026 852 3082; x_wconf 90' lang='lat' dir='ltr'><strong>omnino</strong></span> <span class='ocrx_word' id='word_1_443' title='bbox 875 3010 1376 3100; x_wconf 72' lang='lat' dir='ltr'><strong>derelinquentes,</strong></span> <span class='ocrx_word' id='word_1_444' title='bbox 1397 3042 1468 3080; x_wconf 84' lang='lat' dir='ltr'><strong>ex</strong></span> <span class='ocrx_word' id='word_1_445' title='bbox 1493 3032 1629 3098; x_wconf 91' lang='lat' dir='ltr'><strong>post</strong></span> <span class='ocrx_word' id='word_1_446' title='bbox 1648 3026 1970 3098; x_wconf 89' lang='lat' dir='ltr'><strong>aliqualem</strong></span> 
     </span>
    </p>
   </div>
   <div class='ocr_carea' id='block_1_66' title="bbox 309 3108 1969 3187">
    <p class='ocr_par' dir='ltr' id='par_1_66' title="bbox 309 3108 1969 3187">
     <span class='ocr_line' id='line_1_66' title="bbox 309 3108 1969 3187; baseline 0.002 -20"><span class='ocrx_word' id='word_1_447' title='bbox 309 3108 780 3170; x_wconf 86' lang='lat' dir='ltr'><strong>consolationem</strong></span> <span class='ocrx_word' id='word_1_448' title='bbox 809 3113 1176 3183; x_wconf 83' lang='lat' dir='ltr'><strong>refuderuut,</strong></span> <span class='ocrx_word' id='word_1_449' title='bbox 1228 3110 1806 3187; x_wconf 81' lang='lat' dir='ltr'><strong>disponendoquod</strong></span> <span class='ocrx_word' id='word_1_450' title='bbox 1839 3108 1969 3171; x_wconf 76' lang='lat' dir='ltr'><strong>ofﬁ-</strong></span> 
     </span>
    </p>
   </div>
   <div class='ocr_carea' id='block_1_67' title="bbox 304 3197 1973 3276">
    <p class='ocr_par' dir='ltr' id='par_1_67' title="bbox 304 3197 1973 3276">
     <span class='ocr_line' id='line_1_67' title="bbox 304 3197 1973 3276; baseline 0.002 -19"><span class='ocrx_word' id='word_1_451' title='bbox 304 3197 440 3257; x_wconf 87' lang='lat' dir='ltr'><strong>ciati</strong></span> <span class='ocrx_word' id='word_1_452' title='bbox 465 3201 696 3258; x_wconf 86' lang='lat' dir='ltr'><strong>domini</strong></span> <span class='ocrx_word' id='word_1_453' title='bbox 743 3203 928 3259; x_wconf 85' lang='lat' dir='ltr'><strong>nostri</strong></span> <span class='ocrx_word' id='word_1_454' title='bbox 973 3200 1240 3276; x_wconf 89' lang='lat' dir='ltr'><strong>episcopi</strong></span> <span class='ocrx_word' id='word_1_455' title='bbox 1282 3218 1471 3276; x_wconf 90' lang='lat' dir='ltr'><strong>prope</strong></span> <span class='ocrx_word' id='word_1_456' title='bbox 1520 3209 1782 3260; x_wconf 87' lang='lat' dir='ltr'><strong>castrum</strong></span> <span class='ocrx_word' id='word_1_457' title='bbox 1824 3204 1973 3260; x_wconf 89' lang='lat' dir='ltr'><strong>Wol-</strong></span> 
     </span>
    </p>
   </div>
   <div class='ocr_carea' id='block_1_68' title="bbox 304 3290 1970 3365">
    <p class='ocr_par' dir='ltr' id='par_1_68' title="bbox 304 3290 1970 3365">
     <span class='ocr_line' id='line_1_68' title="bbox 304 3290 1970 3365; baseline 0.002 -19"><span class='ocrx_word' id='word_1_458' title='bbox 304 3291 596 3365; x_wconf 76' lang='lat' dir='ltr'><strong>deusteyn</strong></span> <span class='ocrx_word' id='word_1_459' title='bbox 621 3290 828 3349; x_wconf 84' lang='lat' dir='ltr'><strong>habito</strong></span> <span class='ocrx_word' id='word_1_460' title='bbox 858 3291 1083 3349; x_wconf 89' lang='lat' dir='ltr'><strong>insultu</strong></span> <span class='ocrx_word' id='word_1_461' title='bbox 1103 3304 1245 3349; x_wconf 89' lang='lat' dir='ltr'><strong>cum</strong></span> <span class='ocrx_word' id='word_1_462' title='bbox 1273 3292 1652 3363; x_wconf 86' lang='lat' dir='ltr'><strong>adversariis,</strong></span> <span class='ocrx_word' id='word_1_463' title='bbox 1678 3297 1745 3349; x_wconf 69' lang='lat' dir='ltr'><strong>2i</strong></span> <span class='ocrx_word' id='word_1_464' title='bbox 1776 3310 1970 3350; x_wconf 90' lang='lat' dir='ltr'><strong>arma-</strong></span> 
     </span>
    </p>
   </div>
   <div class='ocr_carea' id='block_1_69' title="bbox 304 3376 1969 3457">
    <p class='ocr_par' dir='ltr' id='par_1_69' title="bbox 304 3376 1969 3457">
     <span class='ocr_line' id='line_1_69' title="bbox 304 3376 1969 3457; baseline 0.002 -22"><span class='ocrx_word' id='word_1_465' title='bbox 304 3385 397 3435; x_wconf 89' lang='lat' dir='ltr'><strong>tos</strong></span> <span class='ocrx_word' id='word_1_466' title='bbox 443 3381 715 3453; x_wconf 88' lang='lat' dir='ltr'><strong>pociores</strong></span> <span class='ocrx_word' id='word_1_467' title='bbox 757 3380 831 3437; x_wconf 90' lang='lat' dir='ltr'><strong>de</strong></span> <span class='ocrx_word' id='word_1_468' title='bbox 880 3381 1173 3439; x_wconf 88' lang='lat' dir='ltr'><strong>dictorum</strong></span> <span class='ocrx_word' id='word_1_469' title='bbox 1227 3383 1451 3457; x_wconf 85' lang='lat' dir='ltr'><strong>ducum</strong></span> <span class='ocrx_word' id='word_1_470' title='bbox 1486 3378 1754 3457; x_wconf 87' lang='lat' dir='ltr'><strong>clientela</strong></span> <span class='ocrx_word' id='word_1_471' title='bbox 1801 3376 1969 3456; x_wconf 84' lang='lat' dir='ltr'><strong>cepe-</strong></span> 
     </span>
    </p>
   </div>
   <div class='ocr_carea' id='block_1_70' title="bbox 308 3466 1965 3545">
    <p class='ocr_par' dir='ltr' id='par_1_70' title="bbox 308 3466 1965 3545">
     <span class='ocr_line' id='line_1_70' title="bbox 308 3466 1965 3545; baseline 0.001 -22"><span class='ocrx_word' id='word_1_472' title='bbox 308 3473 464 3537; x_wconf 82' lang='lat' dir='ltr'><strong>runt,</strong></span> <span class='ocrx_word' id='word_1_473' title='bbox 485 3467 745 3545; x_wconf 85' lang='lat' dir='ltr'><strong>ipsemet</strong></span> <span class='ocrx_word' id='word_1_474' title='bbox 764 3469 916 3526; x_wconf 90' lang='lat' dir='ltr'><strong>duce</strong></span> <span class='ocrx_word' id='word_1_475' title='bbox 942 3466 1153 3527; x_wconf 85' lang='lat' dir='ltr'><strong>Ottone</strong></span> <span class='ocrx_word' id='word_1_476' title='bbox 1175 3474 1285 3543; x_wconf 85' lang='lat' dir='ltr'><strong>per</strong></span> <span class='ocrx_word' id='word_1_477' title='bbox 1314 3470 1523 3541; x_wconf 86' lang='lat' dir='ltr'><strong>fugam</strong></span> <span class='ocrx_word' id='word_1_478' title='bbox 1547 3471 1640 3527; x_wconf 85' lang='lat' dir='ltr'><strong>vix</strong></span> <span class='ocrx_word' id='word_1_479' title='bbox 1656 3466 1965 3527; x_wconf 79' lang='lat' dir='ltr'><strong>evaderite.</strong></span> 
     </span>
    </p>
   </div>
   <div class='ocr_carea' id='block_1_71' title="bbox 310 3552 1968 3632">
    <p class='ocr_par' dir='ltr' id='par_1_71' title="bbox 310 3552 1968 3632">
     <span class='ocr_line' id='line_1_71' title="bbox 310 3552 1968 3632; baseline 0.001 -19"><span class='ocrx_word' id='word_1_480' title='bbox 310 3559 387 3613; x_wconf 81' lang='lat' dir='ltr'><strong>Ex</strong></span> <span class='ocrx_word' id='word_1_481' title='bbox 422 3552 560 3614; x_wconf 76' lang='lat' dir='ltr'><strong>tunc</strong></span> <span class='ocrx_word' id='word_1_482' title='bbox 580 3556 1111 3615; x_wconf 83' lang='lat' dir='ltr'><strong>intervenientibus</strong></span> <span class='ocrx_word' id='word_1_483' title='bbox 1138 3557 1369 3632; x_wconf 89' lang='lat' dir='ltr'><strong>placitis</strong></span> <span class='ocrx_word' id='word_1_484' title='bbox 1394 3566 1597 3627; x_wconf 74' lang='lat' dir='ltr'><strong>treuge</strong></span> <span class='ocrx_word' id='word_1_485' title='bbox 1628 3560 1778 3617; x_wconf 78' lang='lat' dir='ltr'><strong>{acte</strong></span> <span class='ocrx_word' id='word_1_486' title='bbox 1810 3564 1968 3629; x_wconf 89' lang='lat' dir='ltr'><strong>sunt,</strong></span> 
     </span>
    </p>
   </div>
   <div class='ocr_carea' id='block_1_72' title="bbox 308 3644 1969 3721">
    <p class='ocr_par' dir='ltr' id='par_1_72' title="bbox 308 3644 1969 3721">
     <span class='ocr_line' id='line_1_72' title="bbox 308 3644 1969 3721; baseline 0.002 -19"><span class='ocrx_word' id='word_1_487' title='bbox 308 3644 363 3702; x_wconf 87' lang='lat' dir='ltr'><strong>et</strong></span> <span class='ocrx_word' id='word_1_488' title='bbox 393 3645 635 3703; x_wconf 82' lang='lat' dir='ltr'><strong>tandem</strong></span> <span class='ocrx_word' id='word_1_489' title='bbox 667 3646 918 3721; x_wconf 86' lang='lat' dir='ltr'><strong>cpidum</strong></span> <span class='ocrx_word' id='word_1_490' title='bbox 968 3648 1189 3705; x_wconf 83' lang='lat' dir='ltr'><strong>Alvede</strong></span> <span class='ocrx_word' id='word_1_491' title='bbox 1220 3645 1359 3705; x_wconf 77' lang='lat' dir='ltr'><strong>cum</strong></span> <span class='ocrx_word' id='word_1_492' title='bbox 1387 3654 1580 3705; x_wconf 88' lang='lat' dir='ltr'><strong>castro</strong></span> <span class='ocrx_word' id='word_1_493' title='bbox 1608 3665 1769 3705; x_wconf 88' lang='lat' dir='ltr'><strong>novo</strong></span> <span class='ocrx_word' id='word_1_494' title='bbox 1798 3644 1969 3705; x_wconf 60' lang='lat' dir='ltr'><strong>resti-i</strong></span> 
     </span>
    </p>
   </div>
   <div class='ocr_carea' id='block_1_73' title="bbox 310 3736 1966 3810">
    <p class='ocr_par' dir='ltr' id='par_1_73' title="bbox 310 3736 1966 3810">
     <span class='ocr_line' id='line_1_73' title="bbox 310 3736 1966 3810; baseline 0.001 -19"><span class='ocrx_word' id='word_1_495' title='bbox 310 3740 499 3792; x_wconf 89' lang='lat' dir='ltr'><strong>tutum</strong></span> <span class='ocrx_word' id='word_1_496' title='bbox 526 3738 615 3793; x_wconf 86' lang='lat' dir='ltr'><strong>est</strong></span> <span class='ocrx_word' id='word_1_497' title='bbox 657 3736 852 3804; x_wconf 87' lang='lat' dir='ltr'><strong>nobis,</strong></span> <span class='ocrx_word' id='word_1_498' title='bbox 886 3742 944 3793; x_wconf 92' lang='lat' dir='ltr'><strong>et</strong></span> <span class='ocrx_word' id='word_1_499' title='bbox 985 3738 1207 3810; x_wconf 86' lang='lat' dir='ltr'><strong>captivi</strong></span> <span class='ocrx_word' id='word_1_500' title='bbox 1254 3736 1477 3793; x_wconf 89' lang='lat' dir='ltr'><strong>ducum</strong></span> <span class='ocrx_word' id='word_1_501' title='bbox 1506 3741 1643 3793; x_wconf 88' lang='lat' dir='ltr'><strong>sunt</strong></span> <span class='ocrx_word' id='word_1_502' title='bbox 1682 3738 1848 3793; x_wconf 87' lang='lat' dir='ltr'><strong>liberi</strong></span> <span class='ocrx_word' id='word_1_503' title='bbox 1878 3738 1966 3793; x_wconf 92' lang='lat' dir='ltr'><strong>di-</strong></span> 
     </span>
    </p>
   </div>
   <div class='ocr_carea' id='block_1_74' title="bbox 307 3822 1967 3899">
    <p class='ocr_par' dir='ltr' id='par_1_74' title="bbox 307 3822 1967 3899">
     <span class='ocr_line' id='line_1_74' title="bbox 307 3822 1967 3899; baseline 0 -18"><span class='ocrx_word' id='word_1_504' title='bbox 307 3822 496 3881; x_wconf 85' lang='lat' dir='ltr'><strong>missi.</strong></span> <span class='ocrx_word' id='word_1_505' title='bbox 533 3826 694 3882; x_wconf 86' lang='lat' dir='ltr'><strong>idem</strong></span> <span class='ocrx_word' id='word_1_506' title='bbox 731 3824 1016 3883; x_wconf 86' lang='lat' dir='ltr'><strong>dominus</strong></span> <span class='ocrx_word' id='word_1_507' title='bbox 1062 3830 1263 3884; x_wconf 82' lang='lat' dir='ltr'><strong>noster</strong></span> <span class='ocrx_word' id='word_1_508' title='bbox 1312 3828 1634 3899; x_wconf 90' lang='lat' dir='ltr'><strong>episcopus</strong></span> <span class='ocrx_word' id='word_1_509' title='bbox 1687 3832 1806 3882; x_wconf 87' lang='lat' dir='ltr'><strong>toto</strong></span> <span class='ocrx_word' id='word_1_510' title='bbox 1856 3843 1967 3882; x_wconf 89' lang='lat' dir='ltr'><strong>suo</strong></span> 
     </span>
    </p>
   </div>
   <div class='ocr_carea' id='block_1_75' title="bbox 305 3908 1964 3988">
    <p class='ocr_par' dir='ltr' id='par_1_75' title="bbox 305 3908 1964 3988">
     <span class='ocr_line' id='line_1_75' title="bbox 305 3908 1964 3988; baseline -0.001 -17"><span class='ocrx_word' id='word_1_511' title='bbox 305 3908 572 3988; x_wconf 85' lang='lat' dir='ltr'><strong>tempore</strong></span> <span class='ocrx_word' id='word_1_512' title='bbox 602 3914 821 3973; x_wconf 86' lang='lat' dir='ltr'><strong>multas</strong></span> <span class='ocrx_word' id='word_1_513' title='bbox 847 3922 904 3973; x_wconf 93' lang='lat' dir='ltr'><strong>et</strong></span> <span class='ocrx_word' id='word_1_514' title='bbox 931 3916 1199 3973; x_wconf 88' lang='lat' dir='ltr'><strong>diversas</strong></span> <span class='ocrx_word' id='word_1_515' title='bbox 1224 3916 1615 3973; x_wconf 84' lang='lat' dir='ltr'><strong>adversitates</strong></span> <span class='ocrx_word' id='word_1_516' title='bbox 1649 3917 1705 3971; x_wconf 94' lang='lat' dir='ltr'><strong>in</strong></span> <span class='ocrx_word' id='word_1_517' title='bbox 1741 3915 1964 3988; x_wconf 87' lang='lat' dir='ltr'><strong>spoliis,</strong></span> 
     </span>
    </p>
   </div>
   <div class='ocr_carea' id='block_1_76' title="bbox 308 3996 1967 4073">
    <p class='ocr_par' dir='ltr' id='par_1_76' title="bbox 308 3996 1967 4073">
     <span class='ocr_line' id='line_1_76' title="bbox 308 3996 1967 4073; baseline -0.001 -13"><span class='ocrx_word' id='word_1_518' title='bbox 308 4000 597 4062; x_wconf 84' lang='lat' dir='ltr'><strong>incendiis</strong></span> <span class='ocrx_word' id='word_1_519' title='bbox 652 4009 708 4062; x_wconf 87' lang='lat' dir='ltr'><strong>et</strong></span> <span class='ocrx_word' id='word_1_520' title='bbox 759 3996 1185 4062; x_wconf 86' lang='lat' dir='ltr'><strong>rebelliouibus</strong></span> <span class='ocrx_word' id='word_1_521' title='bbox 1234 4021 1504 4073; x_wconf 89' lang='lat' dir='ltr'><strong>suorum,</strong></span> <span class='ocrx_word' id='word_1_522' title='bbox 1556 4006 1635 4061; x_wconf 92' lang='lat' dir='ltr'><strong>ab</strong></span> <span class='ocrx_word' id='word_1_523' title='bbox 1686 3998 1967 4060; x_wconf 83' lang='lat' dir='ltr'><strong>omnibus</strong></span> 
     </span>
    </p>
   </div>
   <div class='ocr_carea' id='block_1_77' title="bbox 308 4088 1966 4165">
    <p class='ocr_par' dir='ltr' id='par_1_77' title="bbox 308 4088 1966 4165">
     <span class='ocr_line' id='line_1_77' title="bbox 308 4088 1966 4165; baseline -0.001 -16"><span class='ocrx_word' id='word_1_524' title='bbox 308 4088 869 4165; x_wconf 73' lang='lat' dir='ltr'><strong>circumiacentibus</strong></span> <span class='ocrx_word' id='word_1_525' title='bbox 898 4092 1175 4163; x_wconf 84' lang='lat' dir='ltr'><strong>ducibus,</strong></span> <span class='ocrx_word' id='word_1_526' title='bbox 1209 4088 1534 4165; x_wconf 76' lang='lat' dir='ltr'><strong>nobilibus,</strong></span> <span class='ocrx_word' id='word_1_527' title='bbox 1562 4098 1618 4150; x_wconf 90' lang='lat' dir='ltr'><strong>et</strong></span> <span class='ocrx_word' id='word_1_528' title='bbox 1647 4108 1966 4165; x_wconf 88' lang='lat' dir='ltr'><strong>oppresso-</strong></span> 
     </span>
    </p>
   </div>
   <div class='ocr_carea' id='block_1_78' title="bbox 308 4268 1975 4341">
    <p class='ocr_par' dir='ltr' id='par_1_78' title="bbox 308 4268 1975 4341">
     <span class='ocr_line' id='line_1_78' title="bbox 308 4268 1975 4341; baseline 0.001 -14"><span class='ocrx_word' id='word_1_529' title='bbox 308 4277 413 4339; x_wconf 86' lang='lat' dir='ltr'><strong>est,</strong></span> <span class='ocrx_word' id='word_1_530' title='bbox 448 4272 553 4327; x_wconf 86' lang='lat' dir='ltr'><strong>sed</strong></span> <span class='ocrx_word' id='word_1_531' title='bbox 587 4276 787 4328; x_wconf 85' lang='lat' dir='ltr'><strong>tamen</strong></span> <span class='ocrx_word' id='word_1_532' title='bbox 821 4270 917 4327; x_wconf 87' lang='lat' dir='ltr'><strong>Dei</strong></span> <span class='ocrx_word' id='word_1_533' title='bbox 949 4274 1006 4327; x_wconf 88' lang='lat' dir='ltr'><strong>et</strong></span> <span class='ocrx_word' id='word_1_534' title='bbox 1053 4268 1351 4339; x_wconf 80' lang='lat' dir='ltr'><strong>genitricis</strong></span> <span class='ocrx_word' id='word_1_535' title='bbox 1379 4287 1483 4326; x_wconf 92' lang='lat' dir='ltr'><strong>sue</strong></span> <span class='ocrx_word' id='word_1_536' title='bbox 1532 4269 1702 4329; x_wconf 79' lang='lat' dir='ltr'><strong>Maria</strong></span> <span class='ocrx_word' id='word_1_537' title='bbox 1744 4268 1975 4341; x_wconf 74' lang='lat' dir='ltr'><strong>adjuto-</strong></span> 
     </span>
    </p>
   </div>
   <div class='ocr_carea' id='block_1_79' title="bbox 307 4360 1966 4435">
    <p class='ocr_par' dir='ltr' id='par_1_79' title="bbox 307 4360 1966 4435">
     <span class='ocr_line' id='line_1_79' title="bbox 307 4360 1966 4435; baseline -0.002 -18"><span class='ocrx_word' id='word_1_538' title='bbox 307 4362 416 4429; x_wconf 90' lang='lat' dir='ltr'><strong>rio,</strong></span> <span class='ocrx_word' id='word_1_539' title='bbox 451 4365 511 4418; x_wconf 88' lang='lat' dir='ltr'><strong>in</strong></span> <span class='ocrx_word' id='word_1_540' title='bbox 542 4379 665 4435; x_wconf 89' lang='lat' dir='ltr'><strong>qua</strong></span> <span class='ocrx_word' id='word_1_541' title='bbox 693 4362 869 4435; x_wconf 89' lang='lat' dir='ltr'><strong>plene</strong></span> <span class='ocrx_word' id='word_1_542' title='bbox 892 4361 1255 4429; x_wconf 83' lang='lat' dir='ltr'><strong>conﬁdebat,</strong></span> <span class='ocrx_word' id='word_1_543' title='bbox 1287 4361 1349 4416; x_wconf 92' lang='lat' dir='ltr'><strong>in</strong></span> <span class='ocrx_word' id='word_1_544' title='bbox 1376 4361 1625 4431; x_wconf 84' lang='lat' dir='ltr'><strong>singulis</strong></span> <span class='ocrx_word' id='word_1_545' title='bbox 1652 4360 1966 4416; x_wconf 83' lang='lat' dir='ltr'><strong>laudabili—</strong></span> 
     </span>
    </p>
   </div>
   <div class='ocr_carea' id='block_1_80' title="bbox 312 4449 1969 4526">
    <p class='ocr_par' dir='ltr' id='par_1_80' title="bbox 312 4449 1969 4526">
     <span class='ocr_line' id='line_1_80' title="bbox 312 4449 1969 4526; baseline -0.001 -19"><span class='ocrx_word' id='word_1_546' title='bbox 312 4458 396 4507; x_wconf 89' lang='lat' dir='ltr'><strong>ter</strong></span> <span class='ocrx_word' id='word_1_547' title='bbox 424 4452 734 4526; x_wconf 84' lang='lat' dir='ltr'><strong>prevaluil.</strong></span> <span class='ocrx_word' id='word_1_548' title='bbox 783 4454 1057 4509; x_wconf 89' lang='lat' dir='ltr'><strong>Castrum</strong></span> <span class='ocrx_word' id='word_1_549' title='bbox 1089 4450 1451 4508; x_wconf 89' lang='lat' dir='ltr'><strong>Calenberch</strong></span> <span class='ocrx_word' id='word_1_550' title='bbox 1486 4451 1741 4519; x_wconf 90' lang='lat' dir='ltr'><strong>obsedit,</strong></span> <span class='ocrx_word' id='word_1_551' title='bbox 1773 4457 1829 4505; x_wconf 91' lang='lat' dir='ltr'><strong>et</strong></span> <span class='ocrx_word' id='word_1_552' title='bbox 1855 4449 1969 4505; x_wconf 87' lang='lat' dir='ltr'><strong>ﬂu—</strong></span> 
     </span>
    </p>
   </div>
   <div class='ocr_carea' id='block_1_81' title="bbox 308 4538 1970 4623">
    <p class='ocr_par' dir='ltr' id='par_1_81' title="bbox 308 4538 1970 4623">
     <span class='ocr_line' id='line_1_81' title="bbox 308 4538 1970 4623; baseline -0.001 -26"><span class='ocrx_word' id='word_1_553' title='bbox 308 4541 470 4597; x_wconf 92' lang='lat' dir='ltr'><strong>vium</strong></span> <span class='ocrx_word' id='word_1_554' title='bbox 507 4545 770 4615; x_wconf 90' lang='lat' dir='ltr'><strong>Leynam</strong></span> <span class='ocrx_word' id='word_1_555' title='bbox 815 4541 1083 4607; x_wconf 85' lang='lat' dir='ltr'><strong>abduxit,</strong></span> <span class='ocrx_word' id='word_1_556' title='bbox 1133 4538 1372 4610; x_wconf 82' lang='lat' dir='ltr'><strong>magnis</strong></span> <span class='ocrx_word' id='word_1_557' title='bbox 1420 4546 1619 4609; x_wconf 79' lang='lat' dir='ltr'><strong>tamen</strong></span> <span class='ocrx_word' id='word_1_558' title='bbox 1663 4540 1970 4623; x_wconf 75' lang='lat' dir='ltr'><strong>laboribus</strong></span> 
     </span>
    </p>
   </div>
   <div class='ocr_carea' id='block_1_82' title="bbox 308 4606 2005 4729">
    <p class='ocr_par' dir='ltr' id='par_1_82' title="bbox 308 4606 2005 4729">
     <span class='ocr_line' id='line_1_82' title="bbox 308 4606 2005 4729; baseline -0.018 -43"><span class='ocrx_word' id='word_1_559' title='bbox 308 4635 361 4686; x_wconf 89' lang='lat' dir='ltr'><strong>et</strong></span> <span class='ocrx_word' id='word_1_560' title='bbox 391 4606 692 4729; x_wconf 69' lang='lat' dir='ltr'><strong>expensis,</strong></span> <span class='ocrx_word' id='word_1_561' title='bbox 719 4645 830 4711; x_wconf 89' lang='lat' dir='ltr'><strong>pro</strong></span> <span class='ocrx_word' id='word_1_562' title='bbox 858 4634 924 4686; x_wconf 89' lang='lat' dir='ltr'><strong>ut</strong></span> <span class='ocrx_word' id='word_1_563' title='bbox 944 4629 1127 4729; x_wconf 63' lang='lat' dir='ltr'><strong>liquet</strong></span> <span class='ocrx_word' id='word_1_564' title='bbox 1148 4606 1443 4711; x_wconf 71' lang='lat' dir='ltr'><strong>Castrum.</strong></span> <span class='ocrx_word' id='word_1_565' title='bbox 1469 4606 1795 4729; x_wconf 64' lang='lat' dir='ltr'><strong>(Ioldingeu</strong></span> <span class='ocrx_word' id='word_1_566' title='bbox 1821 4606 1971 4729; x_wconf 79' lang='grc'><strong>)</strong></span> <span class='ocrx_word' id='word_1_567' title='bbox 1998 4648 2005 4655; x_wconf 87' lang='grc'><strong>.</strong></span> 
     </span>
    </p>
   </div>
   <div class='ocr_carea' id='block_1_83' title="bbox 310 4714 1974 4807">
    <p class='ocr_par' dir='ltr' id='par_1_83' title="bbox 310 4714 1974 4807">
     <span class='ocr_line' id='line_1_83' title="bbox 310 4714 1974 4807; baseline -0.002 -31"><span class='ocrx_word' id='word_1_568' title='bbox 310 4714 554 4793; x_wconf 74' lang='lat' dir='ltr'><strong>ecclesie</strong></span> <span class='ocrx_word' id='word_1_569' title='bbox 603 4714 802 4807; x_wconf 70' lang='lat' dir='ltr'><strong>nostre</strong></span> <span class='ocrx_word' id='word_1_570' title='bbox 864 4714 1197 4797; x_wconf 82' lang='lat' dir='ltr'><strong>acquisivit,</strong></span> <span class='ocrx_word' id='word_1_571' title='bbox 1246 4714 1355 4793; x_wconf 86' lang='lat' dir='ltr'><strong>per</strong></span> <span class='ocrx_word' id='word_1_572' title='bbox 1410 4714 1599 4787; x_wconf 82' lang='lat' dir='ltr'><strong>multa</strong></span> <span class='ocrx_word' id='word_1_573' title='bbox 1657 4714 1974 4801; x_wconf 77' lang='lat' dir='ltr'><strong>dispendia</strong></span> 
     </span>
    </p>
   </div>
   <div class='ocr_carea' id='block_1_84' title="bbox 2078 4080 2186 4145">
    <p class='ocr_par' dir='ltr' id='par_1_84' title="bbox 2078 4080 2186 4145">
     <span class='ocr_line' id='line_1_84' title="bbox 2078 4080 2186 4145; baseline -0.009 0"><span class='ocrx_word' id='word_1_574' title='bbox 2078 4080 2186 4145; x_wconf 77' lang='lat' dir='ltr'><strong>etc&#39;.</strong></span> 
     </span>
    </p>
   </div>
   <div class='ocr_carea' id='block_1_85' title="bbox 307 4168 2053 4269">
    <p class='ocr_par' dir='ltr' id='par_1_85' title="bbox 307 4168 2053 4269">
     <span class='ocr_line' id='line_1_85' title="bbox 307 4168 2053 4269; baseline -0.002 -31"><span class='ocrx_word' id='word_1_575' title='bbox 307 4176 472 4238; x_wconf 85' lang='lat' dir='ltr'><strong>ribus</strong></span> <span class='ocrx_word' id='word_1_576' title='bbox 507 4183 630 4238; x_wconf 88' lang='lat' dir='ltr'><strong>suis</strong></span> <span class='ocrx_word' id='word_1_577' title='bbox 680 4168 1208 4257; x_wconf 75' lang='lat' dir='ltr'><strong>impugnatoribus</strong></span> <span class='ocrx_word' id='word_1_578' title='bbox 1262 4176 1612 4251; x_wconf 82' lang='lat' dir='ltr'><strong>gravissime</strong></span> <span class='ocrx_word' id='word_1_579' title='bbox 1646 4190 1966 4269; x_wconf 83' lang='lat' dir='ltr'><strong>perpessus</strong></span> 
     </span>
    </p>
   </div>
   <div class='ocr_carea' id='block_1_86' title="bbox 2081 2928 3748 3010">
    <p class='ocr_par' dir='ltr' id='par_1_86' title="bbox 2081 2928 3748 3010">
     <span class='ocr_line' id='line_1_86' title="bbox 2081 2928 3748 3010; baseline 0.001 -19"><span class='ocrx_word' id='word_1_580' title='bbox 2081 2934 2329 2991; x_wconf 89' lang='lat' dir='ltr'><strong>ecclesia</strong></span> <span class='ocrx_word' id='word_1_581' title='bbox 2359 2936 2564 2992; x_wconf 81' lang='lat' dir='ltr'><strong>noStra</strong></span> <span class='ocrx_word' id='word_1_582' title='bbox 2593 2936 2856 2991; x_wconf 82' lang='lat' dir='ltr'><strong>maxime</strong></span> <span class='ocrx_word' id='word_1_583' title='bbox 2884 2932 3235 3008; x_wconf 76' lang='lat' dir='ltr'><strong>periclitata,</strong></span> <span class='ocrx_word' id='word_1_584' title='bbox 3259 2936 3472 3005; x_wconf 74' lang='lat' dir='ltr'><strong>gra’ves‘</strong></span> <span class='ocrx_word' id='word_1_585' title='bbox 3502 2928 3748 3010; x_wconf 85' lang='lat' dir='ltr'><strong>oppres-</strong></span> 
     </span>
    </p>
   </div>
   <div class='ocr_carea' id='block_1_87' title="bbox 2082 3012 3749 3099">
    <p class='ocr_par' dir='ltr' id='par_1_87' title="bbox 2082 3012 3749 3099">
     <span class='ocr_line' id='line_1_87' title="bbox 2082 3012 3749 3099; baseline 0.002 -20"><span class='ocrx_word' id='word_1_586' title='bbox 2082 3024 2281 3079; x_wconf 83' lang='lat' dir='ltr'><strong>siones</strong></span> <span class='ocrx_word' id='word_1_587' title='bbox 2312 3028 2367 3079; x_wconf 90' lang='lat' dir='ltr'><strong>et</strong></span> <span class='ocrx_word' id='word_1_588' title='bbox 2396 3021 2647 3094; x_wconf 86' lang='lat' dir='ltr'><strong>injurias</strong></span> <span class='ocrx_word' id='word_1_589' title='bbox 2679 3012 3030 3081; x_wconf 78' lang='lat' dir='ltr'><strong>sustinebat.</strong></span> <span class='ocrx_word' id='word_1_590' title='bbox 3060 3022 3357 3099; x_wconf 78' lang='lat' dir='ltr'><strong>Episcopo</strong></span> <span class='ocrx_word' id='word_1_591' title='bbox 3389 3040 3532 3082; x_wconf 89' lang='lat' dir='ltr'><strong>vero</strong></span> <span class='ocrx_word' id='word_1_592' title='bbox 3560 3028 3749 3099; x_wconf 53' lang='lat' dir='ltr'><strong>prop:</strong></span> 
     </span>
    </p>
   </div>
   <div class='ocr_carea' id='block_1_88' title="bbox 2080 3108 3749 3186">
    <p class='ocr_par' dir='ltr' id='par_1_88' title="bbox 2080 3108 3749 3186">
     <span class='ocr_line' id='line_1_88' title="bbox 2080 3108 3749 3186; baseline 0.001 -18"><span class='ocrx_word' id='word_1_593' title='bbox 2080 3116 2167 3169; x_wconf 90' lang='lat' dir='ltr'><strong>ter</strong></span> <span class='ocrx_word' id='word_1_594' title='bbox 2196 3113 2428 3167; x_wconf 90' lang='lat' dir='ltr'><strong>senium</strong></span> <span class='ocrx_word' id='word_1_595' title='bbox 2451 3108 2761 3168; x_wconf 82' lang='lat' dir='ltr'><strong>deﬁciente</strong></span> <span class='ocrx_word' id='word_1_596' title='bbox 2793 3114 2849 3168; x_wconf 90' lang='lat' dir='ltr'><strong>et</strong></span> <span class='ocrx_word' id='word_1_597' title='bbox 2876 3110 3264 3168; x_wconf 81' lang='lat' dir='ltr'><strong>rebellionem</strong></span> <span class='ocrx_word' id='word_1_598' title='bbox 3285 3113 3557 3186; x_wconf 87' lang='lat' dir='ltr'><strong>ipsorum</strong></span> <span class='ocrx_word' id='word_1_599' title='bbox 3584 3111 3749 3171; x_wconf 45' lang='lat' dir='ltr'><strong>com;</strong></span> 
     </span>
    </p>
   </div>
   <div class='ocr_carea' id='block_1_89' title="bbox 2080 3196 3748 3274">
    <p class='ocr_par' dir='ltr' id='par_1_89' title="bbox 2080 3196 3748 3274">
     <span class='ocr_line' id='line_1_89' title="bbox 2080 3196 3748 3274; baseline 0.001 -18"><span class='ocrx_word' id='word_1_600' title='bbox 2080 3202 2322 3273; x_wconf 85' lang='lat' dir='ltr'><strong>pescere</strong></span> <span class='ocrx_word' id='word_1_601' title='bbox 2348 3200 2472 3255; x_wconf 84' lang='lat' dir='ltr'><strong>n&#39;ou</strong></span> <span class='ocrx_word' id='word_1_602' title='bbox 2501 3199 2757 3271; x_wconf 88' lang='lat' dir='ltr'><strong>valente,</strong></span> <span class='ocrx_word' id='word_1_603' title='bbox 2791 3199 2923 3255; x_wconf 84' lang='lat' dir='ltr'><strong>talis</strong></span> <span class='ocrx_word' id='word_1_604' title='bbox 2972 3196 3191 3255; x_wconf 83' lang='lat' dir='ltr'><strong>modus</strong></span> <span class='ocrx_word' id='word_1_605' title='bbox 3221 3196 3553 3270; x_wconf 77' lang='lat' dir='ltr'><strong>intervenit,</strong></span> <span class='ocrx_word' id='word_1_606' title='bbox 3579 3200 3748 3274; x_wconf 82' lang='lat' dir='ltr'><strong>quod</strong></span> 
     </span>
    </p>
   </div>
   <div class='ocr_carea' id='block_1_90' title="bbox 2080 3286 3746 3363">
    <p class='ocr_par' dir='ltr' id='par_1_90' title="bbox 2080 3286 3746 3363">
     <span class='ocr_line' id='line_1_90' title="bbox 2080 3286 3746 3363; baseline 0 -17"><span class='ocrx_word' id='word_1_607' title='bbox 2080 3290 2342 3346; x_wconf 87' lang='lat' dir='ltr'><strong>domnus</strong></span> <span class='ocrx_word' id='word_1_608' title='bbox 2398 3290 2661 3345; x_wconf 88' lang='lat' dir='ltr'><strong>Joannes</strong></span> <span class='ocrx_word' id='word_1_609' title='bbox 2709 3288 2867 3344; x_wconf 79' lang='lat' dir='ltr'><strong>ﬁlius</strong></span> <span class='ocrx_word' id='word_1_610' title='bbox 2925 3286 3158 3344; x_wconf 87' lang='lat' dir='ltr'><strong>comitis</strong></span> <span class='ocrx_word' id='word_1_611' title='bbox 3214 3288 3288 3343; x_wconf 90' lang='lat' dir='ltr'><strong>de</strong></span> <span class='ocrx_word' id='word_1_612' title='bbox 3354 3290 3548 3361; x_wconf 61' lang='lat' dir='ltr'><strong>‘Hoya,</strong></span> <span class='ocrx_word' id='word_1_613' title='bbox 3602 3287 3746 3363; x_wconf 67' lang='lat' dir='ltr'><strong>tunc</strong></span> 
     </span>
    </p>
   </div>
   <div class='ocr_carea' id='block_1_91' title="bbox 2080 3370 3747 3451">
    <p class='ocr_par' dir='ltr' id='par_1_91' title="bbox 2080 3370 3747 3451">
     <span class='ocr_line' id='line_1_91' title="bbox 2080 3370 3747 3451; baseline 0.001 -19"><span class='ocrx_word' id='word_1_614' title='bbox 2080 3378 2400 3451; x_wconf 86' lang='lat' dir='ltr'><strong>episcopus</strong></span> <span class='ocrx_word' id='word_1_615' title='bbox 2431 3394 2533 3432; x_wconf 86' lang='lat' dir='ltr'><strong>seu</strong></span> <span class='ocrx_word' id='word_1_616' title='bbox 2566 3377 2789 3434; x_wconf 88' lang='lat' dir='ltr'><strong>electus</strong></span> <span class='ocrx_word' id='word_1_617' title='bbox 2837 3372 3464 3445; x_wconf 70' lang='lat' dir='ltr'><strong>Padeburneu&#39;Seis,‘in</strong></span> <span class='ocrx_word' id='word_1_618' title='bbox 3494 3370 3747 3449; x_wconf 53' lang='lat' dir='ltr'><strong>cbadjul</strong></span> 
     </span>
    </p>
   </div>
   <div class='ocr_carea' id='block_1_92' title="bbox 2078 3464 3745 3540">
    <p class='ocr_par' dir='ltr' id='par_1_92' title="bbox 2078 3464 3745 3540">
     <span class='ocr_line' id='line_1_92' title="bbox 2078 3464 3745 3540; baseline 0.001 -18"><span class='ocrx_word' id='word_1_619' title='bbox 2078 3470 2267 3522; x_wconf 90' lang='lat' dir='ltr'><strong>torem</strong></span> <span class='ocrx_word' id='word_1_620' title='bbox 2296 3465 2508 3522; x_wconf 77' lang='lat' dir='ltr'><strong>domui</strong></span> <span class='ocrx_word' id='word_1_621' title='bbox 2561 3465 2829 3540; x_wconf 87' lang='lat' dir='ltr'><strong>episcopi</strong></span> <span class='ocrx_word' id='word_1_622' title='bbox 2872 3464 3354 3522; x_wconf 86' lang='lat' dir='ltr'><strong>Hideusemens&#39;is</strong></span> <span class='ocrx_word' id='word_1_623' title='bbox 3398 3464 3745 3540; x_wconf 83' lang='lat' dir='ltr'><strong>assumptus</strong></span> 
     </span>
    </p>
   </div>
   <div class='ocr_carea' id='block_1_93' title="bbox 2079 3536 3747 3633">
    <p class='ocr_par' dir='ltr' id='par_1_93' title="bbox 2079 3536 3747 3633">
     <span class='ocr_line' id='line_1_93' title="bbox 2079 3536 3747 3633; baseline 0.001 -22"><span class='ocrx_word' id='word_1_624' title='bbox 2079 3560 2184 3623; x_wconf 90' lang='lat' dir='ltr'><strong>est,</strong></span> <span class='ocrx_word' id='word_1_625' title='bbox 2213 3556 2317 3629; x_wconf 89' lang='lat' dir='ltr'><strong>qui</strong></span> <span class='ocrx_word' id='word_1_626' title='bbox 2364 3536 2711 3613; x_wconf 72' lang='lat' dir='ltr'><strong>insolentias</strong></span> <span class='ocrx_word' id='word_1_627' title='bbox 2752 3536 2889 3611; x_wconf 76' lang='lat' dir='ltr'><strong>ante</strong></span> <span class='ocrx_word' id='word_1_628' title='bbox 2914 3550 3159 3612; x_wconf 71' lang='lat' dir='ltr'><strong>habitas</strong></span> <span class='ocrx_word' id='word_1_629' title='bbox 3195 3536 3529 3622; x_wconf 72' lang='lat' dir='ltr'><strong>refrenavit,</strong></span> <span class='ocrx_word' id='word_1_630' title='bbox 3568 3536 3747 3633; x_wconf 64' lang='lat' dir='ltr'><strong>prout</strong></span> 
     </span>
    </p>
   </div>
   <div class='ocr_carea' id='block_1_94' title="bbox 2080 3640 3745 3721">
    <p class='ocr_par' dir='ltr' id='par_1_94' title="bbox 2080 3640 3745 3721">
     <span class='ocr_line' id='line_1_94' title="bbox 2080 3640 3745 3721; baseline 0 -21"><span class='ocrx_word' id='word_1_631' title='bbox 2080 3645 2416 3720; x_wconf 85' lang='lat' dir='ltr'><strong>aliqualiter</strong></span> <span class='ocrx_word' id='word_1_632' title='bbox 2467 3645 2642 3715; x_wconf 87' lang='lat' dir='ltr'><strong>fecit;</strong></span> <span class='ocrx_word' id='word_1_633' title='bbox 2693 3652 2817 3719; x_wconf 86' lang='lat' dir='ltr'><strong>quo</strong></span> <span class='ocrx_word' id='word_1_634' title='bbox 2862 3640 3150 3701; x_wconf 85' lang='lat' dir='ltr'><strong>translato</strong></span> <span class='ocrx_word' id='word_1_635' title='bbox 3196 3643 3273 3700; x_wconf 88' lang='lat' dir='ltr'><strong>ad</strong></span> <span class='ocrx_word' id='word_1_636' title='bbox 3325 3644 3745 3721; x_wconf 85' lang='lat' dir='ltr'><strong>episcopatum</strong></span> 
     </span>
    </p>
   </div>
   <div class='ocr_carea' id='block_1_95' title="bbox 2082 3726 3746 3803">
    <p class='ocr_par' dir='ltr' id='par_1_95' title="bbox 2082 3726 3746 3803">
     <span class='ocr_line' id='line_1_95' title="bbox 2082 3726 3746 3803; baseline 0.001 -13"><span class='ocrx_word' id='word_1_637' title='bbox 2082 3736 2648 3803; x_wconf 81' lang='lat' dir='ltr'><strong>Hildeusemensem,</strong></span> <span class='ocrx_word' id='word_1_638' title='bbox 2733 3734 3005 3791; x_wconf 84' lang='lat' dir='ltr'><strong>domnus</strong></span> <span class='ocrx_word' id='word_1_639' title='bbox 3080 3726 3423 3792; x_wconf 81' lang='lat' dir='ltr'><strong>Gherardus</strong></span> <span class='ocrx_word' id='word_1_640' title='bbox 3504 3734 3746 3791; x_wconf 86' lang='lat' dir='ltr'><strong>modico</strong></span> 
     </span>
    </p>
   </div>
   <div class='ocr_carea' id='block_1_96' title="bbox 2082 3817 3742 3896">
    <p class='ocr_par' dir='ltr' id='par_1_96' title="bbox 2082 3817 3742 3896">
     <span class='ocr_line' id='line_1_96' title="bbox 2082 3817 3742 3896; baseline 0 -19"><span class='ocrx_word' id='word_1_641' title='bbox 2082 3830 2345 3896; x_wconf 66' lang='lat' dir='ltr'><strong>tempore</strong></span> <span class='ocrx_word' id='word_1_642' title='bbox 2405 3822 2733 3895; x_wconf 86' lang='lat' dir='ltr'><strong>supervixit</strong></span> <span class='ocrx_word' id='word_1_643' title='bbox 2776 3818 2870 3891; x_wconf 64' lang='grc' dir='ltr'><strong>η’,</strong></span> <span class='ocrx_word' id='word_1_644' title='bbox 2921 3826 2978 3877; x_wconf 89' lang='lat' dir='ltr'><strong>et</strong></span> <span class='ocrx_word' id='word_1_645' title='bbox 3027 3817 3345 3878; x_wconf 84' lang='lat' dir='ltr'><strong>defunctus</strong></span> <span class='ocrx_word' id='word_1_646' title='bbox 3408 3823 3527 3892; x_wconf 82' lang='lat' dir='ltr'><strong>(an.</strong></span> <span class='ocrx_word' id='word_1_647' title='bbox 3585 3826 3742 3893; x_wconf 82' lang='grc'>1398,</span> 
     </span>
    </p>
   </div>
   <div class='ocr_carea' id='block_1_97' title="bbox 2078 3900 3743 3987">
    <p class='ocr_par' dir='ltr' id='par_1_97' title="bbox 2078 3900 3743 3987">
     <span class='ocr_line' id='line_1_97' title="bbox 2078 3900 3743 3987; baseline -0.003 -22"><span class='ocrx_word' id='word_1_648' title='bbox 2078 3914 2230 3966; x_wconf 72' lang='lat' dir='ltr'><strong>Nov.</strong></span> <span class='ocrx_word' id='word_1_649' title='bbox 2310 3914 2397 3975; x_wconf 78' lang='grc'><strong>15)</strong></span> <span class='ocrx_word' id='word_1_650' title='bbox 2454 3910 2639 3981; x_wconf 82' lang='lat' dir='ltr'><strong>apud&#39;</strong></span> <span class='ocrx_word' id='word_1_651' title='bbox 2702 3906 3153 3963; x_wconf 88' lang='lat' dir='ltr'><strong>Carthusienses</strong></span> <span class='ocrx_word' id='word_1_652' title='bbox 3221 3900 3743 3987; x_wconf 65' lang='lat' dir='ltr'><strong>Hildens&#39;emenses</strong></span> 
     </span>
    </p>
   </div>
   <div class='ocr_carea' id='block_1_98' title="bbox 2080 3988 3743 4071">
    <p class='ocr_par' dir='ltr' id='par_1_98' title="bbox 2080 3988 3743 4071">
     <span class='ocr_line' id='line_1_98' title="bbox 2080 3988 3743 4071; baseline -0.003 -17"><span class='ocrx_word' id='word_1_653' title='bbox 2080 3999 2369 4071; x_wconf 80' lang='lat' dir='ltr'><strong>sepultus,</strong></span> <span class='ocrx_word' id='word_1_654' title='bbox 2430 3996 2673 4053; x_wconf 81' lang='lat' dir='ltr'><strong>feliciter</strong></span> <span class='ocrx_word' id='word_1_655' title='bbox 2729 3997 2789 4051; x_wconf 90' lang='lat' dir='ltr'><strong>in</strong></span> <span class='ocrx_word' id='word_1_656' title='bbox 2846 3994 3074 4053; x_wconf 83' lang='lat' dir='ltr'><strong>Christo</strong></span> <span class='ocrx_word' id='word_1_657' title='bbox 3126 3988 3482 4068; x_wconf 79' lang='lat' dir='ltr'><strong>requiescat.</strong></span> <span class='ocrx_word' id='word_1_658' title='bbox 3530 3999 3743 4065; x_wconf 79' lang='lat' dir='ltr'><strong>Amen,</strong></span> 
     </span>
    </p>
   </div>
   <div class='ocr_carea' id='block_1_99' title="bbox 2651 4174 3177 4231">
    <p class='ocr_par' dir='ltr' id='par_1_99' title="bbox 2651 4174 3177 4231">
     <span class='ocr_line' id='line_1_99' title="bbox 2651 4174 3177 4231; baseline 0 -2"><span class='ocrx_word' id='word_1_659' title='bbox 2651 4174 3008 4231; x_wconf 76' lang='lat' dir='ltr'><strong>JOHANNES</strong></span> <span class='ocrx_word' id='word_1_660' title='bbox 3038 4177 3177 4230; x_wconf 67' lang='lat'><strong>380&#39;.</strong></span> 
     </span>
    </p>
   </div>
   <div class='ocr_carea' id='block_1_100' title="bbox 2156 4261 3748 4338">
    <p class='ocr_par' dir='ltr' id='par_1_100' title="bbox 2156 4261 3748 4338">
     <span class='ocr_line' id='line_1_100' title="bbox 2156 4261 3748 4338; baseline 0.001 -19"><span class='ocrx_word' id='word_1_661' title='bbox 2156 4270 2304 4322; x_wconf 80' lang='lat' dir='ltr'><strong>Ante</strong></span> <span class='ocrx_word' id='word_1_662' title='bbox 2335 4265 2529 4320; x_wconf 88' lang='lat' dir='ltr'><strong>dictus</strong></span> <span class='ocrx_word' id='word_1_663' title='bbox 2561 4265 2762 4319; x_wconf 89' lang='lat' dir='ltr'><strong>autem</strong></span> <span class='ocrx_word' id='word_1_664' title='bbox 2782 4261 3011 4320; x_wconf 86' lang='lat' dir='ltr'><strong>Johann</strong></span> <span class='ocrx_word' id='word_1_665' title='bbox 3021 4281 3083 4320; x_wconf 91' lang='lat' dir='ltr'><strong>es</strong></span> <span class='ocrx_word' id='word_1_666' title='bbox 3099 4264 3177 4321; x_wconf 89' lang='lat' dir='ltr'><strong>ad</strong></span> <span class='ocrx_word' id='word_1_667' title='bbox 3197 4265 3614 4338; x_wconf 86' lang='lat' dir='ltr'><strong>episcopatum</strong></span> <span class='ocrx_word' id='word_1_668' title='bbox 3632 4263 3748 4320; x_wconf 86' lang='lat' dir='ltr'><strong>Hil-</strong></span> 
     </span>
    </p>
   </div>
   <div class='ocr_carea' id='block_1_101' title="bbox 2077 4352 3745 4435">
    <p class='ocr_par' dir='ltr' id='par_1_101' title="bbox 2077 4352 3745 4435">
     <span class='ocr_line' id='line_1_101' title="bbox 2077 4352 3745 4435; baseline -0.004 -23"><span class='ocrx_word' id='word_1_669' title='bbox 2077 4357 2533 4435; x_wconf 83' lang='lat' dir='ltr'><strong>deusemeusem</strong></span> <span class='ocrx_word' id='word_1_670' title='bbox 2556 4352 2952 4425; x_wconf 89' lang='lat' dir='ltr'><strong>promotus,in</strong></span> <span class='ocrx_word' id='word_1_671' title='bbox 2978 4366 3088 4409; x_wconf 91' lang='lat' dir='ltr'><strong>suo</strong></span> <span class='ocrx_word' id='word_1_672' title='bbox 3114 4353 3355 4410; x_wconf 83' lang='lat' dir='ltr'><strong>introitu</strong></span> <span class='ocrx_word' id='word_1_673' title='bbox 3380 4352 3586 4426; x_wconf 81' lang='lat' dir='ltr'><strong>aliqua</strong></span> <span class='ocrx_word' id='word_1_674' title='bbox 3604 4352 3745 4407; x_wconf 85' lang='lat' dir='ltr'><strong>satis</strong></span> 
     </span>
    </p>
   </div>
   <div class='ocr_carea' id='block_1_102' title="bbox 2080 4436 3745 4513">
    <p class='ocr_par' dir='ltr' id='par_1_102' title="bbox 2080 4436 3745 4513">
     <span class='ocr_line' id='line_1_102' title="bbox 2080 4436 3745 4513; baseline -0.003 -13"><span class='ocrx_word' id='word_1_675' title='bbox 2080 4452 2363 4502; x_wconf 87' lang='lat' dir='ltr'><strong>strennue</strong></span> <span class='ocrx_word' id='word_1_676' title='bbox 2395 4438 2590 4513; x_wconf 70' lang='lat' dir='ltr'><strong>gessit.</strong></span> <span class='ocrx_word' id='word_1_677' title='bbox 2627 4446 2773 4499; x_wconf 89' lang='lat' dir='ltr'><strong>Nam</strong></span> <span class='ocrx_word' id='word_1_678' title='bbox 2800 4438 3017 4499; x_wconf 80' lang='lat' dir='ltr'><strong>dueem</strong></span> <span class='ocrx_word' id='word_1_679' title='bbox 3050 4444 3431 4499; x_wconf 77' lang='lat' dir='ltr'><strong>Frederieum‘</strong></span> <span class='ocrx_word' id='word_1_680' title='bbox 3458 4436 3532 4496; x_wconf 76' lang='lat' dir='ltr'><strong>de</strong></span> <span class='ocrx_word' id='word_1_681' title='bbox 3561 4440 3745 4496; x_wconf 85' lang='lat' dir='ltr'><strong>Brun-</strong></span> 
     </span>
    </p>
   </div>
   <div class='ocr_carea' id='block_1_103' title="bbox 2080 4529 3743 4613">
    <p class='ocr_par' dir='ltr' id='par_1_103' title="bbox 2080 4529 3743 4613">
     <span class='ocr_line' id='line_1_103' title="bbox 2080 4529 3743 4613; baseline -0.004 -22"><span class='ocrx_word' id='word_1_682' title='bbox 2080 4537 2270 4613; x_wconf 78' lang='lat' dir='ltr'><strong>swigg</strong></span> <span class='ocrx_word' id='word_1_683' title='bbox 2292 4540 2508 4613; x_wconf 73' lang='lat' dir='ltr'><strong>terram</strong></span> <span class='ocrx_word' id='word_1_684' title='bbox 2556 4532 3109 4588; x_wconf 87' lang='lat' dir='ltr'><strong>Hildeusemensem</strong></span> <span class='ocrx_word' id='word_1_685' title='bbox 3144 4531 3588 4613; x_wconf 74' lang='lat' dir='ltr'><strong>opprimentem</strong></span> <span class='ocrx_word' id='word_1_686' title='bbox 3615 4529 3743 4601; x_wconf 87' lang='lat' dir='ltr'><strong>ipse</strong></span> 
     </span>
    </p>
   </div>
   <div class='ocr_carea' id='block_1_104' title="bbox 2082 4600 3742 4707">
    <p class='ocr_par' dir='ltr' id='par_1_104' title="bbox 2082 4600 3742 4707">
     <span class='ocr_line' id='line_1_104' title="bbox 2082 4600 3742 4707; baseline -0.006 -25"><span class='ocrx_word' id='word_1_687' title='bbox 2082 4600 2450 4707; x_wconf 65' lang='lat' dir='ltr'><strong>couipescuit</strong></span> <span class='ocrx_word' id='word_1_688' title='bbox 2475 4602 2532 4679; x_wconf 80' lang='lat' dir='ltr'><strong>et</strong></span> <span class='ocrx_word' id='word_1_689' title='bbox 2550 4621 3047 4707; x_wconf 83' lang='lat' dir='ltr'><strong>repressit.Etiam</strong></span> <span class='ocrx_word' id='word_1_690' title='bbox 3070 4600 3577 4707; x_wconf 45' lang='lat' dir='ltr'><strong>cast—rumy’redeu</strong></span> <span class='ocrx_word' id='word_1_691' title='bbox 3593 4620 3742 4707; x_wconf 77' lang='grc'>(226)</span> 
     </span>
    </p>
   </div>
   <div class='ocr_carea' id='block_1_105' title="bbox 2082 4692 3743 4789">
    <p class='ocr_par' dir='ltr' id='par_1_105' title="bbox 2082 4692 3743 4789">
     <span class='ocr_line' id='line_1_105' title="bbox 2082 4692 3743 4789; baseline -0.005 -18"><span class='ocrx_word' id='word_1_692' title='bbox 2082 4692 2326 4771; x_wconf 68' lang='lat' dir='ltr'><strong>ecciesie</strong></span> <span class='ocrx_word' id='word_1_693' title='bbox 2350 4692 2823 4767; x_wconf 43' lang='lat' dir='ltr'><strong>Hildeusermensi</strong></span> <span class='ocrx_word' id='word_1_694' title='bbox 2852 4692 3105 4787; x_wconf 81' lang='lat' dir='ltr'><strong>multum</strong></span> <span class='ocrx_word' id='word_1_695' title='bbox 3134 4692 3523 4789; x_wconf 78' lang='lat' dir='ltr'><strong>prejudicialé</strong></span> <span class='ocrx_word' id='word_1_696' title='bbox 3558 4698 3743 4779; x_wconf 67' lang='lat' dir='ltr'><strong>expu-</strong></span> 
     </span>
    </p>
   </div>
   <div class='ocr_carea' id='block_1_106' title="bbox 1684 4806 2357 4912">
    <p class='ocr_par' dir='ltr' id='par_1_106' title="bbox 1684 4806 2357 4912">
     <span class='ocr_line' id='line_1_106' title="bbox 1684 4806 2357 4912; baseline -0.019 -16"><span class='ocrx_word' id='word_1_697' title='bbox 1684 4806 1916 4912; x_wconf 66' lang='lat' dir='ltr'><strong>YABLE</strong></span> <span class='ocrx_word' id='word_1_698' title='bbox 1956 4829 2357 4901; x_wconf 66' lang='lat' dir='ltr'><strong>LECTlQNES.</strong></span> 
     </span>
    </p>
   </div>
   <div class='ocr_carea' id='block_1_107' title="bbox 383 4936 3741 5020">
    <p class='ocr_par' dir='ltr' id='par_1_107' title="bbox 383 4936 3741 5020">
     <span class='ocr_line' id='line_1_107' title="bbox 383 4936 3741 5020; baseline -0.004 -14"><span class='ocrx_word' id='word_1_699' title='bbox 383 4951 451 4990; x_wconf 79' lang='grc'><strong>¹³⁸</strong></span> <span class='ocrx_word' id='word_1_700' title='bbox 482 4952 538 5004; x_wconf 90' lang='lat' dir='ltr'><strong>et</strong></span> <span class='ocrx_word' id='word_1_701' title='bbox 567 4948 739 5005; x_wconf 80' lang='lat' dir='ltr'><strong>addit</strong></span> <span class='ocrx_word' id='word_1_702' title='bbox 768 4964 819 5005; x_wconf 75' lang='grc' dir='ltr'><strong>ι’.</strong></span> <span class='ocrx_word' id='word_1_703' title='bbox 877 4948 966 5020; x_wconf 72' lang='lat'><strong>‘”__</strong></span> <span class='ocrx_word' id='word_1_704' title='bbox 981 4947 1057 5003; x_wconf 90' lang='lat' dir='ltr'><strong>de</strong></span> <span class='ocrx_word' id='word_1_705' title='bbox 1086 4962 1211 5019; x_wconf 90' lang='lat' dir='ltr'><strong>qua</strong></span> <span class='ocrx_word' id='word_1_706' title='bbox 1239 4948 1498 5020; x_wconf 87' lang='lat' dir='ltr'><strong>pecunia</strong></span> <span class='ocrx_word' id='word_1_707' title='bbox 1530 4946 1857 5004; x_wconf 79' lang='lat' dir='ltr'><strong>construxit</strong></span> <span class='ocrx_word' id='word_1_708' title='bbox 1882 4950 1940 5003; x_wconf 91' lang='lat' dir='ltr'><strong>et</strong></span> <span class='ocrx_word' id='word_1_709' title='bbox 1967 4945 2195 5002; x_wconf 89' lang='lat' dir='ltr'><strong>dotavit</strong></span> <span class='ocrx_word' id='word_1_710' title='bbox 2221 4960 2290 4999; x_wconf 91' lang='lat' dir='ltr'><strong>ac</strong></span> <span class='ocrx_word' id='word_1_711' title='bbox 2318 4940 2593 4997; x_wconf 85' lang='lat' dir='ltr'><strong>fundavit</strong></span> <span class='ocrx_word' id='word_1_712' title='bbox 2619 4939 2996 4996; x_wconf 90' lang='lat' dir='ltr'><strong>Carthusiam</strong></span> <span class='ocrx_word' id='word_1_713' title='bbox 3027 4954 3216 5012; x_wconf 90' lang='lat' dir='ltr'><strong>prope</strong></span> <span class='ocrx_word' id='word_1_714' title='bbox 3247 4936 3497 4994; x_wconf 82' lang='lat' dir='ltr'><strong>Hildem.</strong></span> <span class='ocrx_word' id='word_1_715' title='bbox 3556 4936 3629 4979; x_wconf 67' lang='grc' dir='ltr'><strong><em>ιδο</em></strong></span> <span class='ocrx_word' id='word_1_716' title='bbox 3653 4937 3741 4993; x_wconf 72' lang='lat' dir='ltr'><strong>ita</strong></span> 
     </span>
    </p>
   </div>
   <div class='ocr_carea' id='block_1_108' title="bbox 312 5018 1632 5093">
    <p class='ocr_par' dir='ltr' id='par_1_108' title="bbox 312 5018 1632 5093">
     <span class='ocr_line' id='line_1_108' title="bbox 312 5018 1632 5093; baseline -0.001 -16"><span class='ocrx_word' id='word_1_717' title='bbox 312 5036 360 5077; x_wconf 87' lang='lat' dir='ltr'><strong>c.</strong></span> <span class='ocrx_word' id='word_1_718' title='bbox 439 5023 508 5075; x_wconf 67' lang='lat'><strong>“.1</strong></span> <span class='ocrx_word' id='word_1_719' title='bbox 540 5022 633 5076; x_wconf 86' lang='lat' dir='ltr'><strong>VII</strong></span> <span class='ocrx_word' id='word_1_720' title='bbox 662 5037 715 5077; x_wconf 85' lang='lat' dir='ltr'><strong>c.</strong></span> <span class='ocrx_word' id='word_1_721' title='bbox 746 5021 818 5056; x_wconf 71' lang='grc'>³⁸³</span> <span class='ocrx_word' id='word_1_722' title='bbox 849 5018 998 5076; x_wconf 84' lang='lat' dir='ltr'><strong>obiit</strong></span> <span class='ocrx_word' id='word_1_723' title='bbox 1025 5018 1172 5089; x_wconf 71' lang='lat' dir='ltr'><strong>ergo</strong></span> <span class='ocrx_word' id='word_1_724' title='bbox 1201 5018 1260 5093; x_wconf 65' lang='grc' dir='ltr'><strong>ἃς</strong></span> <span class='ocrx_word' id='word_1_725' title='bbox 1290 5021 1355 5087; x_wconf 72' lang='grc' dir='ltr'>ι).</span> <span class='ocrx_word' id='word_1_726' title='bbox 1389 5023 1547 5077; x_wconf 86' lang='grc'>1398.</span> <span class='ocrx_word' id='word_1_727' title='bbox 1579 5025 1632 5076; x_wconf 87' lang='grc'>2.</span> 
     </span>
    </p>
   </div>
   <div class='ocr_carea' id='block_1_109' title="bbox 1910 5124 2130 5191">
    <p class='ocr_par' dir='ltr' id='par_1_109' title="bbox 1910 5124 2130 5191">
     <span class='ocr_line' id='line_1_109' title="bbox 1910 5124 2130 5191; baseline 0 -1"><span class='ocrx_word' id='word_1_728' title='bbox 1910 5124 2130 5191; x_wconf 68' lang='lat' dir='ltr'><strong>NON-&#39;3-</strong></span> 
     </span>
    </p>
   </div>
   <div class='ocr_carea' id='block_1_110' title="bbox 396 5234 1066 5306">
    <p class='ocr_par' dir='ltr' id='par_1_110' title="bbox 396 5234 1066 5306">
     <span class='ocr_line' id='line_1_110' title="bbox 396 5234 1066 5306; baseline -0.003 -15"><span class='ocrx_word' id='word_1_729' title='bbox 396 5236 524 5306; x_wconf 79' lang='grc'>219)</span> <span class='ocrx_word' id='word_1_730' title='bbox 556 5236 597 5290; x_wconf 84' lang='lat' dir='ltr'><strong>l.</strong></span> <span class='ocrx_word' id='word_1_731' title='bbox 632 5250 683 5291; x_wconf 91' lang='lat' dir='ltr'><strong>e.</strong></span> <span class='ocrx_word' id='word_1_732' title='bbox 712 5234 1066 5291; x_wconf 86' lang='lat' dir='ltr'><strong>barouibus.</strong></span> 
     </span>
    </p>
   </div>
   <div class='ocr_carea' id='block_1_111' title="bbox 402 5304 1977 5378">
    <p class='ocr_par' dir='ltr' id='par_1_111' title="bbox 402 5304 1977 5378">
     <span class='ocr_line' id='line_1_111' title="bbox 402 5304 1977 5378; baseline -0.001 -16"><span class='ocrx_word' id='word_1_733' title='bbox 402 5304 526 5378; x_wconf 86' lang='lat'><strong>220)</strong></span> <span class='ocrx_word' id='word_1_734' title='bbox 583 5309 866 5378; x_wconf 85' lang='lat' dir='ltr'><strong>Farmsen</strong></span> <span class='ocrx_word' id='word_1_735' title='bbox 909 5305 987 5362; x_wconf 92' lang='lat' dir='ltr'><strong>ab</strong></span> <span class='ocrx_word' id='word_1_736' title='bbox 1034 5304 1259 5378; x_wconf 79' lang='lat' dir='ltr'><strong>oriente</strong></span> <span class='ocrx_word' id='word_1_737' title='bbox 1301 5304 1551 5362; x_wconf 83' lang='lat' dir='ltr'><strong>civitatis</strong></span> <span class='ocrx_word' id='word_1_738' title='bbox 1583 5326 1595 5373; x_wconf 92' lang='lat'><strong>;</strong></span> <span class='ocrx_word' id='word_1_739' title='bbox 1625 5304 1977 5378; x_wconf 79' lang='lat' dir='ltr'><strong>Chronicon</strong></span> 
     </span>
    </p>
   </div>
   <div class='ocr_carea' id='block_1_112' title="bbox 313 5375 1976 5455">
    <p class='ocr_par' dir='ltr' id='par_1_112' title="bbox 313 5375 1976 5455">
     <span class='ocr_line' id='line_1_112' title="bbox 313 5375 1976 5455; baseline -0.002 -21"><span class='ocrx_word' id='word_1_740' title='bbox 313 5375 746 5455; x_wconf 57' lang='lat' dir='ltr'><strong>sancti&#39;JEgidii</strong></span> <span class='ocrx_word' id='word_1_741' title='bbox 774 5382 832 5434; x_wconf 91' lang='lat' dir='ltr'><strong>et</strong></span> <span class='ocrx_word' id='word_1_742' title='bbox 859 5378 1047 5434; x_wconf 85' lang='lat' dir='ltr'><strong>Botho</strong></span> <span class='ocrx_word' id='word_1_743' title='bbox 1069 5376 1473 5432; x_wconf 90' lang='lat' dir='ltr'><strong>Gheimessem</strong></span> <span class='ocrx_word' id='word_1_744' title='bbox 1494 5381 1551 5433; x_wconf 91' lang='lat' dir='ltr'><strong>et</strong></span> <span class='ocrx_word' id='word_1_745' title='bbox 1570 5377 1814 5434; x_wconf 89' lang='lat' dir='ltr'><strong>Dinklar</strong></span> <span class='ocrx_word' id='word_1_746' title='bbox 1840 5375 1976 5455; x_wconf 83' lang='lat' dir='ltr'><strong>scri-</strong></span> 
     </span>
    </p>
   </div>
   <div class='ocr_carea' id='block_1_113' title="bbox 310 5448 1160 5594">
    <p class='ocr_par' dir='ltr' id='par_1_113' title="bbox 310 5448 1160 5594">
     <span class='ocr_line' id='line_1_113' title="bbox 310 5448 1160 5594; baseline -0.006 -13"><span class='ocrx_word' id='word_1_747' title='bbox 310 5448 528 5594; x_wconf 42' lang='lat' dir='ltr'><strong>buégt)</strong></span> <span class='ocrx_word' id='word_1_748' title='bbox 550 5519 1160 5583; x_wconf 86' lang='lat' dir='ltr'><strong>Salzderheldensem.</strong></span> 
     </span>
    </p>
   </div>
   <div class='ocr_carea' id='block_1_114' title="bbox 2155 5229 2797 5299">
    <p class='ocr_par' dir='ltr' id='par_1_114' title="bbox 2155 5229 2797 5299">
     <span class='ocr_line' id='line_1_114' title="bbox 2155 5229 2797 5299; baseline -0.003 -14"><span class='ocrx_word' id='word_1_749' title='bbox 2155 5232 2302 5294; x_wconf 84' lang='grc'>(222)</span> <span class='ocrx_word' id='word_1_750' title='bbox 2334 5229 2797 5299; x_wconf 85' lang='lat' dir='ltr'><strong>Gottiugeusem.</strong></span> 
     </span>
    </p>
   </div>
   <div class='ocr_carea' id='block_1_115' title="bbox 2175 5298 3287 5373">
    <p class='ocr_par' dir='ltr' id='par_1_115' title="bbox 2175 5298 3287 5373">
     <span class='ocr_line' id='line_1_115' title="bbox 2175 5298 3287 5373; baseline -0.002 -17"><span class='ocrx_word' id='word_1_751' title='bbox 2175 5305 2297 5371; x_wconf 81' lang='grc'>223)</span> <span class='ocrx_word' id='word_1_752' title='bbox 2321 5317 2357 5373; x_wconf 86' lang='lat' dir='ltr'><strong>a</strong></span> <span class='ocrx_word' id='word_1_753' title='bbox 2382 5298 2592 5373; x_wconf 69' lang='lat' dir='ltr'><strong>Magno</strong></span> <span class='ocrx_word' id='word_1_754' title='bbox 2624 5299 2776 5365; x_wconf 86' lang='lat' dir='ltr'><strong>duce</strong></span> <span class='ocrx_word' id='word_1_755' title='bbox 2806 5298 3287 5373; x_wconf 85' lang='lat' dir='ltr'><strong>oppigneratum.</strong></span> 
     </span>
    </p>
   </div>
   <div class='ocr_carea' id='block_1_116' title="bbox 2176 5371 2650 5442">
    <p class='ocr_par' dir='ltr' id='par_1_116' title="bbox 2176 5371 2650 5442">
     <span class='ocr_line' id='line_1_116' title="bbox 2176 5371 2650 5442; baseline -0.006 -13"><span class='ocrx_word' id='word_1_756' title='bbox 2176 5376 2298 5442; x_wconf 76' lang='grc'>224)</span> <span class='ocrx_word' id='word_1_757' title='bbox 2327 5371 2650 5441; x_wconf 87' lang='lat' dir='ltr'><strong>Salzgitter.</strong></span> 
     </span>
    </p>
   </div>
   <div class='ocr_carea' id='block_1_117' title="bbox 2170 5443 3166 5519">
    <p class='ocr_par' dir='ltr' id='par_1_117' title="bbox 2170 5443 3166 5519">
     <span class='ocr_line' id='line_1_117' title="bbox 2170 5443 3166 5519; baseline -0.003 -19"><span class='ocrx_word' id='word_1_758' title='bbox 2170 5445 2299 5519; x_wconf 81' lang='grc'>225)</span> <span class='ocrx_word' id='word_1_759' title='bbox 2328 5443 2591 5519; x_wconf 72' lang='lat' dir='ltr'><strong>Misburg</strong></span> <span class='ocrx_word' id='word_1_760' title='bbox 2609 5457 2801 5519; x_wconf 81' lang='lat' dir='ltr'><strong>prope</strong></span> <span class='ocrx_word' id='word_1_761' title='bbox 2826 5444 3166 5519; x_wconf 73' lang='lat' dir='ltr'><strong>Hannover.</strong></span> 
     </span>
    </p>
   </div>
   <div class='ocr_carea' id='block_1_118' title="bbox 2167 5507 3731 5603">
    <p class='ocr_par' dir='ltr' id='par_1_118' title="bbox 2167 5507 3731 5603">
     <span class='ocr_line' id='line_1_118' title="bbox 2167 5507 3731 5603; baseline -0.006 -30"><span class='ocrx_word' id='word_1_762' title='bbox 2167 5507 2295 5590; x_wconf 78' lang='grc'>226)</span> <span class='ocrx_word' id='word_1_763' title='bbox 2322 5515 2402 5573; x_wconf 83' lang='lat' dir='ltr'><strong>ad</strong></span> <span class='ocrx_word' id='word_1_764' title='bbox 2430 5507 2904 5599; x_wconf 62' lang='lat' dir='ltr'><strong>Leiu&#39;ain,&#39;liaud</strong></span> <span class='ocrx_word' id='word_1_765' title='bbox 2944 5512 3159 5603; x_wconf 77' lang='lat' dir='ltr'><strong>procul</strong></span> <span class='ocrx_word' id='word_1_766' title='bbox 3203 5524 3243 5570; x_wconf 84' lang='lat' dir='ltr'><strong>a</strong></span> <span class='ocrx_word' id='word_1_767' title='bbox 3270 5507 3731 5603; x_wconf 46' lang='lat' dir='ltr'><strong>audentiam.</strong></span> 
     </span>
    </p>
   </div>
  </div>
