4020 6176
175 168 322 225 1185

1742 160 2119 230 Εκετοω».

3490 194 3629 255 1188

176 292 409 349 sciente
435 290 826 380 discederem,
872 303 908 347 a
943 304 1065 363 quo
1102 293 1384 365 quamvis
1411 292 1729 350 interdum
1752 291 1859 348 ab-
1887 298 1933 350 A
1971 295 2273 368 pientibu‘s
2301 318 2423 360 non
2450 305 2780 380 ignoratur,
2812 319 2871 370 et
2892 316 3044 372 ratio
3072 320 3317 375 tantum
3336 318 3406 376 in
3430 319 3634 378 studio

173 392 321 437 sons
352 378 533 436 locali
565 380 776 452 spatio,
807 380 1219 453 corporalique
1234 380 1539 456 colloquio
1570 380 1857 451 segrega-

170 474 293 540 tus,
358 482 629 542 usquam
689 468 895 526 mentis
938 483 1151 525 amore
1198 470 1428 528 fueram
1478 470 1853 541 disjunctus,

162 563 514 633 postquam
548 558 813 631 primum
843 559 1260 628 coagulatione
1290 560 1597 617 charitatis
1646 559 1853 615 adhae-

167 662 305 705 rere
356 647 640 704 ardenter
676 647 1059 720 incipiebam.
1115 652 1324 707 Precor
1372 649 1685 705 humiliter
1730 648 1853 721 pie-

168 743 360 795 tatem
392 741 658 793 vestram
696 741 764 792 ut
798 738 1157 794 memoriam
1205 738 1583 795 mei‘habeat
1624 739 1692 793 in
1722 752 1854 795 ora-

169 830 337 884 tione
370 831 572 883 vestra
596 826 656 881 in
684 824 816 882 loco
843 830 1051 883 sancto
1077 842 1188 900 pro
1218 827 1545 885 abolitione
1572 827 1856 883 commis-

174 928 387 974 sorum
418 912 715 972 meorum.
765 915 1022 982 Quando
1065 916 1227 973 enim
1254 932 1370 974 nos
1402 917 1585 973 vestri
1637 915 1850 973 oblivi-

180 1006 407 1062 seimur
460 1018 571 1065 nec
607 1005 795 1061 nostri
846 1005 1259 1079 recordamur,
1309 1006 1478 1080 quod
1518 1012 1849 1079 utrumque

179 1094 355 1152 absit.
384 1094 500 1151 Sed
524 1094 668 1166 quia
688 1094 979 1168 spirituali
1001 1096 1412 1153 consolatione
1430 1100 1631 1153 vestra
1657 1100 1845 1169 parte,

177 1185 227 1241 si
255 1179 615 1255 dignamini,
644 1183 931 1241 nolumus
975 1184 1226 1257 privari,
1268 1187 1347 1243 ad
1377 1186 1695 1244 utilitatem
1724 1186 1846 1259 spi-

174 1274 406 1330 ritualis
437 1277 495 1329 et
540 1273 883 1346 temmralis
910 1274 1171 1331 exercitii
1192 1275 1428 1350 aliquas
1452 1277 1846 1334 membranas

170 1358 352 1419 nobis
382 1362 597 1418 donari
640 1375 976 1435 precamur.
1026 1367 1197 1432 Nam,
1246 1370 1315 1421 ut
1364 1366 1548 1437 scitis,
1588 1366 1847 1422 “libenter

171 1452 478 1508 interdum
510 1451 946 1523 scriptitationis
970 1452 1263 1510 immorer
1292 1455 1511 1511 studio.
1538 1457 1651 1513 Sed
1680 1470 1844 1511 nunc

164 1542 520 1598 facultatem
543 1540 842 1597 scribendi
864 1542 1249 1615 pergamenis
1278 1545 1697 1602 deﬁcientibus
1718 1561 1842 1601 non

1972 389 2194 481 versari
2244 391 2535 451 videatur.
2587 398 2895 459 Glossema
2957 405 3293 463 novissime
3348 409 3639 481 acﬁuucta

1967 478 2358 573 proﬁtebatur
2384 483 2820 546 decoloratione
2850 493 2989 548 solis
3019 495 3291 570 gratiam
3320 478 3638 573 mevadep-

1966 568 2186 655 turum,
2212 584 2352 625 cum
2381 573 2687 655 veridicax‘
2709 579 3191 639 orthodoxorum
3219 567 3513 645 sententia
3541 567 3642 645 cle-

1965 653 2391 751 colorationem
2413 662 2561 751 solis
2590 667 3143 729 testaturfervorem
3172 673 3499 749 designare
3514 680 3647 751 per-

1966 741 2433 819 secutionis.Sed
2461 747 2508 802 si
2528 753 2649 805 tam
2668 767 2960 822 magnum
2989 754 3275 816 furorem
3299 741 3641 837 provocavi,

1963 833 2029 885 ut
2071 848 2238 887 more
2285 833 2648 895 irritatorum
2692 840 3011 901 hominum
3048 833 3647 910 locutio‘dictatiove

1960 924 2158 1009 vestra
2188 921 2432 995 eclipsin
2482 933 2803 999 pateretur,
2856 932 2956 988 tali
2986 932 3226 995 delicto
3255 938 3500 1009 indulge
3551 954 3646 995 ve-

1959 1007 2147 1081 niam,
2175 1009 2338 1068 abba
2364 1017 2721 1074 venerande.
2758 1020 2814 1076 Si
2843 1021 3083 1077 alterius
3113 1024 3387 1101 alicujus
3418 1007 3650 1084 vestro-

1957 1114 2096 1153 rum
2124 1101 2370 1172 puerilis
2398 1104 2635 1162 animus
2658 1108 2738 1163 sic
2769 1109 3109 1167 effcrbuerit
3142 1112 3329 1188 [cod.,
3351 1102 3649 1175 efferbue-

1956 1188 2091 1259 rat],
2132 1194 2328 1246 vestro
2358 1209 2736 1251 reservamus
2760 1197 3009 1267 judicio.

2742 1323 2829 1376 IV.

1953 1410 2641 1505 Rezfn’iﬁﬁro'isf’si’
2666 1418 2827 1505 ίονεε
2857 1426 3063 1505 senm
3106 1423 3661 1505 Εηανηωῖανηηιθη-

2025 1487 2411 1575 ita???“
2448 1488 2530 1544 αά
2564 1489 3043 1575 Erasmus-cem,
3072 1495 3174 1575 εέιέ
3202 1487 3664 1575 νωηξείέὲῖἰιέιῖἰ

2025 1558 2207 1620 sium,
2240 1562 2295 1613 et
2310 1573 2429 1628 pro
2456 1561 2641 1616 variis
2674 1558 2967 1629 beneﬁciis
2990 1558 3226 1633 gratias
3250 1568 3341 1635 ag
3353 1558 3434 1629 it,

168 1631 391 1744 Bap-eo,
450 1645 562 1685 mst
611 1636 820 1686 vestrae
875 1646 1100 1687 manus
1151 1633 1470 1705 largitione
1522 1636 1840 1692 tribuatur.
1873 1650 1917 1703 Β
2024 1661 2271 1720 Exiij
2300 1664 2633 1724 dilectionis
2684 1684 2795 1724 suo
2821 1672 3300 1741 consanguineo,
3340 1678 3411 1735 F.
3440 1688 3644 1744 Brom-

171 1720 390 1776 Valete.

242 1899 342 1954 Ad
377 1898 660 1954 eumdem.
705 1899 888 1955 Jurat
924 1814 1335 1971 sellbumdam
1391 1903 1614 1959 ﬁbram
1650 1916 1772 1959 non

827 1988 1163 2045 abstuh'sse.

253 2072 478 2129 Seniori
530 2087 638 2129 suo
691 2076 755 2130 G.
802 2076 968 2131 omni
1015 2078 1405 2136 veneratione
1432 2079 1755 2153 perdigno,
1782 2082 1840 2136 F.
1884 2111 1893 2118 -

170 2161 301 2216 solo
330 2161 573 2218 nomine
604 2162 888 2220 Cucullio.

246 2254 439 2323 Usque
470 2252 673 2322 modo,
705 2252 789 2308 mi
815 2253 1032 2321 senior,
1073 2253 1332 2312 nimium
1364 2257 1450 2313 fui
1480 2257 1842 2314 cordetenus

172 2340 474 2396 animatus
503 2340 576 2396 de
603 2341 914 2398 securitate
942 2348 1153 2398 vestrae
1186 2345 1415 2413 gratiae.
1454 2347 1569 2403 Sed
1595 2349 1843 2402 econtra

172 2428 377 2485 omnia
403 2444 562 2485 nunc
594 2430 759 2487 aliter
778 2435 1022 2504 propter
1032 2436 1281 2504 peccata
1301 2450 1463 2501 mea.
1478 2430 1681 2491 Tristis
1703 2450 1841 2489 sum

172 2519 351 2574 nimis
380 2520 458 2575 de
488 2520 643 2576 furto
666 2519 801 2576 libri
823 2520 1003 2577 vestri
1028 2536 1211 2593 supra
1261 2539 1363 2578 me
1395 2524 1556 2581 dicti.
1595 2523 1711 2579 Sed
1739 2539 1840 2579 ex-

172 2611 427 2681 purgare
445 2625 539 2665 me
561 2609 736 2682 cupio
765 2610 865 2666 tali
884 2608 1679 2686 facinore,qualitercunque
1712 2613 1840 2685 pla-

176 2704 269 2754 cet
292 2700 628 2772 paternitati
655 2701 832 2771 [tum].
855 2698 1012 2779 Quid
1039 2699 1258 2772 plura?
1284 2704 1534 2781 Pr0prio
1559 2719 1661 2760 ore
1683 2701 1840 2773 dico,

177 2794 429 2870 meaque
450 2790 637 2844 manu
659 2805 904 2845 securus
922 2787 1239 2845 subscribe
1267 2790 1350 2846 sic
1374 2792 1615 2848 dicens:
1653 2791 1709 2849 Si
1732 2807 1844 2863 ego

180 2878 236 2934 Ρ.
263 2876 428 2933 illum
449 2870 715 2934 vestrum
747 2878 972 2934 librum
996 2879 1066 2935 Μ.
1098 2894 1282 2952 quem
1311 2879 1530 2951 dicitis,
1561 2881 1657 2938 vel
1687 2881 1844 2938 furto

181 2956 304 3057 tuli,
331 2973 430 3023 aut
453 2968 531 3024 ab
557 2966 758 3041 aliquo
780 2969 938 3024 furto
956 2965 1268 3057 sublatum
1299 2972 1558 3044 suscepi,
1583 2971 1680 3028 vel
1700 2986 1846 3043 qua—
1877 3003 1918 3057 ε

179 3055 457 3131 licunque
488 3059 671 3114 modo
701 3074 841 3114 eum
868 3056 1066 3113 habeo
1089 3062 1190 3114 aut
1209 3059 1539 3118 habentem
1560 3062 1704 3128 scio,
1721 3076 1845 3115 cor-

180 3163 295 3221 pus
339 3152 395 3202 et
425 3148 668 3217 sanguis
718 3146 959 3204 Domini
1000 3148 1188 3203 nostri
1228 3151 1370 3205 Jesu
1413 3151 1645 3219 Christi;
1679 3150 1845 3223 quod

179 3235 399 3309 smpius
458 3236 708 3310 accipio,
759 3236 1039 3311 quamvis
1082 3235 1390 3308 indignus,
1442 3241 1549 3297 tiat
1587 3236 1735 3296 mihi
1766 3239 1847 3296 ad

180 3322 648 3395 demnationem,
680 3343 806 3383 non
845 3326 926 3382 ad
950 3324 1450 3399 redemptionem.

964 3413 1054 3469 Ill.

180 3502 283 3559 Ad
305 3498 669 3561 Ruotkeram
699 3504 975 3560 abbatem
1000 3496 1510 3574 Herbipolensem.
1539 3498 1763 3565 Tuetur
1788 3523 1849 3565 se

467 3594 751 3650 adversus
776 3593 1111 3649 acerbiores
1142 3594 1273 3662 ejus
1305 3595 1557 3654 litteras.

257 3679 471 3736 Abbati
500 3684 564 3737 R.
593 3681 912 3737 doctorum
942 3679 1322 3752 peritissimo,
1354 3682 1601 3739 humilis
1630 3686 1688 3739 F.
1713 3682 1847 3739 nul-

184 3769 303 3824 lius
332 3768 523 3825 meriti
551 3769 690 3826 dote
716 3768 962 3825 ditatus.

266 3858 521 3932 Epistol‘a
544 3859 725 3917 vestri
753 3858 1019 3916 nominis
1066 3859 1451 3933 inscriptione
1494 3860 1851 3935 praetitulata

187 3947 448 4005 multum
503 3948 960 4006 contristaverat
1030 3949 1365 4022 praecordia
1428 3956 1653 4020 nostra,
1712 3966 1849 4022 quae

186 4036 389 4112 primo
435 4036 567 4093 visa
613 4036 871 4094 ﬁnxerat
922 4048 1004 4110 se,
1057 4037 1232 4110 quasi
1282 4037 1589 4095 facecitate
1642 4041 1851 4093 vestrae

188 4125 531 4183 dictationis
554 4132 710 4183 esset
735 4126 1091 4200 composita.
1107 4128 1301 4193 Quam
1321 4142 1461 4182 cum
1484 4130 1852 4199 recuperatas

190 4215 410 4271 mentis
439 4215 765 4272 intentione
804 4215 1198 4288 perlegeram,
1250 4216 1498 4272 memini
1533 4230 1853 4289 nunquam

190 4321 304 4360 vos
352 4308 477 4361 tam
528 4305 753 4362 inculto
804 4304 958 4378 stylo
1007 4304 1129 4361 ulla
1176 4305 1362 4361 verba
1412 4304 1849 4378 composuisse.

194 4393 501 4451 Infremuit
527 4394 689 4451 enim
708 4394 996 4451 indecens
1019 4392 1313 4466 scriptura
1337 4393 1398 4449 in
1422 4393 1564 4450 talia
1584 4394 1856 4451 convicia

188 4487 262 4539 ut
304 4497 413 4539 nec
459 4499 557 4540 me
607 4484 806 4540 solum
835 4483 1164 4541 dilacerare
1205 4482 1524 4553 sufﬁceret,
1554 4498 1762 4540 verum
1794 4484 1856 4540 in

193 4572 494 4630 seniorem
538 4577 817 4631 nostrum
854 4574 943 4631 ira
972 4570 1292 4631 exarserat.
1330 4573 1389 4631 Si
1432 4573 1857 4631 honorandam

194 4662 483 4720 Ruotkeri
513 4674 842 4737 personam
870 4674 994 4721 non
1014 4674 1272 4729 vererer,
1306 4660 1705 4720 forsitan'tam
1748 4664 1857 4720 fos-

190 4750 292 4808 dis
330 4756 576 4827 tamque
606 4753 907 4827 pudendis
928 4759 1124 4811 uterer
1158 4754 1379 4825 verbis,
1409 4758 1475 4810 ut
1501 4768 1626 4810 non
1651 4753 1862 4826 pejora

193 4846 585 4914 superessent
638 4843 928 4900 convicia.
981 4846 1062 4899 De
1115 4842 1391 4914 neglectu
1442 4841 1590 4898 mihi
1639 4842 1860 4912 ignotis

193 4931 493 4988 cautionis
548 4932 983 5005 increpavistis,
1011 4946 1200 5004 quam
1238 4946 1349 4989 nec
1392 4945 1581 4989 manu
1617 4930 1863 5005 propria

196 5022 496 5091 commisi,
528 5036 641 5078 nec
678 5022 809 5078 aliis
858 5021 1263 5078 deferentibus
1309 5036 1585 5095 unquam
1630 5020 1857 5095 accepi.

198 5111 541 5175 Quemdam
576 5111 906 5168 Hezilinum
946 5110 1350 5181 adduxerunt,
1374 5113 1483 5183 qui
1506 5112 1749 5184 penitus
1779 5109 1862 5167 sic

196 5200 632 5270 ignotus,sicut
654 5209 970 5276 nunquam
991 5204 1080 5256 est
1107 5216 1142 5257 a
1168 5212 1268 5255 me
1290 5200 1690 5270 visus,nescio
1713 5201 1862 5275 quid

197 5291 534 5360 promiscui
561 5291 797 5364 pecoris
827 5294 1147 5364 petentem.
1181 5288 1355 5355 Quod
1377 5293 1711 5361 postquam
1737 5304 1863 5346 mo-

196 5378 543 5440 nomachia
573 5380 772 5438 studio
796 5376 1354 5449 deterserammullo
1374 5377 1560 5433 modo
1575 5380 1860 5451 possede-

194 5469 653 5544 ramJnmquali
685 5470 863 5527 etiam
879 5467 1174 5542 positione
1184 5478 1579 5523 numerorum
1603 5465 1865 5524 afﬁrmat

196 5564 303 5614 me
351 5557 633 5619 detestari
663 5558 949 5626 studium,
980 5556 1275 5630 optimam
1306 5558 1539 5630 partem
1577 5554 1858 5625 hominis,

76 5694 83 5699 .
197 5662 349 5704 eum
372 5649 575 5721 maior
610 5645 1260 5724 Meminiam
1287 5660 1420 5703 esse
1446 5658 1487 5703 a
1514 5645 1747 5703 cunctis
1767 5659 1860 5705 sa-

1950 1762 2165 1808 BALBUS
2194 1752 2256 1808 in
2290 1754 2600 1828 utriusque
2623 1756 2927 1830 perﬁdelis
2953 1758 3272 1834 obsequio.

2020 1841 2199 1906 Quod
2221 1847 2488 1900 vestrum
2514 1845 2689 1901 vobis
2730 1847 3076 1918 nuperrime
3107 1865 3229 1906 non
3275 1855 3626 1914 remisimus

1949 1925 2241 1998 libellum,
2283 1947 2360 1989 ne
2409 1931 2675 1990 alienum
2703 1933 2785 1990 ob
2836 1933 2953 1991 hoc
3000 1936 3275 1994 habeatis
3320 1942 3622 2011 animum,

1952 2031 2323 2088 quaesumus.
2369 2024 2518 2078 Nam
2548 2038 2689 2080 cum
2718 2038 2842 2081 non
2887 2024 3125 2095 ingrata
3169 2031 3369 2086 vestra
3397 2030 3619 2105 accipi-

1950 2123 2088 2163 mus
2105 2110 2335 2181 nuntia,
2352 2127 2468 2183 per
2486 2113 2675 2168 nostri
2693 2112 3023 2170 litterarum
3045 2112 3618 2189 compositiunculas

1951 2211 2208 2270 quaeque
2238 2204 2469 2257 secreta
2488 2200 2791 2272 nobisque
2815 2205 3159 2260 necessaria
3187 2202 3357 2271 vobis
3379 2204 3615 2270 reman-

1951 2282 2149 2340 daturi
2179 2286 2306 2341 sine
2345 2292 2551 2343 nostro
2596 2287 2863 2345 conscire
2906 2295 3101 2346 vester
3129 2291 3417 2359 abscessit
3456 2307 3612 2346 nun-

1950 2373 2090 2429 tius.
2108 2374 2281 2439 Quod
2310 2376 2492 2432 nimis
2517 2376 2763 2432 moleste
2783 2378 3077 2449 patientes
3104 2396 3210 2453 per
3237 2380 3419 2445 istum
3437 2378 3613 2437 nobis

1949 2467 2008 2518 et
2054 2462 2226 2519 vobis
2253 2463 2587 2521 ﬁdeliorem
2632 2466 2915 2533 nuntium
2951 2468 3125 2525 vobis
3174 2468 3615 2537 transmisimus

1946 2552 2223 2609 codicem
2247 2554 2624 2625 praedictum,
2651 2554 2868 2625 dignas
2890 2561 3090 2629 grates
3110 2558 3420 2629 referendo
3447 2558 3613 2635 quod

1952 2640 2162 2697 tandiu
2188 2641 2361 2698 illum
2393 2642 2571 2699 nobis
2590 2649 2882 2717 praestare
2911 2644 3143 2716 dignati
3171 2647 3328 2703 estis.
3365 2646 3479 2723 Sed
3506 2662 3614 2720 per

1952 2730 2236 2786 eumdem
2280 2732 2465 2803 hujus
2520 2732 2777 2789 scedula:
2822 2734 3170 2808 portitorem
3215 2736 3403 2794 nostri
3444 2722 3611 2792 libel-

1952 2818 2100 2889 lum,
2140 2819 2247 2891 qui
2276 2819 2619 2877 inscribitur
2660 2822 2926 2895 Persius,
2972 2823 3150 2879 nobis
3198 2824 3517 2895 remissum
3544 2822 3614 2880 iri

1952 2908 2282 2981 poscimus.
2321 2913 2602 2968 Praeterea
2641 2925 2786 2981 erga
2814 2912 2997 2973 vestri
3016 2914 3376 2986 .pergameni
3425 2914 3615 2971 dona-

1952 2997 2199 3065 tionem,
2253 2999 2400 3070 quia
2452 3004 2593 3055 tunc
2641 2999 2971 3071 gratiarum
3025 3002 3363 3061 actionibus
3416 3003 3617 3059 locum
3676 2994 3682 2999 ’

1954 3101 2077 3142 non
2124 3086 2471 3155 habuimus,
2528 3089 2829 3145 maximas
2879 3090 3194 3147 referimus
3237 3080 3476 3162 gratias.
3538 3084 3617 3147 De

1956 3173 2357 3246 promissione
2406 3182 2461 3232 et
2509 3177 2919 3235 consolatione
2970 3180 3160 3235 nostri
3205 3180 3428 3236 itineris
3481 3196 3616 3237 ves-

1956 3267 2149 3335 trapte
2192 3263 2372 3320 nobis
2403 3264 2582 3337 facta,
2612 3271 2830 3323 nostrae
2875 3283 3000 3325 non
3049 3271 3138 3324 est
3179 3267 3473 3325 facultatis
3512 3285 3616 3325 vos
3662 3304 3671 3309 ι

1955 3352 2148 3423 gratia
2174 3355 2603 3412 remunerandi
2635 3360 2698 3412 ut
2719 3356 3027 3429 promeriti
3056 3356 3195 3413 estis
3246 3361 3303 3415 et
3332 3360 3451 3417 Deo
3480 3373 3620 3433 con-

1955 3441 2203 3497 cedente
2256 3443 2791 3514 promerebimini:
2850 3448 3074 3502 aeterna
3119 3445 3291 3501 vobis
3343 3440 3619 3503 mercede

1956 3533 2365 3603 praeoptamus
2403 3531 2591 3602 digna
2619 3532 2949 3591 resolutum
2998 3533 3069 3589 iri
3098 3533 3368 3607 praemia.
3403 3531 3615 3591 Valete.

2756 3660 2801 3713 V

1957 3754 2121 3808 [dem
2388 3755 2581 3824 Rogat
2609 3762 2675 3810 ut
2704 3754 2820 3810 sibi
2845 3757 3141 3825 signiﬁcet
3170 3756 3318 3826 quid
3362 3756 3436 3810 de
3460 3754 3623 3826 [quo-

2135 3824 2276 3881 dam
2296 3825 2510 3881 itinere
2540 3827 2701 3882 velit.
2718 3824 3102 3881 Membranas
3127 3824 3302 3896 petit,
3329 3829 3440 3880 etc.

2026 3929 2092 3983 F.
2123 3928 2215 3982 sui
2240 3928 2576 3984 amicorum
2605 3928 2998 3997 amicissimo,
3031 3930 3446 4000 Rsommreus,
3476 3944 3621 4009 spu-

1946 4017 2031 4074 tis
2079 4016 2354 4073 omnium
2397 4016 2719 4087 obnoxius,
2765 4016 3066 4090 quidquid
3100 4018 3382 4092 adoptari
3427 4022 3622 4092 potest

1960 4105 2246 4163 festivius.

2030 4212 2157 4281 Tui,
2187 4227 2223 4268 o
2255 4210 2338 4267 mi
2384 4211 2584 4284 chara,
2616 4212 2912 4287 quamvis
2940 4214 3216 4273 absenu'a
3258 4214 3441 4272 nimis
3484 4231 3622 4289 per-

1960 4301 2239 4359 turbatus
2282 4299 2580 4373 suspirem
2610 4317 2770 4375 saepe
2799 4302 3040 4377 sapius,
3087 4303 3140 4359 si
3184 4320 3279 4360 res
3326 4309 3530 4362 tamen
3558 4322 3622 4362 se

1962 4398 2247 4465 prospere
2278 4406 2422 4462 erga
2446 4394 2500 4447 te
2527 4392 2770 4463 habent,
2803 4393 2952 4450 mihi
2982 4393 3318 4467 praecordia
3347 4394 3622 4451 mereris

1961 4480 2186 4538 nebula
2249 4480 2488 4538 detersa
2552 4482 2767 4541 rident.
2837 4483 2951 4541 Sed
3002 4484 3220 4539 harum
3270 4497 3474 4539 rerum
3544 4482 3622 4543 de

1962 4570 2186 4645 quibus
2213 4574 2417 4628 noster
2442 4571 2710 4641 ultimus,
2745 4587 2885 4630 cum
2916 4587 2953 4628 a
2981 4587 3080 4628 me
3120 4570 3465 4644 discessisti,
3514 4570 3625 4628 fuit

1964 4662 2411 4734 sermunculus,
2468 4662 2827 4720 memoriam
2883 4662 3050 4718 cordi
3101 4660 3439 4719 mentaliter
3488 4661 3624 4720 tinﬁ-

1967 4769 2138 4825 gens,
2171 4752 2218 4808 si
2264 4752 2325 4808 id
2373 4752 2597 4809 itineris
2651 4767 2892 4808 mecum
2940 4766 3294 4823 aggressum
3321 4751 3392 4807 iri
3418 4751 3572 4809 velis
3606 4769 3623 4820 ;

1967 4845 2071 4898 aut
2095 4840 2144 4897 si
2171 4839 2228 4896 id
2262 4840 2390 4898 ﬁeri
2430 4855 2555 4896 non
2584 4839 2797 4913 possit,
2830 4840 2979 4912 quid
3008 4844 3111 4896 aut
3134 4842 3432 4911 quantum
3476 4838 3621 4896 mihi

1969 4944 2364 5005 progressum
2412 4928 2605 4984 facere
2636 4928 2979 5002 praepossis,
3011 4926 3379 4999 adminiculo
3419 4928 3502 4986 tui
3532 4927 3625 4985 lit-

1971 5023 2230 5077 terarum
2260 5015 2837 5090 compositiunculis,
2865 5020 2931 5073 ut
2956 5032 3021 5073 es
3073 5013 3307 5072 locutus
3327 5015 3624 5074 intimato.

1970 5111 2258 5164 Praeterea
2287 5105 2731 5179 quantumlibet
2760 5105 3131 5164 membranis
3161 5122 3346 5162 causa
3374 5105 3628 5179 prescri-

1971 5195 2154 5253 bendi
2210 5194 2464 5264 libellos,
2503 5210 2658 5268 quos
2701 5196 2879 5267 nosti,
2924 5195 3070 5255 mihi
3111 5196 3627 5264 accommodatas,

1970 5287 2102 5345 illas
2128 5291 2331 5343 tamen
2363 5291 2592 5360 septem
2620 5286 2805 5361 pelles
2832 5286 3058 5344 ibidem
3089 5287 3381 5356 inventas,
3431 5287 3479 5343 si
3505 5301 3629 5359 non

1971 5376 2109 5450 plus
2139 5391 2295 5449 opus
2333 5375 2584 5443 habeas,
2613 5376 2762 5432 mihi
2789 5376 3173 5443 transmittes.
3222 5377 3415 5441 Tuum
3441 5375 3633 5435 senio-

1944 5516 1945 5519 η
1976 5483 2104 5524 rem
2130 5480 2319 5540 penes
2349 5470 2404 5522 te
2433 5469 2913 5523 commorantem
2936 5465 3062 5523 vice
3084 5480 3219 5523 mea
3248 5464 3634 5539 salutatoper

1971 5555 2198 5625 omnia,
2244 5559 2303 5613 et
2341 5555 2545 5625 ambo,
2577 5560 2757 5630 prout
2783 5554 3047 5615 maxime
3077 5553 3347 5626 valeatis,
3378 5553 3637 5630 studiosi

1973 5646 2099 5705 sitis
2126 5646 2189 5705 in
2218 5646 2547 5706 commissa
2574 5646 2745 5711 vobis
2792 5645 2990 5721 opella
3018 5645 3235 5713 seniori
3285 5648 3494 5720 nostro
3536 5661 3635 5704 sa-
