3998 6176
394 193 528 246 1287

391 315 712 380 tisfactum,
738 309 881 382 quia
904 304 1074 360 vobis
1098 302 1232 358 tidei
1266 300 1451 357 habet
1480 314 1667 371 quam
1695 295 2043 370 plurimum.

392 404 604 459 Valete.

1173 504 1260 556 Vl.

393 621 553 677 Idem
575 618 656 674 ad
681 614 947 673 eumdem
972 617 1025 669 et
1052 611 1224 667 alios.
1244 609 1370 665 Cur
1386 607 1468 663 ad
1491 620 1585 662 eos
1605 620 1724 660 non
1747 601 2049 657 inviserit?

784 689 865 743 De
895 684 1112 741 libellis
1141 679 1515 753 quibusdam,
1541 680 1650 731 etc.

463 796 705 857 Domnis
734 799 791 851 et
825 789 1103 848 fratribus
1147 787 1206 842 in
1248 784 1475 841 Christo
1517 782 1641 837 suis
1674 784 1756 835 W.
1791 782 1848 834 P.
1882 781 1949 834 M.
1987 779 2042 832 F.

389 892 485 963 [f.,
520 891 753 953 chom,
798 886 1024 943 Panem,
1072 881 1469 942 MEGINHELMO,
1519 866 1905 941 Fnoumruno],
1941 871 2044 922 BE-

390 956 693 1036 cnvsALmts
721 967 1078 1028 litteratoria}
1108 962 1499 1039 professionis
1546 956 2043 1031 neglectissimus,

389 1063 683 1141 quidquid
716 1058 990 1132 adoptari
1015 1059 1211 1129 pctest
1242 1052 1521 1109 festivius.

462 1133 721 1211 Exterior
762 1164 935 1205 meus
972 1148 1174 1210 homo,
1227 1140 1506 1214 quamvis
1554 1137 1717 1207 longi
1756 1133 2044 1207 temporis

388 1242 695 1302 interstitio
725 1241 1048 1311 conspectu
1089 1239 1286 1290 careat
1327 1234 1542 1298 vestro,
1574 1226 1818 1283 interior
1842 1229 2046 1280 tamen

387 1334 610 1391 intimm
632 1327 965 1386 dilectionis
990 1317 1477 1393 contemplationi
1496 1315 1674 1373 vestri
1696 1313 2046 1385 neutiquam

386 1410 752 1482 recordatur.
778 1415 949 1484 Quod
980 1416 1185 1479 vos,ut
1207 1406 1475 1482 promisi,
1499 1406 1559 1462 in
1588 1401 1904 1461 transactis
1925 1401 2046 1456 die-

388 1533 524 1573 rum
552 1508 857 1569 curriculis
885 1521 1007 1562 non
1050 1500 1305 1569 visitavi,
1336 1498 1398 1554 id
1429 1511 1707 1553 aversum
1738 1492 1923 1548 fuisse
1952 1506 2044 1546 se-

388 1603 572 1663 nioris
619 1599 737 1655 mei
788 1592 1106 1669 praesentia
1136 1590 1359 1645 scitote.
1422 1591 1669 1657 Insuper
1720 1597 1843 1637 non
1888 1579 2043 1669 adeo

388 1699 599 1769 aptum
647 1668 807 1744 mihi
822 1682 1139 1739 videbatur
1176 1680 1235 1769 in
1280 1677 1482 1769 hujus.
1512 1671 1798 1744 temporis
1830 1668 2045 1769 ‘ob‘ser-

386 1756 624 1841 vatione
653 1776 711 1831 id
763 1771 985 1829 itineris
1017 1766 1259 1824 meatim
1307 1762 1508 1835 arripi,
1559 1777 1698 1816 cum
1746 1756 2041 1830 pabulum

386 1875 540 1929 esset
566 1866 790 1938 ubique
831 1862 1104 1924 charum,
1156 1861 1211 1911 et
1258 1855 1481 1910 incerta
1525 1845 2043 1938 temperiesaeris

385 1935 725 2025 haberetur,
770 1951 942 2007 vobis
989 1961 1235 2021 quoque
1261 1944 1431 1999 locus
1474 1944 1531 1995 et
1562 1940 1752 1994 otium
1795 1935 2042 2025 minime

386 2051 628 2108 daretur
675 2039 980 2107 audiendi,
1027 2042 1084 2093 et
1111 2036 1243 2091 lene
1273 2031 1589 2088 consilium
1622 2043 1731 2102 pro
1768 2026 1861 2082 his
1897 2024 2045 2081 mihi

386 2136 594 2206 dandi,
639 2149 776 2207 quae
820 2128 998 2186 vestri
1052 2125 1288 2184 aurium
1339 2119 1629 2178 cubiculis
1668 2116 2039 2207 instillarem.

386 2205 707 2284 Transacto.
736 2216 1041 2275 Paschalis
1063 2211 1394 2270 festivitatis
1417 2205 1856 2282 exspectatione
1876 2218 2041 2268 mox,

388 2332 527 2374 cum
556 2319 724 2369 terrae
772 2308 965 2365 soluta
993 2303 1267 2375 gramina
1296 2300 1589 2364 emittunt,
1631 2312 1736 2350 vos
1768 2293 2043 2364 adusque

388 2404 508 2459 vita
537 2398 848 2473 superstite
878 2411 973 2451 me
1012 2392 1296 2466 promitto
1323 2388 1664 2444 venturum.
1710 2382 1837 2438 Tibi
1865 2382 2045 2473 frater

389 2468 796 2549 amantissime
843 2480 1242 2547 Froumunde,
1291 2475 1472 2534 libelli
1515 2473 1826 2531 residuum
1878 2468 2043 2542 quod

386 2579 630 2652 rogasti,
675 2592 783 2651 per
809 2575 972 2631 hunc
1013 2569 1347 2645 pelliferum
1376 2562 1701 2631 transmisi,
1735 2559 2043 2652 jubenste

385 2648 573 2745 quam
624 2648 904 2724 citissime
957 2660 1016 2717 id
1065 2656 1430 2732 perscribere
1488 2668 1675 2708 causa
1728 2648 2040 2745 confestim

386 2736 743 2823 remittendi,
774 2753 919 2827 quia
944 2748 1193 2806 domino
1232 2743 1507 2816 ejusdem
1535 2739 1674 2814 libri
1698 2738 1899 2794 nescio
1925 2736 2037 2792 tui-

386 2853 508 2906 met
537 2843 873 2919 postulatis,
923 2843 1016 2894 sat
1056 2835 1168 2905 egi.
1202 2833 1379 2889 Vobis
1428 2833 1652 2919 autem,
1697 2827 1940 2919 domine
1984 2831 2041 2881 et

384 2915 670 3006 magister
698 2927 1106 2999 Meginhelme,
1152 2938 1312 2978 nunc
1346 2917 1628 2991 temporis
1670 2915 1911 2988 nequivi
1941 2931 2037 2970 sa-

384 3005 674 3084 tisfacere.
717 3022 906 3087 Quem
959 3015 1119 3072 enim
1167 3012 1387 3068 librum
1432 3007 1690 3075 voluisti,
1722 3006 1783 3062 in
1831 3010 2040 3061 nostra
2068 3005 2109 3058 C

384 3112 725 3171 reconditur
767 3107 1147 3165 bibliotheca.
1203 3100 1309 3158 sed
1358 3103 1560 3155 utrum
1611 3099 1908 3152 correctus
1943 3094 2035 3162 sit,

380 3218 590 3268 necne,
623 3198 854 3256 dubito.
903 3195 958 3252 Si
990 3205 1340 3268 persensero
1379 3186 1548 3243 illum
1596 3184 1769 3241 vobis
1811 3183 2035 3251 utilem,

382 3308 505 3349 una
533 3304 773 3346 mecum
821 3288 1128 3358 asportare
1166 3276 1526 3354 procurabo.
1573 3274 1767 3330 Valete
1806 3272 2037 3329 vestris-

380 3397 499 3454 que
528 3376 901 3435 orationibus
930 3390 1028 3429 me
1066 3372 1375 3434 miserum,
1426 3367 1674 3437 inquam
1727 3362 2035 3432 miserum,

379 3466 695 3539 impertita.

1154 3567 1267 3619 Vll.

378 3676 757 3736 Froumundi
779 3674 860 3731 ad
886 3670 1187 3728 Pabonem
1215 3666 1571 3723 monachum
1594 3680 1704 3735 pro
1730 3666 2035 3721 vestimen-

677 3748 749 3804 tis
780 3744 992 3819 quibus
1020 3756 1081 3799 se
1105 3756 1143 3797 a
1171 3740 1404 3811 frigore
1432 3736 1737 3807 defendat.

446 3859 682 3914 Domno
712 3856 924 3910 PABONI
968 3851 1148 3907 frater
1178 3850 1572 3915 Faounuunus,
1613 3842 1909 3916 quidquid
1947 3848 2035 3901 est

375 3945 676 4004 charitatis
705 3944 768 4000 in
793 3941 1066 3998 Domino.

442 4033 723 4090 Instantis
770 4029 986 4087 hiemis
1034 4041 1317 4100 pressura
1350 4023 1508 4094 cogit
1534 4039 1632 4079 me
1669 4022 1864 4078 dicere
1893 4040 2029 4096 quae

375 4126 516 4177 sunt
543 4120 717 4176 nobis
746 4115 1104 4175 necessaria.
1136 4113 1394 4170 Nimium
1419 4110 1682 4168 conﬁsus
1708 4111 1879 4168 solita
1895 4113 2031 4169 cha-

371 4210 541 4267 ritate
570 4214 767 4265 vestra
795 4208 953 4263 circa
998 4222 1115 4271 me,
1166 4218 1450 4272 rogO'vos
1495 4205 1557 4256 ut
1601 4200 1845 4258 mittatis
1883 4201 2025 4258 mihi

371 4299 526 4356 duos
556 4300 813 4354 vuantos
861 4293 1132 4367 hispidos
1162 4291 1409 4361 sulinos,
1442 4294 1546 4346 aut
1580 4289 1884 4361 ﬁberinos,
1934 4291 2026 4345 vel

368 4388 671 4462 vulpinos,
694 4385 915 4459 qnibus
943 4362 1189 4439 indutus
1214 4382 1396 4438 vitare
1421 4379 1659 4437 valeam
1689 4380 2024 4452 periculum
2058 4362 2100 4415 θ

1348 175 1752 233 FROUMUNDI
1791 170 2190 229 C(ENOBITE
2234 168 2798 228 TEGERNSEENSIS

3690 168 3806 228 £288

2159 292 2327 365 quod
2349 297 2402 349 te
2422 293 2728 366 quiescere
2758 293 3041 351 audimus
3062 292 3125 351 in
3153 294 3577 351 monastariali
3608 297 3806 367 quiete,

2160 381 2358 455 sopita
2386 388 2565 457 atque
2608 383 2819 439 delusa
2846 387 3063 439 cuncta
3092 382 3366 439 saeculari
3418 383 3806 440 tribulatione.

2159 471 2384 537 Gaude,
2432 471 2611 528 frater
2656 471 3059 539 dilectissime,
3105 471 3274 544 quod
3325 471 3611 528 invenisti
3664 474 3811 545 quod

2159 577 2395 631 semper
2437 561 2762 633 suspirioso
2809 560 3012 617 animo
3054 559 3400 633 qutesivisti.
3444 563 3619 632 Rogo
3652 566 3725 629 te,
3751 580 3813 618 ne

2159 650 2279 706 ulla
2315 650 2639 723 deceptrix,
2686 651 2855 708 nulla
2894 650 3192 708 seductrix
3230 650 3450 708 avellat
3493 658 3553 708 te
3596 652 3673 708 de
3714 659 3813 709 tra-

2155 740 2296 796 mite
2326 740 2602 797 veritatis.
2652 740 2779 798 Noli
2806 740 3104 814 respicere
3140 741 3371 796 nodum
3404 740 3666 807 solvere,
3704 759 3811 814 quo

2158 833 2211 884 te
2262 829 2510 898 trusisti,
2562 834 2867 903 perpetuae
2916 829 3187 887 charitati
3242 829 3533 903 deinceps
3588 847 3809 888 vacare.

2159 917 2410 987 Fugiens
2442 934 2474 974 e
2506 918 2746 987 saeculo,
2781 919 2829 975 si
2859 923 2998 991 post
3044 922 3276 988 tergum
3307 918 3563 991 respicis
3593 919 3805 983 animo,

2156 1006 2412 1064 multum
2434 1008 2670 1065 miraris
2690 1007 2855 1081 quod
2875 1006 3236 1063 multimoda
3249 1005 3594 1080 infestaque
3614 1010 3810 1065 mundi

2154 1097 2419 1169 pericula
2448 1102 2572 1153 tam
2599 1097 2801 1153 salvus
2832 1113 3130 1153 evaseras.
3157 1095 3313 1162 Quid
3336 1097 3574 1163 multa?
3598 1101 3683 1153 Ex
3701 1115 3811 1171 quo

2153 1186 2338 1241 homo
2366 1186 2650 1259 indignus
2680 1186 2996 1260 presbyter
3025 1202 3162 1242 sum
3208 1185 3549 1252 ordinatus,
3583 1187 3671 1242 tui
3698 1203 3809 1244 non

2156 1291 2290 1331 sum
2320 1275 2576 1343 oblitus;
2614 1275 2897 1350 deinceps
2925 1291 3068 1332 vero
3110 1291 3449 1348 nunquam,
3480 1291 3805 1349 nusquam,

2154 1365 2403 1436 quando
2451 1365 2570 1422 mei
2614 1380 2964 1421 meorumve
2992 1364 3295 1431 recordor,
3328 1364 3413 1420 tui
3455 1380 3586 1421 non
3612 1366 3807 1422 oblivi-

2156 1469 2310 1508 scor.
2372 1455 2699 1527 Speramus
2764 1470 3054 1526 namque,
3112 1452 3443 1527 spirituque
3510 1458 3805 1526 optamus.

2153 1543 2525 1616 quandoque
2556 1548 2610 1599 te
2630 1542 2833 1600 venire
2860 1543 2939 1599 ad
2967 1542 3101 1599 loca
3122 1541 3299 1598 nobis
3328 1542 3646 1613 viciniora,
3678 1558 3813 1615 prae-

2080 1656 2118 1710 B
2153 1630 2321 1701 digni
2353 1632 2592 1689 abbatis
2635 1631 2719 1689 tui
2757 1630 3140 1688 benedicibili
3184 1630 3444 1688 licentia.
3478 1632 3731 1689 Conﬁdo
3756 1633 3811 1688 in

2154 1722 2408 1777 Domino
2437 1723 2579 1777 Jesu
2612 1721 2842 1779 Christo
2871 1725 2938 1778 ut
2961 1720 3253 1777 voluntati
3295 1737 3449 1777 mea:
3479 1721 3808 1777 satifaciens

2154 1809 2415 1867 deducat
2460 1825 2558 1866 me
2608 1810 2689 1866 ad
2739 1810 2943 1866 locum
2989 1809 3095 1865 ubi
3132 1809 3373 1866 inventa
3426 1814 3569 1865 sunt
3614 1812 3809 1865 sancta

2154 1900 2326 1972 signa
2355 1905 2578 1957 nostra;
2622 1899 3073 1974 redemptionis.
3129 1902 3197 1956 Et
3241 1898 3290 1955 si
3343 1900 3427 1955 ita
3464 1898 3597 1967 erit,
3645 1900 3808 1973 cupio

2152 2006 2260 2046 vos
2308 1990 2507 2046 videre
2557 2006 2777 2064 meque
2821 1989 3249 2046 commendare
3291 1993 3517 2045 sanctae
3566 1989 3806 2046 orationi

2154 2079 2479 2150 seniorum,
2527 2079 2577 2135 si
2614 2079 2964 2150 dignantur,
3011 2077 3416 2136 Cluniacensis
3447 2079 3802 2135 monasterii.

2152 2168 2368 2225 Valete.

2940 2297 3024 2351 IX.

2153 2403 2251 2457 Ad
2270 2403 2535 2467 eumdem
2566 2401 3015 2457 Froumundus.
3038 2402 3231 2472 Rogat
3250 2407 3316 2456 ut
3337 2403 3459 2457 sibi
3479 2403 3807 2473 emnplm

2544 2473 2792 2528 Horatii
2814 2478 2988 2542 poeta
3019 2473 3419 2529 transmittat.

2225 2579 2613 2636 Dilectissimo
2640 2578 2922 2635 confratri
2952 2582 3016 2635 R.
3049 2583 3239 2635 vester
3262 2579 3461 2635 ﬁdelis
3486 2583 3571 2648 F.,
3602 2597 3807 2654 quam-

2150 2669 2240 2725 vis
2269 2669 2421 2739 vilis,
2456 2668 2729 2725 sedulam
2755 2668 3091 2725 orationem
3120 2685 3192 2724 ex
3214 2669 3417 2726 corde.

2224 2758 2281 2815 Si
2309 2757 2509 2814 adhuc
2540 2757 2616 2813 ad
2643 2772 2864 2813 manus
2884 2756 3117 2813 habetis
3146 2756 3371 2812 librum
3400 2759 3648 2827 Horatii,
3670 2775 3805 2829 rogo

2148 2864 2258 2904 vos
2289 2852 2354 2903 ut
2380 2845 2526 2903 mihi
2555 2862 2696 2902 eum
2743 2844 2987 2902 mittatis
3017 2844 3097 2901 ad
3138 2844 3608 2903 describendam
3640 2848 3807 2920 parti-

2150 2935 2348 2992 culam
2386 2950 2523 3008 quae
2554 2934 2753 2991 adhuc
2783 2933 2958 2990 nobis
2984 2932 3151 2990 deest
3174 2933 3453 3005 ejusdem
3476 2933 3615 2991 libri
3642 2954 3656 3001 ;
3686 2941 3739 2991 et
3762 2936 3806 2991 si

2146 3024 2316 3082 illum
2364 3040 2487 3080 non
2553 3023 2808 3092 habetis,
2872 3023 3059 3078 alium
3113 3038 3320 3097 quem,
3385 3040 3575 3093 quem
3641 3026 3807 3081 nobis

2148 3114 2351 3170 utilem
2383 3113 2561 3183 scitis,
2604 3112 2755 3168 mitti
2784 3127 3126 3185 precamur.
3158 3111 3328 3168 Liber
3375 3112 3558 3169 etiam
3591 3122 3805 3180 noster,

2146 3218 2329 3275 quem
2381 3217 2488 3257 vos
2517 3200 2774 3271 habetis,
2822 3199 2998 3256 valde
3045 3200 3425 3256 necessarius
3472 3205 3564 3256 est
3613 3201 3803 3257 nobis.

2148 3290 2437 3358 Quocirca
2479 3289 2737 3362 petimus
2768 3292 2833 3344 ut
2869 3304 2978 3361 per
3007 3293 3363 3361 praesentem
3409 3289 3696 3346 nuntium
3724 3290 3808 3346 di-

2145 3378 2367 3449 rigatis.
2420 3376 2674 3442 Quando
2702 3376 2862 3432 enim
2891 3376 3096 3442 vultis,
3129 3376 3325 3432 statim
3349 3376 3519 3432 vobis
3540 3378 3805 3447 remitto,

2146 3468 2194 3524 si
2225 3469 2307 3525 ita
2353 3482 2599 3523 necesse
2650 3470 2756 3522 est.
2791 3466 3047 3531 Quando
3072 3465 3287 3522 librum
3322 3464 3543 3519 Horatii
3590 3471 3801 3521 vestro

2050 3582 2054 3587 ο
2139 3556 2449 3629 juvamine
2479 3555 2815 3623 conscribo,
2852 3554 3165 3611 confestim
3186 3552 3260 3609 ad
3292 3568 3396 3608 vos
3422 3551 3629 3609 venire
3658 3568 3793 3609 non

2143 3646 2417 3703 tardabo.

2934 3768 3009 3822 X.

2138 3877 2238 3933 Ad
2261 3874 2546 3933 eumdem.
2601 3874 2835 3931 Caecum
2865 3878 3133 3945 nepotem
3164 3872 3250 3929 ad
3286 3873 3695 3943 recipiendum
3728 3876 3813 3931 tri-

2209 3964 2340 4003 sum
2367 3952 2541 4016 rogat
2572 3951 2712 4002 ante
2754 3946 2954 4001 altare
2979 3946 3181 4002 sancti
3222 3946 3509 4001 antistitis
3531 3960 3810 4014 presen-

2118 4012 2133 4021 ’
2211 4019 2350 4076 tari.
2380 4012 2785 4088 Conqueritur
2806 4017 2880 4072 de
2892 4031 2997 4073 suo
3015 4016 3171 4072 libro
3193 4016 3435 4073 sordide
3459 4012 3809 4079 hdbito,etc.

2207 4126 2277 4179 R.
2310 4122 2562 4179 dimidio
2585 4122 2721 4178 vitae
2750 4138 2899 4179 meae
2927 4121 3156 4186 solatio,
3183 4125 3242 4178 F.
3274 4121 3579 4196 quidquid
3602 4123 3812 4192 gaudii

2136 4215 2197 4271 in
2229 4212 2478 4271 Christo.

2206 4304 2391 4359 Istum
2438 4318 2695 4375 puerum
2744 4302 2938 4375 neptis
2975 4318 3148 4368 meas,
3196 4301 3373 4358 bona:
3424 4302 3711 4361 mulieris
3744 4303 3812 4359 li-

2130 4392 2301 4463 lium,
2332 4392 2561 4448 lumine
2598 4391 2911 4448 oculorum
2958 4406 3113 4464 pene
3140 4392 3466 4465 privatum,
3516 4410 3682 4466 rogo
3710 4410 3821 4450 vos

367 4477 601 4550 frigoris
650 4475 714 4532 in
767 4472 1073 4530 manibus.
1115 4470 1317 4528 Dilecti
1361 4469 1572 4525 fratres
1618 4467 1922 4524 Liutoldus
1968 4476 2026 4525 et
2130 4487 2198 4539 ut
2228 4486 2365 4539 ante
2397 4481 2581 4537 altare
2626 4480 2816 4537 sancti
2846 4480 3121 4536 antistitis
3153 4481 3220 4551 [f.
3252 4483 3308 4538 S.
3342 4483 3819 4554 Emmerammi]

365 4566 616 4623 Vuirunt
643 4566 796 4622 bene
826 4561 1311 4635 valeant,quibus
1340 4558 1519 4615 etiam
1542 4556 1811 4613 salutatis
1833 4574 1903 4614 ex
1923 4574 2023 4614 no-
2128 4572 2385 4643 ducaﬁs,
2429 4574 2487 4627 et
2515 4586 2625 4643 pro
2652 4570 2904 4627 sanitate
2933 4570 3065 4642 ejus
3114 4569 3177 4626 in
3205 4576 3543 4643 conspectu
3576 4574 3690 4629 Dei
3720 4573 3827 4629 de.

365 4656 527 4712 mine
555 4671 715 4724 meo:
747 4656 954 4724 rogate
984 4667 1086 4707 θοε
1112 4654 1178 4706 ιιι
1202 4648 1579 4721 aliquantum
1600 4661 1736 4702 cera
1763 4645 2021 4717 ῙθοΙἨίθιΠ-
2127 4660 2473 4736 precemini.
2509 4662 2577 4717 Et
2591 4659 2640 4716 si
2656 4659 2899 4734 aliquod
2920 4658 3434 4717 medicamentum
3461 4676 3586 4734 pro
3601 4662 3829 4735 hujus-

366 4750 480 4804 tur.
514 4744 730 4802 Valete.
2125 4751 2294 4809 modi
2320 4748 2665 4807 inﬁrmitate
2690 4749 2869 4819 scitis,
2899 4753 3005 4806 aut
3031 4749 3320 4806 sciscitari
3355 4751 3646 4823 potestis,
3708 4767 3827 4825 pro

2125 4856 2332 4899 amore
2358 4839 2568 4898 Christi
2611 4839 2725 4896 sibi
2752 4854 3043 4911 rogamus
3091 4840 3399 4914 impertiri.
3453 4840 3519 4897 Si
3570 4842 3824 4916 aliquid

2122 4928 2473 4987 habuissem
2503 4927 2649 4985 mihi
2675 4927 2849 4985 vobis
2879 4928 3142 5001 charius,
3189 4932 3560 5002 praesentem
3592 4929 3826 5004 pagel-

2121 5019 2248 5076 lam
2284 5016 2594 5075 invectivis
2628 5016 2799 5074 vobis
2842 5017 3111 5100 fortassis
3140 5033 3477 5088 onerarem,
3539 5020 3717 5094 quia
3764 5018 3829 5074 li-

2120 5108 2302 5165 brum
2317 5111 2593 5165 nostrum
2612 5110 2805 5165 totum
2827 5123 3145 5180 rugosum,
3159 5122 3476 5166 caenosum
3500 5115 3827 5183 pan-teque

2121 5198 2462 5273 disruptum
2502 5197 2719 5272 recepi.
2756 5198 2871 5255 Sed
2898 5198 3015 5255 hoc
3066 5196 3225 5255 absit
3262 5201 3330 5254 ut
3371 5213 3484 5255 vos
3552 5199 3671 5255 vel
3705 5212 3829 5254 uno

1118 4849 1257 4904 VIII.

359 4962 461 5018 Ad
494 4962 566 5017 Η.
598 4960 667 5032 [Γ.
698 4957 1114 5032 Bracmanum]
1160 4956 1536 5032 monachum.
1588 4954 1918 5032 Hortatur;
1929 4953 2019 5032 ad

425 5025 940 5103 perseuerantiam
978 5030 1042 5103 in
1074 5025 1237 5103 statu
1266 5026 1635 5103 monastic-9,
1658 5040 1832 5096 seque
1868 5025 2014 5082 Clu-

429 5098 801 5162 niacensium
823 5100 1105 5172 precibus
1124 5099 1342 5169 juvari
1363 5098 1656 5167 postulat.

427 5211 496 5266 R.
527 5208 712 5267 Fratri
739 5205 1126 5265 dilectissimo
1156 5207 1216 5260 F.
1250 5207 1373 5260 tota
1410 5206 1609 5261 mente
1656 5201 1759 5258 tibi
1802 5201 2015 5259 ﬁdissi-

356 5315 584 5446 m‘llBZne
616 5386 804 5446 fecisti
833 5385 1002 5460 quod
1027 5376 1203 5442 nobis
1237 5398 1346 5457 per
1373 5386 1584 5438 notum
1614 5380 1897 5437 nuntium
1919 5379 2010 5435 in-

353 5478 618 5544 notuisti,
651 5476 757 5534 ubi
782 5491 960 5533 curas
990 5473 1315 5531 aerumnosi
1345 5471 1547 5529 saeculi
1593 5470 1752 5527 calce
1782 5468 2005 5526 trivisti.

353 5568 462 5622 Per
508 5570 756 5623 cunctas
810 5580 1076 5637 namque
1127 5562 1403 5634 r‘egiones
1453 5559 1675 5632 vagula
1716 5561 1913 5615 mente
1953 5560 2008 5614 te

352 5651 743 5725 qumsivimus
795 5654 1133 5708 maerentes.
1190 5649 1304 5706 Sed
1361 5649 1613 5711 nimiam
1670 5647 2007 5719 gaudemus

2119 5286 2306 5344 verbo
2354 5286 2717 5344 contristem.
2751 5289 2815 5342 In
2855 5286 3051 5360 capite
3079 5285 3352 5358 ejusdem
3379 5284 3525 5342 libri
3578 5287 3833 5344 inserta

2119 5379 2292 5432 erant
2337 5374 2460 5431 duo
2486 5374 2647 5432 folia.
2695 5379 2758 5431 In
2798 5391 2920 5432 uno
2962 5379 3091 5432 erat
3133 5374 3413 5446 circulus,
3461 5376 3828 5434 continens

2119 5464 2476 5539 scripturam
2531 5469 2793 5538 quatuor
2838 5465 3161 5538 plagarum
3216 5463 3474 5533 mundi;
3546 5466 3633 5523 in
3705 5463 3833 5519 alio

2118 5554 2372 5629 epistola
2411 5571 2601 5628 quam
2638 5558 2966 5626 formatam
3021 5559 3398 5630 nuncupant,
3433 5572 3595 5629 quae
3646 5567 3841 5625 rogo.

2118 5660 2316 5717 genua
2340 5649 2537 5703 vestra
2568 5646 2958 5721 amplectens,
2984 5650 3050 5705 ut
3077 5645 3224 5704 mihi
3248 5645 3608 5705 remittatis.
