3998 6176
194 115 325 170 1289

984 238 1068 289 XI.

186 360 289 414 Ad
311 360 598 415 eumdem.
634 358 786 415 Petit
811 358 927 412 sibi
948 363 1224 426 poemata
1253 357 1449 413 Statii
1489 354 1838 411 transmitti.

258 506 490 559 Domno
515 506 574 558 Β.
606 502 908 557 imbrillua
957 500 1250 573 sapientia
1296 500 1503 566 ﬂuido,
1562 502 1619 555 ν.
1671 514 1839 563 suus,

184 598 265 648 tot
296 591 723 661 gratulationes
749 596 896 663 quot
920 590 1179 659 vagulus
1210 590 1391 662 lupus
1411 588 1577 645 novit
1604 587 1843 643 semita-

184 697 317 737 rum
347 680 734 736 diversitates.

258 770 427 825 Nullo
459 770 638 824 modo
669 769 944 825 dubitare
974 769 1112 824 volo
1144 785 1239 824 me
1271 767 1440 823 vobis
1485 767 1840 824 cordetenus

182 874 489 915 annexum
524 859 759 915 vinculo
788 860 964 915 totius
986 859 1306 915 charitatis.
1343 856 1565 915 Idcirco
1586 874 1733 928 rogo
1774 862 1840 914 ut

180 965 278 1004 me
306 949 527 1003 librum
562 948 723 1004 Statii
758 948 951 1003 videre
987 948 1234 1004 faciatis.
1264 952 1429 1004 Nunc
1459 949 1617 1004 enim
1644 951 1837 1021 potest

179 1036 327 1092 mihi
356 1036 508 1106 vehi,
532 1036 823 1108 vobisque
845 1037 1047 1092 statim
1077 1036 1282 1092 reduci
1307 1036 1432 1092 sine
1455 1036 1576 1093 ulla
1604 1051 1755 1105 ruga
1781 1040 1838 1090 et

178 1125 420 1181 laesione
449 1142 556 1199 per
588 1127 829 1182 nuntios
860 1127 963 1199 qui
986 1126 1124 1182 hinc
1156 1131 1213 1182 et
1234 1126 1375 1182 inde
1426 1131 1683 1199 pergunt
1740 1142 1837 1181 va-

178 1215 304 1270 cuis
334 1215 600 1271 sarcinis.
627 1215 794 1278 Quod
825 1216 872 1271 si
918 1216 1177 1271 charitas
1228 1216 1379 1272 inter
1431 1232 1543 1272 nos
1597 1214 1835 1288 penitus

176 1303 461 1375 perfrixit,
492 1304 658 1376 quod
691 1308 889 1360 tamen
919 1304 1110 1360 absit!
1146 1309 1420 1361 nostrum
1450 1303 1672 1361 librum
1698 1303 1836 1359 mit-

177 1392 275 1449 tite
304 1393 499 1450 nobis.
537 1394 749 1449 Valete.

951 1524 1057 1577 XII.

174 1663 273 1718 Ad
294 1666 647 1733 Gozpertum
669 1663 801 1719 abb.
840 1666 1218 1734 Tegernsens.
1254 1664 1378 1730 Quo
1413 1665 1475 1719 in
1503 1668 1666 1719 statu
1675 1678 1833 1732 prte-

378 1755 481 1809 dia
510 1755 859 1809 monasterii
874 1769 974 1823 per
994 1755 1253 1810 lustrata
1283 1754 1574 1810 invenerit
1603 1756 1631 1808 ?

247 1880 311 1933 G.
342 1877 557 1933 seniori
583 1894 712 1944 suo,
746 1881 800 1934 F.
846 1878 1087 1934 ultimus
1110 1879 1290 1934 vestri
1321 1893 1651 1944 servorum,
1710 1892 1833 1933 non

175 1967 349 2033 alius,
382 1972 483 2023 aut
526 1967 709 2036 aliud,
741 1984 929 2040 quam
962 1968 1022 2023 id
1049 1967 1213 2039 quod
1238 1967 1490 2022 dudum.

250 2060 403 2113 Loca
440 2056 791 2112 obedientiae
824 2057 997 2112 nobis
1038 2057 1394 2125 commissae,
1453 2072 1586 2129 quae
1630 2055 1830 2111 adhuc

169 2147 359 2218 potui,
403 2146 867 2218 contemplando
899 2146 1133 2209 circavi,
1162 2151 1218 2202 et
1244 2145 1482 2202 invenio
1513 2146 1828 2202 minimam

165 2237 398 2321 partem
418 2233 590 2289 nobis
606 2250 733 2288 esse
750 2233 1113 2290 derelictam.
1131 2233 1366 2307 Aliquid
1388 2239 1510 2291 tam
1532 2250 1829 2305 magnum

163 2322 621 2396 perﬁciendum,
647 2328 709 2378 ut
733 2323 807 2378 de
836 2323 1186 2395 hujusmodi
1224 2324 1671 2397 dispensatione
1727 2324 1827 2380 de-

162 2412 383 2468 bemus
420 2413 812 2484 pauperibus,
872 2412 1217 2468 domesticis
1256 2418 1436 2485 atque
1492 2413 1823 2486 peregrinis

166 2501 526 2574 hospitibus.
573 2505 632 2555 In
670 2500 921 2558 Danubii
978 2502 1220 2571 regione
1291 2502 1497 2570 repetii
1544 2518 1824 2572 granum,

162 2591 336 2665 quod
366 2590 548 2664 priori
578 2606 742 2646 anno
773 2590 1168 2659 abstulerunt,
1202 2595 1259 2646 et
1294 2590 1378 2646 illi
1428 2592 1665 2663 majori,
1724 2594 1828 2664 qui

164 2681 284 2737 illic
316 2685 442 2737 erat
462 2679 743 2735 anteriori
767 2695 950 2749 anno,
984 2680 1255 2735 ablatum
1293 2685 1382 2737 est
1436 2679 1723 2749 ofﬁcium,
1772 2684 1829 2737 et

164 2770 370 2826 nullus
397 2768 635 2843 penitus
660 2768 736 2823 de
765 2769 880 2824 hoc
908 2768 1073 2824 dedit
1101 2769 1247 2825 mihi
1274 2786 1654 2842 responsum.
1685 2773 1829 2826 Tota

164 2873 433 2931 namque
457 2855 776 2913 decimatio
805 2858 943 2912 hinc
987 2856 1125 2913 inde
1172 2863 1261 2914 est
1315 2858 1623 2931 dispertita
1678 2858 1829 2915 inter

164 2952 407 3003 nostros
463 2951 519 3001 et
578 2944 821 3001 alienos.
886 2946 942 3003 Si
990 2946 1105 3001 hoc
1130 2962 1251 3002 non
1273 2947 1639 3019 interdicitis,
1660 2947 1826 3020 quod
1858 2932 1899 2987 (ἶ

164 3034 348 3094 alieni
378 3034 623 3105 habent,
652 3033 887 3106 penitus
940 3034 1317 3091 abstrahatur
1372 3052 1408 3091 a
1464 3036 1646 3092 domo
1704 3035 1822 3092 Dei.

165 3125 336 3192 Rogo
364 3120 779 3195 paternitatem
799 3125 1060 3178 vestram
1072 3128 1135 3180 ut
1146 3122 1465 3181 decimatio
1481 3124 1656 3181 nobis
1672 3141 1826 3197 pree-

164 3211 321 3267 senti
373 3226 535 3269 anno
580 3214 702 3267 tota
746 3212 1112 3268 concedatur
1166 3213 1267 3268 ad'
1294 3213 1520 3270 calcem
1560 3230 1827 3270 creman-

162 3301 337 3357 dum.
372 3303 469 3357 Est
496 3316 761 3373 namque
800 3301 1053 3358 ecclesia
1097 3302 1156 3358 in
1213 3308 1418 3360 nostra
1464 3303 1821 3372 obedientia,

161 3388 542 3463 quiedicitur
570 3388 993 3460 Holzchiricha,
1042 3391 1308 3465 undique
1364 3392 1546 3449 furcis
1597 3392 1820 3457 fulcita,

163 3478 357 3533 muris
382 3477 703 3546 destructa,
726 3476 823 3533 cui
847 3477 965 3534 nisi
995 3479 1165 3535 citius
1187 3480 1553 3549 subvenitur,
1585 3480 1821 3553 penitus

163 3566 360 3624 cadet.

926 3694 1062 3749 XIII.

159 3817 265 3874 Ad
282 3815 748 3888 Meginhelmum
780 3818 1155 3886 magistrum.
1184 3817 1341 3873 Eum
1369 3819 1450 3874 ad
1477 3834 1822 3889 expromen-

558 3906 667 3961 das
694 3906 926 3976 ingenii
942 3907 1094 3962 vires
1128 3906 1429 3963 hortatur.

240 4046 493 4104 Domino
543 4061 680 4102 meo
738 4046 1148 4119 magistroque
1197 4050 1264 4103 Μ.
1324 4046 1493 4103 miris
1529 4048 1821 4117 moribus,

162 4136 602 4209 maculosoque
662 4152 695 4174 ’π
745 4152 817 4193 su
868 4134 1116 4191 miriﬁce
1148 4140 1481 4208 munerato,
1516 4139 1573 4192 F.
1632 4136 1823 4193 ﬁdelis

162 4226 433 4284 famulus
460 4225 850 4281 famulamina
874 4223 1213 4297 frequenter
1231 4226 1495 4282 facturus
1532 4225 1750 4283 ﬁdelia.

238 4315 357 4373 Miri
388 4313 807 4372 medicaminis
837 4330 1007 4370 more
1035 4314 1367 4385 magistrali
1408 4331 1505 4372 me
1558 4332 1819 4373 memen-

162 4409 285 4464 tote
313 4420 551 4461 servare
582 4403 973 4477 sequentibus
1001 4404 1311 4475 sanguinis
1331 4410 1640 4463 strenuum
1672 4406 1825 4464 salu-

160 4500 478 4568 taremque
495 4493 843 4550 strictorem.
876 4496 1056 4551 Sacro
1085 4493 1440 4551 subscribite
1467 4496 1642 4569 stylo,
1672 4496 1825 4554 sicut

164 4583 420 4642 stolidus
451 4581 717 4639 stimulat
748 4598 955 4639 servus
984 4583 1363 4639 sermonibus
1422 4584 1614 4641 stultis
1643 4605 1655 4654 ;
1715 4586 1819 4642 sed

140 4690 276 4730 -vos
305 4672 539 4729 scribite
571 4672 871 4745 sapienter
891 4689 1096 4729 sacras
1150 4689 1410 4747 sequens
1465 4675 1817 4748 Scripturas.

165 4762 421 4821 Sudario
442 4762 700 4835 spernite
717 4778 974 4831 servare,
1002 4763 1051 4818 si
1066 4762 1214 4835 quid
1244 4763 1403 4820 scitis
1427 4763 1819 4822 salutiferum.

162 4853 434 4927 Spargite
464 4852 714 4920 semina,
747 4852 905 4909 sicco
925 4852 1284 4925 sapientiam
1310 4869 1501 4911 servo.

930 4977 1060 5032 XIV.

164 5105 265 5162 Ad
300 5104 699 5176 Peringerum
728 5103 1223 5176 abbatemsuum.
1298 5106 1537 5163 Veniam
1572 5113 1627 5164 et
1674 5123 1826 5164 com-

237 5174 507 5233 meatum
516 5176 687 5245 petit,
720 5191 835 5247 quo
855 5174 970 5229 sibi
985 5174 1085 5243 fas
1109 5175 1185 5229 sit
1201 5177 1542 5243 persolvere
1559 5185 1694 5236 vota
1713 5196 1823 5235 sua

238 5249 302 5303 in
335 5248 577 5304 civitate
607 5247 986 5316 Augustana.

241 5376 487 5447 Semper
516 5371 630 5428 sibi
659 5370 1001 5428 venerando
1034 5370 1260 5427 Seniori
1292 5374 1348 5425 P.
1408 5374 1493 5439 F.,
1548 5376 1826 5447 quamvis

166 5462 333 5522 nulla
358 5463 735 5521 veneratione
759 5461 999 5533 dignus,
1033 5465 1155 5518 tota
1178 5464 1380 5518 tamen
1407 5468 1603 5521 mente
1653 5468 1827 5523 vestri

165 5553 444 5612 devotus.

528 5645 774 5700 PAIROL.
805 5640 977 5698 CXLI.

1715 103 2086 160 EPISTOLE.

1876 228 1924 280 Α
2026 230 2191 299 Rogo
2236 231 2654 302 paternitatem
2710 237 2971 291 vestram
3038 242 3103 294 ut
3129 240 3376 298 auribus
3427 244 3611 302 solitae

3470 125 3613 178 1290

1950 315 2185 387 pietatis
2214 335 2419 376 meum
2448 324 2729 378 nuntium
2760 323 3115 397 suscipiatis,
3160 331 3450 403 tanquam
3481 350 3610 390 ver-

1950 404 2045 460 bis
2065 407 2379 465 vobiscum
2411 411 2915 468 sermocinantem
2946 429 3056 487 pro
3112 415 3291 472 rebus
3339 436 3612 480 necessa-

1949 494 2073 550 riis.
2100 499 2296 570 Neque
2322 500 2482 557 enim
2507 500 2633 574 ipse
2660 501 2946 575 loquitur,
2979 503 3086 559 sed
3112 505 3191 560 ab
3222 508 3467 566 animali
3492 513 3609 569 hoc

1948 582 2269 641 inanimale
2295 605 2405 660 pro
2434 590 2683 647 animali
2713 591 2966 648 mittitur
2992 593 3070 648 ad
3101 594 3382 653 animale.
3436 599 3609 655 Idcir-

1949 685 2021 725 co
2050 687 2173 727 non
2193 674 2553 743 jocularilcr,
2588 678 2693 735 sed
2724 679 3031 752 loquimur
3061 682 3227 739 vobis
3252 685 3432 757 quasi
3461 702 3609 759 prae-

1948 760 2286 818 sentialiter.
2347 767 2514 821 Novit
2566 768 2827 841 denique
2881 770 3149 842 benigna
3179 775 3608 847 compatientia

1945 855 2141 907 vestra
2168 852 2421 923 qualiter
2445 871 2557 926 ego
2583 860 2896 929 quondam
2924 861 3261 919 inﬁrmatus
3292 865 3459 937 apud
3486 871 3608 922 Au-

1945 944 2186 1009 gustam
2216 941 2513 999 civitatem
2542 945 2603 1001 in
2620 946 3033 1021 desperatione
3062 952 3190 1009 vitae
3213 955 3600 1025 aegrotabam,

1944 1046 2082 1085 cum
2131 1032 2379 1088 consilio
2445 1050 2654 1090 eorum
2708 1038 2812 1108 qui
2866 1040 2984 1096 mei
3036 1058 3243 1099 curam
3294 1045 3598 1114 gerebant,

1943 1118 2207 1189 obligavi
2231 1137 2328 1176 me
2360 1127 2520 1188 voto,
2548 1124 2596 1178 si
2628 1125 3065 1184 convaluissem
3084 1118 3169 1185 ide
3196 1132 3309 1187 hac
3348 1134 3600 1191 inﬁrmi-

1944 1212 2080 1277 tate,
2108 1213 2173 1264 ut
2193 1209 2442 1280 singulis
2464 1211 2639 1267 annis
2669 1214 2933 1271 venirem
2959 1217 3038 1272 ad
3066 1218 3218 1274 lecta
3239 1225 3295 1276 et
3347 1224 3599 1294 patroci-

1942 1297 2043 1353 nia
2071 1298 2312 1355 illorum
2355 1306 2700 1357 sanctorum
2731 1304 2836 1375 qui
2856 1304 2938 1361 ibi
2967 1294 3368 1378 requiescunt.
3428 1312 3602 1376 Quod

1942 1386 2179 1458 penitus
2204 1403 2316 1458 ego
2345 1394 2626 1462 peccator
2689 1391 2909 1462 dimisi,
2965 1394 3071 1449 sed
3131 1394 3379 1465 singulis
3428 1401 3601 1457 annis

1942 1476 2068 1531 dixi
2098 1494 2111 1532 :
2140 1482 2300 1546 Cras,
2325 1494 2456 1535 cras
2487 1484 2625 1552 peto
2653 1480 2973 1551 licentiam,
3008 1487 3075 1539 ut
3101 1484 3301 1541 statim
3326 1502 3596 1559 pergam.

1866 1581 1905 1634 Β
1943 1567 2341 1639 Quapropter,
2365 1568 2448 1624 mi
2478 1572 2665 1637 Pater,
2698 1570 2845 1626 nihil
2869 1587 3185 1642 magnum,
3213 1573 3359 1630 nihil
3381 1576 3600 1633 moles-

1942 1659 2070 1711 tum
2100 1672 2269 1728 rogo,
2304 1658 2409 1714 sed
2438 1675 2628 1715 unum
2678 1665 2910 1717 tantum
2962 1662 3262 1721 cavallum
3316 1666 3465 1722 mihi
3522 1667 3601 1723 ad

1941 1746 2357 1818 equitandum,
2384 1751 2440 1803 et
2469 1764 2660 1804 unum
2679 1749 2877 1806 virum
2906 1740 3145 1808 mecum
3176 1754 3546 1827 equitantem
3582 1774 3594 1811 :

1941 1834 2021 1890 ad
2050 1835 2329 1892 viaticum
2359 1841 2559 1893 autem
2591 1838 2738 1894 nihil
2758 1838 2923 1895 aliud
2950 1845 3089 1913 peto
3116 1842 3232 1898 nisi
3260 1845 3598 1916 portionem

1940 1921 2239 1979 alimonia:
2265 1940 2400 1991 quia
2431 1925 2577 1980 mihi
2606 1926 2849 1982 daretur
2877 1944 3016 1983 cum
3046 1928 3141 1985 hic
3167 1930 3333 1987 domi
3372 1949 3593 2002 essem,

1938 2015 1996 2066 et
2023 2012 2270 2085 insuper
2293 2012 2591 2086 quidquid
2620 2021 2817 2072 vestra
2866 2015 3149 2086 dignatur
3202 2021 3414 2091 gratia,
3471 2039 3595 2079 non

1936 2100 2163 2173 abnuo,
2197 2117 2318 2158 non
2344 2118 2552 2160 renuo.
2587 2105 2726 2170 Quis
2754 2121 2878 2162 non
2908 2108 3115 2164 timeat
3166 2125 3227 2165 se
3280 2113 3596 2171 mentitum

1934 2205 2069 2246 esse
2116 2190 2217 2247 tali
2272 2196 2748 2267 patronte,.qute
2802 2194 2979 2251 nobis
3022 2197 3200 2253 hodie
3255 2199 3407 2255 lecta
3462 2205 3596 2259 est?

1938 2279 2225 2345 Quocirca
2256 2280 2306 2335 si
2330 2280 2464 2336 vitae
2491 2296 2641 2336 mem
2672 2282 2857 2338 ullam
2887 2300 3096 2339 curam
3126 2286 3303 2342 vultis
3347 2288 3591 2358 habere,

1936 2372 2132 2423 vestro
2166 2368 2477 2438 juvamine
2524 2369 2697 2425 liceat
2747 2371 2897 2426 mihi
2949 2388 3193 2429 manere
3249 2375 3311 2430 in
3361 2374 3594 2432 civitate

1936 2458 2205 2525 Augusta
2235 2455 2295 2511 in
2326 2456 2634 2514 Nativitate
2662 2464 2885 2515 sanctae
2910 2460 3121 2517 Mariae.
3166 2461 3377 2519 Valete.

2719 2585 2824 2638 XV.

1935 2702 2034 2767 Ad
2058 2703 2347 2759 eumdem.
2375 2704 2463 2760 De
2490 2704 3013 2788 administratione
3035 2710 3294 2766 ecclesiw
3312 2710 3427 2767 sibi
3445 2728 3594 2769 com-

2654 2793 2710 2833 ηι
2718 2793 2868 2835 assa.

2007 2897 2160 2955 Patri
2186 2900 2245 2954 P.
2275 2900 2611 2972 perenniter
2638 2900 2698 2957 in
2726 2902 2957 2960 Christo
2986 2905 3252 2963 amando
3286 2912 3341 2965 F.

2011 2986 2304 3043 Versiculo
2327 2988 2508 3045 verbo
2538 3006 2750 3063 precor
2778 2993 2985 3049 omnia
3013 3009 3302 3068 prospera
3358 3015 3517 3057 caro.

2008 3076 2159 3141 Quia
2183 3076 2332 3133 mihi
2360 3079 2829 3136 commendastis
2856 3098 2950 3137 res
2986 3082 3169 3155 hujus
3217 3092 3436 3143 sanctae
3488 3070 3590 3145 Ec-

1934 3164 2128 3221 clesiae
2154 3166 2599 3236 custodiendas,
2629 3173 2948 3241 propterea
2976 3171 3038 3227 in
3066 3172 3159 3227 his
3185 3176 3470 3232 omnibus
3498 3195 3591 3233 us-

1933 3269 2051 3327 que
2079 3270 2243 3332 nunc
2273 3255 2609 3312 laborando
2634 3256 2970 3314 ministravi
3001 3264 3067 3315 ut
3092 3277 3204 3333 pro
3251 3264 3401 3319 meis
3446 3266 3589 3321 viri-

1930 3340 2047 3397 bus
2077 3342 2265 3414 potui.
2300 3343 2413 3400 Sed
2450 3360 2613 3401 nunc
2642 3344 2878 3402 videtur
2929 3347 3075 3404 mihi
3118 3355 3362 3424 propter
3410 3353 3591 3411 vilita-

1930 3434 2052 3486 tem
2104 3432 2421 3504 paucitatis
2475 3450 2625 3490 meas
2698 3435 2999 3508 quasdam
3050 3453 3168 3509 res,
3224 3455 3377 3513 quas
3432 3447 3593 3499 ante-

1930 3535 2196 3577 cessores
2243 3520 2361 3577 mei
2381 3520 2463 3579 ibi
2492 3522 2571 3579 ad
2595 3538 2950 3583 manus...
3007 3528 3241 3586 Cretera
3298 3546 3336 3587 a
3392 3533 3592 3590 codice

1930 3610 2169 3667 absunt.

2694 3738 2826 3795 XVI.

1929 3860 2028 3915 Ad
2037 3859 2303 3916 eumdem
2324 3861 2502 3929 forte,
2521 3861 2594 3917 de
2607 3862 2961 3932 quibusdam
2985 3865 3154 3921 libris
3169 3869 3245 3922 ab
3260 3883 3319 3923 se
3340 3871 3587 3927 redditis

2000 4004 2061 4057 P.
2084 4000 2427 4073 multiplicis
2445 4001 2729 4057 bonitatis
2767 4004 3041 4071 amatori,
3098 4008 3153 4061 Ρ.
3214 4007 3585 4068 humillimus

1931 4090 2226 4164 adelphus
2256 4088 2528 4146 salutem.
3136 4106 3145 4107 ί

2005 4182 2207 4237 Grates
2225 4178 2491 4253 rependo
2517 4178 2820 4235 solotenus
2848 4181 3072 4254 poplite
3101 4183 3279 4253 ﬂexo,
3307 4203 3429 4260 quo
3481 4207 3587 4247 saa-

1860 4278 1902 4331 D
1933 4268 2067 4341 pius
2087 4284 2196 4323 vos
2220 4265 2418 4323 ofﬁcio
2447 4266 2606 4324 circa
2628 4283 2725 4324 me
2751 4268 2851 4341 pio
2880 4285 3086 4329 amore
3122 4273 3398 4332 laborare
3451 4296 3590 4337 con-

1935 4358 2143 4432 spicio.
2171 4356 2411 4413 Librum
2440 4358 2623 4414 Βορῑῆ
2651 4363 2848 4415 vestro
2877 4359 3045 4418 brevi
3074 4379 3111 4420 a
3138 4380 3236 4422 me
3266 4367 3435 4424 vobis
3489 4387 3590 4444 pe-

1933 4448 2143 4505 tivistis
2163 4446 2452 4520 praestari,
2486 4448 2658 4519 cujus
2686 4447 2870 4505 libros
2899 4453 3143 4526 prOpria
3190 4472 3378 4512 manu
3433 4458 3587 4515 duos

1934 4536 2282 4611 conscripsi,
2300 4535 2691 4611 pleniterque,
2722 4543 2787 4595 ut
2805 4544 2972 4612 puto,
3001 4542 3258 4611 glossica
3279 4546 3587 4620 conscrip-

1932 4627 2097 4683 tione
2120 4625 2363 4699 depinxi
2398 4644 2410 4693 ;
2442 4642 2704 4699 quorum
2748 4627 3001 4683 alterum
3057 4647 3297 4686 mecum
3351 4634 3585 4706 retinui,

1934 4716 2188 4773 alterum
2217 4720 2485 4787 Augusta
2526 4716 2839 4773 Vindelicis
2893 4716 3123 4789 reliqui,
3176 4719 3475 4794 simulque
3522 4724 3588 4780 li-

1934 4805 2113 4861 brum
2141 4804 2441 4862 Juvenalis
2466 4808 2522 4859 et
2550 4804 2727 4859 Persii
2748 4820 2858 4876 pro
2888 4807 3356 4865 commutatione
3402 4812 3589 4869 Arith-

1935 4894 2164 4952 meticae
2197 4893 2396 4961 Boetii,
2419 4893 2480 4948 in
2505 4908 2630 4964 qua
2658 4892 2787 4964 ipse
2824 4893 2904 4949 ob
2934 4895 3192 4964 gratiam
3232 4899 3409 4955 vestri
3464 4918 3588 4958 non

1936 4985 2246 5041 modicum
2275 4980 2732 5054 conscripsistis,
2758 4998 2869 5055 pro
2894 4982 3048 5039 libro
3103 5001 3221 5058 que
3274 4989 3591 5049 Invectiva-

1934 5090 2072 5130 rum
2118 5071 2286 5129 Tullii
2337 5069 2636 5128 Ciceronis
2689 5069 2751 5125 in
2809 5070 3151 5131 Salustium.
3186 5077 3346 5142 Quos
3400 5077 3586 5137 libros

1936 5161 2085 5219 mihi
2117 5160 2415 5234 praestitos
2447 5175 2586 5215 cum
2619 5159 2878 5229 remitto,
2932 5166 3291 5238 nostrosque
3345 5168 3589 5243 recipio,

1941 5252 2121 5324 jussu
2176 5254 2370 5306 vestro
2432 5247 2766 5305 voluntarie
2838 5248 3139 5310 satisfacio
3169 5254 3384 5313 Valete.

3239 5650 3302 5702 41
