4020 6176
451 105 580 161 1291

1461 92 1866 149 FROUMUNDI
1907 89 2303 145 ΟΟΕΝΟΒιΤιΕ
2342 88 2882 146 TEGERNSENSIS.

3755 93 3888 145 1292

451 213 3560 244 ὦ

451 211 3890 257 μ

1218 400 2098 529 FROUMUNDI
2194 397 3064 522 POEMATICA.

1711 688 1796 756 (Β.
1839 685 1900 742 Ρ.
1945 689 2161 754 Pezws,
2220 685 2323 740 ubi
2368 689 2604 754 supra.)

883 1185 956 1239 In
981 1183 1305 1252 imaginem
1337 1181 1653 1248 Crucz’ﬁxi.

440 1291 728 1350 Germinis
755 1289 958 1346 aeterni
985 1304 1190 1344 ramos
1213 1288 1324 1343 hos
1357 1286 1488 1342 vitis
1517 1285 1790 1352 adornat,

441 1385 520 1437 De
547 1397 669 1452 qua
699 1379 859 1435 fonte
891 1393 1050 1433 novo
1077 1375 1411 1431 redduntur
1441 1374 1659 1446 poeula
1698 1372 1949 1439 mundo,

439 1473 688 1526 Dextera
711 1485 844 1540 quae
874 1465 1084 1522 victrix
1113 1465 1454 1536 invictaque
1499 1462 1746 1519 brachia
1782 1461 1991 1520 Christi

435 1559 733 1632 Amplexu
756 1573 1009 1630 rapuere
1039 1555 1139 1628 pio
1169 1553 1243 1610 de
1265 1553 1541 1610 faucibus
1566 1552 1772 1609 hostis.

439 1648 740 1706 Lividulus
764 1661 1009 1718 serpens
1038 1644 1302 1718 peritura
1327 1647 1384 1698 et
1415 1647 1635 1698 tartara
1659 1641 1864 1712 cernit,

439 1741 509 1794 Et
535 1741 716 1810 caput
743 1724 1042 1806 ignavum
1061 1732 1353 1789 lutulenta
1391 1735 1448 1786 et
1472 1735 1662 1786 terrea
1689 1729 1919 1786 lambit.

443 1921 566 1974 Lux
594 1915 742 1970 mihi
753 1929 990 1984 semper
1015 1911 1203 1977 adest,
1220 1926 1330 1965 nec
1355 1925 1604 1979 possum
1627 1925 1867 1966 cernere
1893 1909 2100 1964 lumen

443 2005 618 2072 Libri,
649 2003 880 2060 lectoris
909 2018 1018 2058 nec
1043 2016 1262 2055 sensus
1292 1997 1509 2054 sufﬁcit
1539 1999 1715 2055 ullus.

1235 2089 1300 2142 Il.

1043 2178 1142 2233 Ad
1177 2178 1499 2233 Pabonem.

397 2272 408 2278 ⁸
448 2289 636 2358 Salve,
665 2285 980 2352 confrater,
1012 2283 1160 2339 mihi
1190 2282 1382 2338 dulcis
1408 2297 1646 2354 semper
1693 2298 1917 2338 amore.

443 2375 681 2432 Dulcior
705 2390 769 2430 es
790 2372 935 2428 mihi
967 2377 1049 2439 tu,
1076 2387 1264 2444 quam
1290 2370 1481 2425 mellis
1511 2375 1718 2438 gustus
1743 2370 1804 2425 in
1835 2387 1956 2426 ore.

445 2465 638 2523 Nescit
662 2479 868 2520 amare
897 2461 1112 2534 liquor,
1143 2461 1249 2516 sed
1276 2476 1447 2516 amor
1477 2460 1784 2527 dulcescit,
1808 2464 1865 2516 et
1895 2459 1971 2516 ad
2002 2475 2104 2514 cor

447 2557 648 2625 Intrat,
676 2557 732 2608 et
778 2550 1020 2608 alterius
1065 2549 1378 2620 oonjungit
1405 2549 1627 2604 findere
1673 2553 1899 2621 pectus.

448 2642 740 2700 Omnibus
768 2639 1028 2711 exceptis
1059 2637 1204 2693 mihi
1235 2642 1297 2692 tu
1328 2637 1407 2692 sis
1438 2637 1673 2693 charior
1709 2637 1852 2694 istis.

446 2735 701 2788 Econtra
730 2729 978 2800 abjectis
1005 2727 1090 2782 sic
1123 2731 1186 2782 tu
1217 2726 1296 2782 sis
1326 2727 1661 2800 promptior
1687 2725 1816 2782 illis.

447 2823 529 2876 Te
560 2834 798 2891 sequor,
837 2821 898 2871 ut
927 2815 1192 2872 mundus
1219 2815 1555 2870 circumfert
1573 2815 1840 2870 carmine
1871 2831 2101 2870 cursus.

447 2911 764 2980 Nusquam
791 2905 1062 2968 divellor,
1092 2919 1410 2976 nunquam
1432 2919 1468 2958 a
1497 2907 1550 2958 te
1600 2908 1836 2974 pectore
1894 2903 2101 2976 pellor.

450 2994 585 3062 Haec
609 2989 899 3063 praeclara
929 2989 1055 3043 dies
1085 2988 1294 3042 merito
1315 2988 1625 3054 vocitatur,
1659 2992 1714 3042 et
1752 3003 1963 3044 omnes

449 3084 647 3138 Festos
675 3076 974 3152 praecellit,
1006 3093 1144 3148 quae
1176 3082 1228 3132 te
1261 3093 1355 3132 me
1387 3093 1626 3132 cernere
1661 3077 1816 3133 fecit.

446 3167 603 3224 Alter
623 3167 683 3222 in
713 3165 994 3221 alterutro
1027 3163 1353 3232 gratuletur
1379 3165 1598 3236 sospite
1627 3165 1779 3220 viso.

446 3261 530 3316 'I‘u
559 3256 792 3325 metior,
825 3269 1114 3324 generose
1143 3269 1314 3326 puer,
1340 3253 1484 3326 quia
1516 3255 1808 3322 sanguine
1869 3256 2060 3326 major
2088 3273 2100 3310 :

447 3349 824 3419 Quapropter
838 3343 945 3400 tibi
958 3359 1094 3399 sum
1115 3359 1322 3400 servus
1339 3359 1518 3416 super
1538 3343 1743 3400 omnia
1763 3350 2100 3417 promptus.

1233 3449 1325 3503 Ill.

445 3561 569 3616 Pro
625 3559 836 3628 caligis
910 3555 1638 3628 hirsutis,_quantumvis
1717 3557 1951 3626 vilibus,
2025 3559 2106 3614 ad

1133 3625 1422 3680 abbatem.

448 3734 674 3791 Excelsi
703 3737 940 3790 montes
959 3732 1089 3803 jam
1119 3731 1389 3786 condunt
1417 3731 1702 3800 ninguine
1756 3739 1956 3790 cautes
1982 3753 1994 3791 :

447 3823 712 3880 Flamine
737 3821 1000 3898 perduro
1032 3820 1264 3893 spirant
1294 3823 1352 3875 et
1377 3819 1599 3890 frigora
1627 3838 1864 3898 campo.

447 3911 720 3986 Undique
750 3909 1095 3968 disturbant
1120 3908 1418 3964 famulum
1438 3927 1536 3965 me
1559 3909 1792 3966 turbine
1816 3917 2101 3970 vestrum.

445 4000 691 4058 Pelliciis
718 4001 823 4057 sed
855 4003 912 4056 et
940 3999 1217 4055 incursus
1257 3997 1571 4070 depellitur
1599 4001 1818 4056 omnis.

446 4093 612 4146 Parte
635 4094 822 4158 tegor,
855 4089 930 4144 de
961 4091 1128 4160 parte
1155 4086 1273 4144 alia
1301 4103 1398 4142 me
1431 4089 1690 4144 concutit
1737 4089 1926 4160 algor,

447 4177 696 4234 Maxime
721 4193 828 4248 per
858 4192 1030 4232 suras
1057 4176 1370 4249 inserpunt
1399 4177 1622 4246 frigora
1649 4195 1834 4238 venas

449 4265 734 4322 Cruscula
761 4269 1174 4335 concrescunt,
1204 4265 1484 4337 lapidosa
1504 4271 1569 4322 ut
1592 4267 1754 4324 stiria
1793 4267 2030 4324 durant.

447 4356 568 4410 Hoc
591 4353 810 4427 poteris
835 4353 1075 4422 sarcire,
1103 4352 1294 4410 Pater.
1325 4357 1497 4421 Quod
1551 4357 1600 4412 si
1645 4357 1884 4430 hispida
1938 4359 2106 4432 pellis

447 4443 731 4502 Redditur
758 4447 862 4500 aut
890 4441 1176 4510 vetulum,
1206 4445 1438 4501 noviter
1465 4446 1561 4502 vel
1607 4447 1774 4504 sutile
1835 4445 2054 4504 tectam
2090 4467 2102 4517 ;

447 4531 753 4605 Quidquid
775 4531 838 4588 id
860 4535 953 4588 est
985 4529 1156 4603 quod
1200 4529 1454 4603 largiris,
1506 4535 1839 4592 venerabile
1875 4537 2103 4593 donum

1905 4627 2029 4695 [est

1231 4711 1316 4765 IV.

904 4800 1029 4854 Pro
1059 4799 1342 4856 Par/conc
1378 4799 1635 4868 inﬁrmo.

445 4907 723 4963 Versibus
748 4923 825 4962 an
847 4905 1044 4962 verbis
1071 4923 1352 4964 moneam
1378 4923 1488 4979 pro
1523 4913 1691 4980 parte
1719 4911 2028 4980 I’achonis,

443 4996 748 5053 Fratribus
771 4994 1024 5051 inﬁrmis
1048 5009 1235 5066 quam
1261 4995 1438 5050 vultis
1471 4996 1717 5054 reddere
1760 4999 1978 5055 nostris
2007 5004 2034 5058 ζ)

441 5087 736 5157 Tempora
763 5099 924 5139 nunc
951 5088 1208 5156 poscunt
1237 5089 1301 5139 ut
1330 5087 1590 5152 agrestia
1625 5088 1901 5157 gramina
1923 5089 2096 5145 inun-

1841 5179 2024 5248 [’gant.

441 5265 628 5319 Mente
657 5259 911 5332 revolve,
943 5262 1110 5317 Pater
1144 5279 1156 5316 :
1188 5262 1408 5334 pariter
1440 5269 1577 5320 sunt
1601 5281 1737 5320 ecce
1768 5265 2027 5323 duorum

443 5349 722 5406 Invalida;
752 5349 923 5418 vires,
957 5350 1306 5407 communia
1334 5353 1574 5424 pocula,
1598 5370 1829 5412 mensa.

445 5440 632 5495 Omne
660 5437 828 5512 quod
856 5443 944 5495 est
975 5438 1105 5507 illis,
1139 5440 1448 5495 communi
1479 5447 1632 5498 sorte
1662 5443 1952 5500 fruuntur.

514 5546 590 5616 (I)
619 5545 760 5600 Vide
790 5545 1006 5616 Mabil.,
1030 5550 1174 5604 tom.
1209 5549 1276 5602 IV
1307 5547 1748 5620 Analectorum,
1780 5567 1919 5624 pag.
1967 5557 2090 5608 3'57.

2132 1073 2179 1124 A

2210 1125 2373 1179 Unus
2404 1121 2571 1194 quod
2601 1121 2841 1194 patitur,
2867 1119 2972 1176 ﬁat
3007 1119 3082 1176 de
3115 1119 3432 1175 ambobus
3489 1117 3798 1189 idi‘psum.

2204 1211 2401 1267 Altera
2424 1225 2568 1283 pars
2597 1209 2713 1266 alio
2733 1209 3020 1265 reddatur
3041 1224 3238 1282 perna
3267 1213 3549 1281 peracta.

2207 1302 2367 1356 Unus
2397 1299 2546 1354 dum
2575 1298 2814 1368 gaudet,
2843 1302 3052 1353 neuter
3076 1309 3189 1352 nec
3218 1311 3550 1353 murmura
3579 1295 3824 1352 tundat.

2203 1388 2323 1461 Ipsi
2349 1403 2696 1460 peccamus,
2729 1387 2777 1442 si
2802 1401 2929 1442 non
2957 1403 3168 1442 sumus
3195 1386 3496 1442 omnibus
3525 1399 3720 1441 unus.

2206 1477 2579 1549 Maximaque
2609 1483 2697 1531 est
2719 1491 2945 1532 merces
2964 1475 3226 1531 inﬁrmis
3258 1475 3491 1530 addere
3541 1491 3790 1531 curam.

3009 1602 3073 1656 V.

2208 1707 2278 1761 In
2311 1721 2405 1762 eos
2425 1708 2530 1778 qui
2555 1707 3011 1762 Fromnumlum
3037 1707 3120 1763 ad
3147 1707 3613 1776 suscipiendum
3659 1707 3897 1776 presby-

2601 1778 2738 1833 terii
2757 1778 3028 1834 ordinem
3055 1777 3358 1848 urgebant
3384 1781 3490 1848 (1).

2209 1886 2356 1941 Sunt
2368 1883 2513 1940 mihi
2527 1883 2632 1958 qui
2649 1884 2858 1940 dicunt
2875 1902 2887 1939 :
2905 1888 3099 1942 Curtu
3113 1900 3280 1940 nunc
3297 1885 3516 1941 ultime
3537 1887 3894 1954 Froumunt,

2212 1973 2461 2029 Ultimus
2485 1973 2766 2029 exclusus
2796 1990 2938 2029 cum
2961 1989 3085 2030 non
3115 1973 3199 2028 sis
3225 1979 3396 2046 patre
3426 1974 3723 2045 rejeetus,

2209 2062 2521 2135 Presbyter
2544 2067 2609 2118 ut
2633 2061 2766 2131 ﬁas,
2801 2067 3038 2136 tempus
3059 2063 3192 2134 jam
3224 2063 3418 2135 poscit
3445 2068 3508 2119 et
3531 2069 3688 2120 aetas

2207 2154 2455 2221 Pergere
2476 2168 2615 2207 cum
2635 2151 2878 2224 reliquis
2904 2168 3010 2206 cur
3037 2167 3242 2208 cessas
3265 2151 3294 2206 ?
3325 2153 3578 2224 Percipe
3612 2153 3812 2209 claras

2209 2239 2578 2298 Candidulus
2598 2245 2808 2308 vestes,
2838 2240 3146 2296 celebrant
3173 2257 3313 2314 quae
3367 2242 3638 2313 mystica
3691 2247 3890 2299 sancta

2208 2329 2507 2385 Pontiﬁcis
2529 2329 2836 2386 manibus.
2867 2329 2922 2387 Si
2953 2331 3184 2402 spargit
3213 2329 3551 2386 chrismata
3599 2332 3879 2388 Christus.

2140 2421 2182 2476 Β
2214 2421 2498 2476 Funditur
2527 2425 2584 2475 et
2612 2436 2793 2492 super
2820 2420 2950 2486 hos,
2971 2436 3128 2492 quos
3141 2419 3592 2492 tangitpollice,
3606 2421 3874 2478 chi-istos.

2212 2509 2408 2565 Gratia
2437 2524 2546 2581 per
2575 2509 2832 2582 populos
2859 2509 2940 2564 sic
2972 2508 3144 2564 ﬂuxit
3169 2525 3331 2582 saepe
3361 2509 3607 2572 beatos,

2211 2599 2362 2654 Cum
2382 2597 2786 2652 benedixisset
2809 2595 3143 2652 benedicﬁs
3171 2595 3417 2652 dextera
3450 2599 3718 2663 Summi,

2210 2686 2592 2758 Presbyteros
2619 2686 2955 2759 faceretque
2985 2703 3130 2742 suos
3161 2701 3336 2742 sacro
3391 2687 3617 2743 ordine
3671 2703 3880 2742 servos.

2212 2779 2432 2845 Cogere
2463 2791 2560 2830 me
2593 2780 2836 2842 certant,
2862 2775 3072 2842 fatear,
3103 2775 3271 2848 quod
3318 2777 3432 2830 sim
3491 2777 3748 2850 sapiens

2211 2862 2330 2914 Hoc
2362 2859 2587 2914 faciunt
2615 2859 2774 2915 stulti
2797 2865 3046 2915 ventoso
3067 2858 3314 2916 ﬂamine
3345 2863 3529 2934 pasti,

2213 2951 2338 3003 Non
2366 2948 2508 3019 quia
2538 2947 2782 3004 virtutes
2805 2947 3071 3020 cupiant,
3092 2949 3200 3004 sed
3222 2947 3428 3004 fallere
3461 2948 3788 3021 plaudant.

2213 3040 2330 3092 Nos
2359 3035 2638 3107 humiles,
2666 3053 2778 3092 nos
2801 3037 3024 3092 indocti
3045 3053 3412 3093 maneamus
3437 3037 3521 3093 ad
3545 3054 3785 3095 omnes.

2211 3127 2449 3182 Talibus
2481 3127 2733 3199 eloquiis
2757 3140 3077 3200 nunquam
3101 3143 3206 3182 cor
3235 3128 3508 3200 pascitur
3537 3128 3682 3197 illis,

2215 3217 2327 3274 Sed
2348 3216 2558 3286 magis,
2583 3222 2763 3289 atque
2792 3217 3008 3286 magis.
3029 3217 3301 3283 Domine,
3327 3233 3456 3290 quo
3479 3218 3694 3275 sistere
3720 3221 3882 3290 justi:

2215 3308 2392 3379 Spem
2423 3307 2872 3362 tractandarum
2899 3307 3010 3362 sibi
3033 3307 3248 3377 jusssit
3273 3307 3532 3364 reddere
3564 3322 3792 3368 rerum.

2212 3395 2349 3452 Illuc
2381 3397 2738 3468 protendam
2767 3396 3034 3452 studium
3077 3396 3319 3464 mentis,
3379 3413 3690 3455 manuum
3747 3415 3880 3456 cum

2214 3485 2503 3542 Omnibus
2525 3488 2581 3540 et
2609 3484 2796 3556 factis,
2827 3499 2933 3541 seu
2962 3485 3218 3553 nisibus,
3252 3490 3382 3542 arte
3411 3489 3739 3559 resumptis

2215 3573 2514 3646 Quidquid
2541 3578 2685 3636 erat,
2721 3573 2887 3645 quod
2913 3574 3202 3646 sequitur,
3237 3563 3440 3631 totum~
3463 3575 3570 3630 sibi
3593 3575 3702 3632 ﬁat

2213 3663 2538 3718 Verborum
2565 3662 2658 3717 vel
2676 3661 2992 3729 factorum,
3027 3663 3200 3736 quod
3230 3665 3492 3736 pertinet
3513 3665 3704 3721 illum.

2143 3772 2186 3825 ο
2215 3751 2518 3808 Laudibus
2549 3751 2742 3824 ipsius
2773 3751 3096 3807 reddemus
3127 3754 3404 3825 corporis
3424 3771 3634 3810 ausus.

2212 3845 2314 3897 Ast
2337 3841 2452 3897 illis
2484 3841 2953 3914 respondemus,
2983 3841 3088 3914 qui
3113 3841 3260 3897 talia
3291 3847 3554 3900 tractant
3583 3861 3599 3900 :

2212 3930 2534 3986 Stultorum
2560 3929 2766 4000 lingua
2796 3934 2886 3985 est
2912 3925 3101 3986 facilis
3123 3933 3180 3986 et
3209 3937 3504 4005 prompta
3527 3933 3802 4006 loquelis.

2213 4019 2492 4093 Quisquis
2523 4020 2682 4075 enim
2713 4019 2946 4092 primus
2971 4018 3262 4092 loquitur,
3283 4021 3677 4078 manifestius
3721 4023 3872 4080 illum

2214 4112 2596 4180 Cognoscunt
2619 4108 2717 4164 alii
2742 4125 2754 4164 :
2780 4108 2925 4180 quia
2953 4112 3154 4164 mente
3187 4110 3479 4182 superbia
3502 4117 3741 4184 regnat,

2214 4203 2280 4255 Et
2310 4215 2537 4255 vacuus
2567 4203 2774 4254 manet
2796 4197 3042 4254 interius
3073 4199 3414 4272 praecordia
3433 4217 3680 4259 sensus.

2213 4293 2306 4345 [lae
2332 4305 2491 4346 curae
2515 4305 2638 4345 non
2665 4304 2776 4344 nos
2804 4288 3102 4345 mordent.
3127 4291 3287 4346 Deus
3315 4291 3444 4348 haec
3469 4309 3726 4366 quoque
3765 4298 3864 4348 tra-

3657 4379 3805 4454 [etet

2213 4465 2429 4521 Ordine
2458 4469 2582 4522 tam
2622 4465 2784 4521 celso
2814 4481 3064 4538 persons
3087 4480 3204 4536 ego
3232 4465 3489 4538 fungere
3531 4485 3776 4527 summo

2211 4559 2339 4612 Non
2367 4572 2620 4630 possum
2648 4570 2891 4628 pressus
2915 4556 3147 4628 peccati
3176 4557 3450 4628 pondere
3481 4564 3669 4616 totus.

2211 4647 2309 4700 Est
2337 4644 2482 4700 mihi
2497 4643 2664 4717 quod
2679 4643 2896 4710 dicam,
2921 4648 3236 4717 totumque
3257 4662 3333 4702 ex
3354 4647 3572 4704 ordine
3586 4649 3870 4722 pandam.

2211 4733 2486 4808 Inprimis
2507 4734 2702 4790 studio
2728 4737 2927 4806 placet
2954 4750 3086 4790 esse
3117 4735 3236 4791 sub
3277 4737 3513 4794 artibus
3555 4756 3705 4796 uno.

2210 4824 2424 4880 Omnia
2453 4823 2608 4890 dico,
2643 4827 2705 4878 ut
2727 4828 2887 4894 sunt,
2920 4841 3028 4882 nec
3047 4823 3286 4882 ludicra
3339 4844 3685 4902 prosequar
3741 4831 3866 4887 ulla.

2213 4913 2440 4968 Discere
2465 4911 2697 4966 decrevi
2725 4911 2934 4982 libros,
2966 4913 3237 4986 aliosque
3257 4915 3498 4972 docere.

2209 5002 2375 5066 Quod
2390 5004 2632 5074 praestet
2643 5003 2796 5056 Deus
2807 4997 3211 5073 omnipotens,
3227 5004 3343 5060 hoc
3360 5009 3641 5078 tempore
3656 5009 3868 5065 Christo

2139 5127 2180 5179 υ
2215 5096 2484 5145 Crescere
2515 5090 2628 5145 sub
2661 5093 2878 5158 vestro,
2908 5090 3069 5162 quod.
3101 5091 3276 5148 ﬂuxit
3324 5098 3602 5166 tempore
3665 5099 3866 5170 prisco,

2213 5179 2480 5233 Subdere
2503 5193 2601 5234 me
2631 5178 2782 5233 duro
2813 5177 3058 5233 divellar
3085 5193 3162 5233 ne
3193 5177 3330 5252 ipse
3351 5180 3565 5238 labore
3595 5203 3610 5238 :

2214 5271 2280 5324 Ut
2303 5268 2530 5341 possim
2559 5268 2835 5340 quamvis
2857 5267 3262 5340 pauperculus
3292 5286 3426 5326 esse
3471 5287 3776 5345 synergus

2211 5357 2502 5412 Omnibus
2533 5361 2620 5413 est
2647 5371 2875 5412 merces
2908 5375 2921 5422 ;
2953 5355 3094 5428 quia
3125 5373 3352 5429 pensas
3379 5360 3514 5432 ipse
3569 5361 3810 5420 labores

2213 5447 2552 5516 Servon-um,
2583 5445 2684 5518 qui
2716 5461 2824 5501 vos
2856 5445 3247 5503 famulamine
3276 5448 3539 5507 dulciter
3575 5453 3804 5510 ardent.
