3998 6176
488 157 625 209 1295
1488 148 1898 204 FROUMUNDI
1940 146 2342 204 C(ENOBITE
2381 149 2914 208 TEGERNSENSIS.
3776 158 3860 211 1291

485 278 645 332 Dans
673 280 731 332 et
775 288 980 331 amore
1006 286 1174 326 meos
1204 270 1565 343 perparvula
1594 286 1806 327 musca
1845 288 2141 328 susurros.
2183 277 2230 330 A
2262 271 2450 343 Salve,
2477 273 2601 329 dux
2630 274 2919 342 Heinrice,
2952 275 3067 331 tuis
3089 273 3301 331 dilecte
3338 274 3623 347 popellis,

1285 379 1345 433 χ,
2332 363 2415 417 Tu
2438 378 2651 434 regum
2680 363 2896 437 proles,
2930 368 2994 419 tu
3025 378 3270 436 quoque
3298 367 3539 436 sceptra
3569 368 3744 420 tenes.

517 471 616 526 Ad
644 468 931 525 eumdem.
965 467 1267 523 Precatur
1294 468 1565 537 faustum
1597 468 1713 525 iter
1742 474 1796 525 et
1824 468 2107 524 reditum.
2259 450 2467 507 Nunus'
2492 456 2547 508 te
2574 468 2783 523 ι’θειιω
2817 452 3197 509 transcendet
3221 457 3448 509 ίθιτθυδ
3482 469 3771 526 unquam.

482 561 635 614 Gens
666 554 946 612 habitans
976 554 1155 629 Alpes
1185 554 1292 611 tibi
1321 555 1592 629 mandat,
1626 557 1872 627 domne,
1905 556 2144 625 salutes,
2326 540 2559 598 Viribus
2584 546 2641 598 et
2668 542 2885 610 εοοίυει
2919 541 3137 598 ΠοδίΠε
3163 546 3343 615 atque
3372 542 3537 614 Pius-

548 644 797 702 Maxime
831 644 1276 715 Froumundus,
1299 644 1405 717 qui
1427 645 1590 718 cupit
1612 661 1741 701 esse
1770 649 1927 701 tuus.

2255 629 2512 687 Moribus
2542 635 2599 687 et
2621 630 2782 687 mitis
2809 634 2930 687 toto
2963 630 3149 703 polles
3170 647 3415 704 quoque
3446 630 3637 700 facto,

478 737 672 800 Quam
698 733 1045 807 lacrymosa
1077 733 1193 789 tuis
1224 720 1507 789 insistunt
1539 737 1810 807 tempora
1841 733 2024 789 servis
2058 733 2070 788 l
2325 718 2451 776 Ηοο
2479 719 2657 776 ῖᾶθίθῐ
2685 719 2994 789 Dominus.
3022 720 3221 792 POSSiS
3247 725 3313 775 ιιι
3340 736 3478 776 esse
3514 736 3679 775 Suus.

550 822 796 879 Decedis
826 822 1042 896 patria,
1076 822 1222 895 quid
1254 826 1393 878 sunt
1422 838 1609 891 regna
1640 826 1743 879 tua
1772 823 1800 878 7
2254 808 2549 878 Regnanti
2582 808 2835 865 Domino
2865 809 2942 864 sit
2966 808 3100 865 laus
3131 824 3241 881 pro
3272 808 3555 882 principe
3588 815 3807 866 nostro:

478 916 627 972 Cum
660 918 830 987 pater
858 912 998 968 hinc
1028 912 1267 981 transis,
1295 911 1600 985 orphellus
1625 911 1693 969 ﬁt
1714 928 1866 986 puer
1894 911 2092 968 omnis
2322 897 2413 953 Ad
2437 898 2745 987 Propriam
2774 897 2976 953 SBdem
3009 897 3263 954 duxerat
3291 898 3685 954 incolumem.

551 985 925 1074 Sis;precor,
956 1001 1018 1056 in
1051 1016 1261 1071 regno,
1287 999 1432 1073 dux,
1467 985 1776 1070 generose,
1802 1003 1925 1057 tuo,
2254 985 2527 1043 Carmine
2555 986 2814 1060 quisque
2844 1002 2953 1042 suo
2985 989 3165 1042 certet
3190 1002 3555 1043 concurrere
3583 987 3803 1060 pulchro

478 1090 566 1147 Nil
594 1106 733 1147 mea
759 1090 883 1146 vita
913 1089 1091 1159 valet,
1124 1089 1173 1144 si
1202 1105 1325 1146 non
1364 1094 1419 1145 te
1447 1105 1685 1162 semper
1708 1088 1953 1163 adoptat
1985 1108 1998 1144 :
2325 1074 2616 1163 cordibus
2645 1075 2843 1131 Omnis
2873 1091 3066 1144 amor,
3092 1091 3240 1131 voce
3271 1075 3499 1132 feretur
3527 1075 3729 1133 honor.

548 1182 698 1236 Cum
724 1182 905 1252 caput
928 1178 1209 1246 abfueris,
1244 1183 1385 1234 tunc
1415 1194 1527 1249 ego
1554 1183 1803 1235 truncus
1824 1162 1949 1235 ero.
2253 1162 2509 1233 Longior
2537 1162 2666 1237 ipse
2697 1163 2825 1219 dies
2851 1164 3241 1220 transcendat
3267 1163 3503 1220 Ῑιιωίηθ
3528 1171 3742 1233 noctes.

477 1270 535 1325 Si
578 1269 821 1342 poteris,
870 1285 1121 1342 possum
1152 1286 1165 1323 :
1216 1268 1264 1324 si
1312 1285 1457 1335 non,
1506 1268 1744 1342 penitus
1780 1283 2027 1342 quoque
2058 1266 2144 1323 nil
2321 1257 2577 1327 Tempus
2605 1259 2669 1310 ut
2693 1271 2869 1311 omne
2898 1255 3094 1311 modis
3115 1255 3277 1311 hunc
3301 1260 3487 1312 canat
3516 1255 3853 1327 hymnisonis.

1951 1358 2137 1429 [sum,
2253 1346 2446 1401 Ducas
2478 1344 2574 1417 [et]
2604 1344 2840 1415 laudes,
2870 1349 3195 1416 noctesque
3226 1344 3480 1417 diesque
3512 1350 3797 1401 canentes;

547 1452 628 1505 Ne
659 1447 823 1504 mala
853 1448 1225 1519 contingant,
1257 1452 1313 1503 te
1342 1464 1478 1504 mea
1503 1448 1625 1504 vita
1652 1447 1815 1521 petit
2320 1433 2514 1489 Verba
2544 1438 2757 1489 sonent
2783 1433 3082 1499 homines,
3117 1449 3345 1505 organa
3374 1434 3562 1507 pulsa
3583 1451 3762 1492 sonos.

479 1538 594 1595 Sed
619 1538 819 1611 potius
849 1553 1080 1610 precor,
1108 1542 1175 1593 ut
1202 1552 1439 1611 pergas,
1467 1539 1599 1609 jam
1627 1536 1866 1610 despice
1907 1552 2100 1593 curas.
2250 1523 2571 1611 contremit
2603 1539 2645 1611 ar
2668 1522 2865 1579 Sonitu
2897 1522 3119 1611 teuul‘is
3147 1524 3421 1611 maSima
3452 1523 3660 1590 1110168.

548 1610 838 1700 Prospera
864 1629 1080 1683 cuncta
1107 1626 1224 1682 tuis
1251 1626 1572 1683 advenient
1590 1625 1850 1699 populis.

2173 1633 2219 1687 Β
2319 1614 2506 1676 Quem
2536 1610 2764 1667 faciunt
2795 1610 3025 1684 populi,
3046 1610 3415 1684 lepidulique
3437 1611 3625 1668 chori.

476 1699 769 1788 Egredere
801 1716 879 1774 ad
912 1721 1118 1787 gentes
1146 1716 1236 1772 vir
1264 1717 1550 1773 virtutum
1591 1715 1889 1789 sapienter
1920 1732 1933 1771 :

2248 1702 2397 1759 Cum
2442 1699 2699 1756 ducibus
2738 1701 2805 1755 ﬁt
2856 1716 3185 1757 concursus
3225 1700 3441 1773 populi
3474 1701 3723 1774 undique
3759 1717 3846 1757 ma-

549 1810 740 1863 Laetus
771 1806 932 1863 enim
959 1806 1176 1862 transis
1206 1806 1393 1862 Iustior
1420 1806 1559 1862 inde
1590 1805 1777 1861 venis.
3690 1792 3843 1861 [επεν

474 1899 542 1953 Et
564 1911 789 1952 nomen
822 1895 926 1951 tibi
968 1895 1327 1968 praeclarum
1359 1898 1531 1964 Deus,
1565 1898 1775 1951 auctor
1810 1894 2136 1963 honorum,
2317 1880 2428 1947 Olli
2457 1880 2722 1951 gaudent
2750 1882 3007 1952 Patriam
3040 1884 3093 1935 te
3125 1894 3392 1935 remeare
3426 1885 3609 1936 ίιιθιω·

546 1984 689 2041 ]nde
721 1985 1156 2058 reportandum
1181 1984 1282 2040 det
1312 2000 1494 2056 super
1524 1983 1866 2057 imperium,
2244 1969 2591 2039 Francigeni
2619 1968 2775 2025 cives
2807 1973 3080 2042 spectant
3111 1974 3163 2025 te
3195 1973 3436 2041 pectore
3470 1969 3653 2033 mites,

476 2076 544 2129 Et
570 2076 816 2130 narrent
844 2072 1073 2128 famam
1099 2076 1285 2129 totam
1315 2089 1424 2145 per
1453 2072 1883 2145 posteritatem,

2314 2059 2547 2115 Viribus
2579 2058 2839 2115 audaces
2869 2075 3044 2114 :nam
3078 2064 3177 2115 tua
3206 2059 3547 2131 progenies,

686 2178 811 2219 non
838 2166 978 2219 sunt
1004 2162 1150 2224 nati.
1184 2162 1298 2218 sint
1324 2177 1587 2218 meropes
1618 2159 1829 2217 meriti.
2244 2147 2511 2204 Perfidus
2538 2164 2612 2203 en
2644 2148 2861 2203 nostris
2887 2147 3155 2204 abscedit
3179 2146 3407 2202 ﬁnibus
3435 2148 3618 2203 hostis
3645 2164 3656 2201 ἒ

475 2253 655 2310 Dicite
683 2253 969 2309 concordi
999 2253 1352 2309 comitantes
1380 2269 1526 2308 voce
1556 2251 1779 2326 popelli
1809 2268 1821 2305 :
2314 2240 2361 2293 1t
2386 2237 2567 2309 lupus
2595 2236 2656 2292 in
2686 2236 2907 2308 sylvas,
2940 2235 3159 2292 deserit
3185 2235 3464 2326 insidias.

544 2342 746 2399 Deduc
774 2341 1163 2412 incolumem,
1197 2346 1259 2397 tu
1288 2345 1440 2398 Deus
1466 2325 1643 2409 alme,
1673 2340 1914 2396 ducem.
2245 2327 2592 2384 Barbaricas
2621 2332 2827 2397 gentes
2863 2326 2964 2382 tibi
2996 2326 3227 2391 subdiS,
3257 2325 3431 2382 haud
3464 2326 3619 2381 timd
3642 2325 3784 2389 ullus,

471 2431 735 2502 Angelici
767 2431 925 2487 cives
959 2430 1302 2487 Heinricum
1331 2431 1528 2486 ducite
1555 2428 1744 2486 sancti

2312 2416 2601 2487 Agricolae
2625 2415 2908 2489 psallunt,
2941 2414 3105 2487 quod
3134 2414 3350 2487 placet,
3372 2416 3492 2470 hoc
3510 2414 3728 2470 faciunt.

544 2521 650 2575 Per
673 2524 955 2576 cunctam
987 2519 1289 2591 gradiens,
1321 2535 1508 2592 quam
1531 2518 1692 2574 subit
1721 2518 1849 2590 ipse
1875 2515 2059 2572 viam.

2240 2508 2422 2560 Arma
2445 2506 2667 2576 jacent,
2696 2509 2753 2559 et
2779 2508 2947 2559 scuta
2980 2503 3169 2569 silent,
3195 2509 3249 2558 te
3278 2503 3548 2575 principe
3571 2519 3673 2576 pax
3695 2510 3779 2567 est,

474 2607 747 2679 Salveris,
770 2608 1133 2681 juvenisque
1165 2608 1270 2679 tui,
1304 2613 1654 2680 cunctaeque
1679 2604 2036 2679 phalanges.
2311 2594 2517 2651 Nullus
2543 2594 2621 2649 ab
2649 2594 2929 2661 adversis
2947 2609 3058 2648 nos
3087 2592 3230 2666 petit
3255 2592 3505 2648 insidiis.

539 2700 682 2765 Quae
711 2679 908 2755 tecum
936 2679 1159 2771 pariter
1187 2697 1361 2753 dulce
1391 2679 1601 2767 legunt
1620 2700 1677 2752 et
1704 2695 1834 2752 iter.

2237 2684 2625 2755 Dulcigenam
2642 2683 2718 2739 de
2741 2689 2794 2738 te
2817 2683 3095 2755 cupimus
3118 2698 3363 2755 quoque
3381 2698 3612 2738 cernere
3632 2679 3825 2754 prolem.

468 2791 672 2860 Perge,
701 2787 864 2844 salus
887 2769 1109 2843 nostrae
1140 2787 1475 2859 gentisque,
1503 2789 1795 2842 revertere
1826 2782 2025 2840 salvus
2310 2773 2489 2846 Spem
2514 2771 2752 2837 DOStl'iS,
2789 2770 3052 2826 validam
3082 2769 3343 2826 barbara
3374 2776 3543 2839 gente
3572 2770 3763 2838 fusam-

470 2859 819 2946 Regnorum
848 2880 1041 2933 rector
1070 2875 1149 2931 sis
1180 2876 1634 2947 destrucrorque
1663 2872 1984 2930 malorum.
2241 2861 2324 2918 Sit
2352 2866 2455 2917 tua
2485 2859 2801 2933 progenies
2830 2865 3032 2915 noster
3070 2864 3122 2915 te
3155 2860 3425 2932 principe
3455 2860 3719 2932 princepS.

544 2963 631 3020 Sis
654 2964 831 3021 timor
856 2963 1112 3031 insidiis,
1141 2978 1262 3035 pax
1287 2978 1576 3018 mansura
1606 2961 1741 3018 tuis.
2167 2984 2213 3044 ϐ
2308 2953 2623 3006 1³088635οΡ
2654 2948 2807 3044 solii,
2840 2954 3033 3044 ῐξθϐῐον
3058 2953 3115 3044 εξ
3138 2947 3393 3044 imperi}-

468 3055 663 3110 Aurea
687 3069 952 3127 namque
984 3034 1150 3109 tuam
1177 3051 1438 3108 deducat
1467 3051 1678 3108 semita
1706 3050 1913 3119 vitam,
2171 3034 2207 3044 “
2241 3044 2434 3114 Usque
2454 3042 2572 3096 huc
2594 3038 2919 3127 gaudendo
2938 3055 3056 3094 vox
3081 3034 3817 3127 dux,midomne,canebamz

541 3144 666 3200 pax
694 3125 1197 3211 saﬁaiimembrjs,
1228 3141 1451 3213 gaudia
1476 3140 1593 3199 sint
1617 3139 1857 3198 animis,
2309 3128 2585 3184 Lusimus
2615 3125 2955 3199 omnigenis
2986 3126 3261 3182 cantibus
3291 3131 3350 3182 et
3375 3126 3590 3181 studiis.

471 3233 555 3290 Sit
583 3233 797 3308 procul
825 3249 1134 3301 occursus,
1168 3235 1619 3305 conventusque
1644 3229 1862 3287 malus,
2238 3221 2382 3275 Ecce
2406 3223 2647 3286 repente
2672 3217 2790 3273 ruit
2816 3216 3067 3273 tonitrus
3092 3216 3253 3273 velut
3280 3216 3488 3272 aethere
3514 3214 3723 3280 missus,

1252 3342 1337 3395 XI.
2306 3307 2555 3363 Nuntius
2581 3305 2922 3395 impatiens,
2956 3305 3168 3395 nuntia
3196 3306 3327 3362 dira
3357 3305 3534 3361 ferens

2235 3396 2300 3451 In
2328 3411 2441 3451 nos
2471 3394 2692 3451 iratum
2717 3410 2822 3449 vos
2851 3392 3000 3449 dixit
3028 3393 3254 3449 fortiter
3277 3410 3418 3463 esse,

2308 3486 2376 3539 Ut
2412 3482 2631 3556 probat
2659 3486 2929 3538 eventus.
2966 3482 3067 3538 Hei
3096 3483 3242 3538 mihi
3271 3481 3403 3554 quid
3423 3479 3611 3535 faciam
3640 3477 3665 3529 2’

2177 3629 2182 3633 ,
2234 3574 2382 3627 Nam
2436 3570 2834 3627 tremebunda
2884 3587 3105 3627 manus
3159 3585 3416 3644 percussa
3463 3558 3806 3720 est

3692 3664 3806 3705 ira:

3692 3664 3810 3705 ira:

664 3429 763 3484 Ad
788 3430 1076 3496 eumdem,
1108 3428 1371 3497 ejusdem
1394 3428 1531 3496 fere
1556 3426 1919 3497 argumenti.

464 3517 712 3586 Semper
739 3521 795 3571 te
822 3532 1121 3583 canerem,
1151 3517 1198 3570 si
1224 3515 1484 3586 perbene
1510 3514 1763 3586 psallere
1789 3529 2052 3586 possem,

534 3605 652 3657 Nec
683 3608 807 3658 tam
839 3608 1011 3671 grata
1040 3603 1188 3658 meis
1218 3603 1397 3658 mella
1423 3602 1615 3657 forent
1642 3601 1835 3657 labiis.

464 3689 694 3746 Gaudia
724 3690 909 3760 longa
937 3691 1193 3757 traham,
1237 3688 1382 3761 quia
1420 3688 1621 3744 dulcia
1662 3687 1932 3744 carmina
1959 3688 2126 3762 psal-

1957 3777 2123 3850 llam,

533 3868 793 3941 Corpore
822 3867 969 3924 dum
1004 3882 1241 3934 maneo,
1277 3880 1514 3937 semper
1544 3880 1749 3922 amore
1774 3881 1947 3937 cano.

460 3956 710 4015 Osculor
735 3956 1096 4013 incumbens
1127 3953 1393 4026 vestigia,
1424 3970 1547 4027 quo
1579 3953 1890 4025 gradieris,

532 4046 590 4103 Si
620 4046 806 4118 pedes
838 4046 1029 4102 exires
1066 4062 1078 4100 :
1111 4061 1255 4102 nam
1282 4044 1432 4100 foret
1460 4044 1575 4100 hoc
1606 4043 1865 4116 requies.

459 4137 685 4190 Montes
718 4136 1144 4202 conscendam,
1171 4134 1353 4190 simul
1376 4133 1513 4189 avia
1537 4137 1753 4189 cuncta
1772 4148 2117 4206 paragram,

532 4221 803 4293 Undique
831 4228 1245 4295 prospectans,
1278 4239 1417 4277 eum
1446 4221 1704 4295 patriam
1741 4221 1971 4278 redeas.

458 4312 623 4365 Nunc
648 4309 864 4365 iterum
887 4314 1068 4381 atque
1082 4310 1297 4366 iterum
1318 4310 1539 4379 valeas,
1564 4314 1814 4384 patrone
1833 4310 2115 4384 benigne,

529 4400 645 4453 Nos
691 4396 953 4471 petimus
993 4413 1105 4470 pro
1147 4402 1202 4453 te
1243 4397 1566 4454 Dominum
1611 4402 1820 4456 sancta
1866 4398 2118 4458 ecclesia

1872 4488 2113 4561 [omnis

454 4576 702 4632 Pulcher
735 4576 898 4632 enim
926 4575 1111 4643 vultu,
1146 4574 1229 4631 sic
1258 4574 1552 4644 moribus,
1579 4576 1829 4650 insuper
1858 4583 2014 4647 actu,

526 4670 599 4723 Es
627 4683 873 4740 quoque
902 4667 1025 4723 vita
1055 4666 1158 4736 tui,
1192 4666 1316 4723 dux
1346 4665 1505 4722 bone
1535 4666 1839 4739 mancipii.

1228 4776 1337 4829 XII.

453 4862 552 4917 Ad
579 4863 1010 4919 S.Hemricum
1036 4868 1092 4918 et
1110 4863 1371 4932 fratrem
1400 4864 1528 4932 ejus
1558 4862 2116 4922 Brunonem.Redi—

2302 3749 2528 3806 Terruit
2554 3748 2832 3817 infantes,
2864 3748 3118 3823 perculit
3146 3750 3274 3822 ipse
3305 3763 3483 3804 senes.

2232 3844 2372 3912 Igne
2400 3840 2482 3896 tui
2511 3839 2766 3896 nimium
2796 3843 3093 3896 torremur
3115 3854 3334 3912 nempe
3364 3835 3582 3904 furoris,

2303 3929 2443 3997 Quis
2473 3928 2689 4003 poterit
2717 3928 2916 3985 verbis
2956 3928 3086 3985 haec
3116 3943 3435 3984 numerare
3464 3924 3618 3982 suis?

2228 4020 2470 4077 Decoxit
2497 4018 2749 4075 miseros
2778 4018 3023 4092 proprio
3047 4034 3158 4092 pro
3185 4018 3434 4074 crimine
3462 4019 3648 4078 tactos,

2299 4111 2681 4166 Perscrutans
2710 4106 2923 4163 vitium
2954 4106 3241 4181 corporis,
3276 4113 3456 4180 atque
3484 4105 3735 4161 animum.

2230 4198 2558 4269 Tangimur
2594 4195 2839 4253 invalidi
2862 4195 3179 4269 permagni
3205 4195 3472 4252 criminis
3498 4207 3649 4257 aura,

2302 4291 2427 4345 Non
2456 4288 2561 4343 ﬂat
2587 4290 2927 4354 ventorum,
2957 4285 3061 4342 sed
3099 4284 3261 4342 mala
3288 4285 3381 4342 vis
3408 4283 3711 4342 hominum.

2154 4343 2198 4398 Β
2229 4343 2343 4435 Sed
2372 4393 2507 4451 quas
2537 4380 2703 4433 tanta
2733 4375 2843 4432 fuit
2871 4343 3181 4432 servorum
3213 4375 3393 4449 culpa
3424 4380 3664 4440 tuorum,

2301 4469 2371 4523 Ut
2397 4464 2562 4521 nullo
2600 4463 2763 4520 licuit
2788 4480 3050 4535 cernere,
3076 4480 3258 4537 quem
3292 4463 3529 4520 voluit?

2228 4559 2523 4613 Excusare
2554 4552 2723 4609 nefas
2754 4553 3046 4627 potuisset
3082 4553 3232 4609 forte
3265 4551 3356 4608 vel
3382 4569 3557 4609 unus.

2298 4648 2413 4704 Cur
2440 4643 2599 4700 cadit
2628 4642 2691 4697 in
2721 4641 2957 4699 facinus
2989 4657 3134 4713 grex
3162 4640 3341 4697 simul
3365 4633 3740 4698 innumerus?

2227 4736 2339 4793 Sed
2368 4737 2590 4791 tantem
2621 4731 2902 4788 miserere
2942 4731 3080 4803 tuis,
3106 4731 3238 4803 jam
3260 4746 3446 4804 parce
3476 4725 3709 4791 misellis,

2296 4822 2557 4895 Indignis
2584 4821 2826 4879 famulis
2853 4821 2959 4878 sed
2988 4820 3269 4878 miserere
3294 4820 3435 4877 tuis.

524 4910 2113 5006 amigrant»;'meum:mmmam:
2589 5002 2619 5006 _
2797 5000 2810 5006 _
2982 4910 3116 4967 xm-

524 5000 944 5075 Tegernsenses
974 5006 1037 5060 in
1065 5000 1328 5075 gratiam
1372 5000 1643 5075 recipiat.
1697 5000 1714 5006 ’
1910 5000 1932 5005 ⁷
2574 5002 2663 5057 De
2700 5000 2901 5057 eodem
2941 5015 3185 5057 carmen
3214 5000 3523 5057 motivum.

449 5096 602 5150 Gens
632 5095 1064 5164 Augustorum,
1082 5082 1277 5163 salve,
1310 5094 1589 5167 princeps
1614 5094 2003 5168 populorum,
2221 5093 2407 5161 Salve,
2438 5090 2729 5147 nobilium
2765 5093 2982 5159 Caesar,
3011 5105 3149 5163 spes
3179 5089 3407 5162 inclyta
3432 5092 3675 5163 patrum,

521 5182 696 5239 Filius
724 5183 1019 5251 Ecclesiae,
1051 5182 1301 5256 pulcher
1331 5186 1389 5239 et
1415 5183 1543 5256 ipse
1565 5188 1754 5256 pater.
2291 5181 2399 5247 Qui
2430 5181 2635 5237 laetum
2656 5180 2902 5237 veniens
2930 5179 3179 5236 advehis
3205 5195 3309 5236 ore
3333 5178 3517 5235 diem.

515 5273 666 5344 Dux,
697 5272 879 5328 decus
910 5276 968 5328 et
996 5272 1221 5345 patriae,
1251 5288 1394 5346 pax,
1428 5277 1599 5346 pater
1631 5272 1925 5330 Ecclesiaa.
2219 5273 2406 5337 Quem
2434 5273 2601 5326 Pater
2627 5270 2941 5337 immense,
2974 5284 3158 5342 quem
3189 5268 3312 5340 Fili,
3346 5267 3596 5340 suscipe,
3619 5259 3758 5319 celse.

448 5359 654 5417 Salvus
685 5376 921 5433 semper
946 5360 1084 5432 eris,
1118 5360 1438 5433 salvusque
1460 5360 1751 5417 exercitus
1778 5361 1997 5419 omnis.
2288 5363 2354 5415 Et
2384 5364 2658 5416 sanetum
2690 5359 2950 5426 Flamen,
2986 5358 3177 5415 trinus
3206 5363 3266 5415 et
3293 5375 3478 5425 unus,
3508 5368 3685 5412 amen.

519 5449 688 5506 Salve
709 5466 847 5505 cum
880 5449 1107 5523 populo
1133 5454 1187 5506 te
1215 5449 1537 5508 comitante
1568 5455 1690 5507 tuo.
2214 5450 2459 5521 Suscipe
2484 5448 2807 5519 laetantem,
2846 5450 3039 5503 mater
3066 5446 3426 5516 castissima,
3456 5454 3674 5501 servum

445 5539 511 5593 Et
556 5555 693 5595 cum
723 5539 899 5595 fratre
931 5543 1032 5596 tuo
1063 5540 1305 5597 salveris
1328 5539 1601 5614 principe
1628 5541 1829 5597 Bruno
2290 5538 2565 5606 Ecclesia,
2593 5542 2651 5593 et
2678 5541 2887 5593 natum
2910 5535 3148 5610 suscipe
3173 5535 3309 5593 laeta
3338 5542 3528 5593 tuum.

513 5628 763 5685 Pulchro
788 5634 845 5685 et
871 5628 935 5684 in
962 5629 1131 5701 facie,
1153 5630 1373 5687 nobilis
1398 5635 1465 5687 ut
1492 5647 1727 5701 genere.
2212 5633 2411 5687 Caesar
2442 5628 2691 5685 famosae
2717 5627 2869 5685 redit
2892 5643 2968 5685 en
2996 5626 3073 5684 de
3097 5626 3359 5685 culmine
3385 5629 3582 5685 Romae
