4020 6176
141 205 165 254 1
181 204 309 257 297

230 327 331 382 Ad
361 332 432 393 te,
461 328 657 381 sancte
687 324 868 388 Petre,
903 323 1128 391 gaudia
1152 342 1376 396 magna
1408 327 1622 384 ferens.

139 416 268 470 Hic
299 416 361 470 in
406 420 651 485 utroque
677 412 808 468 loco
833 417 882 468 te
917 412 1040 468 vult
1068 415 1292 486 pollere
1324 422 1673 489 patronum,

229 506 319 560 Tu
353 503 430 557 sis
461 500 679 557 auxilio
708 500 845 555 huic
872 500 933 555 in
965 505 1226 575 utroque
1258 504 1414 560 loco.

135 593 452 658 Gaudeat,
478 589 745 646 haeredes
778 590 1028 664 studuit,
1061 594 1226 666 quod
1257 595 1480 652 habere
1517 591 1832 668 perennes,

227 681 457 738 Praedia
488 679 774 752 quodque
798 695 988 736 sacrae
1021 682 1270 739 contulit
1303 684 1595 740 Ecclesiae.

144 769 348 840 Cujus
369 769 446 825 ad
478 768 837 840 obsequium
876 769 1014 826 laus
1060 788 1182 827 non
1215 772 1383 828 sileat
1429 772 1531 846 pia
1561 773 1830 829 fratrum.

232 861 486 915 Ornetur
514 858 808 930 templum
832 860 1010 930 cujus
1035 861 1115 916 ad
1141 861 1526 935 obsequium.

153 952 340 1005 Grate
370 964 566 1005 comes
599 948 809 1005 Christi
849 965 923 1004 ne
953 950 1136 1018 desis,
1171 955 1389 1008 sanctae
1429 952 1617 1020 Ceori,

235 1040 294 1094 Si
323 1039 478 1095 emlis
501 1043 772 1095 nostram
805 1039 962 1096 adde
996 1042 1304 1113 precando
1335 1059 1594 1115 precem.

159 1133 290 1197 Fer,
329 1129 565 1196 Kiliane,
598 1144 864 1201 precem,
900 1129 950 1184 si
980 1129 1161 1201 digne
1193 1131 1523 1204 poscimus,
1554 1146 1761 1186 aurem

230 1218 324 1274 Ad
347 1218 551 1275 Christi
575 1222 851 1274 nostram
878 1219 984 1286 fer,
1031 1219 1278 1290 Kiliane,
1317 1237 1578 1294 precem.

153 1309 249 1365 Sis
283 1311 481 1364 Cresar
509 1308 729 1378 dignus
753 1309 974 1364 sanctis
1020 1313 1078 1364 et
1107 1310 1365 1366 amabile
1396 1311 1617 1383 pignus

229 1397 530 1453 Coelorum
564 1397 710 1467 regi,
743 1401 940 1454 Caesar
969 1399 1253 1468 amande,
1279 1399 1435 1455 veni.

153 1490 361 1544 Caesar
387 1487 688 1542 amandus
714 1487 903 1557 adest,
933 1487 1163 1543 hostilis
1194 1487 1358 1544 fraus
1389 1488 1564 1545 cadat
1611 1488 1829 1544 omnis.

228 1578 402 1630 Nunc
431 1575 606 1630 timor
636 1576 835 1630 omnis
866 1576 1058 1641 abest,
1097 1580 1292 1633 Caesar
1313 1577 1614 1633 amandus
1638 1577 1829 1632 adest.

153 1668 399 1720 Portent
423 1665 754 1733 gaudentes
785 1670 1013 1720 cuncta:
1047 1683 1159 1722 sua
1196 1683 1452 1722 munera
1483 1671 1687 1735 gentes

229 1760 513 1825 Congrua
540 1755 702 1810 dona
729 1755 860 1824 sibi,
897 1760 1092 1811 Caesar
1113 1757 1396 1826 amande,
1431 1757 1556 1812 tibi.

157 1848 277 1899 .\'os
311 1843 412 1898 tibi
445 1861 552 1915 pro
585 1843 832 1898 modulo
865 1849 1179 1916 portamus
1201 1862 1454 1900 munera
1497 1845 1724 1900 Christo

233 1936 471 1988 Pectore
498 1932 575 1987 ab
602 1933 821 2001 exiguo
842 1949 954 1987 nos
987 1933 1088 1988 tibi
1117 1950 1226 2006 pro
1255 1934 1524 1990 modulo.

157 2021 443 2078 Solamen
476 2022 691 2088 ﬂentis,
726 2021 931 2076 lumen
964 2022 1042 2077 sis
1071 2022 1219 2078 lucis
1245 2023 1492 2093 egentis,

235 2115 301 2166 Et
333 2112 512 2184 stipes
534 2111 784 2176 claudis,
817 2127 943 2166 una
970 2111 1130 2167 salus
1161 2112 1344 2185 inopi.

154 2205 235 2257 'I‘e
269 2208 445 2257 vocat
475 2201 696 2257 auxilio
730 2201 945 2256 mulier
970 2201 1204 2274 privata
1235 2203 1472 2269 marito,
1543 2211 1552 2218 ‘

235 2292 555 2363 Orphanus
585 2295 764 2364 atque
798 2307 909 2346 suo
942 2295 996 2346 te
1026 2297 1202 2348 vocat
1231 2292 1471 2348 auxilio.

160 2383 208 2435 0
243 2381 498 2436 nimium
529 2380 718 2448 fortis,
747 2395 933 2451 quem
963 2379 1162 2434 nullus
1193 2381 1415 2436 territat
1439 2381 1649 2448 hostis,

240 2471 422 2539 Cujus
447 2475 502 2524 et
531 2469 854 2541 imperium
881 2484 1004 2524 non
1025 2469 1235 2525 retinet
1265 2468 1546 2542 spatium.

165 2559 445 2614 Ecclesiae
479 2557 754 2613 stabilem
792 2559 872 2612 fer
901 2573 1008 2630 per
1037 2562 1136 2613 tua
1163 2563 1433 2630 tempora
1460 2573 1694 2629 pacem,

243 2650 430 2720 Atque
461 2646 555 2701 Dei
587 2641 835 2702 laudem
866 2645 1140 2700 Ecclesiae
1167 2646 1461 2701 stabilem.

165 2737 355 2808 Copia
381 2752 452 2790 ne
479 2735 660 2790 rebus
693 2733 848 2789 desit
874 2749 995 2806 pax
1025 2739 1203 2806 atque
1236 2735 1448 2790 diebus

162 2831 459 2898 Tempora
487 2825 670 2893 longa
695 2829 799 2880 tuo
831 2823 931 2878 det
959 2824 1169 2879 Christi
1208 2825 1450 2882 dextera
1480 2840 1686 2895 regno,

245 2915 477 2971 Differat
507 2920 562 2969 et
593 2919 734 2969 voto
769 2918 1040 2984 tempora
1070 2912 1253 2982 longa
1281 2920 1401 2970 tuo.

166 3004 528 3076 Prosperitas
561 3003 737 3058 detur
764 3000 1026 3074 populis,
1055 3001 1158 3056 tibi
1187 3002 1625 3074 multiplicetur.

241 3093 326 3150 Ad
354 3093 638 3149 mandata
668 3091 768 3147 Dei
795 3094 1032 3163 pectore
1063 3091 1141 3146 sis
1176 3092 1370 3148 celeri.

165 3187 402 3241 Munere
430 3181 741 3254 multiplici
775 3184 972 3234 tecum
1003 3179 1078 3235 sit
1104 3181 1294 3250 gratia
1325 3182 1560 3249 Christi,

241 3275 314 3327 'l‘e
337 3271 676 3343 repleatque
710 3269 805 3324 sui
831 3285 1078 3324 munere
1110 3269 1439 3342 multiplici.

168 3362 419 3418 Brachia
452 3359 806 3433 Sampsonis
836 3360 937 3415 tibi
959 3360 1142 3416 donet
1166 3365 1222 3415 et
1249 3377 1316 3416 os
1333 3361 1686 3427 Salomonis,

248 3451 506 3506 Absalon
537 3449 774 3513 faciem,
803 3447 937 3514 Job,
977 3447 1297 3520 Danielque
1339 3443 1544 3505 ﬁdem.

177 3539 368 3594 Gloria
397 3539 650 3610 lausque
677 3538 799 3591 Deo
830 3537 951 3591 nati
984 3537 1304 3593 comitante
1337 3543 1579 3610 tropzeo.

294 3669 306 3680 ο
387 3669 397 3680 ο
478 3670 490 3681 θ
573 3671 584 3682 α
669 3668 681 3680 ο
765 3668 776 3679 ο
861 3667 872 3679 1
955 3668 965 3679 1
1048 3669 1059 3681 ο
1142 3669 1155 3691 ’
1235 3668 1250 3683 ο
1331 3670 1342 3681 ο
1425 3671 1436 3682 ι
1521 3672 1532 3684 ο
1615 3672 1626 3684 ο
1710 3671 1722 3682 ο

488 3807 560 3860 In.
592 3804 900 3859 duodecim
928 3804 1226 3873 apostolus
1259 3806 1509 3859 Domini.

182 3895 445 3950 Ecclesiae
476 3899 678 3949 Petrus
710 3892 819 3948 fert
849 3892 1246 3948 fundamenta
1267 3893 1498 3948 beatus.

181 3986 400 4040 Paulus
432 3985 508 4040 ad
538 3984 776 4053 ignotas
808 3983 1044 4037 devexit
1073 3983 1304 4038 semina
1340 3987 1544 4038 terras.

178 4075 438 4130 Andreas
467 4074 658 4129 crucis
687 4072 906 4128 invexit
935 4073 1215 4128 vexillula
1249 4075 1473 4128 Patras.

178 4163 485 4236 I’alpando
511 4163 720 4236 plagas
749 4162 989 4218 detersit
1017 4163 1267 4218 vulnera
1294 4163 1580 4218 Thomas.

178 4254 348 4308 Hiero
369 4270 475 4326 per
497 4253 790 4308 Iacobum
822 4250 1089 4306 salvetur
1119 4268 1264 4321 gens
1297 4251 1699 4323 Solymorum.

180 4344 372 4399 (.iratia
399 4348 568 4413 grata
598 4343 697 4397 Dei
731 4357 912 4412 super
937 4356 1147 4395 omnes
1173 4356 1306 4395 ecce
1335 4341 1597 4395 Joannis.

183 4435 250 4488 Ut
280 4431 535 4487 tenebris
569 4430 803 4485 lichnus
835 4428 1176 4497 fulgescitet
1200 4444 1300 4483 ore
1322 4427 1650 4501 Philippus.

181 4519 592 4576 Bartholomiei
622 4517 846 4573 meritis
880 4516 1296 4573 tenebrescens
1329 4516 1494 4572 India
1519 4515 1731 4572 cernis.

183 4613 428 4666 Summa
485 4609 727 4665 Mathtee
774 4606 946 4678 petis,
1000 4622 1135 4661 cum
1187 4610 1377 4661 terrea
1441 4605 1608 4662 lucra
1655 4605 1831 4661 relin-

1584 4695 1757 4767 [quis

179 4789 456 4855 Arfaxan,
489 4791 832 4858 Zaroénque
861 4785 1064 4840 Simon
1095 4791 1156 4840 tu
1187 4784 1424 4840 Perside
1464 4784 1694 4840 sternis.

180 4878 370 4935 Corda
437 4876 708 4946 maligna
786 4873 961 4942 dolis,
1033 4874 1367 4947 eademque
1427 4875 1678 4930 Thadaae
1740 4889 1832 4928 re-

1476 4963 1757 5036 [stringis

178 5055 447 5111 Ecclesiae
479 5058 683 5111 sancta
713 5051 1053 5108 numeraris
1097 5056 1250 5106 sorte
1276 5054 1506 5110 Mathia.

178 5143 546 5200 Prudentum
573 5145 792 5199 chorus
819 5140 1167 5210 ingreditur,
1203 5147 1406 5196 manet
1425 5143 1532 5198 insi
1545 5144 1828 5215 pientum.

181 5234 510 5290 Dulcieulas
542 5232 753 5290 Christi
784 5246 931 5303 cape
958 5230 1092 5286 vitm
1117 5231 1305 5300 janua
1331 5247 1603 5303 sponsas.

178 5324 557 5397 Supplicibus
580 5322 860 5378 miserere
893 5319 1027 5389 tuis,
1059 5335 1161 5374 rex
1193 5319 1438 5386 Christe,
1471 5322 1740 5393 popellis.

956 5413 1061 5466 XV.

498 5502 572 5556 In
594 5501 811 5556 Natali
828 5499 1086 5565 Domini,
1119 5504 1171 5553 et
1203 5499 1514 5566 baptisma.

181 5593 225 5648 Ο
255 5591 418 5656 socii,
451 5591 530 5658 io,
560 5590 618 5646 io
646 5591 657 5644 !
691 5589 872 5655 cives,
896 5589 1228 5643 concurrite
1259 5586 1455 5641 cuncti

252 5681 542 5737 Parvulus
567 5685 624 5736 et
651 5678 932 5751 populus,
965 5693 1224 5747 magnus
1250 5676 1451 5734 adeste
1477 5677 1714 5735 chorus.

1676 203 2095 262 POEMATICA.

1870 338 1915 386 Α
1947 332 2062 385 Nec
2091 346 2265 386 mora
2293 331 2368 387 sit
2394 332 2641 388 senibus
2674 333 2895 389 celeres
2924 334 3046 390 huc
3075 335 3314 393 tendere
3343 354 3614 415 gressus,

3474 220 3617 275 1298

2019 419 2341 476 Unanimes
2369 420 2590 493 pariter
2618 438 2740 494 quo
2766 439 3166 496 properemus
3196 424 3324 481 iter.

1943 508 2034 564 Ad
2061 509 2326 581 fratrem,
2357 511 2462 582 qui
2486 509 2634 566 forte
2659 512 2870 581 jacens
2913 528 3021 586 per
3052 513 3286 570 somnia
3319 518 3538 589 stertet,

2016 598 2289 654 Carmine
2318 599 2632 654 dulcisono
2657 615 2818 656 nunc
2848 607 3196 674 prosperata
3228 603 3431 659 domo.

1944 687 2196 757 Evigilat
2222 704 2384 744 nunc
2414 705 2594 744 omne
2649 689 2815 761 quod
2864 695 2974 760 est,
3036 691 3180 762 quia
3208 695 3383 748 natus
3435 693 3611 751 adest

3359 784 3533 839 Deus.

2014 867 2116 932 Tu,
2148 864 2347 934 frater,
2374 867 2538 921 solus
2563 883 2670 922 cur
2697 867 2952 924 recubas
2977 868 3261 924 domibus
3282 871 3309 925 ?
3335 784 3351 852 [

1943 953 2233 1010 Turmula
2263 954 2513 1010 caalestis
2533 956 2663 1026 jam
2693 956 2852 1011 venit
2883 962 2939 1013 et
2959 957 3141 1013 obvia
3176 958 3356 1026 testis,

2017 1043 2183 1098 Hunc
2212 1058 2401 1112 genus
2423 1059 2602 1100 omne
2656 1045 2919 1101 hominis
2974 1063 3137 1102 nunc
3196 1047 3357 1104 canit
3408 1048 3468 1104 in
3498 1065 3610 1121 po-

3336 1137 3536 1209 [pulis.

1946 1222 2129 1290 Surge
2159 1221 2308 1277 citus
2339 1222 2534 1291 frater,
2569 1223 2745 1278 frater
2789 1239 2952 1279 mors
2979 1228 3035 1279 et
3090 1240 3334 1297 quoque
3386 1227 3607 1283 somni.

2014 1311 2196 1380 Perge
2227 1327 2430 1366 comes
2463 1311 2656 1378 sociis,
2691 1315 2747 1367 et
2776 1327 3173 1384 properemus
3209 1313 3402 1384 aquis.

1941 1401 2141 1468 Curre,
2167 1416 2336 1472 puer,
2366 1417 2548 1471 nunc,
2577 1417 2767 1470 curre,
2799 1418 2970 1474 puer,
3001 1418 3164 1457 nunc
3197 1402 3419 1474 tingere
3448 1404 3608 1475 lym-

3354 1493 3532 1564 Iphis,

2012 1583 2086 1635 Te
2115 1579 2325 1649 Tegrin
2358 1595 2575 1634 somno
2607 1580 2856 1636 suscitat
2881 1580 3008 1653 ipse
3040 1581 3172 1636 Seo.

1864 1694 1902 1746 Β
1940 1671 2129 1739 Merge
2157 1667 2326 1724 dolos
2350 1669 2543 1723 somni
2577 1668 2752 1739 gelidi
2776 1669 2888 1724 sub
2911 1670 3143 1738 gurgite
3163 1670 3353 1742 ponti,

2013 1757 2407 1829 Abluiturque
2438 1758 2624 1827 nefas,
2657 1758 2824 1830 quod
2857 1758 3033 1814 trahit
3062 1759 3141 1815 ad
3170 1760 3469 1816 tenebras.

1944 1848 2194 1902 Letheus
2226 1846 2526 1902 infernum
2557 1847 2805 1919 cupiunt
2861 1848 3226 1920 baptismate
3283 1849 3604 1916 Christum,

2015 1937 2127 2002 Qui
2178 1937 2339 1991 hunc
2384 1935 2606 2007 patitur
2660 1935 2966 2003 morbum,
3019 1952 3142 1992 non
3176 1936 3446 2008 sequitur
3493 1941 3602 1992 Do-

3255 2023 3533 2094 [minum.

2708 2116 2839 2168 XVI.

1941 2207 2042 2261 Ad
2089 2207 2152 2261 S.
2217 2202 2638 2258 Godehardum
2668 2202 2940 2258 abbatem
2981 2197 3454 2272 Tegernsensem,
3512 2206 3613 2259 cui

2167 2309 2300 2348 cum
2333 2292 2560 2346 caeteris
2583 2291 2888 2359 fratribus
2921 2291 3062 2347 bene
3084 2296 3392 2360 precatur.

1943 2383 2148 2440 Nobile
2180 2380 2527 2451 gauderem,
2562 2379 2608 2433 si
2639 2378 2873 2446 scirem,
2903 2380 3100 2435 dicere
3125 2393 3390 2446 carmen,

1945 2472 2243 2530 Fratribus
2265 2468 2628 2526 omnimodis
2659 2468 3024 2525 salutamina
3060 2467 3290 2524 mittere
3320 2467 3538 2524 vellem

1942 2561 2152 2628 Qualia
2173 2558 2492 2632 psallentes
2514 2557 2993 2631 mirarenturque
3017 2558 3298 2626 legentes.

1942 2652 2146 2708 Abbas
2179 2664 2315 2705 ecce
2343 2663 2537 2715 meus,
2571 2662 2678 2702 nec
2699 2663 2823 2703 non
2854 2652 3048 2704 vester
3078 2646 3480 2716 Gotahardus,

1945 2744 2132 2798 Omne
2163 2739 2417 2806 bonum,
2441 2736 2606 2809 quod
2631 2736 2860 2793 dilectis
2893 2737 3026 2804 sibi,
3057 2735 3310 2793 mandat
3359 2735 3604 2791 amoris.

1943 2830 2197 2887 Mittibus
2227 2831 2292 2883 ut
2321 2830 2490 2898 pater
2509 2829 2617 2895 est,
2649 2828 2706 2880 et
2735 2825 3167 2898 blandiloquus
3201 2824 3286 2880 uti
3332 2823 3535 2895 frater,

1944 2916 2390 2988 Consociosque
2422 2929 2609 2982 meos,
2637 2914 2743 2986 qui
2768 2918 3026 2985 turgent,
3059 2913 3269 2970 acriter
3300 2917 3493 2982 urget.

1944 3010 2143 3062 Frater
2172 3003 2539 3072 Froumund,
2570 3004 2852 3076 quamvis
2883 3019 3006 3060 non
3045 3003 3226 3073 digne
3252 3004 3504 3059 vocatus

1944 3099 2234 3153 Centenas
2258 3092 2476 3160 decies,
2501 3091 2689 3147 milies
2717 3109 2963 3165 quoque
2997 3092 3238 3148 salutes.

1944 3183 2178 3240 Dilectis
2209 3181 2485 3248 Domino,
2513 3180 2732 3252 pariter
2758 3186 3085 3253 sanctoque
3115 3178 3383 3244 Quirino.

1944 3273 2176 3330 Gaudia
2199 3270 2509 3346 praesentis
2538 3270 2668 3325 vitae
2699 3274 2860 3326 sator
2887 3275 3066 3343 atque
3097 3268 3311 3323 futurae

1943 3365 2173 3432 Augeat
2198 3361 2270 3416 in.
2288 3358 2458 3414 vobis
2487 3373 2722 3430 pacem,
2764 3358 3106 3430 tribuatque
3127 3355 3394 3427 quietem

1945 3451 2196 3508 Numine
2228 3454 2444 3506 cuncta
2472 3465 2581 3504 suo
2609 3448 2870 3521 depellat
2897 3441 3092 3504 tristia
3114 3449 3344 3516 sancto,

1945 3539 2234 3607 Quamvis
2265 3537 2594 3594 multorum
2620 3537 2964 3610 quatiamur
2992 3535 3150 3592 mole
3181 3534 3502 3591 malorum.

1947 3633 2025 3686 De
2054 3629 2146 3685 his
2177 3643 2465 3701 superum
2495 3626 2815 3683 Dominum
2861 3626 3186 3696 rogitemus
3241 3641 3381 3680 cum
3437 3640 3614 3697 prece

3186 3713 3536 3783 [Christum,

1946 3809 2014 3862 Ut
2041 3807 2197 3861 Deus
2227 3804 2611 3876 omnipotens
2642 3803 2804 3858 mala
2835 3803 3033 3874 pellat,
3064 3817 3356 3873 prospera
3379 3801 3608 3858 reddat.

1942 3897 2018 3949 Te
2047 3892 2394 3948 veneranda
2423 3907 2662 3958 manus,
2689 3889 2984 3959 senioque
3010 3890 3225 3945 detrita
3243 3895 3536 3957 senectus,

1945 3985 2164 4038 Omnes
2185 3981 2569 4054 presbyteros
2599 3994 2892 4050 versuque
2924 3977 3117 4032 saluto
3148 3977 3261 4032 sub
3289 3993 3434 4033 uno.

1946 4071 2128 4140 Wigo,
2163 4074 2517 4139 Perngerus,
2547 4066 2852 4133 Gundroh,
2902 4082 3010 4121 seu
3053 4066 3271 4123 charus
3331 4066 3548 4122 Otheru
3573 4085 3603 4121 =.

1946 4159 2186 4216 Fortites
2215 4162 2272 4213 et
2301 4157 2560 4224 valeant,
2594 4160 2650 4211 et
2678 4155 2864 4210 vitam
2892 4159 3159 4228 tempore
3190 4155 3460 4226 longam.

1942 4255 2009 4306 Et
2035 4249 2298 4306 Gotafrid
2328 4249 2388 4304 in
2411 4247 2502 4303 his
2537 4247 2714 4303 simul
2740 4251 2826 4303 est
2856 4247 2999 4302 milii
3023 4248 3280 4304 scribere
3308 4247 3536 4319 calvus,

1943 4339 2265 4398 Candidior
2289 4337 2500 4409 cignis,
2531 4336 2752 4393 nutriat
2773 4352 2880 4392 vos
2911 4337 3196 4412 temporis
3227 4342 3372 4395 aetas

1868 4402 1910 4454 Β
1945 4429 2167 4488 Saecula
2187 4428 2546 4501 perducens,
2578 4427 2821 4484 tandem
2852 4428 3209 4502 superisque
3239 4442 3555 4484 recensens
3591 4444 3604 4494 ;

1943 4523 2009 4575 Et
2025 4520 2317 4590 juvenum
2340 4518 2486 4573 mihi
2511 4517 2836 4574 consimilis
2867 4521 2931 4572 tu
2959 4518 3220 4574 turmula
3243 4515 3441 4588 possis

1941 4613 2147 4682 Eque,
2175 4625 2399 4681 vosque
2432 4624 2618 4676 meos,
2651 4625 2804 4681 quos
2834 4623 3003 4663 raros
3023 4623 3151 4662 esse
3181 4605 3476 4660 dolemus.

1942 4698 2034 4753 Ah
2059 4699 2071 4753 I
2106 4698 2217 4754 ah!
2246 4714 2410 4754 mors
2439 4696 2638 4768 rapuit
2656 4694 3234 4768 quosdam,quoque
3248 4693 3368 4748 vita
3388 4689 3601 4746 beavit.

1943 4792 2058 4845 Hos
2076 4791 2236 4861 peto,
2260 4792 2326 4843 ut
2344 4787 2439 4843 hic
2466 4786 2708 4841 valeant
2735 4801 2746 4838 :
2775 4787 2866 4838 ast
2887 4782 2968 4838 illi
2991 4784 3074 4839 im
3098 4799 3247 4856 pace
3267 4781 3598 4854 quiescant.

1941 4879 2190 4946 Salvete,
2218 4877 2408 4950 pueri,
2441 4874 2625 4930 sancti
2661 4872 2992 4945 famulique
3025 4872 3252 4938 Quirini
3286 4892 3299 4941 ;

1942 4973 2108 5025 Nunc
2140 4983 2319 5039 super
2345 4969 2401 5021 et
2426 4963 2639 5019 subtus
2672 4979 2780 5018 vos
2811 4962 3069 5030 osculor,
3123 4961 3342 5034 inclyte
3396 4965 3602 5018 ccetus.

1943 5055 2236 5115 Omnibus
2256 5059 2321 5110 ut
2350 5052 2520 5108 vobis
2546 5052 2659 5107 sim
2686 5051 2862 5118 ﬁlius,
2905 5056 3010 5108 aut
3041 5066 3216 5119 mage
3243 5066 3467 5106 servus.

1943 5148 2065 5202 Hoc
2091 5159 2302 5217 precor
2331 5142 2624 5198 inclinans
2654 5141 2906 5213 vultum,
2941 5157 3065 5197 non
3095 5144 3293 5197 mente
3347 5141 3605 5213 superba

1943 5239 2025 5292 Me
2077 5231 2356 5306 precibus
2381 5231 2592 5286 vestris
2625 5232 3010 5303 commendo,
3041 5230 3252 5286 concio
3285 5234 3513 5286 sancta.

2700 5321 2878 5376 XVII.

1981 5411 2050 5465 In
2079 5409 2274 5479 ﬁlium
2306 5408 2498 5465 vidum
2517 5408 2877 5475 Naimiticw,
2939 5425 2977 5465 a
3007 5408 3246 5465 Christo
3274 5403 3354 5464 αι’

2549 5499 2987 5554 resuscitatum.

1946 5587 2206 5646 Plurima
2234 5603 2372 5643 cum
2396 5586 2683 5644 Dominus
2714 5587 2950 5644 fecisset
2974 5588 3147 5658 signa
3175 5602 3282 5660 per
3311 5586 3542 5653 orbem,

1948 5681 2110 5735 Hanc
2139 5677 2348 5734 urbem
2381 5693 2702 5750 properare
2728 5676 3150 5750 volens,quam
3177 5675 3420 5733 nomine
3437 5675 3604 5732 Naim
