4020 6176
381 194 512 249 1899
1369 179 1775 238 FROUMUNDI
1815 174 1968 231 C(Fl‘

2253 169 2789 228 TEGERNSENSIS.
3684 167 3840 221 nec

372 317 477 373 Hic
504 310 1022 383 vocitatpopulus,
1054 308 1157 381 qui
1175 306 1263 363 .slt
1289 304 1635 376 regionibus
1658 300 1793 357 illis.
2056 297 2106 349 Α
2140 293 2416 350 Ofﬁcium
2446 294 2549 351 tibi
2577 293 2742 367 quod
2772 291 3104 383 fecit‘nunc
3132 290 3253 383 ille,
3287 289 3579 383 repende.

373 404 687 473 Contingit,
721 377 787 456 ut
814 377 1059 455 veniens
1074 377 1246 454 hunc
1274 397 1454 452 obvia
1482 395 1663 450 vidua
1691 390 1955 447 haberet.
2139 386 2311 440 Porta
2335 388 2691 457 portantem,
2715 383 2870 438 bene
2902 381 3037 473 fac:
3071 380 3181 453 qui
3204 395 3318 473 nec
3345 377 3741 473 malesentit

375 496 499 551 Hoc
529 467 699 547 sacra
730 487 953 559 scripta
980 487 1222 549 fuerunt
1280 504 1292 540 :
1353 486 1482 540 htec
1522 481 1707 537 vidua
1734 476 2029 547 turbaque
2140 477 2289 532 Cum
2321 474 2589 544 graditur
2648 492 2661 528 :
2733 477 2873 529 tunc
2899 471 3076 545 plebs
3130 471 3333 526 omnis
3389 467 3839 559 ChristoAdecﬁt

1727 564 1958 639 [multa.

3558 556 3772 628 [0488,

367 670 692 728 Portabant
712 666 949 736 feretro,
981 665 1177 722 fuerat
1204 666 1310 737 qui
1336 663 1495 719 ﬁlius
1522 661 1604 716 illi
2918 653 3024 707 XX.

370 760 612 830 Unicus,
667 755 1025 814 exstinctum
1072 772 1085 810 :
1139 758 1331 810 mater
1386 747 1760 808 merebunda
1829 747 2031 800 secuta
2298 742 2400 798 Ad
2426 740 3142 830 Pev'ingerumAbbatem
3178 740 3671 830 mpm.

1827 835 1957 905 [est.
2142 830 2457 887 Versiculis
2487 846 2621 886 sum
2650 830 2915 886 dicturus
2943 829 3077 885 vale
3099 827 3391 884 omnibus
3422 841 3613 881 unus.

368 934 619 992 Nescivit
655 932 975 989 Dominum
1007 934 1303 987 astantem
1336 928 1449 984 sibi
1472 941 1637 984 more
1662 923 1944 992 benigno.
2212 919 2503 992 Alloquor
2527 919 2840 993 imprimis,
2871 918 2975 991 qui
3001 922 3183 991 pater
3206 921 3297 972 est
3330 914 3615 987 reliquis.

372 1024 483 1090 Qui
513 1022 806 1078 miserans
832 1020 978 1076 dixit
1020 1037 1033 1074 :
1069 1043 1097 1068 ‹‹
1130 1018 1351 1087 Mulier,
1378 1030 1636 1090 puerum
1666 1016 1793 1068 sine
1819 1012 1979 1067 ﬂere.
2002 1032 2029 1057 »
2142 1013 2375 1067 Patrem
2400 1012 2782 1078 Perngerum,
2805 1008 3065 1081 pastoris
3096 1007 3348 1063 nomine
3380 1005 3653 1074 dignum

371 1112 796 1183 Accedensque
822 1110 955 1181 pius
996 1108 1181 1178 tetigit
1210 1105 1493 1163 manibus
1514 1103 1769 1177 pietatis,
2218 1098 2410 1165 Salve,
2438 1097 2620 1168 digne
2649 1113 2887 1171 parens,
2915 1113 3144 1153 nomen
3173 1095 3427 1151 honoris
3457 1093 3711 1149 habens

371 1201 600 1256 Clarius
631 1199 978 1263 exclamans
1013 1215 1025 1252 :
1061 1220 1086 1245 «
1122 1196 1246 1251 Tibi
1276 1195 1432 1264 dico,
1450 1210 1486 1248 ο
1514 1195 1980 1259 mortue,surge.
2006 1210 2032 1239 υ
2147 1187 2258 1254 Qui
2278 1187 2483 1259 arguis
2512 1187 2793 1255 infantes,
2816 1188 3093 1258 juvenes,
3127 1192 3188 1242 et
3216 1202 3329 1241 nos
3354 1183 3658 1246 seniores,

372 1289 482 1355 Qui
509 1301 760 1355 surgens
790 1286 974 1355 sedet,
1009 1288 1067 1341 et
1086 1284 1369 1357 loquitur,
1389 1282 1495 1338 tibi
1527 1280 1734 1349 gloria,
1768 1279 2030 1351 Christe!
2218 1275 2471 1332 Maxime
2499 1292 2596 1331 me
2626 1275 2823 1331 solum
2852 1290 2991 1329 cum
3017 1274 3270 1347 reliquis
3300 1273 3534 1346 pueris.

370 1383 532 1435 Tunc
586 1375 796 1448 recipit
852 1374 1105 1445 genitrix
1159 1373 1426 1442 genitum
1462 1416 1476 1442 ,
1561 1374 1894 1442 natumque
1951 1384 2038 1424 se-
2110 1368 2113 1371 ⁷
2148 1366 2321 1432 Quod
2347 1382 2665 1439 nunquam
2695 1366 2799 1422 tibi
2832 1365 3195 1421 versiculum
3225 1364 3518 1424 dedimus
3556 1362 3722 1417 bene
3754 1361 3837 1415 fas

1716 1457 1959 1529 [cundo.
3548 1453 3768 1521 ictum.

367 1552 595 1625 Accipit
623 1556 886 1608 astantes
917 1566 1178 1620 magnus
1207 1551 1402 1617 timor,
1431 1548 1699 1621 undique
1714 1547 1930 1620 plebes
2218 1545 2350 1610 Quo
2379 1543 2537 1600 circa
2566 1543 2785 1599 faciam
2815 1544 3088 1598 carmina
3108 1541 3441 1598 versiculis.

368 1642 866 1713 Magniﬁcantqne
892 1643 1080 1697 Deum
1111 1640 1409 1696 dicentes:
1445 1662 1473 1687 ‹‹
1500 1644 1613 1694 Iste
1634 1637 1924 1711 propheta
2061 1648 2102 1705 Β
2146 1636 2313 1690 Nunc
2343 1632 2520 1689 facito
2549 1648 2779 1699 versus,
2812 1632 3009 1687 omnis
3038 1634 3147 1704 qui
3178 1631 3443 1686 scribere
3465 1630 3661 1698 nosti,

369 1731 658 1789 Maximus
684 1731 744 1786 in
777 1730 951 1786 nobis
981 1730 1254 1800 surrexit,
1286 1730 1560 1802 miraque
1578 1727 1731 1795 fecit,
2174 1742 2181 1747 ·
2219 1725 2287 1777 Ut
2313 1722 2498 1778 modo
2535 1721 2793 1795 pellatur
2831 1721 3133 1776 mentibus
3162 1721 3251 1776 ira
3279 1721 3428 1776 suis.

372 1823 475 1875 Per
504 1835 688 1890 quem
716 1834 830 1873 nos
856 1817 1236 1889 populosque
1268 1833 1411 1872 suos
1444 1820 1598 1872 Deus
1623 1815 1752 1888 ipse
1768 1813 1980 1869 revisit.
2002 1835 2031 1863 ››
2145 1812 2447 1868 Accedam
2473 1811 2635 1884 prior
2664 1815 2720 1866 et
2750 1810 2951 1865 dicam
2983 1802 3096 1865 sibi
3137 1809 3297 1866 mille
3331 1809 3595 1878 salutes,

373 1909 619 1962 Summe
651 1910 828 1974 Deus,
860 1921 957 1960 me
987 1906 1442 1960 Froumundum
1473 1905 1587 1960 sub
1616 1908 1807 1969 morte
1832 1900 2031 1974 sepul-
2217 1900 2274 1955 Si
2302 1901 2417 1956 hoc
2447 1900 2732 1973 placitum
2762 1899 2956 1967 fuerit,
2989 1899 3128 1971 plus
3154 1913 3443 1953 resonare
3474 1897 3647 1953 volo.

1790 1993 1957 2061 [tum.
2146 1989 2344 2045 Ludos
2370 1994 2427 2045 et
2451 1988 2661 2045 laudes
2687 1988 2957 2044 dicemus
2987 1988 3278 2054 carmine,
3310 1987 3555 2052 fratres,

372 2082 601 2139 Suscita
627 2082 917 2154 praeclara
944 2082 1183 2155 pietate,
1209 2081 1517 2148 resuscita,
1542 2080 1787 2135 Christe.
2219 2082 2288 2135 Ut
2310 2080 2479 2152 pueri
2506 2078 2690 2148 digno
2717 2077 3139 2149 complaceant
3168 2077 3441 2133 modulo.

371 2175 495 2228 Non
526 2176 731 2243 pereat
756 2170 925 2242 quod
948 2170 1239 2243 plantavit
1270 2174 1372 2225 tua
1408 2169 1671 2235 dextera,
1700 2168 1944 2223 Christe.
2146 2170 2375 2227 Centies
2396 2176 2451 2226 et
2478 2185 2658 2242 super
2684 2169 2812 2223 haec
2837 2167 3113 2223 millenas
3141 2167 3277 2222 dico
3310 2166 3544 2222 salutes

1106 2259 1288 2314 XVIII.
2216 2257 2487 2313 Patribus
2513 2262 2569 2312 et
2598 2256 2827 2312 cunctis
2857 2254 3142 2315 fratribus
3171 2254 3233 2309 in
3257 2254 3542 2310 Domino.

441 2349 510 2403 In
540 2348 938 2418 hydmpt‘um
958 2362 995 2403 α
1012 2347 1251 2403 Christo
1272 2347 1369 2402 die
1391 2346 1646 2403 Sabbau'
1656 2351 1956 2403 sanatum.
2142 2350 2479 2401 Ammoneo
2507 2346 2754 2415 ignavos
2783 2360 3001 2416 pueros
3042 2343 3428 2399 sermonibus
3454 2344 3613 2398 istos

370 2438 521 2494 Cum
559 2437 992 2494 Pharisaeorum
1021 2436 1345 2492 Dominum
1366 2452 1505 2492 cum
1558 2436 1829 2509 principe
1873 2435 2031 2492 Chri-
2217 2440 2283 2492 Et
2312 2436 2570 2494 tremula
2597 2451 2811 2493 revoco
2842 2450 2990 2490 voce
3019 2449 3157 2489 meo
3190 2434 3423 2503 grenio.

1750 2526 1953 2595 [stum.
2142 2528 2304 2592 Quos
2350 2526 2668 2598 quondam
2721 2524 2921 2594 docui,
2977 2539 3159 2596 super
3204 2524 3318 2579 hos
3371 2522 3588 2579 decuit
3623 2528 3824 2593 gratu-

369 2614 627 2685 Agnovit
655 2614 953 2673 Phariscea
976 2632 1196 2673 manus
1218 2614 1600 2672 discumbere
1630 2629 1824 2681 omna,
3618 2613 3755 2684 [lari

364 2704 568 2761 Adfuit
593 2703 909 2773 insidians,
933 2704 982 2761 si
1005 2706 1197 2762 solvat
1220 2704 1504 2767 Sabbata,
1536 2719 1756 2761 curans
1787 2702 1814 2758 ?
2212 2709 2279 2761 Et
2308 2705 2471 2761 volui
2495 2704 2657 2761 reﬁci
2696 2703 2962 2774 germine
2988 2704 3064 2759 de
3104 2703 3306 2759 studii.

365 2793 495 2848 Vult
537 2809 718 2865 super
765 2794 927 2850 hunc
983 2799 1259 2866 reputare
1312 2792 1564 2859 malum,
1614 2792 1715 2864 qui
1775 2790 2028 2849 erimina
2139 2794 2205 2850 In
2234 2799 2530 2867 quantum
2562 2794 2746 2866 potui,
2775 2791 2887 2848 feci
2911 2808 3155 2865 quoque
3193 2791 3364 2861 signa
3394 2792 3678 2861 gerendi,

1720 2879 1952 2951 [nescit,
2210 2888 2375 2940 Nunc
2404 2900 2631 2939 vacuos
2662 2883 2909 2938 lacrimo
2937 2882 3157 2955 saepius
3198 2886 3378 2953 atque
3410 2897 3619 2951 gemo.

365 2970 493 3025 Vult
519 2985 734 3043 capere
758 2970 1011 3035 insidiis,
1044 2970 1149 3041 qui
1170 2970 1345 3026 solvit
1372 2968 1624 3031 crimina
1654 2967 1883 3025 mortis.
2056 2998 2096 3055 ε
2139 2975 2300 3041 Quos
2356 2973 2556 3043 genui,
2610 2987 2772 3027 nunc
2831 2956 3094 3037 aversari,
3150 2971 3292 3043 quia
3348 2975 3407 3025 et
3432 2972 3681 3026 acubus
3713 2986 3812 3026 an-

363 3059 743 3133 HydrOpicus
773 3059 882 3116 fuit
899 3062 1036 3115 ante
1066 3058 1256 3128 illum,
1304 3072 1611 3132 quemque
1643 3058 1740 3114 ille
1768 3058 2026 3131 prehen-
2742 3132 2747 3133 ί
3578 3063 3737 3131 [gon

1765 3149 1950 3217 [sum-
2213 3152 2498 3209 Sensibus
2525 3132 3030 3221 eversi,:moribus
3061 3149 3394 3220 improprii.

364 3235 625 3295 Salvavit
648 3235 886 3310 penitus
919 3239 1041 3293 toto
1070 3240 1302 3305 tergore
1330 3235 1591 3309 repulso.

2157 3242 2257 3296 Nec
2280 3257 2375 3295 me
2408 3244 2799 3309 cognoscunt,
2832 3254 2940 3294 nec
2963 3238 3192 3310 seipsos
3218 3244 3419 3292 mente
3442 3237 3744 3311 revisunt,

358 3328 639 3384 Mussavit
663 3327 962 3383 Phariseea
990 3343 1209 3383 manus
1238 3325 1585 3395 furibunda,
1618 3342 1725 3398 per
1750 3324 1921 3381 ulcus
2212 3332 2281 3385 Ut
2307 3329 2509 3385 dicant
2546 3329 2767 3402 pariter
2794 3346 2805 3381 :
2844 3331 2939 3383 Est
2967 3342 3139 3382 meus
3169 3326 3276 3381 iste
3309 3326 3505 3381 Pater.

359 3415 599 3470 lnvidize
632 3417 1029 3481 stomachata,
1065 3415 1190 3470 suis
1217 3430 1625 3487 percussaque
1646 3413 1796 3475 telis,
2140 3420 2400 3492 Eloquar
2421 3424 2479 3475 et
2509 3419 2843 3493 proprium,
2874 3433 2995 3473 non
3029 3415 3259 3471 sentitis
3287 3415 3627 3483 genitorem
3655 3419 3682 3470 1?

362 3504 626 3560 Sabbata
653 3504 823 3575 quod
856 3502 1045 3559 solvat
1073 3504 1343 3559 curando
1373 3518 1631 3575 corpora
1659 3502 1865 3572 digna,
2213 3512 2389 3577 State,
2413 3508 2704 3564 renascite
2736 3523 2866 3575 me;
2900 3522 3031 3561 sum
3056 3508 3227 3560 Pater
3249 3504 3309 3559 in
3334 3503 3508 3561 facie.

360 3594 509 3648 Cum
528 3591 610 3647 illi
649 3592 891 3648 asinum
917 3597 1095 3663 atque
1122 3591 1341 3648 bovem
1372 3590 1605 3646 solvant
1630 3596 1873 3663 propter
1921 3606 2031 3647 sua
2142 3598 2370 3670 Saepius
2402 3597 2640 3667 edocui,
2674 3596 2903 3668 scriptis
2931 3593 3246 3665 verbisque
3275 3592 3522 3657 nutrivi,

1745 3679 1954 3749 [lucra-
2213 3690 2356 3745 Sum
2381 3686 2637 3743 mordax
2658 3685 2858 3751 verbo,
2892 3676 3129 3756 pectore
3158 3698 3267 3738 vos
3292 3682 3400 3737 sed
3430 3698 3596 3737 amo.

359 3790 386 3817 ‹‹
424 3766 566 3833 Quis
578 3772 842 3824 vestrum
860 3782 1048 3840 pecus
1069 3765 1606 3841 insipidumwoso,
1625 3765 2029 3839 ducitaquane
2140 3779 2236 3833 Est
2260 3793 2432 3832 meus
2460 3776 2567 3830 iste
2597 3774 2770 3831 labor
2798 3779 3089 3841 cassatus,
3110 3771 3384 3845 perditus
3410 3772 3637 3835 omnis,

1762 3854 1953 3927 ldum,
2210 3868 2276 3921 Et
2304 3864 2485 3920 torvis
2516 3863 2705 3919 oculis
2732 3877 2827 3918 me
2852 3860 3031 3916 simul
3060 3859 3378 3932 inspicitis.

360 3947 417 4004 Si
447 3946 606 4003 cadit
635 3945 696 4003 in
725 3946 976 4015 fontem,
1002 3945 1256 4003 citiusne
1280 3943 1561 4001 revellere
1591 3944 1775 4001 currit
1796 3947 1823 4001 Ἰ
1862 3964 1892 4001 ν
2135 3952 2193 4009 si
2222 3953 2479 4009 facerem
2510 3951 2658 4007 mihi
2685 3950 3015 4025 pendentes
3045 3964 3153 4021 per
3177 3947 3422 4018 cingula
3453 3947 3692 4004 caudas

358 4037 611 4104 Dixerat,
644 4042 701 4093 et
730 4037 867 4094 victi
895 4039 1211 4093 tacuerunt
1239 4034 1484 4093 verbere
1510 4034 1696 4092 verbi.
2133 4043 2501 4100 Gesticulans
2530 4041 2834 4107 manibus,
2862 4038 3088 4094 lubrice
3117 4041 3284 4093 stans
3322 4036 3589 4108 pedibus
3618 4055 3633 4092 :

1124 4129 1252 4183 XIX.
2136 4132 2192 4190 Si
2212 4133 2392 4205 lupus
2421 4135 2524 4187 aut
2543 4146 2720 4186 ursus
2749 4128 2874 4199 (sed
2904 4126 3121 4183 vellem
3150 4127 3378 4196 tingere
3408 4125 3709 4197 vulpem).

569 4216 645 4270 In
671 4215 1000 4281 Christum,
1027 4217 1439 4285 paralyticum
1472 4220 1805 4272 sanantem.
2204 4220 2262 4278 Si
2282 4220 2482 4275 larvas
2512 4219 2771 4276 facerem
2802 4216 3091 4273 furciferis
3117 4214 3407 4270 manibus
3440 4232 3455 4268 :

356 4309 542 4362 Trans
572 4302 721 4359 freta
741 4304 869 4375 jam
894 4303 1056 4359 venit
1076 4303 1386 4372 Dominus,
1425 4304 1731 4377 propriam
1777 4320 2020 4378 quoque
2056 4359 2096 4379 ᾗ
2131 4309 2387 4365 Dulcifer
2412 4313 2517 4364 aut
2538 4308 2776 4364 fabulas
2801 4321 3044 4379 possem
3067 4319 3435 4378 componere
3458 4304 3741 4367 mendas,

1566 4392 1652 4463 [in
1680 4359 1945 4451 urbme
2001 4359 2006 4360 γ
2056 4359 2098 4429 D
2135 4359 3179 4469 {(Ealﬁﬁinia—scéidiéan
3206 4359 3453 4447 revocat
3490 4409 3504 4445 :

356 4488 503 4541 Ecce
532 4483 773 4540 fuerunt
806 4480 1085 4540 homines
1112 4480 1421 4538 hominem
1451 4481 1512 4537 in
1539 4481 1691 4539 lecto
1727 4482 2020 4540 recuban—
2132 4487 2191 4544 Si
2211 4501 2490 4542 canerem
2519 4484 2742 4540 multos
2763 4483 2923 4539 dulci
2955 4481 3369 4538 modulamine
3411 4480 3639 4536 leudos

1782 4571 1945 4640 [ιεω.
2202 4575 2474 4647 Undique
2504 4578 2809 4630 currentes
2842 4588 2981 4628 cum
3011 4569 3258 4643 trepidis
3286 4569 3553 4642 pedibus
3577 4588 3591 4623 :

357 4666 428 4720 Ut
454 4662 602 4719 vidit
625 4663 915 4719 Dominus
944 4663 1380 4733 properantum
1406 4657 1652 4715 credula
1669 4659 1875 4728 corda,
2130 4662 2423 4720 Gauderet
2452 4661 2621 4729 mihi,
2644 4661 2748 4732 qui
2769 4660 3044 4733 proprior
3071 4657 3312 4712 visurus
3335 4656 3603 4723 adesset,

353 4752 509 4809 Dixit
530 4751 942 4809 adinﬁrmum
974 4768 987 4807 :
1013 4772 1041 4799 ‹‹
1076 4751 1263 4823 Spera
1288 4752 1539 4823 peccata
1568 4748 1841 4809 remissa.
1876 4772 1904 4799 ››
2206 4751 2510 4807 Ridiculus
2547 4754 2796 4807 cunctos
2828 4749 3171 4804 concuteret
3194 4762 3441 4818 pueros.

356 4843 641 4900 Dixerunt
667 4841 884 4899 Scriba
912 4839 1119 4899 miseri
1144 4839 1383 4899 invidie
1410 4839 1539 4897 face
1564 4838 1701 4897 tosti
1731 4857 1744 4894 :
2134 4839 2351 4897 Fistula
2372 4838 2421 4894 si
2444 4837 2637 4894 dulcis
2666 4836 2814 4907 mihi
2844 4835 3099 4892 trivisset
3127 4849 3263 4889 mea
3289 4832 3483 4897 labra,

356 4955 385 4982 «
419 4931 522 4989 Hic
543 4930 635 4988 vir
663 4930 1070 5002 blasphemst,
1095 4929 1239 5001 quia
1267 4944 1377 4987 nec
1414 4932 1660 5000 peccata
1709 4927 1954 4993 relaxat.
1991 4953 2020 4987 ν
2202 4929 2438 4985 Risibus
2466 4932 2524 4983 et
2553 4926 2711 4983 ludis
2744 4925 2953 4981 oscula
2986 4924 3388 4995 conciperem.

354 5019 748 5093 Respondeas
775 5019 1067 5076 Dominus
1095 5020 1266 5075 Iesus
1292 5017 1376 5075 sic
1403 5016 1554 5075 dixit
1580 5017 1658 5075 ad
1679 5016 1811 5075 illos
1841 5034 1854 5072 :
2132 5019 2437 5076 Veridicax
2463 5017 2662 5073 minor
2679 5020 2771 5071 est
2799 5015 2988 5082 vobis,
3010 5028 3197 5085 quam
3222 5012 3460 5080 lingula
3510 5013 3796 5084 mendax,

354 5131 388 5166 ‹
424 5108 579 5177 Quid
601 5108 774 5165 facile
797 5112 887 5164 est
912 5107 1053 5167 huic
1076 5106 1267 5165 laxari
1302 5106 1391 5165 vel
1416 5106 1667 5167 crimina
1690 5107 2021 5174 gressus?»
2203 5107 2447 5177 Diligitis
2464 5107 2636 5178 jocos
2660 5121 2733 5160 en
2776 5119 2952 5173 mage
2983 5118 3166 5176 quam
3196 5101 3498 5157 metricos.

356 5205 488 5258 Haec
513 5196 775 5258 hominis
805 5199 952 5254 Nato
981 5195 1146 5269 quod
1180 5196 1254 5253 sit
1271 5195 1413 5255 data
1437 5194 1661 5268 quippe
1690 5201 1952 5267 potestas
2132 5196 2358 5253 Ludere
2387 5193 2757 5255 carminibus
2784 5192 3000 5260 melius
3028 5206 3295 5263 namque
3316 5204 3455 5246 esse
3469 5188 3732 5260 (iactavi,

356 5288 619 5345 Crimina
646 5285 912 5357 laxandi,
945 5284 1124 5340 simul
1148 5289 1204 5345 et
1232 5299 1471 5355 gressus
1487 5283 1806 5340 tribuendi.
2203 5286 2346 5349 Qum
2369 5282 2598 5345 faciunt
2621 5281 2893 5340 animum
2919 5292 3185 5339 crescere
3214 5283 3272 5334 et
3298 5276 3639 5345 ingenium.

359 5382 472 5433 Vos
499 5383 555 5433 et
583 5376 688 5450 qui
718 5375 925 5450 populi
956 5374 1135 5432 simul
1165 5375 1407 5444 adsunt,
1444 5372 1665 5430 cernite
1692 5372 1912 5429 cuncti.
2129 5376 2244 5429 Vos
2276 5373 2493 5427 iterum
2520 5387 2735 5426 revoco
2770 5369 3124 5426 vocitamine
3155 5366 3325 5422 valde
3358 5365 3658 5438 preclaro,

361 5468 512 5523 Dixit
541 5467 620 5523 ad
659 5469 951 5536 aegrotum
1016 5482 1028 5520 :
1075 5488 1103 5515 «
1141 5468 1307 5523 Nunc
1360 5479 1535 5533 surge
1588 5468 1644 5518 et
1687 5462 1920 5534 suscipe
1943 5461 2021 5518 le‘
2201 5460 2489 5519 Conﬂuite
2519 5461 2659 5528 huc,
2687 5456 3104 5531 pueri,discite
3133 5469 3270 5526 quas
3290 5452 3472 5511 volui.

1811 5554 2019 5623 [ctum,
2127 5553 2257 5607 Non
2282 5564 2494 5605 omnes
2524 5548 2755 5614 odium,
2778 5544 2921 5619 quia
2951 5543 3197 5602 verbula
3236 5542 3392 5599 dura
3443 5541 3786 5615 loquunw,

360 5649 641 5720 Corpore,
661 5645 841 5703 corde
861 5660 1011 5706 sano
1040 5668 1068 5697 ››
1099 5643 1190 5703 Sic
1210 5643 1498 5703 condecet
1506 5642 1741 5715 optime
1760 5640 2016 5705 Clu'isto,
2191 5635 2386 5709 Diligit
2403 5636 2573 5697 haud
2596 5635 2819 5707 omnis,
2846 5632 3044 5708 lepide
3067 5631 3173 5709 qui
3198 5629 3488 5709 loquitur.
