4020 6176
138 201 164 252 1
181 200 289 253 361
1663 196 1725 251 Ρ(

2037 198 2077 248 Α
2088 236 2100 248 .
3485 212 3504 261 1
3518 210 3624 262 302

134 322 470 378 Dulc'iferis
494 338 603 377 vos
632 320 1000 377 carminibus
1026 336 1188 376 nunc
1221 338 1520 389 congrego
1547 324 1830 386 cunctos,
1871 322 1915 371 A
1949 318 2241 374 Omnibus
2274 325 2329 375 et
2360 322 2638 377 miserere
2674 324 2805 391 tuis,
2839 341 2995 397 quos
3028 327 3330 393 sanguine
3363 331 3462 386 fus
3584 334 3629 389 Ο

219 412 476 466 Fortiter
504 415 561 465 et
586 410 799 476 clamo,
831 426 971 464 cum
999 410 1387 467 modulamen
1420 428 1553 481 ago.
1947 409 2168 478 Nempe
2198 409 2500 465 redemisti
2533 411 2855 481 splendens
2884 412 2945 469 in
2974 430 3222 471 carcere
3254 417 3424 475 lume
3590 425 3631 479 N

127 498 315 555 Caris
348 498 548 554 ﬁliolis
578 496 999 553 Froumundus
1031 499 1320 571 quicquid
1350 500 1591 565 amoris,
1945 496 2193 551 Traxisti
2224 498 2297 551 de
2330 504 2519 552 ΙΠΟΓίιδ
2556 505 2707 563 tuos,
2738 518 2899 556 mors
2926 509 3181 560 mortua
3207 507 3409 564 dormi
3596 517 3638 570 Τ

214 588 338 653 Qui
367 587 605 643 instatis
631 590 833 642 nostro
868 591 1135 660 tempore
1167 588 1280 643 sub
1303 589 1519 644 studio.
1948 588 2025 640 Ex
2056 602 2179 657 quo
2206 592 2393 642 morte
2428 594 2527 643 tua
2560 591 2829 646 rcscrasti
2859 593 3098 660 gaudia
3122 598 3207 653 vit
3599 607 3640 660 E

127 680 215 733 Te
252 678 525 750 primum
556 693 737 750 pono,
768 676 854 732 mi
883 676 1066 733 frater
1094 680 1352 734 amande
1384 678 1618 746 Georgi,
1946 675 2261 745 Sanguinis
2290 678 2532 746 ett‘usor,
2568 696 2884 751 saevusque
2914 681 3211 740 inimicus
3244 691 3485 748 Herode
3606 698 3644 748 S

216 768 445 823 Venisti
477 772 721 840 propter
749 766 846 821 cui
878 766 1149 822 studium
1180 769 1394 839 patria.
1942 764 2267 820 Dcstruitur
2294 781 2399 836 per
2426 770 2477 820 te
2502 767 2715 835 victus,
2742 768 3077 827 fortissime
3110 775 3259 830 Davi
3600 783 3646 835 D

137 858 366 914 Dulces
394 857 583 928 ﬁlioli,
614 857 881 914 studium
907 858 1036 928 jam
1064 858 1270 913 discite
1294 858 1428 914 laeti.
1942 856 2124 924 Otyor
2150 854 2299 909 ostis
2333 860 2459 911 erat
2490 856 2710 913 volitan
2741 859 2908 914 omni
2941 875 3203 935 quoque
3228 872 3380 924 vent
3602 875 3645 928 0

226 948 419 1017 Diligo
440 964 550 1002 vos
580 948 806 1016 animo,
836 947 1019 1002 corde
1054 947 1232 1002 simul
1264 947 1472 1002 doceo.
1941 941 2199 1007 Mordax,
2227 947 2289 997 ut
2318 943 2599 1001 frendens
2629 946 2878 1017 cupiens
2901 946 3000 1002 leo
3023 952 3287 1021 perdere
3325 958 3566 1013 Christu
3600 963 3649 1017 Μ

138 1038 207 1091 Si
242 1037 417 1091 dictis
447 1036 809 1092 delectantes
848 1052 959 1091 vos
991 1051 1283 1103 gnoscerc
1311 1051 1570 1107 possem,
1942 1035 2236 1086 Innocuos
2262 1048 2483 1103 pueros
2517 1034 2820 1090 sternebat
2842 1052 3097 1108 corpore
3125 1055 3245 1094 nec
3630 1055 3650 1106 ι

226 1126 366 1181 Haec
395 1126 528 1181 loca
549 1124 877 1194 gauderem
909 1124 1197 1196 proficere
1228 1125 1307 1181 ad
1338 1123 1626 1195 requiem.
1938 1124 2066 1175 Non
2098 1126 2298 1176 tamen
2326 1122 2614 1178 extinctos
2643 1123 2880 1180 inclusit
2912 1130 3139 1184 tartara
3175 1128 3384 1188 deamo
3604 1143 3647 1197 Ν

138 1216 253 1270 Eia
288 1214 642 1279 confratres,
676 1219 975 1270 certemus
1007 1214 1272 1269 carmine
1303 1213 1471 1268 metri
1507 1230 1519 1267 :
1884 1225 1897 1234 “
1941 1214 2000 1265 In
2034 1209 2329 1279 gremium
2358 1211 2485 1266 coeli
2516 1212 2671 1267 vexit
2703 1213 2811 1267 sed
2843 1215 3037 1281 gratia
3062 1232 3270 1272 summ
3630 1236 3649 1291 ι

224 1303 350 1359 Hoc
374 1304 619 1360 vincens
649 1303 866 1375 aliquis
897 1304 969 1359 sit
998 1303 1210 1359 melior
1234 1302 1497 1374 reliquis.
1548 1375 1557 1381 _
1938 1300 2192 1355 Nomina
2209 1300 2513 1356 habensin
2532 1302 2721 1357 fronte
2739 1304 3064 1373 sua,Patris
3091 1322 3346 1379 quoque
3364 1324 3572 1375 nome
3603 1326 3647 1381 Ν

133 1392 361 1460 Corde,
386 1393 594 1448 dolore
623 1410 818 1463 gemo,
852 1398 1098 1466 propter
1128 1409 1235 1447 vos
1261 1392 1521 1463 denique
1551 1390 1732 1445 dicto.
1936 1392 2177 1455 Omnes,
2211 1395 2268 1444 et
2296 1390 2559 1446 clamant
2590 1391 2962 1449 modulando
2991 1394 3257 1449 carmine
3288 1396 3544 1468 pulchr
3600 1416 3644 1470 ο

221 1481 457 1537 Psallite
489 1498 650 1538 nunc
683 1482 878 1538 cuncti
909 1499 1035 1543 vos,
1065 1497 1233 1550 rogo,
1270 1480 1452 1536 ﬁlioli.
1936 1477 2187 1542 Bombo,
2224 1478 2327 1549 qui
2358 1478 2553 1533 luctus
2584 1479 2999 1551 lacrymantur
3026 1481 3283 1552 conjuge
3315 1487 3485 1547 Jaco
3596 1503 3636 1554 Β

134 1573 469 1643 Apparens
504 1570 789 1627 Dominus
816 1574 1032 1625 cuncto
1067 1569 1443 1624 venerandus
1476 1568 1535 1623 in
1562 1566 1731 1635 orbe,
1936 1571 1998 1621 In
2031 1567 2489 1655 superis.plorat
2512 1568 2681 1640 pueri
2709 1585 2818 1624 ceu
2839 1574 3030 1625 mater
3055 1570 3220 1626 ablat
3508 1610 3521 1617 ρ
3602 1591 3627 1641 ι

216 1663 351 1715 Jam
382 1661 647 1716 clemens
676 1676 862 1729 regno
893 1676 1001 1716 vos
1032 1659 1215 1716 societ
1255 1673 1493 1731 supero.
1859 1672 1903 1723 Β
1934 1655 2051 1712 Sed
2078 1655 2267 1711 nimio
2294 1673 2411 1711 non
2444 1657 2566 1712 vult
2595 1658 2755 1713 luctu
2786 1674 3018 1713 cessare
3046 1659 3397 1732 deplangen
3578 1673 3614 1727 s

134 1751 356 1805 Patres
388 1755 446 1805 et
474 1749 684 1806 fratres
713 1754 958 1805 cunctos
988 1748 1167 1804 simul
1197 1753 1252 1804 et
1281 1747 1545 1803 seniores
1933 1747 2082 1800 Sunt
2110 1745 2275 1818 quia,
2309 1746 2413 1801 sed
2439 1762 2561 1801 non
2594 1752 2683 1802 est
2706 1747 2817 1802 illis
2841 1749 3134 1817 regressio
3162 1748 3310 1804 tristi
3569 1758 3605 1812 s

218 1841 545 1895 Couservet
574 1837 862 1907 Christus,
896 1836 969 1893 sit
996 1837 1131 1909 pius
1157 1842 1213 1892 et
1242 1835 1504 1891 famulis.
1935 1836 2002 1888 Ut
2030 1834 2274 1890 veniant
2302 1835 2517 1890 iterum
2539 1834 2858 1902 mundum,
2883 1836 2987 1907 qui
3014 1836 3289 1908 planctus
3315 1838 3378 1893 in
3414 1855 3481 1895 us
3560 1845 3603 1897 U

138 1928 450 1996 Perngero
478 1926 636 1981 Patri
666 1926 939 1983 dicamus
972 1925 1151 1980 corde
1181 1924 1446 1993 benigno
1482 1940 1494 1977 :
1932 1923 2204 1979 Cosmica
2231 1929 2445 1979 cuncta
2477 1928 2741 1993 manent,
2769 1924 3004 1979 detersa
3034 1924 3244 1994 tristia,
3276 1925 3435 1981 done
3559 1931 3599 1984 C

219 2016 428 2072 Abbas
452 2016 531 2071 sis
562 2031 793 2087 sospes,
825 2019 1098 2086 tempora
1117 2013 1300 2081 longa
1326 2028 1600 2068 manens.
1932 2012 2354 2085 Cunctipotens
2387 2013 2631 2070 veniens
2659 2029 2769 2068 nos
2801 2029 3013 2068 omnes
3044 2012 3265 2085 colligit
3291 2013 3396 2069 illu
3559 2018 3598 2073 C

139 2109 212 2161 Et
237 2105 438 2161 cuncti
467 2121 672 2160 secum
704 2102 1072 2173 gratulemur
1096 2118 1333 2175 semper
1361 2102 1421 2156 in
1451 2117 1673 2168 aevum,
1933 2101 2118 2157 Ilvida
2143 2119 2248 2157 vos
2280 2104 2465 2158 sancti
2498 2103 2720 2157 clamat
2748 2118 2885 2158 mea
2916 2103 3208 2177 palpebra
3234 2104 3334 2158 ﬂet
3555 2108 3597 2161 U

218 2194 397 2260 Quod
425 2199 649 2267 prestet
677 2192 984 2256 Dominus,
1005 2193 1109 2264 qui
1135 2192 1283 2260 regit
1304 2206 1486 2246 omne
1516 2191 1683 2262 quod
1705 2196 1814 2247 est.
1932 2193 2236 2245 Rectorem
2266 2192 2500 2261 mundi,
2529 2191 2807 2263 precibus
2836 2206 3009 2262 rogo,
3036 2191 3252 2247 ﬂectite
3286 2208 3491 2263 sempe
3552 2196 3595 2248 Β

137 2290 298 2340 Cum
354 2284 589 2353 relegis,
640 2286 828 2351 Pater,
880 2282 1007 2337 htec
1081 2282 1295 2336 iterum
1353 2296 1465 2335 vos
1540 2279 1819 2352 alloquor
1929 2281 2047 2333 Rex
2078 2280 2212 2334 forti
2236 2284 2372 2335 .Iesu
2405 2280 2702 2345 dominas,
2739 2280 3360 2352 miserere.precamu
3549 2283 3594 2338 R

1566 2368 1812 2440 [ipsum,
1930 2368 2111 2440 lmpie
2137 2369 2304 2439 quod
2336 2369 2517 2436 gessit
2545 2367 2919 2423 Fromundus
2953 2384 3204 2440 corpore
3236 2369 3357 2423 fact
3572 2373 3591 2424 I

218 2460 458 2517 Doctior
487 2459 550 2516 in
580 2459 798 2527 verbis,
828 2458 1000 2514 altior
1028 2458 1087 2513 in
1118 2457 1362 2513 meritis.
1924 2455 2123 2510 Tollite
2152 2461 2492 2527 peccatum,
2520 2472 2673 2527 quos
2701 2454 2965 2511 Christus
2992 2456 3287 2526 sanguine
3318 2455 3464 2512 tinxi
3551 2459 3592 2513 T

916 2568 1043 2619 χχι,
1926 2544 2261 2600 Eudochias
2292 2544 2548 2616 osoplon
2576 2543 2969 2616 stephanosas
3003 2544 3183 2617 Kyrie
3214 2545 3404 2602 Christ
3548 2549 3590 2601 E

135 2655 340 2711 Probe
366 2656 548 2725 factis
575 2657 848 2725 prmuia,
879 2656 1035 2709 male
1056 2654 1320 2723 patratis
1343 2665 1585 2720 pcrnam
1615 2666 1722 2720 exs:

2003 2638 2172 2688 nctos
2202 2633 2519 2703 innocuos,
2547 2633 2649 2705 qui
2682 2637 2925 2689 cantant
2955 2634 3228 2689 carmina
3258 2633 3424 2689 laudi
3554 2636 3589 2690 S

756 2746 1037 2800 dandam
1066 2759 1201 2799 esse.
1923 2726 2072 2781 Ante
2084 2725 2370 2780 thronum
2388 2723 2619 2780 Domini
2636 2727 2879 2780 cantant
2895 2723 3294 2780 sibicarmina
3309 2723 3524 2795 pulchr
3542 2728 3590 2779 A

138 2834 203 2891 Si
235 2849 347 2889 nos
375 2834 707 2905 tardamus,
740 2850 861 2889 non
892 2832 1130 2889 tardant
1160 2838 1433 2903 tempora
1459 2834 1682 2886 nostra.
1923 2812 3586 2905 Nostlrumvindicaemaﬂlsplendens(16191101961meN

140 2922 351 2978 Deﬁcit
380 2938 560 2978 omne
585 2902 751 2995 qudd
783 2927 870 2978 est
896 2922 1009 2976 sub
1041 2921 1199 2977 cum
1232 2902 1491 2974 ριίιωίηθ
1523 2918 1678 2974 “Eli,
1923 2902 2304 2959 Confratrum
2332 2919 2621 2959 numerus
2638 2902 2865 2959 dictum
2883 2902 3349 2975 est,requiescite
3363 2902 3521 2958 done
3548 2904 3588 2959 C

135 3016 249 3067 Ast
272 3012 535 3068 hominis
560 2991 738 3068 ﬂatus
764 3011 1050 3084 perdurat
1076 3026 1315 3082 semper
1345 3009 1403 3063 in
1437 3024 1653 3063 (avum.
1852 3021 1893 3075 ρ
1920 2994 2178 3084 Tempus
2191 2992 2392 3084 ‘1th
2404 2992 2881 3084 m0dic_u_m,cum
2894 2993 3014 3084 Re?
3032 2991 3388 3084 Ῑοῐέῒίεείωυε
3404 2994 3534 3048 83ῑᾶ
3548 2993 3590 3047 Τ

140 3104 263 3158 Seu
291 3101 447 3156 male
475 3118 580 3157 seu
597 3102 751 3157 bene
766 3080 933 3157 nunc
954 3080 1279 3173 operantur
1307 3113 1562 3171 corpora
1583 3102 1808 3167 nostra,
1922 3080 2192 3135 Ῑηδοῐηθδ
2222 3080 2477 3148 Domini,
2510 3080 2686 3136 “Obis
2719 3080 3068 3147 succurrite,
3101 3082 3279 3137 sanet
3565 3084 3587 3136 Ῐ

141 3192 266 3245 Hoc
296 3189 462 3262 quod
492 3190 748 3263 quisque
780 3189 936 3256 facit,
959 3189 1167 3261 recipit
1194 3187 1318 3242 sine
1340 3186 1627 3258 temporis
1655 3201 1805 3242 aevo.
2668 3187 2854 3242 XXIV.

142 3280 215 3334 Ut
244 3278 408 3334 bona
438 3282 768 3351 captemus,
802 3278 1115 3341 faciamus,
1152 3276 1418 3349 praemia,
1445 3275 1627 3344 justa,
2410 3274 2806 3344 Epitaphium
2838 3275 3126 3331 Rihkeri.$

895 3377 1063 3432 χχιι,
1922 3363 2043 3419 Hoc
2068 3364 2305 3436 requies
2334 3363 2563 3419 tumulo
2594 3362 3010 3418 membrorum
3042 3363 3199 3418 facto
3234 3362 3511 3434 Rihkero,

357 3466 457 3521 Ad
483 3465 945 3537 Meginhelmum
976 3465 1262 3521 adversus
1289 3461 1589 3532 sapa-bos,
1991 3451 2276 3507 Conditur
2305 3452 2364 3507 in
2393 3451 2644 3521 tumulo,
2676 3451 2779 3523 qui
2804 3451 3031 3524 placuit
3058 3451 3306 3525 populo.

132 3555 436 3610 Turritum
466 3560 645 3627 caput
671 3553 902 3610 extollis
933 3570 1113 3625 super
1143 3554 1364 3609 aethera
1392 3555 1625 3610 cuncta.
1916 3542 2195 3598 Carmina
2224 3542 2617 3608 concinimUS,
2653 3541 2761 3596 sed
2792 3540 3029 3597 ﬂetibus
3053 3557 3161 3597 ora
3182 3541 3476 3611 rigamus,

211 3643 397 3700 Altius
419 3644 735 3715 abjetibus,
767 3643 1030 3699 calcibus
1061 3647 1221 3698 astra
1252 3641 1408 3697 teris.
1992 3631 2291 3687 Solvimus
2326 3630 2592 3686 ofﬁcium
2619 3630 2844 3686 funeris
2869 3634 3051 3703 atque
3081 3646 3351 3704 precum.

133 3733 436 3789 Montibus
467 3733 715 3789 excelsis
741 3731 1027 3788 excelsior
1056 3731 1181 3803 ipse
1213 3729 1454 3795 videris,
1917 3719 2265 3789 Plangimus
2294 3720 2619 3785 incassum,
2666 3723 2942 3792 repetunt
2988 3719 3137 3775 dum
3162 3720 3167 3723 ⁴
3190 3719 3467 3776 membra
3491 3735 3583 3776 se-

214 3825 451 3878 Pectore
481 3827 546 3878 tu
568 3837 726 3878 camo
757 3822 989 3877 stultior
1014 3838 1076 3876 es
1103 3818 1337 3875 cuculo.
3257 3808 3579 3879 [pulcrum.

138 3917 279 3984 Ipse
311 3911 467 3967 volat
492 3913 727 3985 pennis,
779 3912 883 3966 sed
916 3914 979 3966 tu
1032 3924 1275 3982 quoque
1316 3921 1551 3979 serpere
1583 3905 1801 3962 nescis.
1988 3899 2056 3951 Ut
2078 3896 2225 3967 (ΙΠίά
2256 3895 2479 3985 ίάᾼθεεεὲ
2511 3896 2721 3985 Remis;
2756 3911 2976 3985 corpus
3007 3902 3063 3950 θί
3092 3895 3252 3949 unde
3283 3896 3437 3985 89113

213 4003 471 4074 Tempus
492 3982 554 4057 et
576 4002 706 4074 ipse
732 4005 908 4067 tenet,
944 4004 1215 4071 tempora
1244 3996 1410 4053 nulla
1438 4000 1621 4050 tenes.
1860 4050 1869 4053 _
1915 3986 2294 4074 Morsmanet
2322 3983 2382 4038 in
2414 3984 2557 4051 vita,
2592 3982 2813 4074 geritur
2839 3983 2983 4054 quia
3012 3998 3261 4055 corpore
3292 3983 3504 4040 cincta.

142 4089 303 4157 Quid
324 4071 427 4146 tibi
448 4071 757 4147 consimile
779 4094 870 4145 est
892 4094 1093 4145 rerum
1117 4088 1532 4156 subtus,rogo,
1556 4082 1806 4140 caelum?
1984 4072 2232 4128 PUIVGM
2254 4074 2589 4153 portamus.
2622 4071 2841 4127 vermis
2868 4077 2925 4127 et
2950 4088 3088 4128 esca
3128 4088 3363 4143 SumuS,

219 4178 458 4236 Stultior
481 4197 544 4235 es
572 4179 799 4236 cunctis
829 4177 1102 4234 folliculis
1128 4175 1354 4231 vacuis,
1915 4160 2204 4219 Carnibus
2230 4160 2290 4215 in
2322 4175 2557 4217 vermes
2588 4158 2864 4216 resolutis
2893 4160 3146 4233 pulvera
3170 4160 3382 4217 ventis.

138 4269 247 4325 Hie
275 4270 517 4325 retrahit
544 4269 776 4334 ﬂatum,
800 4267 1076 4341 quotiens
1106 4264 1393 4320 efﬂaverit
1416 4262 1583 4318 illum
1607 4280 1619 4317 :
1916 4248 2449 4341 H_Nunquam_vita
2480 4253 2713 4341 manet,_
2734 4265 2897 4341 mOI_S
2927 4249 3041 4306 niSi
3071 4267 3211 4341 cum
3230 4250 3449 4309 veniet.

209 4361 296 4414 Tu
324 4362 537 4415 ventus
560 4358 794 4431 penitus
819 4337 1170 4412 ﬂaminibus
1190 4368 1437 4408 vacuus.
1835 4370 1879 4422 ι)
1914 4339 2023 4431 Ηίςξ
2050 4338 2246 4407 cogita
2270 4337 2405 4431 plus
2436 4337 2825 4431 gaudendum
2852 4338 2926 4431 d_e
2952 4344 3142 4431 {norte
3174 4340 3353 4431 beata
3380 4359 3393 4397 :

129 4451 220 4503 Tu
251 4447 357 4503 tibi
382 4427 642 4517 magn—us
674 4447 801 4516 erit,
833 4461 1059 4519 parvus
1079 4442 1225 4498 mihi
1257 4457 1522 4514 namque
1548 4440 1796 4514 putaris,
1984 4430 2207 4500 Hospes
2238 4427 2434 4519 ξὶάίεεθ
2467 4427 2581 4483 “iis
2612 4444 2718 4483 0111'
2747 4428 2936 4519 εθφίε
2962 4427 3239 4503 hospitiis
3266 4433 3294 4484 ?

208 4539 277 4592 Et
300 4537 445 4592 mihi
476 4515 580 4609 qui
609 4515 944 4609 quondam,
997 4547 1236 4605 semper
1266 4530 1379 4586 eris
1417 4529 1796 4598 Meginhalm,
1909 4518 2173 4589 Corpora
2221 4515 2369 4571 dum
2409 4519 2684 4589 pereunt,
2732 4516 2967 4573 animas
3014 4522 3157 4574 tunc
3202 4522 3575 4609 morte__bea-

130 4626 335 4699 Incipe
358 4605 520 4681 nunc
548 4605 842 4681 humilem
873 4623 1039 4680 terris
1063 4623 1193 4694 jam
1223 4622 1428 4676 sistere
1458 4619 1690 4687 callem,
1983 4697 2020 4699 _
2258 4693 2268 4699 _
2300 4630 2305 4635 '
2682 4697 2687 4699 _
2891 4692 2906 4699 _
2994 4692 3010 4699 _
3378 4605 3571 4699 [bunt,

206 4692 334 4772 Non
360 4715 579 4789 poteris
611 4713 927 4770 modulum
959 4692 1189 4769 vincere
1223 4727 1600 4785 corporeum.
1981 4697 2143 4789 Tum
2174 4693 2390 4789 εξηίωεε
2421 4697 2718 4789 (ξῗθεουξιῖτ
2746 4692 2949 4747 οδεῑιῙδ
2974 4692 3123 4747 dum
3147 4698 3418 4789 Pfreum-

204 4806 263 4860 Si
296 4805 535 4878 poteris,
559 4804 786 4861 celsum
817 4803 1091 4876 nunquid
1119 4802 1205 4858 vis
1236 4788 1523 4858 scandere
1554 4799 1791 4856 coelum?

1659 4800 1804 4855 lum?
1912 4784 2130 4852 Quinta
2152 4784 2291 4840 Idus
2319 4784 2474 4839 Junii
2504 4782 2747 4855 perfecit
2776 4786 3047 4853 tempora
3074 4781 3246 4837 saecli.

204 4869 353 4962 Νοξι,
383 4869 554 4966 ιιοεό,
587 4898 678 4950 διδ
710 4893 899 4961 ωτι-ιε,
934 4869 1010 4947 η’θ
1043 4893 1283 4967 capiare
1318 4890 1514 4947 malls.
1988 4877 2254 4932 Fratrum
2280 4878 2476 4929 turma
2502 4875 2682 4943 petat,
2716 4869 2954 4942 spiritus
2980 4876 3043 4926 ut
3074 4870 3284 4927 valeat.

893 4992 1069 5047 XXIII.
2661 4987 2823 5041 XXV.

124 5084 232 5140 Ad
261 5083 567 5140 Christum
593 5086 968 5139 Servatorem
1001 5081 1212 5136 mundi
1259 5080 1330 5136 de
1361 5081 1519 5137 caede
1556 5080 1664 5136 SS.
1710 5080 1809 5134 In-
1926 5082 2137 5136 Versus
2166 5080 2229 5133 in
2270 5077 2491 5134 librum
2518 5076 2596 5149 (3)
2622 5076 3021 5132 Dictaminum
3054 5076 3135 5133 ad
3160 5093 3221 5133 se
3259 5078 3574 5135 collectum

812 5177 1149 5228 nocentum.
1918 5174 2059 5236 Quae
2089 5166 2237 5223 mihi
2265 5165 2511 5223 dictanti
2542 5166 2832 5222 concessit
2861 5165 3050 5235 gratia
3082 5166 3291 5225 Christi

129 5267 411 5321 Insontes
439 5262 697 5329 Domini,
724 5261 903 5317 nobis
937 5259 1282 5327 succurrite,
1315 5263 1485 5314 sanct
1790 5253 1813 5304 Ι
1918 5256 2194 5314 Versibus
2216 5260 2318 5312 aut
2342 5255 2580 5325 chartis,
2603 5255 2662 5311 in
2692 5272 2909 5329 corpus
2938 5258 3159 5312 vertero
3190 5255 3474 5329 scriptum

130 5359 254 5411 Nos
284 5354 569 5423 gravibus
596 5353 730 5408 vitis
760 5368 869 5425 per
902 5350 1113 5408 Christi
1146 5347 1352 5403 solvite
1382 5364 1561 5403 nome
1768 5351 1808 5403 N
1920 5345 2178 5413 Decrevi,
2209 5344 2442 5417 quoties
2471 5344 2585 5402 hoc
2614 5362 2862 5419 possum
2893 5344 3042 5401 ferre
3070 5351 3411 5419 peraptum,

135 5443 388 5516 Suscipe
418 5448 481 5499 tu
503 5441 830 5499 dominans
863 5444 1232 5507 sanctorum,
1265 5437 1503 5509 suscipe
1538 5453 1704 5492 voce
1778 5439 1813 5492 S
1922 5438 2179 5511 Mortuus
2209 5437 2273 5489 ut
2302 5433 2545 5489 tandem
2568 5433 2802 5490 Domini
2831 5433 2924 5490 vel
2951 5433 3234 5489 laudibus
3255 5432 3500 5501 addam,

207 5586 284 5655 (2)
317 5591 495 5658 'Atluar
520 5584 945 5658 sanguinem.__
1360 5651 1375 5658 _
1580 5650 1591 5658 .
1710 5651 1749 5658 __

218 5648 300 5726 (3')
333 5648 681 5715 continetur
710 5671 786 5712 eo
814 5653 1042 5726 codice,
1069 5668 1254 5727 quem
1286 5651 1400 5708 sub
1428 5650 1674 5708 nomine
1710 5648 2076 5709 Froumundi
2098 5648 2391 5705 hactenus
2418 5648 2613 5705 citavi.
