4020 6176
376 207 509 262 1303

1380 202 1789 259 FROUMUNDI
1833 198 2245 289 C(FNOBszE
2283 202 2796 259 TEGERNSENSIS

3686 195 3832 249 1304

373 333 523 387 Cum
550 342 674 382 non
704 325 912 394 lingua
958 328 1151 393 sonat,
1189 341 1324 397 quae
1352 328 1534 381 restat
1561 324 1754 379 littera
1783 323 2028 394 pangat,
2057 324 2104 376 Α
2141 324 2445 380 Eternum
2475 340 2697 381 numen
2728 338 3076 380 sermonum
3101 321 3209 376 dat
3236 318 3353 375 sibi
3380 318 3621 374 ﬂumen

374 418 617 474 Inﬁrma
656 414 703 469 si
734 412 969 478 fuerint,
1003 428 1125 469 non
1150 417 1289 470 sunt
1310 412 1655 487 spernauda
1683 410 1921 481 legenti,

375 511 521 564 Cum
552 502 753 566 nullus
780 517 979 558 sermo
1010 502 1239 558 Christo
1266 520 1327 559 se
1355 503 1672 559 subtrahat
1696 501 1876 568 almo,

374 592 688 659 Omnibus,
730 594 796 647 ut
824 590 950 646 vult
978 591 1130 663 ipse,
1175 592 1362 663 dabit,
1408 608 1520 647 nec
1547 606 1799 664 corpora
1829 587 2033 655 cernit,

370 686 557 739 Parva
583 679 821 753 replens
849 681 1107 750 magnis,
1141 685 1197 736 et
1226 681 1399 738 fortia
1429 680 1657 754 spernit
1684 680 1745 735 in
1776 678 1926 734 altis.

371 772 496 827 Hoc
518 768 743 843 placuit
768 776 1010 841 propter
1038 770 1218 825 nullis
1246 786 1343 826 me
1371 785 1619 843 parcere
1650 768 1867 836 verbis,

374 861 530 928 Quin
560 857 856 914 scribatur
876 857 1059 925 enim,
1093 859 1382 932 quicquid
1408 874 1532 914 non
1564 858 1817 914 mittitur
1844 855 1968 927 igni

374 953 489 1006 Aut
520 964 700 1004 cursu
732 946 907 1003 celeri
935 952 1304 1020 transportet
1334 948 1579 1005 nuntius
1601 947 1751 1004 orbi.

1118 1072 1306 1127 XXVI.

477 1164 688 1218 Versus
731 1161 1045 1229 Udalperti
1068 1162 1131 1216 in
1163 1161 1417 1218 codicem
1445 1163 1827 1218 Psalmorum
1855 1160 1951 1232 (4).

385 1270 556 1323 Hunc
586 1283 698 1335 ego
728 1266 1105 1323 Psalmorum
1136 1267 1337 1324 studui
1367 1269 1742 1325 conscribere
1768 1267 1991 1323 librum

385 1357 760 1429 Udalpertus,
792 1359 859 1411 ut
900 1356 996 1411 hic
1026 1372 1244 1429 pascas
1289 1358 1559 1414 animam
1613 1374 1855 1431 quoque
1894 1355 2046 1411 Heil-

1881 1446 2043 1518 [Wih.

385 1537 655 1602 Ornavil,
686 1543 750 1590 ut
779 1536 951 1604 potui
975 1552 995 1590 :
1025 1536 1220 1593 decuit
1251 1539 1337 1594 sic
1362 1538 1676 1594 nobilitari

383 1625 671 1682 Psalterii
695 1625 1019 1691 dominam,
1051 1627 1214 1681 colui
1234 1628 1415 1683 simul
1445 1633 1498 1683 el
1528 1632 1894 1698 generdsam.

385 1715 484 1771 His
512 1714 733 1769 leviora
762 1713 907 1769 facis
932 1731 1215 1771 curarum
1245 1716 1518 1789 pondera
1549 1716 1781 1790 scriptis

388 1808 454 1860 Et
482 1804 769 1860 meditare
799 1803 933 1875 piis,
965 1821 1101 1877 quae
1133 1810 1363 1862 restant
1394 1807 1618 1876 gaudia
1649 1806 1836 1863 caelis.

390 1893 492 1947 His
526 1891 719 1960 magis
745 1891 985 1947 insistas
1016 1894 1244 1965 cupias,
1273 1910 1460 1966 quam
1490 1894 1711 1950 femina
1735 1895 1907 1965 jocis.

388 1986 522 2037 Haec
570 1972 803 2035 iterum,
840 1985 1020 2052 atque
1076 1982 1293 2039 iterum
1349 1999 1587 2056 semper
1632 1983 1936 2040 mediteris
1992 1984 2054 2039 in

380 2084 385 2085 ’
1810 2074 2051 2143 [aevun'L

392 2158 621 2221 Gaudia
641 2162 799 2215 certa
825 2163 1095 2230 manent,
1114 2176 1493 2233 quaecunque
1515 2162 1642 2217 haec
1667 2166 1910 2235 pectora
1934 2161 2059 2217 vol-

1871 2254 2055 2323 [vent,

394 2338 494 2393 His
526 2336 767 2394 inimica
792 2342 963 2411 potes
997 2354 1282 2412 superare
1315 2342 1624 2414 sequentia
1652 2341 1828 2397 vires.

1114 2448 1327 2504 XXVII.

393 2535 693 2606 Apologia
746 2535 824 2606 (5)
867 2551 986 2606 pro
1026 2536 1234 2593 schola
1297 2538 1772 2611 Wirtzburgensi
1815 2542 2057 2612 ejusque

476 2625 765 2694 magistro
786 2624 1074 2681 adversus
1102 2627 1418 2698 quemdam
1450 2629 1965 2686 calumniatorem.

392 2732 622 2786 Nomen
648 2733 715 2785 ut
740 2730 1069 2787 herbarum
1100 2735 1257 2788 tenet
1294 2734 1422 2789 haec
1447 2734 1591 2790 urbs
1622 2735 2051 2807 proﬁcuarum,

393 2818 682 2883 Qualibus
712 2818 928 2874 imbuti
952 2825 1236 2892 reparant
1266 2838 1377 2879 sua
1397 2824 1673 2881 membra
1704 2824 1902 2894 saluti,

396 2907 486 2963 Sic
518 2908 922 2978 perfectorum
948 2909 1201 2978 genitrix
1233 2915 1320 2966 est
1350 2911 1803 2985 discipulorum.

392 2994 617 3050 Profert
644 2994 981 3050 doctrinam
1008 2997 1153 3069 quia
1184 2998 1504 3056 stultorum
1526 3002 1909 3059 medicinam.

392 3083 505 3137 Per
534 3082 849 3155 proprium
877 3100 1101 3141 nomen
1127 3092 1418 3144 monstrat
1445 3089 1730 3147 divinitus
1760 3108 1958 3149 omen.

390 3171 573 3226 Posse
605 3187 781 3226 suum
810 3170 1070 3229 fructum
1096 3175 1221 3232 vitii
1249 3176 1545 3249 depellere
1568 3179 1819 3245 luctum,

393 3259 667 3316 Germine
688 3260 963 3317 radicum
993 3265 1161 3335 quod
1182 3264 1293 3322 fert
1316 3266 1485 3323 vicus
1510 3266 1840 3337 inimicum,

391 3350 522 3405 Vim
543 3349 772 3422 pellens
801 3351 1018 3421 morbi,
1042 3353 1191 3410 dum
1221 3361 1437 3411 cuncto
1463 3356 1697 3428 proficit
1716 3357 1866 3414 orbi.

396 3438 686 3494 Sordibus
718 3439 907 3496 inﬂati
934 3458 1073 3498 cum
1105 3444 1348 3501 stultitia
1377 3446 1639 3515 cruciati,

394 3532 589 3582 Instar
616 3528 861 3599 leprosi,
895 3546 1001 3585 seu
1030 3531 1132 3602 qui
1158 3531 1385 3602 degunt
1413 3534 1620 3603 vitiosi,
1869 3584 1879 3593 .

394 3618 519 3669 Huc
551 3615 950 3685 adducantur,
973 3618 1264 3690 quoniam
1295 3621 1508 3679 melius
1534 3630 1901 3682 renovantur

398 3700 764 3774 Doctiloquis
836 3704 1057 3771 verbis,
1112 3723 1299 3777 quam
1372 3711 1650 3767 membra
1715 3713 2060 3771 salubribus

1837 3804 2058 3861 herbis.

402 3879 667 3937 Summis
697 3881 956 3937 archivis
985 3884 1196 3955 epulas
1227 3887 1536 3959 acquirere
1568 3890 1752 3947 silvis.
1814 3805 1831 3875 [

398 3967 515 4020 Nec
541 3980 666 4051 non
681 3966 955 4051 perfectae
977 3969 1227 4025 scrutari
1247 3970 1496 4030 dindina
1513 3975 2060 4051 [dindymalsectea

398 4049 649 4117 Wangia
677 4066 783 4105 cur
807 4050 1046 4122 largues
1078 4054 1327 4111 stolidas
1359 4060 1658 4115 servando
1687 4049 2020 4133 phalanges
2038 4063 2066 4119 ?

402 4139 646 4192 Nostros
683 4144 1017 4195 conventus
1049 4142 1227 4199 adeat
1255 4148 1358 4202 tua
1379 4148 1557 4204 stulta
1580 4149 1884 4219 juventus.

404 4225 600 4288 Quam
632 4225 749 4281 sint
790 4227 1067 4285 limantes
1115 4248 1332 4290 aurum
1373 4236 1530 4293 velut
1577 4238 1717 4308 igne
1740 4239 2065 4312 probantes

402 4313 596 4369 Nostri
624 4316 866 4372 rectoris
893 4333 1122 4375 normae
1152 4338 1275 4377 non
1300 4324 1432 4381 vilis
1461 4327 1728 4400 honoris,

404 4401 681 4459 Ecclesia:
699 4421 1006 4462 summam
1022 4423 1205 4480 quem
1222 4414 1523 4471 cernimus
1544 4432 1675 4471 esse
1694 4417 2060 4474 columnam.

404 4490 496 4547 Ad
524 4506 706 4564 quem
749 4494 1038 4566 procedit,
1083 4499 1430 4573 quicunque
1470 4504 1744 4562 docendo
1787 4505 2064 4579 placebit.

405 4581 684 4654 Princeps
714 4584 1062 4657 primatum,
1095 4589 1199 4660 qui
1221 4590 1435 4662 pandit
1462 4592 1665 4649 abdita
1694 4598 1922 4663 vatum,

406 4671 607 4727 Mundi
645 4678 1000 4730 cunctorum
1045 4678 1416 4735 transcendit
1462 4680 1701 4738 culmen
1746 4683 2067 4740 honorum.

408 4764 556 4817 Nam
588 4763 813 4819 meritis
841 4763 1074 4821 nullum
1104 4766 1357 4824 similem
1397 4769 1508 4828 fert
1534 4772 1801 4829 mundus
1832 4774 2071 4831 homul-

367 4960 375 4969 .
410 4944 541 5012 Ipse
570 4946 887 5012 Poetarum
914 4942 1099 5015 ῘυῙεθΐ
1128 4945 1312 5002 decus
1337 4950 1820 5020 omnigenarum.
1900 4863 2069 4934 [lum

410 5029 667 5102 Imperio
696 5031 905 5088 Christi
929 5034 1305 5093 moderando
1330 5044 1564 5111 sceptra
1590 5042 1878 5114 magistri.

408 5124 625 5177 Praeter
655 5120 970 5193 Scriptura;
992 5124 1262 5182 studium
1288 5126 1433 5183 nihil
1465 5134 1552 5187 est
1584 5130 1697 5186 sibi
1727 5149 1904 5200 curre,

413 5209 613 5267 Cultor
631 5209 858 5266 virtutis
886 5218 1110 5281 manet,
1143 5218 1495 5290 aeternisque
1522 5219 1750 5279 salutis.

411 5296 542 5351 Vim
566 5296 748 5354 talem
777 5302 994 5358 mentis
1023 5304 1191 5361 dono
1217 5311 1373 5363 tenet
1401 5308 1858 5381 Omnipotentis,

411 5387 704 5445 Doctrinae
733 5390 896 5447 rivus
922 5392 1050 5451 ﬂuit
1078 5395 1208 5466 ejus
1236 5401 1476 5469 pectore
1500 5398 1693 5458 vivus.

485 5565 565 5708 (Ὗ
594 5568 807 5625 Extant
854 5569 917 5626 in
943 5572 1058 5629 eod
1088 5573 1222 5630 cod.

488 5641 540 5704 (ὅ
595 5639 676 5691 Ex
705 5640 839 5697 cod.
867 5644 1222 5701 Froumundi

488 5639 561 5708 (ὅ)
595 5639 676 5691 Ex
705 5640 839 5697 cod.
867 5644 1251 5715 Froumundi,
1279 5647 1385 5703 etsi
1432 5647 1513 5705 ob
1540 5665 1782 5722 manus,
1813 5666 1950 5722 quae
1980 5655 2069 5709 tan

2142 414 2240 469 Est
2268 418 2689 470 ornamentum
2719 412 2893 469 nobis
2918 412 3098 482 hujus
3128 410 3603 473 documentum,

2144 505 2214 558 Ut
2241 503 2405 559 verni
2435 505 2612 560 ﬂores
2632 504 2725 560 cui
2756 507 3027 559 crescunt
3053 516 3305 573 semper
3330 499 3625 554 honores.

2146 592 2402 649 lndoctis
2434 592 2637 650 lumen
2668 610 2805 650 cum
2836 593 2963 660 fert,
2994 608 3103 647 seu
3131 588 3354 646 mentis
3387 601 3681 649 acumen,

2144 682 2577 739 Grammaticas
2602 688 2817 756 partes,
2844 699 2912 738 ac
2942 685 3192 738 cunctas
3217 677 3467 735 instruit
3492 680 3676 732 artes.

2145 774 2433 845 Tempore
2462 779 2774 841 nocturno,
2805 788 3000 846 neque
3027 770 3155 827 vult
3184 783 3429 825 cessare
3456 766 3711 831 diurno,
3764 832 3774 841 α

2149 861 2310 917 Dicta
2336 862 2663 934 peritorum
2687 862 3046 936 depromens
3077 857 3623 929 ortographorum.

2151 949 2340 1006 Tante
2370 951 2594 1023 pastori
2621 968 2932 1025 nunquam
2962 953 3101 1005 sunt
3124 948 3352 1020 scripta
3382 943 3607 1011 labori,

2148 1041 2268 1097 Ceu
2292 1040 2434 1096 solis
2462 1040 2663 1097 lumen
2697 1041 2807 1097 sibi
2828 1042 2929 1096 sed
2960 1043 3126 1113 patet
3154 1053 3340 1094 omne
3370 1034 3692 1099 volumen,

2150 1129 2396 1199 Ingenio
2422 1130 2721 1187 mundum
2744 1130 2964 1187 faciens
2988 1144 3245 1185 vernare
3270 1124 3635 1183 rotundum.

2153 1222 2438 1277 Strenuus
2466 1226 2521 1277 et
2544 1223 2763 1293 justus,
2796 1222 3047 1293 gemmis
3074 1219 3314 1276 virtutis
3342 1220 3629 1280 onustus,

2153 1313 2262 1366 Dat
2289 1327 2517 1383 pernox
2542 1316 2735 1380 Argus
2762 1311 3105 1368 documenti
3130 1308 3359 1365 fercula
3385 1306 3629 1374 largus.

2155 1403 2307 1456 Cura
2337 1400 2537 1456 subtili
2565 1401 2805 1474 proprio
2836 1400 3104 1471 vigilabit
3127 1398 3290 1456 ovili.

2156 1491 2374 1545 Praeter
2402 1490 2740 1546 mercedem
2772 1490 2905 1546 licet
2927 1491 3057 1561 ejus
3084 1489 3290 1544 videre
3314 1485 3550 1541 sedem.

2158 1580 2401 1650 Propter
2424 1578 2686 1636 sollertes
2716 1596 2837 1636 non
2865 1595 3138 1652 umquam
3161 1576 3389 1649 spernit
3417 1574 3670 1629 inertes.

2079 1671 2121 1725 Β
2159 1666 2381 1724 Firmat
2404 1669 2745 1742 prudentes,
2777 1669 2921 1724 dum
2951 1668 3197 1741 corripit
3217 1665 3599 1739 insipientes.

2161 1759 2381 1814 Omnes
2409 1759 2717 1815 communi
2744 1762 2882 1815 voto
2915 1758 3027 1814 sibi
3052 1756 3371 1829 jungimur
3396 1753 3525 1809 uni.

2160 1849 2375 1919 [Equat
2403 1847 2750 1920 Sampsonis
2779 1847 2950 1914 vires,
2979 1845 3193 1901 studiis
3219 1843 3590 1900 Salomonis.

2164 1937 2384 2007 Expers
2406 1934 2642 1991 fallendi
2667 1937 2931 2008 procedit
2950 1934 3079 2004 lege
3106 1932 3383 1988 docendi.

2161 2019 2276 2075 Sed
2306 2024 2509 2076 noster
2536 2025 2724 2077 coetus
2753 2019 2853 2076 tali
2882 2020 2955 2075 de
2985 2018 3257 2092 principe
3281 2016 3478 2085 laetus,

2167 2103 2408 2175 Sollers,
2438 2104 2751 2174 insomnis,
2801 2110 2969 2161 catus
2998 2105 3163 2159 hunc
3191 2100 3587 2157 venerabitur
3616 2098 3839 2153 omnis.

2166 2196 2486 2265 Nunquam
2518 2194 2814 2266 torpescit,
2841 2194 3013 2263 cujus
3038 2192 3145 2265 qui
3162 2192 3292 2261 jure
3322 2187 3611 2262 quiescit.

2164 2281 2318 2338 Talis
2346 2282 2658 2339 mandritaa
2683 2282 2932 2339 verbum
2961 2281 3073 2336 fert
3105 2280 3324 2349 gaudia
3358 2279 3523 2343 vitae,

2164 2374 2408 2446 Propter
2431 2388 2615 2444 quem
2636 2376 2838 2443 gentes
2860 2373 2977 2428 huc
2999 2372 3251 2427 diversae
3280 2367 3624 2432 venientes,

2165 2465 2293 2517 Non
2332 2461 2467 2535 plus
2512 2461 2711 2529 vicini,
2760 2477 2944 2534 quam
2987 2464 3267 2534 quaerunt
3309 2459 3479 2513 hunc
3510 2452 3837 2529 peregrini.

2165 2552 2429 2607 Curritur
2451 2567 2487 2607 a
2517 2550 2704 2606 turbis
2731 2551 2897 2607 istius
2922 2550 3226 2606 mcenibus
3257 2546 3447 2602 urbis.

2165 2643 2331 2696 Hunc
2364 2640 2475 2695 sibi
2504 2640 2834 2708 ductorem,
2879 2640 2973 2695 vel
3023 2640 3286 2709 gliscunt
3334 2635 3834 2691 ammonitorem.

2164 2730 2461 2786 Nobilium
2492 2729 2689 2801 proles
2718 2731 2887 2801 cujus
2912 2747 3054 2785 cum
3086 2733 3280 2801 captet
3300 2740 3572 2789 amores,

2165 2821 2358 2877 Lectio
2388 2819 2599 2893 pupilli
2628 2836 2751 2875 non
2779 2819 2880 2876 ﬁet
2907 2820 3171 2875 dedecus
3201 2817 3298 2874 illi.

2167 2909 2421 2976 Quilibet
2449 2908 2705 2977 assistat,
2737 2909 2844 2965 sibi
2878 2908 3250 2981 proﬁciendo
3273 2905 3585 2978 patrissat.

2084 3022 2129 3079 ρ
2167 2999 2371 3056 Nullus
2403 2999 2670 3055 mortalis
2699 2999 2881 3073 pollet
2910 2998 2993 3054 sic
3025 2995 3367 3053 artiﬁcialis.

2168 3088 2324 3143 Desit
2346 3088 2632 3161 perdocto
2662 3087 2757 3143 cui
2785 3087 2864 3143 nil
2892 3086 3207 3143 virtutibus
3237 3090 3392 3141 octo.

2166 3178 2267 3235 His
2296 3177 2663 3233 ornamentis
2691 3177 2931 3233 humilis
2959 3181 3076 3232 stat
3106 3176 3294 3245 gloria
3324 3173 3570 3229 mentis.

2170 3268 2332 3324 Vivat
2358 3267 2454 3324 hic
2482 3266 2806 3335 indemnis,
2834 3283 2973 3322 cum
3001 3265 3433 3321 commoditate
3464 3258 3751 3335 perennis

2168 3357 2459 3413 Virtutum
2489 3355 2703 3427 plenus
2725 3356 2814 3421 sit,
2847 3354 3242 3429 prosperitate
3272 3367 3545 3408 serenus.

2168 3445 2257 3502 Nil
2281 3450 2631 3502 eventorum
2663 3444 2758 3500 cui
2781 3444 2945 3517 quod
2974 3447 3219 3499 maneat
3245 3440 3609 3497 nociturum.

2168 3535 2452 3592 Tristibus
2481 3537 2716 3601 exutus,
2742 3533 3011 3589 laatemur
3046 3536 3102 3588 et
3134 3531 3407 3602 undique
3441 3533 3612 3584 tutus.

2171 3624 2398 3683 Gaudia
2418 3624 2647 3680 veracis
2677 3624 2789 3679 sibi
2821 3624 2936 3679 sint
2965 3621 3356 3678 celeberrima
3389 3619 3572 3693 pacis.

2170 3718 2274 3770 Per
2300 3729 2572 3769 summas
2602 3728 2802 3768 mesas
2828 3713 2959 3768 vitae
2989 3727 3101 3768 sua
3128 3710 3387 3782 prodeat
3408 3713 3576 3777 aetas,

2169 3805 2361 3876 Atque
2388 3801 2701 3858 senectutis
2727 3801 2841 3858 sint
2865 3806 3138 3874 tempora
3161 3799 3327 3856 dona
3357 3797 3588 3861 salutis,

2170 3891 2407 3947 Virtutis
2433 3891 2597 3946 mirae
2619 3890 2881 3947 cmlestia
2904 3890 3126 3960 dignus
3148 3889 3297 3945 inire

2171 3981 2369 4037 Visitet
2389 3984 2672 4036 aeternam
2702 3980 2895 4035 lucem
2927 3979 3319 4051 requiemque
3352 3990 3709 4050 supernam.

2171 4069 2371 4126 Mundi
2399 4068 2669 4125 Salvator
2695 4068 2786 4124 sui
2814 4067 2943 4124 caeli
2984 4084 3125 4123 cum
3156 4066 3523 4122 dominator.

2174 4159 2467 4215 Omnibus
2496 4158 2557 4214 in
2586 4159 2771 4230 portis
2791 4162 3027 4230 rumpet
3046 4155 3377 4213 retinacula
3406 4152 3645 4218 mortis,

2174 4255 2255 4303 Ac
2285 4263 2392 4320 per
2411 4246 2677 4303 divinam
2708 4263 2916 4303 vocem
2944 4245 3160 4319 spoliat
3192 4245 3511 4301 Libitinam

2176 4341 2323 4393 Ante
2354 4352 2530 4393 suam
2562 4336 2770 4393 sedem
2797 4336 3095 4392 mandans
3126 4335 3449 4408 procedere
3472 4332 3739 4406 plebem.

2176 4427 2286 4481 Pro
2320 4424 2543 4481 meritis
2567 4426 2701 4480 vitae
2731 4430 2870 4481 tunc
2894 4424 3179 4481 doctrinis
3202 4424 3502 4479 decoratas

2177 4515 2277 4571 Hic
2304 4532 2411 4572 ceu
2440 4514 2616 4583 lucet,
2647 4531 2753 4572 seu
2783 4532 2985 4571 secum
3014 4514 3239 4583 gaudia
3268 4505 3449 4569 ducet

2179 4605 2513 4679 Discipulos
2544 4611 2812 4673 cunctos,
2839 4605 2970 4676 ejus
3002 4604 3419 4660 moderamine
3454 4603 3719 4663 functos,

2179 4694 2477 4753 Pontiﬁcis
2509 4694 2751 4765 summi,
2784 4710 2963 4768 quem
2994 4698 3137 4749 tunc
3168 4698 3472 4749 sectantur
3503 4691 3761 4747 alumni.

2180 4788 2291 4840 Pro
2315 4784 2450 4858 quis
2472 4784 2714 4841 lucessit
2738 4783 2916 4841 stellis
2941 4799 3052 4856 par
3078 4799 3149 4839 ac
3179 4782 3519 4856 requiescit.

2180 4873 2419 4930 Talibus
2452 4872 2792 4943 augmentis
2822 4872 3091 4955 gaudens
3117 4871 3193 4927 de
3219 4872 3493 4944 quinque
3521 4871 3761 4927 talentis

2164 4965 2349 5030 ,Nunc
2379 4961 2814 5017 commendatis
2857 4960 2970 5015 sibi
3018 4966 3156 5016 tunc
3217 4961 3599 5032 Dominoque
3628 4958 3837 5021 relatis,

2183 5053 2227 5107 Ο
2260 5067 2409 5123 puer
2428 5050 2681 5120 insignis
2713 5066 2825 5106 nos
2854 5049 3186 5106 ascendens
3213 5049 3373 5105 velut
3410 5049 3594 5117 ignis,

2184 5139 2295 5204 Qui
2324 5138 2588 5212 primum
2619 5138 2769 5195 ﬁctis
2794 5139 2954 5195 hunc
2982 5138 3173 5194 rosisti
3199 5137 3535 5193 maledictis

2182 5231 2257 5283 Te
2284 5245 2347 5284 se
2375 5228 2683 5285 doctorem
2711 5218 3065 5285 blaterando
3090 5233 3290 5284 tenere
3327 5228 3596 5301 priorem

2186 5320 2303 5372 Hoc
2331 5334 2470 5373 cum
2495 5314 2716 5391 dixisti,
2745 5317 3111 5391 permultum
3140 5317 3473 5389 desipuisti,

2187 5407 2433 5460 Doctum
2466 5404 2768 5462 Platonem
2795 5406 3077 5479 ponendo
3105 5406 3237 5478 posi
3264 5404 3633 5461 Labeonem.

2182 5598 2321 5639 men
2369 5582 2728 5657 perantiqua
2795 5588 2901 5652 est,
2946 5583 3368 5657 diversitatem,
3419 5598 3547 5638 non
3597 5582 3830 5638 omnino

2184 5653 2412 5711 certum
2443 5654 2537 5723 sit,
2568 5653 2665 5711 cui
2688 5655 2804 5711 hoc
2822 5670 3043 5728 poema
3073 5653 3481 5711 tribuendum.
