4020 6176
266 217 405 271 1305

1800 209 2222 267 POEMATICA.

3585 224 3757 278 1306-

263 341 427 395 Tunc
455 334 689 392 utinam
718 335 929 389 mutus
965 333 1187 409 fueras,
1216 335 1375 392 hanc
1399 334 1650 408 quando
1676 334 1934 391 locutus.
1979 338 2024 391 A
2059 336 2277 393 Ponere
2329 337 2685 409 legitimum.
2728 343 2946 410 Nescis,
3000 342 3145 415 quia
3200 344 3465 401 carmine
3520 344 3725 416 rhyth-

265 426 505 485 Cunctis
530 423 823 493 ostendis,
854 424 965 481 sed
997 424 1176 481 talem
1206 442 1347 481 cum
1374 423 1786 498 reprehendis,
1814 453 1832 469 -

260 520 466 575 Temet
489 513 855 572 mendosum
882 512 1111 570 laesisse
1135 531 1348 572 canem
1378 514 1698 583 furiosum,

262 610 452 664 Mente
477 602 648 677 quod
674 602 898 658 insana
923 601 1074 659 ferat
1099 603 1391 660 iracunda
1424 603 1633 672 Diana,

263 694 561 752 Sordibus
588 691 837 749 imbutae
870 707 982 748 seu
1013 696 1069 750 te
1100 693 1316 749 mentis
1348 692 1503 748 male
1537 695 1673 748 tuta;-

262 784 499 843 Collum
528 788 897 849 maternum,
930 782 1021 838 vel
1050 782 1413 853 confregisse
1443 786 1784 855 paternum.

259 876 351 929 Tu
379 871 573 929 cultor
601 868 761 926 furni
793 874 1000 925 teneas
1032 875 1252 927 sortem
1282 868 1581 937 taciturni,

262 961 525 1018 Moribus
553 957 933 1030 immundus,
964 958 1217 1015 sordens
1246 959 1417 1027 vitiis,
1449 956 1833 1025 furibundus,

263 1049 496 1123 Turpis,
528 1047 948 1121 blasphemus,
982 1048 1264 1105 vitiorum
1296 1053 1552 1105 stercore
1584 1047 1824 1121 plenus,

268 1139 558 1197 Sensibus
589 1142 646 1194 et
668 1153 885 1207 vanus,
916 1139 1082 1212 quod
1116 1138 1369 1195 turberis
1398 1139 1556 1195 male
1588 1153 1796 1194 sanus.

266 1233 333 1284 In
362 1244 615 1285 numero
646 1226 788 1283 cleri
816 1228 896 1283 sis
925 1228 1333 1301 indignusque
1363 1228 1572 1294 teneri,
1674 1296 1700 1305 _

264 1321 387 1373 Aut
414 1316 539 1374 fore
564 1321 621 1373 te
646 1317 866 1384 furem,
898 1317 1063 1390 quod
1092 1333 1217 1373 non
1247 1333 1360 1388 ego
1392 1317 1590 1373 dicere
1616 1332 1820 1372 curem

265 1410 390 1463 Hoc
419 1406 529 1462 sed
558 1405 846 1462 dicebant
873 1406 956 1476 hi,
988 1406 1131 1479 quia
1158 1409 1259 1462 tua
1287 1406 1509 1479 scripta
1537 1405 1846 1476 videbant,

263 1495 428 1552 Talia
458 1499 511 1551 te
546 1493 734 1550 fatum
764 1498 1010 1568 propter
1041 1498 1475 1567 propriumque
1506 1498 1762 1563 reatum,

264 1584 560 1651 Quatinus
582 1584 643 1639 in
674 1599 861 1656 pmna
892 1583 974 1639 sis
1001 1589 1246 1657 propter
1270 1583 1385 1640 tale
1415 1598 1661 1656 poema.

3432 421 3647 505 [manu

2054 516 2519 573 Grammaticam
2563 525 2785 576 metam
2818 526 2871 578 te
2900 522 3170 594 linquere
3218 539 3397 580 cerno
3428 523 3722 595 poetam?

2051 606 2369 668 Pauperies
2391 622 2555 664 ranae
2583 610 2895 682 quondam
2921 611 3021 681 jus
3050 612 3229 686 cmpit
3251 612 3430 669 inane

2055 694 2290 765 Dicens,
2323 696 2596 755 divinam
2627 716 2689 756 se
2715 703 2792 755 ίθι
2805 717 2866 757 re
2895 701 3035 757 feris
3067 702 3451 759 medicinam.

2056 788 2328 858 Increpat
2355 785 2447 841 his
2476 788 2668 862 culpis
2697 790 2856 847 hanc
2887 791 2991 847 sed
3023 791 3280 847 versutia
3309 791 3541 864 vulpis:

2055 876 2139 930 Me
2164 890 2288 929 non
2313 874 2634 946 frustraris,
2667 878 2812 951 quia
2843 882 2897 935 te
2927 879 3232 936 medicum
3262 879 3589 935 meditaris.

2054 965 2129 1018 Te
2162 963 2286 1017 fore
2313 964 2670 1021 mendosam
2701 966 2826 1023 scio
2851 983 2958 1039 per
2986 967 3205 1041 pellem
3232 966 3633 1033 maculosam,

2054 1051 2310 1109 Maxima
2340 1056 2394 1107 te
2418 1054 2604 1126 pestis
2632 1056 2799 1127 quod
2825 1062 3017 1124 vexet,
3051 1073 3187 1113 sum
3211 1055 3317 1112 tibi
3346 1055 3526 1110 testis.

2054 1141 2322 1197 Primum
2350 1141 2620 1199 solamen
2652 1144 2756 1200 tibi
2786 1146 2987 1218 profer
3011 1146 3104 1202 vel
3135 1146 3535 1213 medicamen,

2056 1228 2209 1284 Artis
2235 1244 2414 1300 opem
2444 1231 2619 1287 nobis
2646 1235 2899 1305 posthac
2926 1234 3210 1290 adhibeto
3239 1232 3471 1288 Peonis.

2057 1319 2149 1375 Sic
2180 1319 2550 1389 emendator,
2587 1322 2671 1378 sic
2703 1339 2766 1378 es
2796 1324 2917 1379 vitii
2947 1323 3282 1379 comitator.

2051 1408 2315 1465 Vocibus
2345 1409 2625 1482 inmanis,
2657 1413 2944 1469 docti-inte
2979 1429 3227 1486 prorsus
3253 1410 3470 1479 inanis,

2054 1497 2294 1556 Crimen
2324 1500 2615 1573 culpabis,
2650 1503 2755 1558 sed
2784 1520 2928 1559 mox
2957 1499 3452 1574 exempliﬁcabis,

2054 1588 2227 1653 Quod
2257 1605 2360 1645 cor
2380 1606 2500 1645 non
2530 1590 2700 1653 celat,
2730 1593 3026 1663 quoniam
3054 1590 3355 1661 Scriptura
3386 1587 3625 1644 revelat.

265 1677 436 1741 [tunc
498 1671 756 1745 culpans
808 1688 1070 1737 naevum,
1115 1671 1221 1745 qui
1282 1672 1536 1729 conterit
1601 1687 1779 1727 omne
1835 1687 1944 1745 per
1982 1695 2025 1747 Β
2052 1677 2335 1735 Versibus
2360 1679 2574 1737 oblatis
2602 1681 3026 1743 mendacibus.
3056 1678 3467 1735 inmodulatis.

1629 1760 1867 1829 Bevum.

267 1854 419 1909 Sunt
447 1856 773 1906 assertores
804 1849 943 1906 huic
973 1865 1184 1906 omnes
1214 1849 1547 1907 inferiores.

264 1944 435 1997 Hunc
461 1944 624 1995 sator
652 1938 903 2007 irarum,
933 1938 1267 1995 destructor
1299 1937 1705 1995 amicitiarum

267 2034 705 2095 Demonstrato,
739 2033 909 2099 togas
933 2044 1040 2084 cur
1068 2044 1178 2084 nos
1204 2029 1510 2102 deponere
1541 2043 1744 2098 cogas,

265 2120 449 2176 Nobis
476 2118 743 2188 immitis,
774 2118 1181 2174 transmittens
1210 2118 1423 2174 nuntia
1448 2116 1567 2173 litis

262 2214 355 2265 An
388 2224 500 2264 nos
527 2207 817 2265 mellitam
844 2207 1038 2263 nescis
1067 2207 1160 2263 hic
1191 2207 1412 2262 ducere
1440 2206 1651 2272 vitam,

267 2298 543 2370 Undique
571 2300 842 2370 pacatos,
874 2300 931 2352 et
958 2295 1032 2351 de
1061 2295 1240 2351 nullis
1265 2298 1580 2368 superatos
1600 2284 1653 2350 τ’

263 2390 345 2443 Te
376 2385 609 2441 nullum
642 2385 895 2440 verbum
921 2384 1109 2439 nostri
1139 2384 1406 2440 turbaret
1432 2383 1743 2449 acerbum,

271 2474 334 2532 Si
361 2480 422 2529 tu
453 2489 773 2540 cessasses,
805 2471 973 2544 quod
999 2471 1138 2528 talia
1162 2487 1286 2528 non
1315 2471 1660 2541 rogitasses.

274 2562 564 2619 Funditus
592 2562 812 2617 invitos
845 2560 968 2616 scio
993 2576 1106 2615 nos
1136 2575 1409 2632 pugnare
1435 2558 1674 2631 petitos.

280 2656 365 2708 Ex
396 2652 509 2708 hoc
536 2668 658 2709 non
689 2650 868 2707 latres
897 2649 1061 2719 rixis,
1080 2649 1186 2705 sed
1214 2648 1448 2704 reddito
1475 2651 1694 2718 grates,

274 2741 451 2808 Quod
482 2757 604 2796 non
634 2739 889 2795 rixando
918 2738 1133 2811 loquor
1155 2738 1305 2822 haec,
1331 2737 1440 2792 sed
1468 2736 1863 2792 consiliando.

278 2833 381 2885 Est
410 2829 511 2885 tibi
542 2828 866 2883 discrimen
890 2831 1164 2882 nostrum
1191 2825 1535 2895 contingere
1564 2824 1771 2895 limen,

271 2918 705 2990 Gymnasiique
729 2916 933 2972 locum
956 2931 1189 2986 nugace
1220 2913 1527 2970 notamine
1555 2929 1795 2969 vocum.

276 3010 339 3065 Id
373 3024 559 3080 quare
591 3007 831 3077 gliscas,
864 3006 1031 3078 quod
1070 3006 1267 3062 adhuc
1305 3003 1681 3060 lacrimando
1721 3002 1942 3074 gemis-

1727 3096 1872 3165 [cas,

275 3191 527 3260 Semper
551 3185 824 3255 deflebis,
858 3184 905 3239 si
936 3199 1046 3239 nos
1075 3182 1411 3257 pugnando
1440 3183 1729 3239 movebis.

274 3278 373 3333 Vis
399 3292 506 3350 per
536 3275 881 3332 conﬂictum
910 3272 1051 3329 belli
1082 3278 1317 3344 tergum
1343 3271 1487 3326 dare
1518 3272 1765 3341 victum,

274 3372 395 3422 Aut
418 3370 554 3438 post
578 3363 957 3437 procinctum
986 3362 1239 3418 manicis
1271 3366 1326 3417 te
1363 3360 1614 3416 reddere
1656 3360 1942 3416 vinctum.

278 3460 683 3525 Congressum
708 3452 850 3510 belli
875 3452 1149 3525 deponas
1171 3450 1375 3523 pullus
1399 3449 1589 3519 aselii,

283 3543 397 3610 Qui
425 3544 553 3599 vice
583 3540 884 3616 praedonis
914 3539 1127 3597 catulis
1160 3539 1241 3594 sis
1271 3538 1479 3612 prteda
1508 3537 1722 3595 leonis.

284 3634 343 3691 Si
368 3648 543 3705 prece
570 3631 879 3704 persistas,
912 3632 1114 3702 partes
1145 3628 1444 3684 ducamur
1471 3627 1533 3682 in
1560 3630 1726 3694 istas,

286 3726 357 3779 Ut
384 3721 591 3777 videas
619 3719 845 3775 bellum
882 3723 936 3774 te
967 3716 1306 3790 despoliare
1345 3715 1664 3782 misellum,

288 3815 349 3867 In
379 3825 609 3866 morem
639 3807 859 3864 vermis
889 3805 1147 3878 pedibus
1179 3803 1461 3863 sternaris
1488 3803 1752 3858 inermis.

287 3905 433 3957 Pace
463 3897 786 3965 coronaris,
821 3913 1010 3969 quam
1038 3900 1099 3951 tu
1131 3908 1410 3950 sermone
1443 3894 1736 3966 sequaris,

287 3993 512 4047 Mecum
539 3987 771 4044 sensisti
802 3985 905 4058 qui
936 3984 1136 4041 nobile
1167 3984 1397 4053 dogma
1426 3982 1717 4052 magistri,

289 4080 402 4146 Qui
434 4096 545 4134 nos
576 4078 880 4143 informat,
912 4074 1142 4131 ratione
1171 4074 1398 4129 facetus
1428 4072 1701 4129 adornat.

290 4171 457 4223 Hunc
488 4166 632 4241 quia
656 4164 933 4222 laudasti.
966 4180 1064 4219 me
1091 4178 1387 4236 perquam
1416 4159 1752 4217 laetiﬁcasti.

293 4262 445 4314 Inter
472 4273 582 4312 nos
614 4256 716 4310 iraa
746 4254 935 4325 fugiat
965 4252 1269 4308 discordia
1294 4251 1459 4307 dirae.

294 4349 571 4418 Expertes
604 4342 738 4399 belli
763 4358 874 4397 nos
902 4341 1111 4411 simus,
1135 4355 1342 4395 amore
1370 4338 1603 4409 gemelli
1631 4356 1644 4393 :

294 4435 507 4491 Foedus
541 4431 778 4489 Davidis
812 4445 1074 4497 mecum,
1105 4428 1495 4499 Jonathaeque
1524 4426 1771 4482 subibis.

294 4523 382 4582 Nil
410 4526 648 4579 nosmet
676 4536 903 4575 saevum
936 4516 1250 4574 conturbet
1276 4531 1439 4570 nunc
1473 4522 1531 4571 et
1558 4516 1619 4571 in
1648 4529 1867 4569 aevum.

294 4613 537 4670 Multum
564 4611 875 4676 mirantur,
895 4624 1039 4664 nam
1071 4606 1211 4664 talia
1239 4606 1346 4679 qui
1371 4605 1774 4677 speculantur.

298 4706 465 4774 Sunt,
495 4700 600 4775 qui
625 4716 763 4756 cum
793 4697 933 4754 rixis
959 4695 1135 4753 nobis
1166 4695 1227 4751 in
1259 4694 1513 4768 pignore
1538 4692 1672 4747 fixis

298 4794 518 4847 Omnes
546 4789 824 4845 devinces
856 4786 957 4842 tibi
988 4787 1379 4857 conspectum
1411 4782 1536 4838 fore
1564 4780 1759 4847 lineis,

295 4882 484 4937 Judex
515 4878 748 4936 subtilis
776 4878 907 4934 licet
939 4875 1089 4932 assis
1118 4875 1226 4930 ﬂos
1250 4874 1529 4945 juvenilis

298 4969 647 5043 Spernendo
672 4967 880 5036 falsos,
908 4979 1165 5036 suprave
1190 4963 1444 5020 modum
1472 4962 1629 5019 male
1663 4960 1865 5028 falsos,

303 5060 365 5115 Id
393 5059 651 5115 retinens
680 5060 931 5122 certum,
965 5055 1211 5108 cunctos
1244 5066 1531 5125 superare
1560 5052 1870 5116 disertum,

300 5149 480 5205 Nobis
508 5146 699 5203 tutelae
730 5145 836 5219 qui
864 5143 969 5199 dat
992 5141 1177 5197 decus
1212 5145 1391 5214 atque
1416 5141 1691 5214 loquelis.

301 5239 425 5309 Dic,
450 5253 556 5293 cur
579 5234 892 5293 baccharis
920 5231 1116 5299 nobis,
1146 5229 1251 5303 qui
1277 5230 1437 5286 bella
1468 5230 1714 5286 minaris
1734 5231 1762 5286 ?

298 5331 512 5384 Pacem
540 5324 899 5399 spernendo,
932 5338 1074 5378 cum
1108 5319 1303 5378 Martis
1331 5335 1537 5375 amore
1566 5319 1819 5375 furendo

302 5415 683 5489 Dompositor
710 5412 883 5469 metri
911 5414 1155 5485 propter
1182 5408 1500 5466 mendacia
1530 5408 1711 5464 tetri?

302 5507 478 5562 Musas
505 5502 777 5577 sylvestri
801 5502 1035 5557 discors
1064 5498 1292 5556 ratione
1321 5497 1585 5571 pedestri

302 5592 574 5650 Turbatis
603 5595 830 5648 Musam
860 5588 1141 5657 fallendo,
1168 5588 1386 5658 fugans
1413 5588 1791 5655 Arethusam,

230 5720 233 5721 ν
306 5680 550 5753 Syllaba
576 5680 745 5754 quod
771 5682 941 5736 muta
970 5682 1265 5737 monstrat
1290 5677 1519 5735 ratione
1546 5676 1749 5733 locuta

2052 1771 2185 1823 Non
2211 1769 2577 1826 ostendisses
2607 1774 2662 1826 te
2693 1770 2961 1835 stultum,
2995 1769 3045 1823 si
3071 1768 3379 1837 tacuisses,

2052 1858 2479 1931 Sermonisque
2508 1865 2651 1916 nota
2675 1860 3028 1916 monstraris
3054 1874 3214 1913 nunc
3241 1857 3442 1913 idiota.

2053 1949 2171 2001 Nos
2201 1963 2323 2004 non
2353 1948 2691 2017 contristas,
2723 1963 2942 2021 pugnae
2973 1947 3122 2002 dum
3152 1946 3266 2002 tela
3288 1946 3613 2012 ministras,

2053 2036 2257 2092 Prtelia
2284 2054 2394 2093 ceu
2416 2053 2676 2108 magnus
2708 2036 2883 2093 nobis
2909 2035 3244 2091 minitando
3269 2039 3586 2107 tyrannus.

2054 2128 2120 2180 Et
2144 2126 2311 2198 quod
2340 2143 2459 2183 non
2492 2126 2681 2185 audes
2711 2125 2957 2192 dictatu,
2986 2124 3224 2180 volvere
3256 2123 3506 2194 gaudes.

2054 2213 2234 2269 Nobis
2262 2215 2528 2272 divinam
2556 2231 2881 2288 poscamus
2908 2229 3087 2284 opem
3112 2213 3236 2268 fore
3266 2212 3547 2285 primam.

2052 2302 2298 2371 Christe,
2323 2304 2404 2359 tui
2432 2304 2569 2358 cleri
2598 2308 2863 2358 turmam
2892 2300 3141 2370 dignare
3177 2300 3340 2356 tueri.

2053 2392 2445 2448 Sanctiﬁcans
2472 2392 2714 2459 signum
2739 2390 2930 2444 crucis
2959 2388 3098 2445 hinc
3120 2388 3284 2457 fuget
3302 2401 3481 2442 omne
3510 2381 3721 2446 malig-

3454 2474 3648 2543 [num.

2050 2571 2170 2624 Rex
2224 2567 2652 2624 Constantinus
2702 2582 2887 2639 quam
2944 2567 3127 2622 sensit
3181 2565 3241 2620 in
3301 2560 3543 2630 agmine
3600 2553 3722 2627 pri-

3489 2659 3649 2701 111113.

2052 2750 2165 2802 Nec
2197 2761 2318 2800 non
2349 2746 2427 2801 de
2462 2744 2629 2800 caelis
2660 2744 2946 2816 suffragia
2975 2746 3090 2801 sint
3118 2738 3436 2801 Michaelis.
3465 2648 3479 2716 [

2052 2834 2275 2891 Nostris
2308 2832 2513 2889 tutelis
2543 2834 2616 2890 sit
2637 2834 2981 2908 praesidium
3011 2831 3324 2891 Gabrielis.

2053 2927 2166 2979 Nos
2193 2923 2554 2994 corruptelis
2587 2941 2803 2980 manus
2834 2924 3043 2997 eripiat
3074 2915 3417 2995 Rapbaelis.

2002 3048 2017 3067 η
2051 3011 2314 3082 Angelici
2344 3011 2510 3066 cives
2540 3028 2753 3068 omnes
2786 3012 2960 3069 nobis
2988 3012 3125 3067 date
3154 3009 3338 3066 vires.

1996 3083 2019 3101 1
2053 3099 2297 3155 Auxiliis
2322 3100 2547 3155 dandis
2574 3117 2931 3158 veneremur
2960 3116 3132 3158 sacra
3163 3091 3440 3153 Joannis.

2057 3193 2119 3244 In
2150 3204 2357 3261 pugna
2389 3191 2564 3245 metri
2592 3191 2849 3262 petimus
2878 3189 3228 3245 munimina
3257 3182 3431 3240 Petri.

2057 3278 2158 3332 Cui
2192 3293 2443 3333 consors
2473 3278 2629 3333 aulae
2660 3279 2793 3334 caeli
2824 3295 2936 3334 nos
2961 3280 3239 3349 protege,
3269 3272 3469 3330 Paule.

2058 3366 2254 3423 Gratia
2285 3365 2475 3421 levitae
2513 3368 2797 3439 Stephani
2827 3367 2927 3423 det
2950 3364 3183 3437 gaudia
3213 3364 3369 3437 vita},

2058 3455 2393 3528 Auxiliique
2424 3471 2643 3511 manus
2674 3457 2876 3512 tendat
2905 3458 2960 3511 S.
2995 3454 3295 3511 Kilianus.

2059 3549 2208 3603 Cum
2237 3544 2405 3617 pacis
2432 3543 2641 3615 palma
2665 3546 2980 3618 proprium
3006 3543 3296 3600 defendat
3325 3545 3588 3616 agalma.

2057 3633 2241 3689 Testis
2270 3632 2511 3689 divinus
2543 3631 2648 3689 ﬁat
2678 3633 2859 3689 tutela
2890 3632 3193 3700 Quirinus.

2059 3722 2219 3778 Assis
2246 3720 2526 3776 Ambrosi
2557 3722 2755 3776 fautor
2784 3721 2925 3776 belli
2951 3720 3245 3789 generosi.

2065 3814 2274 3867 Sancte
2310 3823 2524 3877 regens
2553 3809 2759 3864 hastas
2797 3809 3159 3881 Hieronyme
3202 3813 3511 3879 poscimus
3551 3818 3729 3866 astes.

2062 3900 2177 3952 Nos
2203 3896 2570 3965 Augustinus
2601 3896 2889 3952 defendat
2914 3897 3114 3951 rhetor
3147 3898 3406 3967 opimus.

2066 3990 2277 4041 Doctor
2307 3985 2570 4053 Gregori,
2605 3985 2684 4039 da
2715 4001 2790 4040 ne
2820 3985 2938 4041 sint
2963 3984 3123 4040 bella
3151 3984 3363 4041 dolori.

2062 4077 2335 4141 Protegat
2361 4072 2617 4126 invictus
2647 4087 2759 4126 nos
2788 4074 2850 4126 in
2877 4087 3085 4144 pugna
3116 4071 3488 4128 Benedictus.

2058 4163 2353 4219 Tumbam
2386 4160 2709 4215 Burchardi
2741 4176 3090 4232 quaeramus
3121 4176 3243 4215 non
3277 4177 3452 4233 prece
3486 4164 3657 4220 tardi.

2063 4256 2465 4323 Doctoresque
2497 4250 2653 4304 sales
2678 4265 2793 4322 ope
2825 4250 2942 4305 sint
2971 4250 3065 4306 hic
3098 4250 3480 4323 prodigiales.

2065 4340 2263 4397 Sancti
2295 4355 2403 4394 seu
2431 4339 2629 4395 cuncti
2656 4337 2832 4394 nobis
2863 4338 3156 4394 succurite
3178 4339 3368 4409 juncti

2065 4427 2412 4484 Prrestando
2443 4427 2653 4482 castris
2680 4426 2899 4482 nostris
2930 4430 3197 4482 tutamen
3229 4427 3308 4481 ab
3334 4429 3528 4483 astris.

2064 4519 2195 4572 Haec
2226 4532 2337 4571 nos
2369 4520 2702 4581 cantemus,
2737 4517 2979 4572 Martem
3024 4513 3400 4585 nihilumque
3430 4514 3729 4568 timemus.

2065 4608 2155 4665 Sic
2188 4622 2299 4662 nos
2333 4605 2592 4679 parmati
2624 4608 2857 4661 stamus
2882 4618 3155 4676 pugnare
3181 4604 3396 4674 parati.

2065 4695 2243 4752 Nobis
2271 4694 2551 4750 admittas
2581 4691 2860 4765 quamvis
2888 4695 2951 4746 tu
2978 4688 3136 4745 mille
3166 4688 3445 4758 sagittas:

2065 4786 2180 4840 Nos
2208 4781 2634 4855 impugnando
2664 4780 2872 4835 venias
2898 4777 3034 4832 licet
3058 4781 3260 4848 utpote
3291 4776 3543 4846 grando.

2067 4873 2181 4930 Sed
2210 4878 2415 4928 tamen
2445 4869 2674 4925 attritos
2704 4866 2986 4923 bellando
3016 4870 3151 4920 tuos
3179 4865 3493 4937 parasitos,

2066 4961 2298 5017 Viribus
2325 4958 2585 5015 extensis
2616 4959 2895 5029 penetrat
2925 4953 3254 5012 Saxonicus
3281 4956 3458 5021 ensis,

2066 5051 2309 5108 Noricus
2338 5054 2391 5105 et
2420 5052 2644 5102 Suevus
2671 5045 2919 5117 cupiunt
2945 5044 3311 5115 conjungere
3337 5043 3553 5100 foedus.

2066 5143 2140 5196 Te
2172 5154 2296 5195 non
2329 5141 2652 5203 sectantur,
2684 5132 2790 5189 sed
2819 5132 2996 5189 nobis
3022 5132 3403 5201 auxiliantur,

2069 5228 2180 5295 Qui
2209 5243 2331 5283 non
2367 5224 2703 5290 formident,
2730 5221 2877 5295 quin
2911 5227 2963 5277 te
2994 5220 3290 5276 vincendo
3317 5219 3627 5276 trucident.

2071 5318 2244 5384 Quod
2273 5329 2589 5387 nunquam
2616 5311 2829 5381 credis,
2853 5312 2971 5366 nisi
3000 5327 3140 5367 cum
3170 5310 3454 5366 certando
3481 5308 3736 5364 videbis.

2073 5412 2135 5464 In
2161 5421 2347 5477 regno
2372 5402 2606 5477 primos
2634 5400 2832 5457 nescis
2859 5400 2956 5455 hic
2985 5415 3114 5455 esse
3144 5399 3400 5465 Latinos,

2072 5500 2261 5553 Nosve
2289 5491 2608 5566 coequales
2641 5488 2958 5545 miraberis
2982 5503 3111 5543 esse
3143 5487 3402 5543 sodales.

2076 5587 2203 5642 Istic
2233 5583 2510 5648 dicendo,
2540 5597 2646 5636 seu
2677 5582 2886 5634 contra
2916 5582 2971 5633 te
2997 5575 3315 5635 veniendo.

1994 5722 1999 5727 .
2077 5681 2157 5730 Ac
2185 5675 2361 5730 nobis
2390 5674 2578 5729 dones
2604 5674 2666 5726 in
2698 5667 2947 5725 circuitu
2970 5664 3265 5757 regiones,
