4020 6176
306 204 445 259 1307
1380 203 1782 258 ΕΒΕΒΗΑΒΒῙ
1812 203 1893 257 ΑΕ

2189 202 2676 261 EGERNSENSIS.
3618 207 3776 260 1³0⁸

303 331 571 407 Quarum
603 328 849 385 formosi
880 330 1023 383 sunt
1048 327 1144 383 hic
1166 327 1418 399 juvenes
1439 327 1732 399 generosi.
2077 327 2255 383 Velox
2282 331 2348 384 ut
2377 333 2590 384 ventus
2622 327 2780 399 fuget
2808 327 3007 384 omnis
3030 341 3253 399 nempe
3280 327 3601 397 juventus,

303 421 388 475 Tu
415 419 568 492 petis
596 421 838 473 econtra
867 417 973 473 sed
1006 417 1336 489 spiritualia
1366 422 1657 473 monstra.
2079 418 2333 483 Quando
2364 422 2689 480 truncatur,
2719 418 2992 491 quisquis
3021 416 3125 473 tibi
3156 415 3569 472 collateratur.

307 510 526 579 Expers
551 510 670 562 stas
702 505 845 561 artis
874 505 1123 562 credens
1153 506 1245 561 his
1268 506 1471 578 jurgia
1501 506 1715 562 Martis.
2076 505 2379 562 Perfossus
2409 508 2588 563 costis
2619 506 3015 563 moribundus
3044 504 3303 561 vinceris
3333 505 3532 561 hostis

306 594 405 648 His
435 593 578 665 quia
600 592 877 663 conﬁdis,
909 594 984 651 de
1010 609 1219 667 pugna
1241 593 1432 650 victus
1463 594 1676 650 abibis.
2076 597 2251 651 Terra
2296 596 2645 668 procumbis
2677 594 2989 651 referendo
3025 596 3094 665 [Γ.
3121 593 3482 666 reseranda]
3524 594 3783 652 viscera

301 684 433 737 Jam
462 686 527 738 tu
552 682 887 753 cognoscis,
916 683 1082 756 quod
1111 699 1223 739 nos
1252 698 1375 739 non
1404 683 1598 739 vicere
1627 682 1842 755 possis.
3430 682 3701 753 [lumbis

301 770 651 828 Praesidium
680 777 885 843 gentes
916 788 1054 828 cum
1084 772 1227 828 dent
1257 772 1583 829 simulacra
1613 772 1893 842 colentes,
2078 774 2380 827 Postremo
2411 770 2625 838 fessus,
2657 772 2909 828 telorum
2938 770 3176 827 turbine
3208 786 3466 843 pressus

302 862 494 916 lnstar
515 861 773 932 jumenti
796 861 1091 932 fugientes
1110 863 1211 933 jus
1240 862 1605 918 documenti.
2078 864 2284 916 Noster
2308 860 2602 933 captivus,
2635 877 2710 916 ne
2736 860 2814 915 sis
2840 863 2980 931 post
2998 860 3128 915 haec
3159 858 3474 927 fugitivus,

201 975 204 979 “
303 951 453 1007 Cum
479 954 720 1023 reputes
738 950 906 1007 vivos
936 952 1010 1008 de
1042 966 1366 1019 congressu
1394 951 1695 1021 fugitivos,
2078 949 2257 1005 Nobis
2282 948 2556 1020 infestus,
2587 949 2751 1005 nulla
2777 948 3007 1005 ratione
3034 947 3351 1011 molestus,

302 1038 521 1095 Inferni
548 1040 717 1096 divos
748 1056 855 1096 cur
883 1040 1119 1113 optabis
1144 1041 1462 1108 redivivos,
1928 1026 1945 1035 ”
2080 1039 2322 1095 Ducaris
2348 1039 2530 1095 frenis
2560 1039 2911 1095 constrictus
2940 1038 3064 1094 sive
3092 1038 3348 1105 catenis,

305 1130 466 1194 Quos
494 1129 589 1183 lex
618 1129 880 1185 Plutonis
910 1130 1224 1186 damnavit
1252 1130 1422 1187 fauce
1453 1129 1750 1186 draconis.
2078 1130 2322 1185 Carcere
2352 1128 2670 1183 conclusus
2697 1127 3127 1200 plangens,aut
3147 1128 3450 1199 compede
3479 1132 3727 1182 trusus.

304 1214 433 1273 Non
460 1221 774 1274 resonante
801 1218 931 1291 lyra
962 1219 1133 1289 cujus
1164 1219 1521 1274 mulcebitur
1551 1220 1659 1286 ira,
2075 1220 2206 1272 Jam
2237 1233 2347 1273 nos
2377 1216 2561 1286 irrita,
2588 1233 2710 1288 quo
2731 1216 2811 1271 sic
2843 1219 3048 1288 pereat
3073 1220 3177 1270 tua
3215 1206 3354 1271 vita.

300 1305 594 1378 Quicquid
632 1307 726 1361 hic
762 1311 1051 1379 acceptat,
1082 1308 1304 1363 nullius
1337 1310 1466 1379 jam
1502 1324 1672 1381 prece
1707 1306 1969 1363 reddat?
2079 1305 2288 1361 Desine
2316 1321 2480 1361 nunc
2508 1305 2609 1360 irae
2634 1304 2723 1360 vel
2759 1308 2976 1360 nostrae
3007 1304 3238 1360 damna
3269 1303 3499 1360 subire.

304 1395 565 1462 Surgens
594 1394 668 1450 de
701 1396 910 1452 tumba
938 1400 993 1452 te
1022 1412 1145 1453 non
1175 1397 1313 1467 tegit
1340 1398 1604 1452 Herculis
1631 1396 1867 1452 umbra.
2079 1394 2223 1450 Utile
2237 1394 2576 1464 cognoscis,
2608 1394 2658 1449 si
2682 1393 2848 1466 pacis
2878 1409 3133 1449 munera
3161 1392 3387 1465 poscis.

300 1480 469 1537 Hunc
495 1482 601 1537 tibi
632 1484 965 1541 semideum
993 1484 1115 1540 scio
1142 1501 1261 1541 non
1290 1490 1574 1557 praestare
1602 1489 1894 1556 tropaeum
2078 1487 2156 1539 Ne
2188 1484 2392 1539 venias
2422 1482 2666 1555 duplex,
2699 1483 2802 1538 sed
2850 1482 3017 1538 trade
3047 1497 3273 1537 manus
3303 1481 3426 1537 cito
3477 1481 3775 1554 supplex.

302 1571 526 1625 Rursus
549 1570 897 1643 iniquorum
927 1573 1134 1628 crescit
1162 1574 1393 1628 cultura
1419 1574 1690 1628 deorum.
2079 1572 2418 1645 Suscipiens
2446 1574 2603 1641 regis
2632 1572 2817 1628 nostri
2846 1571 3269 1627 moderamina
3299 1570 3483 1640 legis,

302 1656 368 1713 Id
400 1658 447 1713 si
479 1663 541 1714 tu
568 1659 777 1726 credis,
814 1677 1059 1733 prorsus
1099 1662 1327 1718 ratione
1354 1662 1606 1729 carebis,
2006 1691 2045 1743 Β
2076 1662 2225 1716 Cum
2256 1660 2494 1732 penitus
2522 1661 2678 1715 vires
2706 1659 2903 1716 desint
2930 1660 2992 1714 in
3022 1659 3204 1715 corde
3232 1659 3440 1714 viriles

298 1744 551 1813 Jungere
579 1748 824 1815 gentiles
855 1749 1063 1805 Christi
1094 1750 1234 1805 velit
1268 1754 1329 1805 ut
1358 1750 1473 1805 sibi
1499 1750 1691 1805 miles.
2072 1752 2272 1804 Temet
2303 1748 2533 1804 tutandi
2557 1747 2649 1804 vel
2672 1764 2782 1804 nos
2804 1748 3057 1820 inquam
3085 1746 3448 1820 superandi,

301 1834 622 1905 Nunquam
653 1837 900 1893 certabit
929 1838 1094 1893 socio
1122 1839 1439 1894 conamine
1474 1839 1678 1894 David.
2075 1838 2326 1894 Stultitia
2357 1842 2600 1910 captum
2631 1838 2733 1905 sic,
2765 1837 2844 1893 ad
2871 1837 3251 1909 nihilumque
3282 1837 3637 1902 redactum,

304 1922 617 1977 Herculeas
638 1939 877 1995 pugnas
909 1926 1087 1981 nullis
1112 1927 1392 1997 precibus
1424 1927 1534 1982 sibi
1558 1928 1803 1997 jungas.
2074 1927 2205 1983 Istic
2234 1931 2525 1997 aegrotum
2553 1926 2831 1982 volumus
2861 1929 2917 1981 te
2948 1941 3187 1981 sumere
3216 1931 3439 1997 potum

303 2008 649 2067 Christicola
678 2014 831 2068 servi
861 2013 1092 2084 fugiant
1119 2016 1180 2069 in
1211 2030 1405 2085 agone
1430 2015 1710 2088 protervi,
2076 2015 2360 2072 Funditus
2382 2015 2633 2071 insentis
2662 2014 2849 2071 nostri
2872 2015 2948 2071 de
2971 2014 3225 2070 ﬂumine
3256 2014 3445 2070 fontis

302 2097 515 2153 Cultus
536 2106 805 2159 atrorum
837 2104 1023 2159 sortiti
1051 2104 1511 2159 daemoniorum.
2075 2109 2296 2178 Expers
2321 2108 2410 2160 est
2440 2103 2590 2159 fellis
2619 2103 2806 2159 nimia
2829 2103 3148 2159 dulcedine
3174 2102 3395 2159 mellis.

302 2185 413 2249 Qui
438 2186 582 2242 dum
616 2189 917 2258 vivebant,
950 2207 1073 2247 non
1102 2208 1373 2265 unquam
1405 2192 1503 2247 lite
1532 2191 1836 2259 carebant,
2076 2193 2247 2249 Istinc
2280 2193 2326 2247 si
2354 2193 2537 2248 discis
2566 2193 2762 2248 statim
2793 2207 2974 2247 sensu
3003 2192 3328 2265 resipiscis.

300 2276 414 2330 Nec
441 2283 696 2347 possunt
718 2280 893 2351 jungi
920 2282 1102 2348 socio,
1134 2298 1256 2337 non
1285 2282 1524 2353 agmine
1552 2281 1736 2352 fungi.
2074 2288 2246 2340 Recte
2275 2282 2509 2338 vivendi
2538 2282 2762 2354 poteris
2792 2286 2849 2337 et
2876 2281 3105 2352 dogma
3140 2280 3463 2354 loquendi.

300 2362 419 2420 Has
447 2363 585 2421 belli
613 2372 802 2424 sortes
833 2370 955 2426 scio
986 2386 1109 2427 non
1140 2372 1369 2427 sociare
1395 2371 1688 2427 cohortes.
2073 2378 2206 2429 Haec
2237 2373 2286 2428 si
2312 2372 2666 2442 contemnis,
2695 2388 2802 2427 seu
2825 2376 3124 2427 nostrates
3153 2366 3583 2445 reprehendis,

301 2452 462 2516 Quas
483 2453 531 2508 si
560 2456 870 2528 conducis,
900 2458 1156 2514 tenebris
1186 2459 1296 2515 das
1326 2459 1536 2514 munia
1564 2459 1731 2515 lucis.
2072 2462 2356 2518 Herculea
2378 2461 2532 2516 fibra
2562 2476 2835 2517 crescens
2864 2460 3186 2517 siccabitur
3215 2460 3440 2533 hydra,

299 2538 537 2599 Talibus
561 2543 794 2616 offensi,
825 2547 920 2603 vel
950 2547 1230 2604 caelicolas
1254 2548 1619 2621 reprehensi.
2072 2556 2151 2608 De
2180 2551 2476 2624 nobisque
2506 2549 2661 2606 mori
2688 2549 2794 2606 tibi
2819 2565 2979 2605 nunc
3009 2553 3317 2618 continget
3347 2549 3596 2605 honori.

298 2630 373 2683 Te
402 2645 524 2685 non
551 2638 870 2700 sectantur,
899 2636 1005 2691 sed
1035 2636 1356 2692 nobiscum
1388 2637 1765 2692 comitantur.
2069 2644 2185 2695 Nos
2216 2656 2337 2695 non
2370 2639 2666 2703 devinces,
2698 2637 2834 2695 licet
2860 2637 3074 2694 inferni
3106 2638 3210 2693 tibi
3241 2638 3533 2711 princeps

301 2720 542 2776 Tutores
566 2724 772 2794 nostri,
806 2741 960 2797 quos
990 2730 1053 2781 tu
1080 2742 1201 2783 non
1230 2742 1498 2799 quaerere
1524 2726 1700 2782 nosti.
2070 2729 2369 2784 lnfernum
2396 2728 2647 2800 linquat,
2686 2726 2771 2783 sic
2803 2727 3149 2784 auxiliando
3180 2727 3581 2799 propinquat.

303 2806 418 2861 Sed
444 2809 784 2868 seductores
816 2812 1099 2885 sequeris,
1132 2815 1297 2885 quod
1323 2814 1644 2886 postmodo
1670 2814 1887 2886 plores,
2070 2816 2320 2872 Perdere
2346 2815 2656 2887 compellis
2682 2831 2796 2871 nos
2826 2820 2899 2881 te,
2932 2814 3268 2888 pugnando
3299 2814 3566 2887 repellis.

301 2892 458 2949 Vivis
491 2896 753 2954 defuncti
786 2900 836 2955 si
866 2901 981 2956 sint
1009 2903 1333 2958 certamine
1354 2902 1566 2972 juncti.
2070 2910 2151 2961 Ex
2175 2906 2292 2962 hoc
2322 2905 2594 2969 desistas,
2631 2904 2751 2961 ulla
2778 2904 3008 2960 ratione
3037 2905 3303 2960 resistas.

302 2981 467 3039 Hanc
492 2991 863 3044 armaturam
894 2990 1016 3046 scio
1046 3006 1168 3046 non
1197 2992 1375 3047 nobis
1404 2992 1759 3048 nocituram.
2000 3046 2037 3066 η
2070 2993 2199 3049 Istic
2230 2993 2645 3066 prtescriptum
2665 2994 2909 3049 metrico
2936 2992 3353 3049 modulamine
3378 2991 3642 3049 dictum.

1260 3046 1307 3047 7,
1360 3046 1365 3047 7
1556 3046 1559 3047 7
1714 3046 1758 3048 ,7
2231 3046 2899 3066 I-__,-__r,__“_-,_-_
2942 3046 3061 3048 κν
3432 3046 3469 3047 7,
3628 3046 3640 3049 _

302 3071 333 3123 J
337 3086 434 3127 am
468 3072 780 3146 denatura,
811 3077 924 3133 nisi
947 3079 1260 3137 discedant
1289 3098 1399 3137 sua
1423 3081 1581 3152 jura.
1999 3046 2038 3101 Ο
2070 3086 2216 3140 Cum
2238 3099 2450 3155 precor
2471 3083 2602 3153 ejus
2624 3098 2827 3154 opem,
2850 3098 2959 3137 nec
2980 3098 3104 3137 non
3128 3081 3476 3137 venerabile
3492 3098 3753 3149 nomen,

305 3160 419 3216 Sed
449 3178 556 3218 cur
583 3163 669 3220 vis
693 3170 927 3237 aeostes,
960 3169 1234 3241 proprios
1261 3170 1553 3227 dimittere
1581 3173 1788 3243 postes
1807 3170 1836 3226 ?
1912 3218 1917 3223 .
2065 3173 2146 3227 De
2177 3173 2350 3243 cujus
2375 3171 2551 3228 donis
2584 3171 2835 3227 modulo
2862 3171 3080 3240 fungor
3117 3171 3386 3234 rationis.

303 3248 407 3305 Hic
437 3254 499 3305 tu
526 3254 767 3324 pervilis
794 3256 1012 3313 nostris
1047 3259 1409 3330 superabere
1434 3258 1571 3331 pilis
2068 3260 2327 3317 Credens
2357 3260 2605 3317 dicentis
2633 3260 2717 3315 sic
2748 3260 3051 3333 scripturae
3077 3259 3485 3316 documentis.

306 3342 458 3395 Istuc
487 3343 670 3413 ceriti,
698 3346 949 3416 nugacis
978 3347 1183 3420 nilque
1211 3349 1381 3421 periti
2070 3349 2317 3405 Nomine
2343 3349 2587 3419 signatis
2618 3349 2855 3405 Domini
2883 3364 3011 3420 vos,
3044 3348 3339 3421 quicquid
3365 3349 3581 3419 agetis.

299 3428 356 3483 Si
385 3434 489 3486 tua
518 3434 865 3502 procedant,
899 3440 955 3491 et
982 3451 1095 3491 nos
1121 3437 1390 3493 convicia
1414 3437 1655 3508 laedant,
2068 3437 2247 3493 Nobis
2271 3438 2550 3494 ductores
2580 3438 2751 3494 verbi
2775 3437 2922 3493 dum
2951 3453 3138 3510 posco
3169 3438 3389 3493 satoris

304 3519 499 3573 Fortes
528 3519 799 3588 athletas,
834 3523 1174 3595 poterisque
1202 3525 1405 3583 videre
1429 3529 1658 3597 poetas.
2067 3530 2293 3597 Agrum
2322 3528 2594 3584 divinum
2619 3527 2960 3600 plantantes
2988 3527 3217 3582 semine
3247 3526 3534 3600 primum.

301 3608 643 3677 Numquam
668 3610 964 3679 cedentes,
992 3627 1131 3667 cum
1157 3617 1220 3668 tu
1247 3613 1533 3683 fugiendo
1561 3614 1799 3669 clientes

299 3691 449 3749 Alvo
478 3694 670 3752 divisa
698 3704 1203 3769 pereasnostrata
1232 3702 1451 3757 sarissa
1480 3703 1629 3769 food.
1655 3703 1884 3775 sarisa}.
2623 3704 2881 3776 (Caetera
2905 3705 3099 3760 deesse
3119 3704 3454 3775 videntur.)

312 3871 2340 3915 Μ

2343 3880 3748 3915 m

1669 4028 1808 4070 ANTE
1841 4030 2047 4083 MEDIUM
2074 4030 2358 4070 sesamum.

1378 4200 2660 4359 EBEBHARDUS
2706 4130 2711 4133 “

1596 4461 1821 4517 ABBAS
1876 4462 2147 4516 TEGERN
2155 4461 2282 4518 SEN
2291 4462 2414 4518 SIS.

1156 4740 2009 4889 EBERHARDI
2084 4754 2857 4878 EPISTOL/E.

1060 4974 1273 5051 (Edidit
1302 4982 1365 5035 Β.
1396 4979 1458 5033 Ρ.
1491 4982 1714 5053 Pszws,
1751 4981 2090 5039 Thesaurus
2118 4984 2407 5047 Anecdot.
2440 5001 2599 5057 nov.,
2630 4987 2697 5057 V,
2727 5003 2770 5056 1,
2800 4990 2950 5057 135.)

1110 5293 1130 5345 l
1978 5295 2023 5347 A
2127 5294 2287 5349 Sicut
2313 5295 2496 5351 Jacob
2524 5295 2732 5353 revixit
2754 5311 2893 5351 cum
2916 5295 3132 5368 Ioseph
3162 5295 3367 5351 vivere
3388 5298 3735 5365 audivit,ita

288 5391 389 5446 Ad
413 5393 669 5462 fratrem
700 5407 892 5459 suum,
934 5397 1334 5470 quemgadrhuc
1380 5399 1578 5453 vivere
1622 5399 1864 5470 gaudet,
1893 5405 1947 5457 ει
2056 5387 2266 5439 nostra
2294 5384 2414 5440 vita
2432 5391 2569 5458 post
2591 5385 2837 5441 mentita
2866 5384 3076 5441 funera
3102 5389 3303 5441 vestra
3328 5387 3556 5457 grandi
3581 5404 3730 5458 gau-

808 5476 815 5484 ·
906 5468 989 5523 ad
1014 5482 1075 5524 se
1100 5468 1337 5524 invitat.
1852 5468 1857 5470 ⁷
2056 5471 2157 5526 dio
2175 5471 2492 5530 hilarescit.
2520 5478 2587 5531 Ut
2615 5474 2926 5548 quondam
2951 5473 3423 5547 spopondimus,
3445 5477 3509 5531 in
3532 5484 3732 5534 vestra

360 5553 747 5622 Ensnmanus,
787 5555 996 5612 Christi
1024 5556 1390 5614 famulorum
1437 5574 1665 5629 servus,
1696 5559 1947 5616 dilectis-
2058 5558 2372 5618 dilectione
2393 5567 2734 5620 constanter
2752 5562 2951 5619 adhuc
2974 5561 3385 5619 indubitanter
3404 5580 3726 5637 permane-

291 5638 448 5699 simo
479 5640 665 5701 fratri.
2057 5650 2597 5727 mus,nimiumque
2609 5652 3025 5710 desideramus
3034 5668 3144 5709 vos
3161 5651 3366 5709 videre
3380 5653 3724 5731 inlocoqno
