3988 6182
223 224 363 279 1309

1752 214 2117 276 EPISTOLIB.

3502 235 3645 290 1310

213 360 377 401 nunc
405 344 704 416 degimus.
748 344 1036 410 Quocirca
1063 344 1342 418 petimus,
1384 345 1433 401 si
1461 344 1691 416 absque
1730 357 1871 397 eon-
1903 344 1950 396 A
1983 345 2196 416 ctaque
2239 350 2719 419 congregatione,
2747 367 3125 426 quaecunque
3153 369 3478 427 possumus
3503 371 3637 413 ora-

223 448 408 490 sensu
434 434 684 490 fratrum
706 438 1035 490 vestrorum
1063 434 1141 490 ad
1167 450 1280 491 nos
1304 436 1510 495 venire
1527 448 1651 489 non
1670 431 1869 501 vultis,

211 538 248 579 a
277 523 506 579 cunctis
536 522 817 579 fratribus
861 522 1163 580 licentiam
1200 523 1415 596 petatis
1441 524 1516 579 de
1536 526 1740 578 nostro
1765 536 1872 575 no-

211 611 393 681 mine,
414 615 478 668 ut
502 610 823 681 nobiscum
853 611 1294 689 aliquantulum
1321 611 1604 685 temporis
1627 624 1871 681 manere

210 700 471 774 possitis,
502 704 565 757 ut
606 698 680 771 de
722 705 919 756 vestro
958 692 1151 757 vivere
1198 705 1429 758 tantum
1470 700 1867 773 gaudeamus,

213 794 506 858 quantum
548 788 743 845 incesti
780 788 1022 865 fuimus,
1050 808 1189 865 cum
1219 807 1327 847 vos
1369 792 1429 847 in
1462 790 1625 863 Italia
1664 789 1871 845 defun-

213 883 376 935 ctum
408 896 537 951 esse
564 878 925 936 audivimus.
1011 955 1055 1008 Π

209 1057 307 1112 Ad
338 1058 684 1129 Udalricum
717 1059 1005 1115 comitem.
1048 1061 1236 1129 Rogat
1289 1075 1362 1115 ne
1400 1061 1670 1129 graviter
1706 1059 1868 1129 ferat

277 1128 437 1203 quod
463 1144 528 1203 eo
554 1145 671 1184 non
698 1130 1068 1203 interrogato
1096 1128 1487 1202 .S'igihardzim
1520 1130 1870 1186 monasterii

278 1202 375 1255 Sui
398 1200 754 1256 advocatum
782 1200 1087 1272 delegerit,
1115 1200 1224 1258 etc.

282 1290 669 1357 EBERHARDUS,
716 1288 1079 1347 famulorum
1132 1291 1227 1347 Dei
1270 1291 1603 1347 vilissimus
1638 1306 1865 1358 servus,

206 1376 433 1433 domno
463 1378 663 1434 comiti
693 1378 1097 1449 0.[ODALRICO,
1121 1396 1220 1437 seu
1246 1381 1552 1450 UDALRICO]
1581 1380 1868 1436 devotum

206 1467 534 1535 servitium,
578 1468 910 1541 jugemque
958 1468 1303 1526 instantiam
1343 1469 1757 1542 precaminum
1804 1469 1866 1524 in

206 1556 462 1613 Christo.
1632 1544 1636 1547 ’

272 1646 420 1709 Quia
465 1646 707 1703 aliunde
749 1662 872 1703 non
900 1647 1197 1704 habemus
1234 1653 1357 1704 tam
1384 1650 1627 1704 ﬁrmum
1682 1647 1867 1703 suffu-

201 1734 368 1804 gium
387 1735 537 1791 sicut
551 1735 613 1791 in
634 1736 829 1807 vobis,
846 1736 1068 1807 jugiter
1087 1737 1417 1793 insistimus
1434 1737 1862 1795 succlamando

199 1840 310 1879 vos
343 1823 524 1879 modo
567 1820 1237 1898 opportune'interdum
1276 1827 1635 1899 importune.
1682 1830 1861 1881 Jussu

199 1913 412 1968 domni
457 1915 646 1969 nostri
677 1912 867 1986 ducis,
900 1916 1149 1973 consilio
1188 1917 1586 1972 monarchicee
1617 1931 1861 1984 congre-

201 2001 474 2070 gationis,
496 2004 895 2076 petitioneque
922 2009 1099 2060 totius
1118 2005 1354 2061 familiae
1379 2005 1553 2060 nobis
1576 2005 1858 2074 subjectae

202 2091 579 2157 Sigihardum
644 2093 1059 2148 constituimus
1118 2094 1293 2149 nobis
1358 2094 1738 2148 advocatum.
1794 2096 1859 2148 Et

196 2178 341 2248 quia
388 2194 494 2233 vos
527 2194 647 2234 non
678 2180 867 2235 fuistis
896 2197 1036 2235 cum
1081 2181 1253 2248 duce,
1284 2186 1385 2238 aut
1416 2182 1476 2237 in
1514 2181 1611 2238 tali
1654 2181 1858 2236 vicini-

197 2268 334 2330 tate,
355 2269 419 2321 ut
437 2266 613 2322 vestri
635 2267 936 2329 licentiam
957 2273 1155 2341 petere
1175 2285 1516 2343 possemus,
1541 2285 1860 2342 precamur

200 2369 275 2408 ne
323 2353 499 2409 nobis
529 2355 874 2412 irascamini
905 2374 1089 2431 super
1116 2359 1230 2414 hoc
1272 2359 1531 2429 negotio,
1564 2359 1668 2414 sed
1719 2375 1858 2414 cum

192 2446 389 2496 vestra
433 2441 506 2498 sit
555 2444 764 2513 gratia.
799 2446 1057 2501 Petimus
1102 2447 1275 2502 etiam
1326 2462 1434 2519 per
1481 2445 1857 2501 clementiam

190 2534 489 2601 vestram,
510 2532 715 2603 jubete
758 2539 953 2589 vestro
980 2534 1148 2590 militi
1177 2538 1462 2602 Pennoni,
1494 2542 1559 2590 ut
1600 2534 1859 2591 famulos

191 2621 249 2674 et
275 2618 524 2677 ancillas
572 2622 764 2678 Sancti
818 2622 1067 2694 Quirini,
1098 2639 1235 2695 qua:
1280 2623 1359 2679 ad
1388 2639 1500 2679 nos
1540 2622 1857 2695 pertinent,

189 2708 363 2764 nobis
392 2710 623 2766 reddat.
662 2711 717 2767 Si
760 2711 856 2768 ille
887 2711 1029 2768 dicit
1074 2728 1186 2769 nos
1235 2713 1456 2769 habere
1500 2714 1734 2786 aliquos
1781 2712 1858 2786 de

189 2812 299 2851 suo
325 2796 637 2867 beneﬁcio,
659 2798 968 2855 reddimus
1000 2800 1111 2857 sibi
1148 2800 1417 2856 libenter.
1452 2784 1659 2857 Vestro
1689 2784 1857 2856 militi

191 2885 494 2946 Wolfoldo
537 2889 904 2962 prrecepistis
952 2895 1017 2947 ut
1064 2891 1239 2948 nobis
1280 2891 1554 2949 redderet
1594 2891 1854 2947 decima-

187 2975 410 3033 tionem
442 2977 520 3035 ad
550 2980 958 3050 Ismanninga,
990 2981 1157 3052 quod
1187 2982 1387 3037 adhuc
1417 2980 1606 3038 noluit
1635 2980 1846 3037 facere.

1979 431 2138 489 tione
2170 440 2227 492 et
2253 436 2374 493 fam
2384 438 2662 496 ulamine.

2054 525 2324 582 Libenter
2352 527 2568 584 ad‘vos
2616 530 2980 599 veniremus,
3016 532 3371 607 priusquam
3400 535 3474 590 de
3520 535 3636 592 hac

1979 614 2220 683 regione
2259 616 2336 672 ab
2375 616 2555 674 aliam
2599 620 2944 691 pergeretis,
2978 624 3034 676 et
3075 627 3140 677 ut
3184 620 3635 680 dilectissimum

1978 702 2296 760 dominum
2334 708 2546 763 merito
2583 707 2897 779 debemus,
2920 709 3282 779 videremus,
3306 716 3485 785 atque
3514 712 3634 769 col~

1977 792 2378 865 loqueremur.
2428 796 2542 854 Sed
2578 797 2778 854 adhuc
2814 798 2962 854 nihil
2994 798 3290 856 habemus
3331 818 3455 875 prae
3504 818 3635 859 ma-

1975 881 2177 953 nibus,
2206 883 2373 955 quod
2420 884 2591 941 vobis
2636 886 2707 942 sit
2759 884 3180 956 honoriﬁcum,
3230 888 3629 957 offerendum,

1978 975 2081 1026 aut
2108 971 2284 1027 nobis
2314 973 2701 1031 fructiferum.
2736 975 2988 1049 Impedit
3016 977 3196 1032 etiam
3227 993 3324 1033 me
3352 978 3635 1050 frequens

1975 1062 2243 1133 corporis
2319 1062 2630 1132 aegritudo,
2714 1068 2770 1118 et
2855 1064 3186 1136 improvisa
3272 1070 3633 1141 praeparatio

1977 1149 2246 1221 equitum
2273 1150 2365 1206 vel
2395 1167 2689 1224 equorum
2725 1152 2819 1208 “ad
2866 1148 3001 1211 eam
3047 1154 3422 1226 repentinam
3471 1155 3635 1229 equi-

1975 1238 2285 1294 tationem.
3507 1302 3514 1309 ,

2052 1329 2119 1382 Ut
2145 1327 2321 1382 nobis
2352 1328 2631 1384 comitem
2678 1328 3019 1385 Udalricum
3048 1334 3249 1386 vestra
3277 1330 3635 1404 potestativa

1976 1431 2163 1471 manu
2194 1416 2553 1472 advocatum
2579 1417 2923 1474 monasterii
2952 1418 3123 1489 detis,
3148 1419 3210 1474 in
3236 1420 3512 1492 praesenti
3541 1426 3635 1475 ro-

1977 1519 2216 1574 gamus.
2252 1508 2549 1571 Quantam
2588 1506 2901 1579 penuriam
2947 1507 3153 1563 fratres
3198 1509 3525 1582 patiuntur,
3555 1510 3635 1581 ad

1976 1594 2107 1649 illos
2139 1593 2341 1666 palam
2371 1595 2567 1651 dicere
2595 1596 2903 1652 erubesco.
2939 1596 3117 1655 Vobis
3148 1613 3411 1671 namque
3444 1602 3632 1655 totum

1904 1697 1944 1749 3
1975 1688 2039 1740 ut
2067 1689 2156 1739 est
2186 1683 2364 1739 timeo
2392 1684 2673 1754 proﬁteri.
2704 1687 2816 1742 Sed
2847 1685 2921 1741 de
2951 1686 3042 1740 his
3072 1685 3246 1741 nobis
3278 1686 3633 1743 subvenien-

1972 1774 2120 1829 dum
2187 1773 2370 1829 solius
2431 1775 2532 1830 Dei
2589 1775 2888 1845 singulare
2948 1776 3243 1849 vestrique
3314 1781 3632 1849 paternum

1971 1863 2391 1935 praestolamur
2420 1863 2718 1919 solatium.
2769 1936 2813 1989 ν

1967 2022 2067 2076 Ad
2098 2023 2482 2095 Tbeomonem
2507 2037 2607 2095 seu
2634 2024 2972 2095 Diemonem
3000 2025 3289 2095 comitem,
3316 2031 3379 2080 ut
3400 2040 3628 2082 monas-

2042 2093 2180 2148 terii
2216 2093 2450 2162 prde
2494 2093 2576 2148 ad
2615 2094 2866 2149 Hallam
2920 2095 3035 2150 sita
3075 2093 3387 2164 protegere
3432 2111 3504 2152 ac
3554 2098 3629 2152 ab

2039 2165 2259 2235 iniquis
2288 2165 2664 2221 invasoribus
2694 2165 3013 2234 defendere
3040 2165 3341 2235 dignetur.

2039 2256 2326 2309 Tnsouom
2355 2254 2701 2310 venerando
2729 2253 2951 2321 comitr,
2985 2256 3069 2319 E.,
3102 2254 3295 2309 abbas
3322 2254 3625 2322 indignus,

1970 2341 2223 2402 salutem
2250 2341 2311 2399 in
2339 2342 2612 2398 Domino.

2040 2433 2364 2498 Rogamus,
2388 2431 2471 2487 mi
2492 2430 2758 2501 domine,
2781 2434 2848 2485 ut
2865 2430 3099 2503 pietatis
3117 2434 3328 2486 vestrae
3351 2431 3629 2488 solatium

1967 2519 2190 2576 habere
2217 2520 2521 2592 possimus
2546 2520 2608 2575 in
2638 2520 2922 2575 omnibus
2952 2520 3205 2589 negotiis
3232 2519 3471 2575 nostris.
3498 2520 3628 2585 Quo

1971 2608 2184 2665 solatio
2212 2609 2476 2665 maxime
2505 2608 2845 2678 indigemus
2874 2610 2937 2665 in
2964 2608 3058 2664 his
3086 2608 3231 2665 locis
3259 2607 3481 2681 quibus
3518 2624 3629 2663 vos

1966 2702 2321 2770 potestatem
2350 2697 2600 2753 habetis.
2627 2697 2929 2769 Quidquid
2959 2698 3119 2753 enim
3144 2698 3220 2754 ad
3255 2696 3419 2753 Halla
3447 2696 3630 2752 habe-

1965 2803 2104 2842 mus
2133 2786 2193 2842 in
2220 2786 2466 2852 familia,
2500 2793 2602 2843 aut
2630 2787 2691 2842 in
2716 2787 2843 2844 aliis
2872 2786 3074 2853 rebus,
3109 2787 3223 2842 cito
3251 2786 3628 2847 distermina-

1962 2874 2142 2941 bitur,
2175 2878 2231 2930 et
2259 2874 2637 2931 abstrahetur
2665 2875 2743 2931 ab
2771 2875 3046 2949 inimicis,
3077 2876 3193 2931 nisi
3231 2892 3337 2930 vos
3383 2879 3627 2947 propter

1966 2968 2153 3021 Deum
2178 2970 2235 3021 et
2260 2970 2536 3022 sanctum
2563 2966 2873 3033 Quirinum
2899 2967 3014 3021 hoc
3038 2965 3374 3022 defendatis
3404 2969 3461 3021 et
3484 2980 3623 3020 cen-

188 3064 408 3120 ldcirco
450 3067 664 3123 iterum
710 3045 1046 3142 iterumque
1096 3086 1416 3142 precamur
1466 3074 1527 3131 ut
1566 3070 1846 3126 nuntium
1881 3045 1921 3100 C
1964 3054 2290 3142 tradimus;
2343 3054 2518 3142 νίΙυοά
2574 3054 2836 3127 Dem“us
2892 3059 2955 3110 ut
3007 3054 3235 3111 Ϊδθίδίίε
3279 3054 3624 3125 ubicunque

185 3158 449 3232 vestrum
479 3172 619 3212 cum
649 3158 760 3213 isto
798 3159 1077 3233 praesenti
1106 3161 1317 3231 nuntio
1350 3164 1553 3216 nostro
1580 3159 1843 3228 mittatis,

184 3243 285 3315 qui
314 3238 427 3301 hoc
458 3245 511 3301 ei
541 3262 577 3301 a
601 3245 775 3311 vobis
808 3247 1053 3325 ﬁrmiter
1081 3248 1384 3324 praecipiat
1406 3253 1469 3306 ut
1496 3248 1669 3304 nobis
1695 3248 1847 3304 deci-

185 3333 510 3411 mationem
540 3333 770 3401 reddat.
800 3336 1039 3394 Valete.‘

972 3430 1060 3484 III.

183 3512 281 3565 Ad
329 3511 773 3587 Godehardum,
816 3520 878 3569 ut
930 3516 1184 3585 videtur,
1238 3514 1509 3585 abbatem
1562 3516 1843 3587 Niderat-

342 3582 491 3652 tah.,
525 3582 624 3639 cui
642 3582 903 3654 fratrem
936 3582 1264 3657 Eginon’em
1299 3582 1690 3643 commendat.

254 3670 467 3728 Abbati
496 3675 582 3739 G.,
607 3673 975 3730 monachicre
998 3676 1128 3730 vitae
1159 3676 1454 3751 provisori
1475 3676 1844 3745 doctissimo,

182 3763 243 3816 E.
276 3760 450 3817 vestri
479 3762 723 3817 servitor
749 3763 1025 3829 devotus,
1056 3756 1386 3839 fratresque
1419 3762 1531 3819 sibi
1572 3764 1844 3835 subjecti,

180 3846 475 3922 quidquid
508 3849 611 3905 ﬁlii
643 3850 1030 3906 dilectissimo
1065 3851 1237 3907 Patri.

252 3938 618 3994 Confratrem
654 3944 928 3995 nostrum
962 3939 1310 4010 Eginonem,
1344 3957 1525 4013 quem
1559 3939 1847 4009 gremiolo

178 4025 414 4083 vilitatis
444 4032 687 4096 nostra,
720 4032 918 4101 prout,
949 4030 1261 4101 potuimus
1289 4028 1594 4084 modicum
1621 4032 1849 4100 tempo-

178 4116 259 4171 ris
298 4105 425 4171 vice
469 4120 661 4172 vestra
710 4116 1145 4186 nutriebamus,
1192 4117 1377 4173 modo
1422 4117 1500 4172 ab
1546 4134 1615 4173 eo
1660 4113 1852 4185 rogati

177 4205 532 4261 remittimus
553 4205 723 4261 illum
758 4211 968 4262 vestrm
1008 4207 1365 4280 paternitati.
1395 4209 1613 4264 Omnes
1661 4223 1695 4262 a
1738 4205 1852 4261 mi-

176 4296 344 4351 nimo
360 4310 553 4368 usque
575 4294 655 4351 ad
670 4295 1006 4352 maximum
1028 4295 1285 4368 pedibus
1310 4296 1519 4352 vestris
1546 4296 1850 4370 provoluti

176 4386 461 4458 petimus,
509 4386 941 4460 supplicamus,
991 4389 1053 4443 ut
1110 4402 1270 4456 eum,
1302 4386 1415 4442 hoc
1484 4392 1575 4442 est
1624 4387 1848 4443 medie-
1888 4397 1925 4449 ι)

178 4480 358 4531 tatem
416 4475 614 4531 cordis
663 4475 869 4545 nostri,
899 4475 1245 4532 cbaritative
1289 4475 1626 4549 suscipiatis
1668 4476 1729 4532 in
1770 4476 1852 4531 lo-

96 4571 121 4581 ‘
177 4581 318 4620 cum
342 4581 499 4621 verae
544 4564 870 4635 ﬁliationis,
897 4581 972 4621 ne
1004 4565 1171 4622 aliter
1201 4566 1359 4621 circa
1405 4581 1543 4620 eum
1591 4565 1847 4622 exterius

178 4654 390 4729 agatis,
419 4670 602 4728 quem
632 4655 898 4728 quotidie
929 4655 1175 4713 interius
1208 4654 1436 4711 Christo
1470 4658 1587 4710 Deo
1634 4671 1845 4729 parere

177 4759 298 4798 non
353 4732 615 4799 cessatis.
654 4743 709 4800 Si
752 4742 977 4816 aliquid
1031 4744 1227 4801 delicti
1282 4744 1342 4799 in
1386 4760 1496 4799 vos
1542 4745 1845 4801 commisit

172 4833 359 4889 verbo
389 4833 483 4889 vel
510 4833 686 4893 facto.
716 4837 782 4889 ut
808 4849 920 4889 nos
950 4833 1187 4903 fragiles
1236 4833 1500 4906 quotidie
1548 4833 1837 4903 solemus,

176 4927 367 4979 totum
393 4927 510 4980 Deo
537 4921 835 4994 nobisque
859 4922 1071 4978 dimitti
1093 4938 1412 4994 precamur
1438 4940 1450 4977 :
1486 4926 1562 4991 et,
1595 4922 1643 4977 si
1673 4923 1844 4978 mini-

173 5028 270 5068 me
299 5011 467 5081 digni
508 5027 718 5067 sumus
743 5026 855 5084 pro
893 5026 964 5067 eo
994 5011 1312 5084 impetrare
1351 5012 1517 5085 quod
1558 5011 1839 5084 petimus,

172 5103 390 5158 iterum
422 5118 559 5158 cum
591 5105 788 5157 vestra
827 5100 1066 5157 licentia
1093 5101 1155 5156 in
1188 5100 1615 5158 fraternitatem
1658 5101 1844 5158 liben-

171 5195 260 5248 ter
286 5190 670 5263 suscipimus.

962 5280 1046 5334 IV.

171 5370 265 5424 Ad
292 5370 642 5426 Heinricum
674 5369 936 5424 Boiorix
966 5368 1194 5422 ducem.
1226 5365 1304 5421 Se
1332 5360 1682 5434 inﬁrmitate
1718 5384 1842 5423 cor-

237 5443 404 5509 poris
434 5440 717 5510 impediri
747 5455 860 5510 quo
888 5440 1086 5494 minus
1115 5437 1197 5494 ad
1220 5453 1349 5510 eum
1389 5438 1835 5510 proﬁciscatur,

244 5509 577 5581 rogareque
629 5518 694 5565 ut
749 5509 1099 5566 Udalricum
1157 5509 1421 5564 comitem
1467 5509 1561 5561 sui
1606 5524 1839 5564 monas-

245 5584 384 5638 terii
407 5582 767 5640 advocatum
798 5582 1152 5647 constituat,
1188 5583 1299 5635 etc.

244 5672 472 5728 Seniori
487 5677 712 5740 nostro,
735 5671 963 5727 domno
988 5668 1128 5725 duci
1148 5668 1445 5740 H.,abbas
1468 5670 1529 5725 E.
1555 5684 1592 5726 a
1611 5683 1676 5723 se
1692 5684 1835 5724 cun-

1962 3141 2222 3213 possitis.
2252 3141 2469 3198 Valete.

2751 3230 2837 3285 VI.

1956 3320 2053 3375 Ad
2095 3320 2380 3384 eumdem,
2415 3324 2483 3374 ut
2526 3322 2912 3388 praesentium
2970 3320 3218 3375 latorem
3268 3325 3374 3374 aut
3416 3318 3621 3388 aliqua

2031 3393 2272 3449 honesto
2330 3392 2533 3461 ofﬁcio
2588 3392 2920 3457 munerari,
2966 3396 3071 3447 aut
3145 3391 3330 3447 eidem
3388 3389 3619 3449 veniam

2031 3462 2217 3518 alium
2246 3460 2562 3530 Dominum
2594 3460 2936 3518 demerendi
2963 3462 3111 3531 dare
3138 3477 3213 3518 ne
3238 3465 3546 3533 gravetur.

2032 3552 2117 3621 E.,
2150 3551 2276 3606 solo
2309 3550 2552 3606 nomine
2582 3550 2919 3607 monachus
2953 3549 3267 3621 vocitatus,
3297 3544 3499 3605 comiti
3529 3551 3619 3617 D.,

1958 3640 2346 3697 dilectissimo
2377 3640 2852 3711 consanguineo,
2886 3638 3141 3694 salutem
3170 3638 3231 3705 in
3262 3637 3509 3709 Christo.

2033 3733 2144 3784 lste
2163 3732 2365 3783 noster
2377 3728 2609 3784 amicus
2628 3728 2926 3801 vestrique
2943 3726 3186 3785 servitor
3197 3726 3450 3793 devotus
3460 3724 3624 3793 venit

1958 3816 2037 3872 ad
2058 3833 2572 3889 nos,conquerens
2590 3815 2735 3873 nihil
2752 3832 2812 3871 se
2830 3830 3105 3886 unquam
3116 3814 3295 3885 digne
3314 3813 3621 3869 laborasse

1957 3906 2017 3960 in
2040 3908 2235 3961 vestro
2260 3905 2499 3960 servitio
2521 3907 2623 3959 aut
2642 3903 2823 3962 vestri
2843 3906 3317 3970 antecessorum,
3335 3906 3514 3972 atque
3533 3900 3621 3955 id-

1960 3995 2115 4049 circo
2140 3992 2281 4048 dicit
2306 4009 2370 4048 se
2401 3992 2599 4047 adhuc
2627 4006 2827 4047 carere
2855 3988 3168 4045 beneﬁcio.
3194 3990 3427 4057 Fatetur
3449 4002 3621 4058 nam-

1960 4098 2077 4154 que
2103 4081 2381 4136 libentius
2403 4096 2464 4134 se
2487 4079 2655 4134 vobis
2680 4077 2825 4133 velle
2856 4076 3190 4149 ministrare
3207 4091 3394 4151 quam
3416 4074 3619 4149 aliquo

1961 4170 2193 4228 homini
2213 4169 2349 4236 alio,
2374 4169 2421 4223 si
2451 4168 2499 4223 ei
2522 4167 2617 4222 vel
2637 4166 2903 4241 aliquam
2928 4164 3233 4221 modicam
3254 4163 3485 4220 faciatis
3506 4163 3619 4219 mi-

1963 4259 2369 4316 sericordiam.
2394 4256 2498 4315 Cui
2518 4257 2775 4330 petimus
2795 4260 2860 4311 ut
2886 4254 3115 4331 aliquid
3139 4253 3347 4325 auxilii
3369 4253 3620 4326 faciatis,

1964 4349 2047 4404 vel
2070 4350 2131 4406 in
2149 4346 2441 4405 beneﬁcio
2458 4351 2562 4402 aut
2574 4345 2635 4401 in
2653 4346 2856 4418 aliquo
2872 4345 3111 4415 negotio
3128 4343 3240 4403 sibi
3260 4342 3615 4405 necessario.

1963 4439 2135 4505 Quod
2156 4438 2207 4493 si
2227 4453 2349 4493 non
2372 4436 2569 4505 vultis,
2594 4452 2911 4501 monemus
2941 4440 3121 4508 atque
3148 4448 3435 4504 rogamus
3463 4436 3529 4487 ut
3554 4431 3620 4487 il-

1959 4528 2085 4583 lum
2144 4544 2285 4583 cum
2341 4527 2601 4596 gratiosa
2672 4525 2911 4581 licentia
2976 4528 3174 4580 vestra
3249 4522 3435 4577 alium
3506 4518 3618 4574 sibi

1957 4617 2274 4673 dominum
2306 4616 2653 4690 conquirere
2682 4612 3061 4687 permittatis.

2727 4705 2839 4757 VII.

1955 4796 2053 4851 Ad
2076 4798 2157 4850 Η.
2198 4796 2465 4852 Remittit
2493 4796 2547 4851 ei
2576 4792 2891 4864 quemdam
2917 4766 3285 4864 fratrem-et
3336 4792 3398 4842 ut
3436 4788 3617 4856 hujus

2148 4868 2489 4936 diligentem
2524 4859 2732 4921 curam
2765 4861 2998 4927 habeat,
3031 4859 3416 4915 adhertatur.
3523 4898 3539 4914 .

2027 4957 2119 5027 H.,
2154 4956 2315 5011 fama
2357 4954 2532 5008 totius
2576 4950 2858 5007 bonitatis
2902 4948 3126 5022 ubique
3174 4946 3520 5017 diffamatus,
3553 4949 3614 5003 E.

1953 5046 2280 5115 fratresque
2307 5042 2415 5096 sibi
2449 5039 2722 5111 subjecti,
2756 5038 3011 5095 salutem
3035 5036 3098 5092 in
3129 5036 3377 5094 Christo.

2024 5134 2283 5189 Fratrem
2304 5147 2487 5204 quem
2508 5129 2683 5185 nobis
2709 5127 3111 5197 commisistis,
3130 5126 3403 5182 misimus
3419 5125 3617 5196 vobis,

1952 5239 2073 5278 non
2105 5220 2272 5293 quod
2302 5236 2412 5276 nos
2444 5218 2656 5275 tradeat
2686 5233 2796 5290 pro
2830 5217 2931 5272 illo
2959 5216 3187 5286 labore,
3208 5215 3304 5271 vel
3339 5230 3475 5287 quae
3505 5214 3618 5271 sibi

1953 5315 2091 5365 sunt
2110 5308 2464 5372 necessaria,
2486 5308 2542 5362 in
2561 5310 2857 5379 quantum
2881 5304 3238 5370 sufﬁcimus,
3260 5303 3614 5361 ministrare.

1950 5402 2080 5454 lam
2105 5399 2264 5452 enim
2287 5396 2583 5451 habemus
2605 5394 2925 5466 probatum
2942 5393 3107 5465 quod
3130 5391 3434 5447 studiosus
3456 5396 3545 5448 est
3563 5395 3621 5448 et

1950 5505 2141 5561 capax
2174 5488 2252 5543 ad
2297 5485 2670 5541 discendum.
2711 5483 2930 5539 Idcirco
2976 5481 3305 5538 suademus
3345 5486 3411 5537 ut
3461 5482 3618 5538 circa

1948 5594 2088 5631 eum
2119 5577 2198 5632 ita
2224 5575 2474 5631 ﬁdeliter
2503 5573 2824 5647 peragatis,
2850 5572 3000 5628 sicut
3027 5570 3195 5627 illum
3222 5571 3281 5625 in
3312 5569 3495 5627 ﬁdem
3523 5587 3620 5652 ve_

1946 5673 2131 5724 stram
2166 5664 2530 5737 suscepistis,
2560 5679 2636 5719 ne
2678 5666 2871 5719 vester
2893 5661 3087 5735 labor,
3112 5660 3237 5717 imo
3285 5663 3341 5717 ct
3385 5664 3591 5720 noster
