4020 6176
323 186 452 240 1311

1192 183 1594 239 EBEBHARDI
1621 181 1918 238 ABBATIS
1946 183 2465 241 TEGERNSENSIS
2498 185 2866 242 EPISTOLE.

3623 188 3772 241 1312

318 311 711 364 consumatur
738 306 1034 375 inutiliter,
1082 309 1184 363 aut
1221 324 1360 381 spes
1408 323 1618 364 eorum
1667 306 1773 380 qui
1816 305 1983 362 illum
2011 313 2057 363 Α
2087 311 2204 364 tate
2235 307 2584 382 conspicuo,
2617 314 2793 383 atque
2829 310 3061 366 cunctis
3089 309 3500 366 dilectissimis
3532 308 3777 365 confra-

318 395 627 461 miserunt,
663 398 944 451 cassetur.
976 395 1032 452 Si
1074 400 1281 451 vestrae
1308 395 1632 451 voluntatis
1666 394 1891 467 aliquid
1926 394 1986 450 in

318 500 390 540 eo
418 500 746 556 possumus
771 483 1040 555 implere,
1073 485 1272 541 adhuc
1304 501 1414 557 pro
1441 501 1512 540 eo
1546 483 1989 554 infatigabiliter

315 573 709 645 libenterque,
738 576 803 629 ut
823 574 1138 647 coepimus,
1167 574 1538 631 laboramus.
1576 574 1704 630 Alia
1752 573 1989 630 servitia

318 676 440 733 prae
463 660 747 717 manibus
786 678 909 718 non
937 663 1237 719 habemus
1265 683 1277 732 ;
1310 663 1589 736 quamvis
1627 662 1878 733 indigni,
1907 667 1992 719 ta-

318 764 459 806 men
488 751 846 808 memoriam
877 752 1052 808 vestri
1098 752 1353 809 facimus
1398 753 1617 825 jugiter
1660 752 1721 809 in
1766 752 1989 809 nostris

318 836 714 896 orationibus.
748 839 943 897 Valete
973 841 1034 896 in
1067 842 1315 898 Christo.
1466 852 1471 855 '

1082 934 1216 988 Vlll.

317 1016 436 1091 Ad‘
460 1017 890 1091 Engelbertum
933 1020 1005 1091 (1)
1053 1034 1144 1089 ep.
1190 1022 1653 1090 Frisingensem,
1703 1012 1789 1075 de
1822 1020 1987 1075 obitu

395 1086 630 1157 Οερενδιί
655 1086 953 1160 monachi,
984 1086 1155 1161 auem
1181 1086 1456 1161 precibus
1476 1086 1693 1161 juvari
1718 1098 1912 1161 rogat.

396 1175 623 1231 Seniori
648 1182 852 1233 nostro
891 1178 1135 1234 antistiti
1166 1183 1250 1249 E.,
1281 1180 1578 1253 quidquid
1620 1179 1833 1236 dilecto
1877 1180 1985 1236 do-

324 1262 493 1318 mino
514 1263 811 1321 subditus.

395 1353 594 1407 Frater
638 1357 839 1408 noster
884 1357 973 1423 0.,
1004 1357 1316 1429 presbyter
1363 1362 1419 1414 et
1460 1358 1797 1413 monachus
1843 1358 1989 1414 obiit

321 1454 425 1495 vni
457 1438 540 1495 Id.
573 1440 789 1513 Aprilis
816 1459 828 1498 :
862 1460 973 1517 pro
1002 1445 1174 1516 cujus
1194 1447 1397 1519 requie
1423 1462 1628 1519 preces
1650 1462 1756 1519 per
1781 1452 1988 1503 sancta

321 1528 458 1584 loca
486 1527 775 1604 episcopii
819 1534 997 1589 vestri
1044 1534 1342 1608 praecipite
1386 1536 1600 1603 facere,
1632 1542 1696 1591 ut
1743 1536 1987 1592 conﬁdi-

324 1633 462 1673 mus
489 1622 703 1675 vestrte
733 1620 953 1694 pietati.

1110 1718 1192 1769 ΙΧ.

326 1815 425 1869 Ad
451 1816 787 1895 (adimam,
824 1820 1118 1895 illustrem
1162 1822 1473 1895 feminam,
1505 1840 1681 1894 quam
1710 1832 1882 1895 rogat
1923 1831 1987 1879 ut

399 1887 646 2010 afﬂicttw
676 1890 1012 1945 valetudini
1036 1887 1170 1946 sua!
1196 1887 1548 1949 medicinam
1580 1887 1889 1953 consul'm'e
1915 1912 1989 1951 ne

401 1970 585 2010 orave
616 1970 708 2010 ur.

399 1970 708 2023 gravetur.

401 2046 649 2100 Domnte
679 2045 877 2115 dignm
904 2050 1206 2123 totiusque
1233 2055 1573 2110 reverentiae
1611 2072 1749 2111 cum
1780 2056 1991 2112 sancti-

328 2135 445 2187 tate
479 2132 911 2205 amplectendae
947 2141 1210 2206 errum,
1248 2144 1610 2199 Emanusmws
1640 2144 1989 2200 ﬁdelissima

330 2236 472 2276 cum
499 2222 785 2279 orationis
810 2225 1126 2283 devotione
1157 2231 1451 2287 servitutis
1479 2235 1807 2291 notamina.

402 2311 617 2365 Vestrae
646 2311 880 2383 pietatis
910 2317 1164 2383 gratiam
1195 2336 1344 2374 sano
1380 2325 1437 2376 et
1465 2322 1695 2393 integro
1738 2340 1834 2380 me
1882 2325 1989 2380 ha-~

330 2398 472 2454 bere
510 2399 800 2471 profectu,
842 2403 1078 2461 dulcius
1128 2408 1321 2474 melle,
1370 2410 1672 2484 satiusque
1720 2412 1869 2469 lacte
1919 2429 1988 2469 os

331 2503 537 2543 meum
585 2489 955 2559 jucundatur
1021 2502 1218 2563 gustu.
1277 2500 1411 2571 Spei
1478 2501 1596 2557 mei
1660 2503 1988 2557 anchoram

332 2576 612 2647 specitico
637 2579 810 2650 quasi
854 2583 1186 2639 munimine
1211 2585 1272 2641 in
1303 2603 1412 2643 vos
1460 2604 1598 2643 cum
1647 2590 1988 2656 extendam,

330 2665 506 2737 quasi
552 2681 747 2723 essem
795 2668 855 2723 in
904 2670 1004 2726 illo
1058 2672 1402 2731 firmissimo
1444 2683 1501 2731 et
1556 2677 1991 2748 inextinguibili

332 2753 676 2825 Babyloniae
708 2757 873 2823 turri,
904 2774 941 2815 a
969 2761 1261 2834 cujusque
1290 2764 1701 2837 impugnantis
1748 2768 1993 2823 incursu

330 2858 430 2897 me
484 2843 663 2899 credo
723 2846 1037 2903 tuendum.
1100 2850 1548 2909 Infirmitatibus
1620 2856 1989 2927 periculosis,

331 2929 478 3000 quia
506 2946 744 3003 semper
792 2937 1119 2992 conturbor
1148 2942 1433 3012 corporis,
1467 2942 1732 3015 aliquam
1785 2946 1862 2999 ad
1911 2962 1994 2999 re-

332 3104 449 3162 fole
487 3108 852 3165 nutrimento
895 3129 1034 3169 cum
1076 3115 1206 3171 aliis
1250 3118 1591 3190 pigmentis,
1625 3138 1870 3177 necesse
1919 3124 1995 3178 ad

328 3195 445 3251 hoc
470 3196 789 3269 habendis,
817 3216 1046 3272 precor,
1081 3206 1456 3264 mittendam.
1504 3210 1764 3275 Qualiter
1794 3218 1996 3267 autem

332 3284 467 3357 ipsa
493 3286 660 3357 potio
687 3290 928 3352 qualive
973 3295 1249 3350 cautione
1291 3298 1362 3352 sit
1405 3298 1777 3372 accipienda,
1810 3306 1866 3356 et
1902 3301 1995 3355 vel

334 3390 599 3443 sursum,
632 3377 726 3433 vel
768 3379 1049 3439 deorsum
1100 3385 1173 3439 sit
1219 3389 1569 3454 eructanda,
1610 3389 1811 3445 litteris
1856 3391 1997 3446 assi-

334 3468 514 3533 gnate
550 3483 562 3532 ;
610 3471 667 3522 et
707 3468 755 3522 si
793 3471 1029 3527 sanitati
1067 3476 1359 3543 restituor,
1401 3478 1576 3533 veluti
1619 3481 1896 3553 proprius
1935 3481 1994 3535 in

332 3553 729 3622 postmodum
772 3564 984 3629 vester,
1026 3561 1249 3632 scitote,
1289 3566 1433 3636 quia
1471 3568 1743 3623 existam.
1788 3572 1864 3623 De
1905 3585 1994 3624 re—

334 3637 514 3727 nibus
542 3639 722 3695 etiam
753 3658 941 3698 cervae
974 3653 1075 3701 aut
1106 3649 1218 3702 tale
1252 3652 1423 3722 quid,
1448 3653 1507 3706 in
1537 3670 1661 3725 quo
1689 3656 1997 3727 pinguedo

334 3726 688 3798 continetur,
717 3733 946 3787 mittere
975 3734 1324 3804 dignemini,
1347 3741 1492 3811 quia
1518 3726 1768 3797 macerie
1799 3748 1994 3800 carnis

334 3812 554 3870 duritia
577 3814 639 3871 in
669 3816 939 3875 dentium
968 3838 1243 3881 meorum
1268 3843 1497 3899 morsu,
1520 3831 1694 3885 etiam
1726 3832 1995 3891 tritorum

334 3902 483 3959 nihil
534 3903 698 3962 aliud
747 3914 835 3966 est
878 3911 993 3967 nisi
1048 3914 1339 3971 molestia.
1393 3920 1731 3988 Quomodo,
1765 3922 1811 3976 si
1868 3923 1992 3979 fieri

333 3993 546 4066 possit,
579 3998 643 4051 ut
701 4003 878 4068 potus
928 4001 1219 4081 confectio
1271 4011 1407 4061 ante
1457 4007 1994 4079 Quadragesimam

333 4082 552 4150 veniat,
583 4083 890 4157 deprecor.
924 4090 1138 4148 Valete.

335 4254 777 4349 Αιξμξῖἒρρζξεφ
807 4265 1097 4349 deponam
1132 4184 1780 4349 ffiryuhtzvangenscm,
1814 4293 1851 4333 a
1880 4295 1995 4349 quo

2092 397 2284 454 tribus
2312 401 2371 454 E.
2405 400 2560 471 proh
2589 400 2819 473 pudor!
2853 399 2918 456 in
2946 399 3174 456 cunctis
3207 399 3586 467 exorbitans,
3616 397 3783 455 inso-

2094 485 2342 543 lubilem
2371 486 2603 544 nodum
2628 488 2992 547 intemeratae
3022 488 3380 546 dilectionis.

2168 630 2316 696 Quia
2362 632 2840 705 unumquodque
2889 632 3065 702 igitur
3110 631 3427 701 negotium
3469 633 3534 687 in
3575 630 3783 703 seipso

2094 718 2408 791 imbecille,
2454 721 2681 791 indiget
2735 720 2973 778 alterius
3031 720 3497 788 sustentamine,
3551 719 3784 775 idcirco

2094 812 2304 864 vestrae
2331 808 2515 865 solitae
2539 809 2773 883 pietatis
2798 809 2964 866 haud
2986 810 3237 879 ignarus
3265 825 3489 881 precor
3516 808 3783 863 subnixe

2095 901 2161 953 ut
2188 897 2501 954 solaminis
2522 899 2935 968 recordemini,
2959 898 3125 967 mihi,
3141 898 3516 971 priusquam
3540 913 3583 953 a
3606 898 3786 953 vobis

2093 986 2496 1054 recessissem,
2551 988 2850 1060 promissi,
2905 988 3068 1061 quod
3134 986 3347 1053 modo,
3406 991 3479 1042 ut
3527 985 3787 1059 implere

2094 1075 2445 1145 dignemini,
2479 1076 2774 1132 submisse
2814 1075 3070 1148 postulo.
3105 1074 3463 1131 Admodum
3503 1091 3786 1147 namque

2095 1178 2431 1235 expavesco
2461 1164 2610 1220 dum
2640 1181 2881 1221 mecum
2909 1164 3148 1221 revolvo
3176 1164 3330 1238 quid
3367 1164 3643 1220 debeam
3674 1179 3788 1237 pro

2093 1256 2236 1309 voto
2281 1252 2451 1326 quod
2498 1253 2559 1309 in
2616 1253 2844 1310 cunctis
2896 1270 2990 1309 me
3051 1269 3293 1310 servare
3348 1254 3488 1324 jam
3542 1252 3787 1308 dudum

2096 1342 2419 1414 spopondi,
2450 1343 2732 1415 quamvis
2764 1348 2984 1411 coacte,
3016 1359 3093 1399 ne
3124 1342 3327 1399 mollis
3355 1348 3417 1400 et
3444 1341 3791 1398 dissolutus

2094 1430 2155 1486 in
2197 1435 2359 1488 tanto
2401 1448 2584 1504 opere
2631 1432 2895 1505 habitus,
2923 1432 3194 1489 divinam
3238 1432 3655 1506 aliquomodo
3704 1432 3791 1487 in-

2095 1537 2334 1577 curram
2358 1520 2675 1578 offensam.
2722 1525 2961 1595 Propter
3000 1523 3115 1578 hoc
3143 1522 3308 1578 enim
3358 1537 3531 1577 nunc
3559 1520 3791 1576 sudan-

2095 1610 2245 1666 dum
2293 1611 2443 1667 foret
2498 1613 2577 1667 ad
2620 1612 2986 1685 placandam
3034 1612 3309 1668 divinam
3351 1611 3788 1668 clementiam:

2096 1700 2260 1773 quia,
2292 1717 2429 1773 quae
2461 1702 2757 1758 inhianter
2801 1708 2857 1759 et
2890 1702 3185 1759 indefesse
3222 1717 3444 1772 rogare
3475 1700 3693 1765 debui,
3728 1706 3791 1756 ut

2098 1792 2304 1856 nostis,
2355 1806 2495 1846 cum
2549 1791 2837 1859 maxima,
2886 1792 3040 1848 eheu
3081 1792 3095 1847 !
3148 1791 3658 1847 recrastinatione
3718 1806 3788 1845 ac

2097 1879 2569 1936 recalcitratione
2594 1881 2863 1937 refutavi.
2894 1884 3273 1954 Quapropter
3309 1881 3492 1936 vestri
3518 1879 3787 1936 fulcimi-

2097 1969 2192 2023 nis
2221 1973 2400 2041 atque
2428 1969 2736 2041 oraminis,
2769 1986 2877 2026 nec
2906 1986 3029 2027 non
3059 1970 3341 2037 aliorum,
3375 1986 3559 2042 teque
3594 1971 3787 2025 Deum

2100 2057 2435 2113 timentium
2466 2058 2609 2113 satis
2632 2058 2889 2129 indigeo,
2913 2076 2988 2115 ne
3015 2058 3162 2115 mihi
3191 2074 3317 2115 non
3347 2059 3600 2115 eveniat
3618 2058 3787 2131 quod

2099 2161 2272 2200 sacra
2314 2146 2607 2219 scriptura
2653 2147 2961 2204 clamitat:
3016 2148 3166 2213 Quia
3218 2162 3329 2203 nec
3378 2146 3628 2203 calidus
3674 2162 3787 2202 nec

2100 2233 2350 2303 frigidus
2388 2235 2649 2305 haberis,
2682 2226 2786 2291 sed
2835 2236 3070 2309 tepidus
3114 2235 3510 2292 solummodo
3560 2234 3785 2306 dijudi-

2102 2323 2277 2387 caris,
2306 2323 2529 2379 idcirco
2560 2325 2634 2380 de
2663 2340 2766 2380 ore
2794 2340 2929 2381 meo
2960 2325 3278 2381 evomeris.
3312 2324 3541 2381 Valete.

2891 2470 2973 2523 Xl.

2100 2607 2199 2660 Ad
2253 2608 2605 2663 Heinricum
2662 2624 2877 2679 regem.
2931 2609 3225 2678 Implorat
3280 2611 3415 2678 ejus
3473 2609 3787 2664 auritum:

2171 2684 2383 2752 contra
2398 2681 2684 2749 quosdam
2707 2682 2811 2752 qui
2835 2685 3059 2737 certum
3078 2680 3161 2736 ad
3187 2681 3387 2736 lacum
3415 2682 3787 2751 Tegernsen-

2172 2764 2291 2804 sem
2325 2751 2517 2805 locum
2542 2752 2657 2806 sibi
2683 2751 2929 2821 auferre
2955 2752 3311 2807 moliuntur.

2177 2877 2243 2927 Η.
2270 2875 2453 2944 regali
2486 2876 2637 2932 solio
2666 2876 3043 2947 dignissimo,
3076 2879 3163 2945 E.,
3195 2876 3636 2946 Tegernsensis
3668 2893 3791 2932 mo-

332 2964 734 3026 Hum-“"41"”
792 2964 1118 2992 υυυιιηύυι·
1148 2964 1433 3012 υυιῬυιΊδν
1467 2964 1732 3015 “quam
1785 2964 1862 2999 δα
1911 2964 1994 2999 ΓΘ·
2055 3010 2066 3026 ,
2109 2964 2351 3019 nasterii
2378 2964 2590 3029 abbas,
2625 2971 2823 3021 vestra
2853 2965 3044 3035 gratia
3074 2964 3464 3036 subrogatus,
3484 2964 3791 3038 quidquid

332 3015 602 3072 medium
631 3020 891 3091 potionis
914 3024 1776 3104 confectionem,adjunctoque
1806 3033 1996 3088 corio-
2030 3008 2069 3061 (λ
2108 3066 2314 3104 servus
2345 3052 2403 3104 in
2436 3052 2666 3104 regales
2698 3052 3291 3104 amlninistraﬁones-

2108 3066 2314 3106 servus
2345 3052 2403 3107 in
2436 3052 2666 3123 regales
2698 3052 3291 3110 amministrationes.

2177 3179 2324 3231 Cum
2369 3177 2637 3249 undique
2674 3178 3057 3234 inimicorum
3104 3177 3461 3248 stringimur
3510 3194 3789 3249 persecu-

2107 3264 2386 3327 tionibus,
2421 3265 2653 3320 nullum
2678 3267 2737 3321 in
2768 3266 2862 3322 his
2891 3266 3200 3343 omnibus,
3235 3270 3377 3338 post
3426 3268 3649 3334 Deum,
3678 3266 3787 3321 nisi

2104 3352 2180 3408 ad
2228 3370 2337 3409 vos
2380 3354 2711 3425 sufugium
2756 3372 3088 3428 speramus.
3126 3355 3351 3410 Idcirco
3399 3354 3784 3424 laboramus,

2103 3446 2162 3497 et
2205 3443 2266 3498 in
2311 3442 2592 3499 omnibus
2635 3444 2971 3514 deficimus,
3019 3444 3166 3517 quia
3219 3460 3345 3499 non
3391 3444 3699 3500 habemus
3746 3461 3782 3499 a

2103 3531 2326 3602 quibus
2376 3531 2624 3591 fideliter
2665 3549 2759 3588 res
2801 3533 3070 3589 Ecclesiae
3110 3532 3396 3588 defensas
3437 3532 3770 3587 videamus.

2106 3622 2149 3676 Ο
2200 3637 2386 3692 quam
2439 3638 2658 3692 magna
2707 3622 2923 3692 regalis
2970 3622 3273 3694 potentia!
3311 3621 3464 3678 Dicit
3500 3626 3773 3677 tantum:

2109 3708 2249 3771 Fiat,
2281 3714 2337 3764 et
2366 3712 2723 3783 perpetuum
2753 3715 2859 3766 est.
2895 3712 3028 3767 Haec
3072 3715 3272 3766 vestra
3309 3710 3403 3765 vis
3453 3710 3782 3783 imperialis

2106 3796 2470 3853 auctoritatis
2522 3798 2598 3854 ad
2647 3814 2780 3865 nos,
2830 3813 3170 3871 precamur,
3215 3814 3412 3871 usque
3457 3799 3781 3871 pertingat.

2108 3887 2209 3940 Est
2256 3886 2423 3941 locus
2473 3903 2652 3960 super
2696 3888 2858 3943 littus
2888 3888 3313 3957 Tegernsensis
3359 3888 3568 3958 stagni
3616 3890 3783 3953 situs,

2104 3992 2287 4047 quem
2331 3979 2535 4049 Poppo
2583 3984 2639 4033 et
2684 3978 3014 4048 Piligrimus
3062 3977 3243 4033 frater
3289 3979 3447 4049 ejus,
3480 3979 3785 4052 simulque

2105 4071 2297 4123 mater
2337 4066 2576 4123 illorum
2615 4068 2958 4125 abstrahere
3004 4068 3225 4139 injuste
3268 4085 3303 4124 a
3333 4068 3526 4125 domo
3577 4070 3683 4125 Dei
3726 4070 3785 4124 in

2106 4170 2249 4210 suos
2298 4171 2445 4210 usus
2492 4156 2896 4213 haereditarios
2948 4158 3237 4213 nituntur.
3290 4157 3406 4214 Sed
3457 4173 3787 4231 precamur

2106 4249 2171 4299 ut
2226 4249 2424 4301 vestro
2480 4246 2770 4319 imperiali
2825 4248 2999 4318 jussu
3068 4247 3186 4302 hoc
3251 4246 3655 4317 interdicatis,
3712 4264 3785 4302 ne

407 4327 699 4417 suffragio
727 4327 1373 4417 orationum,_alii§que
1402 4327 1989 4417 chaktdiisiriséi‘s',
2025 4355 2066 4407 ι)
2106 4332 2269 4388 falsis
2325 4339 2429 4389 aut
2484 4336 2777 4409 corruptis
2833 4336 3088 4409 pecunia
3136 4334 3451 4407 judicibus
3504 4353 3541 4392 a
3599 4337 3784 4392 domo

408 4413 542 4468 quae
568 4400 813 4459 abeunti
837 4407 950 4462 sibi
977 4400 1319 4483 addixerat,
1346 4417 1559 4484 juvari
1581 4400 1869 4486 pastu—tali.

408 4488 643 4546 Domno
668 4495 725 4547 et
751 4496 1075 4552 venerabili
1108 4501 1169 4551 W
1193 4517 1319 4557 com
1344 4502 1596 4575 decano,
1619 4507 1786 4563 omni
1825 4508 1992 4565 boni-

2105 4422 2205 4477 Dei
2257 4423 2640 4481 abstrahatur
2698 4426 3054 4497 priusquam
3101 4425 3165 4480 in
3212 4426 3543 4498 prasentia
3602 4426 3785 4482 vestri

2102 4511 2182 4581 dij
2194 4510 2480 4567 udicetur.

411 4668 486 4739 (1)
517 4672 599 4724 tta
628 4670 876 4741 quidem
902 4674 1176 4745 conjicio,
1211 4678 1442 4732 tametsi
1476 4680 1678 4737 Catall.
1708 4699 1845 4755 cpp.
1881 4684 2019 4741 Fris.
2051 4692 2109 4742 et
2133 4686 2275 4743 abb.
2302 4691 2577 4759 'l‘egerns.
2612 4693 2778 4763 apud
2806 4691 2995 4747 Hund.
3033 4706 3157 4747 non
3190 4691 3336 4747 satis
3366 4696 3671 4749 annuant.
