3988 6182
280 259 3686 302 “mw

2356 285 3684 302 ηὴή

1634 470 1774 508 ANTE
1815 470 2019 510 ωςωωι
2060 467 2352 512 ειεουιιτηξ

1385 640 2584 791 PEBINGERUS

1578 880 1809 963 ABBAS
1850 882 2389 939 TEGERNSENSIS.

1818 1067 2187 1077 -οςς--ι-...ι-

1138 1243 1946 1366 PEBINGERI
2046 1189 2810 1371 EPISTOL/E.

469 1468 687 1538 (Edidit
715 1472 778 1526 R.
812 1472 870 1525 Ρ.
908 1470 1244 1526 Bernardus
1275 1475 1489 1537 Pezws,
1520 1475 1858 1531 Thesaurus
1888 1475 2173 1532 Anecdot.
2208 1493 2341 1533 nov.
2378 1481 2439 1547 V,
2473 1496 2507 1546 ι,
2545 1484 2665 1551 tit,
2697 1498 2768 1537 ex
2808 1483 3013 1539 codice
3043 1486 3478 1557 Tegernsensi.)

1765 1621 2178 1635 ψ.-

1069 1781 1110 1836 l.

258 1882 361 1939 Ad
383 1885 722 1958 Diemonem
752 1888 1018 1943 comitem
1049 1905 1061 1943 :
1106 1905 1168 1945 se
1190 1895 1478 1958 paratum
1508 1905 1629 1946 esse
1655 1890 1736 1945 ad
1778 1890 1919 1942 reci-

328 1956 616 2032 piendum
648 1957 1021 2032 Wezilinum,
1057 1956 1227 2016 modo
1254 1962 1547 2032 quaedam,
1580 1961 1693 2016 sibi
1720 1974 1918 2015 recens

333 2026 561 2096 abluta,
589 2030 886 2084 restituat.

330 2134 562 2187 Domno
597 2134 663 2187 D.
696 2133 897 2189 comiti
944 2135 1310 2201 venerando,
1363 2137 1425 2190 P.
1463 2136 1660 2193 Sancti
1692 2136 1916 2201 Quirini

255 2235 487 2289 servus,
518 2221 833 2295 ceterique
871 2223 1083 2280 fratres
1131 2224 1417 2282 devotum
1469 2227 1796 2298 servitium,
1830 2244 1916 2282 se-

253 2306 582 2381 dulamque
612 2309 944 2366 orationem
974 2311 1035 2366 in
1066 2312 1315 2369 Christo.

325 2398 395 2453 Ut
422 2396 598 2453 nobis
623 2399 979 2471 promisistis
1021 2401 1097 2456 de
1141 2402 1337 2458 amico
1382 2408 1585 2474 nostro
1617 2403 1913 2470 Wezilino,

250 2485 446 2558 parati
474 2502 685 2543 sumus
713 2488 1018 2561 suscipere
1050 2489 1127 2545 ad
1173 2489 1442 2561 Egilinga
1469 2494 1687 2547 statuto
1716 2492 1832 2557 die,
1855 2491 1916 2547 id

251 2577 343 2629 est
380 2580 549 2631 sexta
576 2575 742 2643 feria,
773 2593 909 2650 quae
952 2592 1113 2633 nunc
1154 2582 1242 2633 est
1281 2580 1575 2650 proxima.
1611 2580 1781 2645 Quod
1820 2580 1916 2637 ille

251 2662 395 2719 dicit
420 2664 576 2720 duos
600 2681 791 2738 equos
820 2665 934 2722 sibi
964 2666 1227 2723 redditos
1254 2684 1386 2724 esse
1415 2685 1525 2741 pro
1554 2686 1664 2726 suo
1696 2686 1837 2740 uno,
1860 2675 1917 2727 et

250 2752 366 2808 hoc
407 2769 520 2809 nos
572 2753 948 2819 conﬁtemur,
1002 2755 1109 2810 sed
1160 2760 1408 2828 uterque
1456 2761 1579 2813 tam
1622 2758 1916 2831 pretiosus

251 2846 378 2898 erat
406 2846 471 2897 ut
511 2858 676 2898 suus.
712 2842 826 2899 Sed
856 2843 931 2899 de
981 2844 1092 2899 illis
1139 2850 1425 2911 tacemus,
1458 2845 1706 2920 aliisque
1736 2848 1915 2903 rebus

252 2946 437 3004 supra
459 2930 713 2987 modum
741 2935 800 2987 et
826 2931 1308 2988 irrationabiliter
1334 2933 1471 2990 hinc
1498 2934 1636 2991 inde
1666 2935 1913 2993 distrac-

250 3018 323 3074 tis
374 3018 437 3074 in
488 3017 770 3087 denariis,
801 3018 863 3075 in
911 3020 1200 3088 vestibus,
1232 3022 1290 3077 in
1330 3022 1531 3079 bubus
1578 3029 1635 3079 et
1676 3024 1912 3095 ovibus,

1958 1787 2004 1837 A
2032 1784 2158 1840 dire
2187 1782 2487 1854 dignatur,
2514 1797 2704 1854 usque
2731 1781 2879 1838 dum
2910 1782 3190 1839 audimus
3213 1785 3379 1856 quod
3408 1802 3547 1843 cum
3577 1802 3684 1860 pa-

2027 1888 2093 1927 ce
2118 1869 2479 1927 revertimini
2509 1869 2586 1924 ad
2617 1870 2878 1942 propria.

2804 1976 2897 2033 III.

2023 2068 2124 2123 Ad
2149 2067 2223 2123 A.
2256 2066 2864 2140 archipresbytemm.
2898 2068 3089 2140 Rogat
3120 2074 3185 2123 ut
3216 2070 3576 2140 Tagim'num
3604 2073 3686 2128 ad

2132 2138 2529 2195 restituendas
2558 2138 2818 2193 decimus
2847 2138 2929 2193 ad
2956 2138 3323 2196 Ezinhusuni
3354 2143 3584 2212 adigat.

2098 2240 2180 2306 P.,
2212 2235 2449 2292 abbatis
2497 2234 2739 2289 nomine
2784 2234 3089 2303 indignus,
3130 2236 3358 2293 domno
3389 2242 3457 2294 A.
3489 2240 3683 2295 archi-

2026 2324 2396 2397 presbytero,
2426 2322 2722 2395 quidquid
2753 2327 2841 2378 est
2863 2323 3168 2379 cliaritatis
3199 2325 3257 2380 in
3291 2326 3538 2383 Christo.

2100 2414 2263 2485 Saepe
2293 2412 2519 2467 dictum
2567 2416 2654 2466 est
2707 2411 2875 2467 vobis
2927 2412 3001 2468 de
3049 2412 3445 2471 decimatione
3496 2414 3684 2471 nostri
3746 2456 3749 2459 -

2025 2500 2374 2557 monasterii
2421 2499 2499 2556 ad
2552 2500 2934 2571 Ezinhusum,
2964 2517 3150 2573 quam
3180 2503 3502 2573 Tagininus
3554 2503 3684 2561 tulit

2022 2589 2200 2645 nobis
2232 2606 2339 2662 per
2369 2589 2524 2644 duos
2553 2604 2765 2644 annos.
2803 2594 2912 2645 Isto
2943 2605 3105 2646 anno
3133 2590 3456 2663 abnegavit
3492 2610 3558 2650 se
3587 2609 3683 2650 co-

2023 2695 2154 2735 ram
2202 2678 2375 2734 nobis
2419 2683 2744 2749 nostroque
2790 2677 3104 2748 advocato,
3136 2684 3201 2736 ut
3227 2680 3511 2755 deinceps
3546 2697 3683 2738 eam

2024 2767 2139 2823 sibi
2183 2782 2306 2822 non
2358 2770 2690 2838 usurparet.
2727 2767 2840 2821 Sed
2871 2766 3070 2823 fefellit
3096 2784 3228 2835 nos,
3261 2772 3319 2825 et
3345 2770 3529 2826 habet
3551 2771 3682 2842 jam

2022 2872 2184 2912 nunc
2216 2856 2452 2911 tertium
2481 2870 2713 2910 annum
2755 2854 3041 2911 ablatam.
3074 2857 3365 2922 Quocirca
3394 2874 3683 2929 rogamus

2022 2946 2305 3018 pietatem
2335 2949 2590 3001 vestram
2638 2949 2703 3000 ut
2731 2946 2843 3001 hoc
2874 2946 3201 3015 corrigatis,
3233 2947 3386 3005 sicut
3413 2948 3573 3005 scitis
3602 2948 3685 3005 illi

2022 3040 2231 3091 contra
2263 3037 2449 3091 Deum
2480 3050 2614 3090 esse
2654 3035 3078 3102 necessarium,
3111 3036 3411 3110 nobisque
3440 3037 3581 3095 utile
3605 3038 3685 3096 ad

250 3107 561 3183 multoque
592 3125 782 3180 grano
809 3127 947 3165 cum
978 3110 1320 3182 multigenis
1345 3113 1614 3169 victimis.
1637 3114 1787 3170 Nihil
1812 3116 1913 3171 ho—
1952 3133 1993 3187 Β
2021 3123 2416 3180 ministerium
2445 3138 2804 3196 pauperum.
2836 3123 3053 3180 Valete.

250 3214 387 3254 rum
418 3198 767 3270 repetimus,
797 3198 902 3254 sed
931 3198 1227 3256 damnum
1256 3200 1639 3269 sustinemus,
1665 3208 1721 3259 et
1747 3219 1919 3274 roga-

250 3302 388 3342 mus
415 3302 525 3342 vos
555 3302 667 3360 pro
718 3302 925 3343 amore
981 3287 1081 3343 Dei
1120 3293 1176 3344 et
1206 3294 1395 3345 sancti
1427 3290 1652 3355 Quirini
1682 3296 1748 3347 ut
1788 3293 1916 3349 haec

250 3375 456 3431 omnia
509 3376 766 3432 tractetis
819 3376 1155 3432 secundum
1204 3385 1469 3434 vestram
1522 3379 1913 3452 nobilitatem,

248 3468 638 3537 nostramque
667 3464 1102 3537 necessitatem,
1129 3470 1186 3521 et
1226 3466 1490 3537 jubeatis
1537 3468 1714 3524 nobis
1746 3469 1916 3525 reddi

250 3551 398 3609 alios
422 3569 631 3626 equos,
649 3568 803 3625 quos
834 3568 1019 3625 supra
1040 3553 1169 3610 illos
1195 3554 1351 3611 duos
1376 3555 1515 3612 hinc
1544 3556 1729 3613 habet
1752 3558 1917 3614 abla-

248 3646 363 3698 tos.
398 3646 645 3715 Insuper
686 3642 887 3710 etiam,
936 3647 1263 3715 postquam
1304 3643 1400 3699 ille
1440 3645 1580 3701 hinc
1623 3645 1911 3715 discessit,

251 3735 390 3787 sunt
417 3730 633 3787 nostris
664 3731 906 3787 famulis
949 3736 1065 3788 tres
1099 3731 1237 3805 equi
1268 3732 1425 3788 furto
1456 3733 1694 3804 sublati,
1726 3751 1913 3809 quam

251 3820 655 3894 suspicionem
684 3820 911 3876 habent
951 3820 1012 3876 in
1059 3819 1226 3876 illum
1264 3825 1321 3877 et
1370 3821 1688 3879 Pezilinum
1732 3841 1913 3881 suum

250 3910 598 3967 consocium
625 3910 878 3983 quidam
921 3926 994 3965 ex
1019 3910 1256 3980 nostris,
1288 3914 1345 3966 et
1373 3910 1552 3967 etiam
1584 3912 1912 3984 provincia-

246 3998 332 4055 les
379 3999 594 4055 clerici.
636 4000 797 4065 Quos
843 4015 1034 4072 equos
1083 3998 1262 4056 etiam
1310 4000 1572 4072 petimus
1625 4005 1691 4056 ut
1736 4002 1912 4057 nobis

247 4088 606 4162 praecipiatis
633 4087 904 4157 reddere,
939 4092 1043 4144 aut
1078 4087 1264 4157 digno
1310 4088 1537 4159 judicio
1580 4105 1801 4157 negare
1846 4107 1911 4146 se

247 4192 369 4234 non
401 4177 623 4233 habere
651 4176 747 4233 vel
775 4176 1000 4234 tollere.

1043 4285 1109 4341 ll.

247 4393 347 4449 Ad
386 4395 448 4448 V.
480 4394 865 4463 abbatissam,
896 4394 1065 4463 apud
1108 4408 1288 4465 quam
1331 4410 1392 4449 se
1434 4400 1702 4461 excusat,
1752 4395 1914 4465 quod

2813 3232 2899 3285 IV.

2062 3320 2160 3375 Ad
2186 3321 2255 3376 Β.
2287 3319 2670 3376 abbatissam.
2697 3319 2824 3401 Cur
2843 3320 3099 3445 petitum
3132 3321 3353 3377 vitrum
3382 3323 3648 3379 nondum

2720 3404 2921 3445 miseri

2720 3404 2921 3446 ηηεενι

2094 3484 2176 3548 Ρ.,
2202 3480 2293 3536 sui
2323 3479 2600 3536 vocabuli
2629 3478 2877 3535 minime
2898 3478 3139 3550 dignus,
3161 3480 3481 3539 abbatissa:
3503 3482 3687 3540 Β.ἁο-

2022 3572 2201 3628 minae
2218 3570 2547 3644 perdignea,
2562 3569 2938 3626 sedulitatem
2958 3570 3244 3627 orationis
3260 3570 3680 3635 devotissimus.

2095 3658 2268 3724 Quod
2287 3658 2460 3715 vobis
2488 3659 2688 3717 adhuc
2716 3676 2842 3717 non
2865 3660 3145 3717 dedimus
3164 3660 3406 3735 vitrum,
3430 3667 3495 3719 ut
3512 3677 3686 3734 roga-

2024 3746 2154 3818 stis,
2179 3763 2305 3802 non
2325 3747 2434 3804 fuit
2452 3748 2630 3820 culpa
2656 3754 2876 3805 nostra:
2905 3750 3257 3817 tenacitatis,
3275 3751 3381 3807 sed
3410 3751 3685 3808 nondum

2021 3835 2266 3908 aliquod
2294 3842 2697 3909 praeparatum
2729 3837 3080 3893 habuimus.
3115 3842 3281 3893 Nunc
3309 3839 3470 3894 enim
3496 3840 3687 3912 quoti-

2021 3922 2116 3978 die
2147 3923 2475 3979 insistimus
2498 3924 2692 3980 eidem
2723 3924 2910 3996 operi,
2931 3928 2988 3980 et
3015 3940 3155 3979 cum
3180 3926 3294 3980 hoc
3316 3926 3681 3997 perﬁcimus,

2022 4012 2222 4070 statim
2268 4019 2404 4086 post
2432 4014 2651 4069 festum
2686 4015 2741 4070 S.
2777 4013 3028 4070 Andreae
3057 4013 3347 4070 mittimus
3374 4015 3550 4071 vobis
3576 4032 3685 4089 per

2021 4100 2264 4156 nuntios
2289 4104 2547 4156 nostros.
2576 4100 2634 4156 Si
2659 4100 2907 4174 aliquod
2936 4101 3303 4173 adjutorium
3332 4102 3506 4159 nobis
3532 4104 3686 4162 face-

2018 4207 2082 4247 re
2112 4189 2286 4246 vultis
2315 4189 2394 4245 ad
2422 4193 2695 4245 nostrum
2740 4190 2963 4247 victum
3010 4191 3291 4248 frumenti
3320 4192 3416 4249 vel
3443 4192 3682 4251 alterius

2021 4278 2211 4350 grani,
2240 4278 2415 4335 valde
2446 4294 2658 4333 sumus
2685 4278 3025 4335 necessarii.
3057 4279 3273 4338 Valete.

2815 4390 2878 4446 V.

314 4466 534 4549 petitos
578 4480 921 4549 equos_non
950 4466 1198 4532 miserit,
1228 4470 1284 4520 et
1323 4466 1446 4521 alia
1478 4466 1749 4549 quaedam
1780 4482 1911 4522 mu-

2082 4478 2119 4533 ιι
2145 4478 2497 4535 Heinricum
2524 4492 2739 4549 regem.
2780 4479 2853 4535 Ut
2878 4494 2938 4535 se
2962 4479 3038 4535 ab
3065 4468 3307 4549 irijuriis
3328 4485 3382 4536 et
3397 4494 3679 4549 persecu-

318 4537 575 4593 nuscula
603 4537 805 4593 mittit.

318 4642 766 4699 Venerabilibus
795 4642 856 4699 in
886 4642 1115 4706 Christo
1160 4642 1527 4699 dominabus
1558 4645 1619 4699 V.
1651 4642 1912 4700 abbatis-

247 4750 349 4801 sae,
382 4748 453 4788 ac
499 4734 559 4788 Β.
594 4731 804 4789 Christi
856 4732 1128 4801 agnellm,
1175 4734 1256 4800 P.,
1308 4731 1605 4806 quidquid
1649 4732 1911 4789 tantillus

246 4825 370 4878 tam
399 4820 596 4891 dignis
625 4822 921 4894 personis.
1370 4840 1387 4845 ο

316 4914 443 4968 Non
474 4910 784 4968 modicum
813 4911 1088 4968 dolemus
1117 4911 1284 4984 quod
1322 4910 1469 4967 nihil
1517 4910 1816 4968 habemus
1848 4920 1911 4970 ut

244 5000 570 5075 petitionis,
601 5002 725 5057 imo
754 5001 933 5057 vestri
982 5001 1265 5073 praecepti
1313 5000 1683 5057 voluntatem
1716 5000 1909 5058 facere

244 5090 591 5164 possimus;
634 5091 779 5164 quia
813 5090 1013 5146 nullus
1043 5105 1235 5161 equus
1283 5089 1343 5145 in
1381 5094 1588 5147 nostra
1632 5090 1910 5147 inventus

245 5184 336 5237 est
365 5184 674 5254 potestate,
692 5179 941 5254 quando
972 5178 1147 5235 nobis
1177 5179 1539 5236 commissus
1569 5185 1657 5236 est
1686 5180 1795 5236 iste
1824 5180 1909 5236 lo-

244 5285 372 5338 cus,
400 5270 513 5326 nisi
542 5270 876 5327 admodum
907 5268 1105 5343 pauci,
1137 5272 1193 5325 et
1220 5267 1338 5341 ipsi
1364 5269 1707 5326 nutabundi
1735 5275 1792 5327 et
1817 5286 1908 5326 se-

246 5359 556 5433 gnipedes.
589 5359 813 5417 Indicia
836 5364 1039 5416 tamen
1066 5358 1320 5415 facimus
1344 5357 1436 5414 his
1461 5359 1662 5431 parvis
1688 5375 1907 5416 munu-

248 5449 451 5519 sculis,
482 5455 712 5524 quanto
760 5450 1039 5507 citissime
1068 5464 1418 5523 possumus,
1451 5448 1617 5521 quod
1647 5453 1907 5505 vestram

242 5540 615 5599 voluntatem
657 5541 1001 5615 implemus.
1040 5538 1334 5597 Sedulitas
1377 5537 1662 5595 orationis
1692 5542 1907 5594 nostrae

245 5629 564 5689 comitatur
590 5630 699 5688 iter
725 5634 1008 5699 vestrum,
1040 5632 1337 5703 quantum
1365 5643 1478 5686 nos
1522 5627 1677 5684 Deus
1720 5641 1904 5684 exau-

2333 4552 2492 4605 tione
2519 4550 2819 4606 Diemom's
2849 4550 3076 4606 comitis
3106 4551 3364 4606 etiberet.

2093 4645 2318 4703 Seniori
2349 4662 2461 4701 suo
2491 4648 2579 4713 ll.,
2612 4636 2905 4717 exercitus
2951 4643 3262 4702 Christiani
3308 4644 3541 4702 ductori
3568 4661 3678 4703 no-

2017 4735 2330 4805 bilissimo,
2380 4739 2463 4803 P.,
2506 4735 2744 4791 abbatis
2789 4732 3084 4790 vocabulo
3136 4733 3383 4790 minime
3435 4734 3676 4807 dignus,

2018 4842 2157 4881 cum
2218 4824 2683 4894 congregatione
2747 4822 2861 4879 sibi
2923 4823 3270 4892 commissa,
3329 4824 3678 4881 sedularum

2015 4931 2266 4988 precum
2290 4912 2679 4969 devotissima
2707 4911 2934 4969 munia.

2091 5002 2213 5059 Sub
2234 5016 2421 5056 manu
2437 5004 2648 5057 vestrae
2663 4999 3026 5057 defensionis
3047 5001 3126 5058 ob
3150 5000 3563 5075 elemosynam
3579 5019 3677 5059 ve-

2019 5090 2121 5145 stri
2150 5090 2440 5145 hactenus
2461 5088 2637 5145 valde
2663 5090 2911 5162 paciﬁce
2940 5090 3196 5146 viximus
3223 5110 3236 5160 ;
3266 5091 3372 5147 sed
3390 5091 3496 5165 qui
3515 5107 3678 5149 nunc

2016 5194 2127 5234 nos
2147 5183 2356 5235 contra
2371 5194 2480 5235 vos
2505 5181 2814 5251 Deumque
2834 5180 3217 5249 insectantur,
3241 5181 3463 5237 diutius
3485 5180 3676 5238 celare

2016 5283 2138 5324 non
2160 5270 2783 5341 possumus.Domnus
2805 5272 3009 5326 Diemo
3030 5286 3231 5326 comes
3241 5270 3678 5327 inimicabiliter

2014 5355 2393 5430 persequitur
2416 5373 2551 5413 nos.
2580 5357 2772 5415 Habet
2798 5357 2975 5415 nobis
2995 5358 3254 5433 denique
3282 5364 3551 5417 nostram
3570 5375 3676 5417 na-

2013 5447 2132 5502 vim
2158 5446 2443 5514 ablatam,
2463 5463 2585 5519 qua
2605 5446 2927 5504 debuimus
2951 5447 3234 5504 fratribus
3260 5448 3480 5505 nostris
3500 5448 3676 5507 vecti-

2015 5553 2151 5594 care
2186 5537 2412 5607 vinum,
2439 5542 2496 5593 et
2520 5537 3096 5611 legumina,aliaque
3116 5539 3473 5597 necessaria.
3502 5538 3676 5597 Plura

2014 5627 2194 5684 etiam
2238 5625 2384 5683 retia
2412 5626 2597 5683 habet
2622 5626 2798 5683 nobis
2837 5626 3004 5696 tulta,
3036 5626 3429 5704 victimasque
3457 5632 3516 5687 et
3541 5645 3673 5701 gra-
