4020 6176
1210 126 1582 181 ΡΕΒῘΝΘΕΒΙ
1628 117 1914 176 ABBATIS
1950 114 2013 171 TI

2171 113 2470 170 LNSENSIS
2509 108 2890 169 EPISTOLE.
3646 111 3794 163 i3l6

343 136 479 190 1315

218 228 221 231 ’
336 271 513 329 num,
540 256 710 330 quod
734 252 926 311 nostri
948 251 1290 308 debuerunt
1330 249 1627 305 seminare
1656 245 1717 300 in
1759 250 1991 311 agrum.
2030 243 2071 295 Α
2101 247 2307 307 regem
2336 244 2463 330 non
2492 232 3033 330 possumus-adire,
3060 231 3323 330 sument
3340 230 3552 330 nobis,
3578 236 3799 329 precs-

343 319 592 419 Insuper
612 343 941 413 infringens
961 339 1363 397 domunculas
1390 350 1699 392 servorum
1716 332 1773 388 vi
1799 330 2000 401 diripit
2106 342 2261 397 mur,
2290 325 2459 399 quod
2483 325 2609 381 vice
2639 324 2795 419 regis
2815 324 2885 419 in
2916 321 3253 419 hac_patria
3280 336 3471 419 regno
3503 319 3801 419 iungit-ni-

344 434 422 491 ab
447 408 532 490 eis
555 432 760 490 omnia
775 408 910 504 quae
928 429 1170 485 habent.
1204 427 1354 484 Nihil
1378 426 1460 481 eis
1486 429 1575 479 est
1600 420 1819 494 peeulli
1833 417 1998 492 quod
2046 475 2053 482 ,
2108 415 2189 483 ni,
2218 415 2607 504 tirmeturque
2623 430 2665 504 ra
2692 410 3086 504 vobisregale
3111 409 3518 504 promissum,
3539 415 3613 504 et
3618 409 3643 479 j
3656 408 3803 463 ube-

343 522 440 578 ille
483 538 605 577 non
642 498 855 592 jubeat
899 515 1257 591 perscrutari
1305 521 1361 570 et
1407 512 1546 569 tolli.
1589 510 1741 576 Quid
1770 508 2001 564 multa?
2109 510 2161 560 te
2228 504 2403 559 nobis
2465 502 2635 559 reddi
2696 500 3047 575 praadictam
3117 499 3350 556 hobam
3373 542 3387 567 ,
3460 498 3621 554 sicut
3696 514 3803 553 nx

345 609 463 665 Nisi
492 624 711 665 manus
737 611 937 664 vestra
960 604 1314 661 extendatur
1337 600 1655 675 protectrix
1682 614 1863 671 super
1887 611 1999 651 nos
2108 598 2412 651 statuerat.

344 702 401 754 et
428 713 524 754 res
550 702 807 762 nostras,
828 696 1076 767 ipseque
1098 708 1135 747 a
1154 690 1326 747 vobis
1347 690 1656 746 exterritus
1679 684 2000 759 prohibeas

343 792 440 844 tur
469 787 571 844 tali
602 785 845 856 ﬂagitio,
877 783 973 839 ille
1005 781 1167 837 solus
1198 786 1475 836 sanctum
1505 780 1707 834 locum
1737 774 2002 847 corporis

344 879 400 932 S.
427 874 651 942 Quirini
677 874 783 928 dat
805 870 1176 928 exterminio.
1200 873 1517 927 Precamur
1546 873 1611 924 ut
1632 866 1713 923 illi
1734 863 2003 921 statuatis
2358 862 2555 929 petita
2586 860 2742 916 vitra
2770 864 2905 929 post
2928 858 3169 914 Pascha
3198 858 3558 912 missurum.

344 965 504 1021 diem
529 978 652 1036 (Ιαο
681 961 857 1018 Ποδίε
884 965 942 1017 εἴ
964 959 1168 1016 Βερνίκη
1200 964 1255 1015 εἴ
1284 958 1432 1015 rem
1458 956 1689 1014 reddat
2183 967 2247 1023 G.
2269 966 2537 1039 pontiﬁci
2557 966 2935 1037 dignissimo,
2961 968 3045 1033 P.,
3073 963 3257 1020 vestri
3276 964 3571 1029 devotus,
3595 964 3665 1017 ut
3686 977 3808 1016 me-

1131 1087 1217 1140 γι,
2111 1054 2223 1110 rito
2247 1054 2547 1127 proprius.

2184 1144 2255 1200 Mi
2282 1143 2528 1200 domine
2552 1142 2910 1211 venerande,
2934 1141 3102 1215 quod
3128 1141 3205 1197 de
3235 1141 3391 1196 vitro
3423 1139 3693 1213 petistis,
3716 1138 3812 1193 vel

2115 1232 2331 1301 magis,
2359 1237 2425 1288 ut
2452 1230 2643 1299 decet,
2673 1230 2913 1304 jubetis,
2945 1248 3109 1287 nunc
3159 1230 3457 1304 temporis
3512 1233 3810 1301 paratum

2114 1330 2237 1377 non
2262 1314 2580 1377 habemus.
2608 1321 2719 1378 Sed
2750 1319 3031 1393 quamvis
3050 1319 3245 1375 victus
3267 1318 3451 1377 nobis
3479 1316 3815 1373 incumbat

2116 1411 2459 1479 necessitas,
2493 1410 2693 1465 statim
2739 1413 2875 1482 post
2923 1408 3156 1465 Pascha
3197 1411 3444 1463 nostros
3484 1405 3812 1461 vitrearios

2110 1499 2397 1571 jubemus
2428 1497 2623 1554 eidem
2650 1497 2917 1553 insistere
2942 1496 3132 1569 operi,
3158 1500 3217 1552 et
3238 1493 3555 1569 quidquid
3586 1492 3813 1549 exinde

2039 1597 2080 1651 Β
2115 1588 2235 1655 ﬁet,
2255 1592 2485 1660 quanto
2519 1585 2797 1643 citissime
2826 1601 3179 1659 possumus,
3203 1600 3313 1657 per
3341 1589 3636 1638 nostrum
3658 1596 3816 1637 nun-

2118 1676 2266 1734 tium
2297 1675 2467 1732 vobis
2494 1675 2846 1731 denuntiare
2871 1690 2996 1730 non
3021 1673 3362 1739 tardamus.
3399 1671 3631 1728 Valete.

2871 679 3008 735 VIII.

2178 789 2278 844 Ad
2308 788 2726 845 Gctscalchum
2755 789 3098 858 episcopum
3123 785 3610 855 Frisingensem.
3652 785 3737 838 Se

343 1194 443 1249 Ad
456 1193 723 1250 eumdem
741 1193 813 1249 de
823 1192 1236 1262 persecutione
1253 1206 1324 1246 ac
1339 1190 1725 1246 insectatione
1741 1188 1812 1242 P.
1834 1187 2006 1262 comi-

419 1266 492 1321 tis
518 1260 899 1334 aliorumque
919 1263 1407 1320 adversarorium
1424 1262 1694 1330 graviter
1709 1260 1999 1330 queritur.

420 1371 645 1430 Seniori
671 1387 780 1427 suo
822 1373 909 1438 H.,
936 1369 1063 1440 regi
1090 1369 1452 1434 victorioso.,
1489 1371 1569 1434 P.,
1598 1366 1777 1423 vestri
1809 1381 2005 1421 servo-

345 1479 482 1520 rum
512 1461 758 1517 ultimus
783 1460 1115 1533 fratresque
1147 1458 1262 1514 sibi
1289 1458 1563 1529 subjecti.

419 1548 822 1606 Devotissimis
870 1547 1243 1604 orationibus
1280 1562 1391 1619 pro
1418 1545 1593 1601 vobis
1618 1545 1841 1616 jugiter
1864 1542 2006 1597 insi-

349 1640 586 1697 stimus.
620 1642 773 1695 Dum
800 1654 911 1694 vos
958 1638 1217 1709 denique
1247 1636 1533 1692 laboratis
1580 1635 1642 1690 in
1684 1634 1824 1700 lato,
1859 1632 2009 1687 sicut

350 1728 658 1796 condecet,
690 1742 897 1798 regno,
915 1742 1028 1782 nos
1059 1725 1277 1781 servuli
1296 1725 1475 1780 vestri
1501 1723 1746 1779 minime
1775 1720 2007 1794 requie-

351 1819 575 1875 scimus
602 1817 663 1873 in
696 1820 896 1873 vestro
944 1814 1193 1885 gremio,
1227 1813 1340 1869 sub
1371 1818 1627 1883 augusto
1665 1808 2009 1868 monasterii

350 1908 630 1964 claustro.
670 1909 894 1963 Cuncta
940 1919 1206 1976 namque
1238 1902 1491 1958 aedilicia
1516 1901 1792 1957 videmus
1840 1899 2010 1955 mise-

349 1995 614 2053 rabiliter
667 1994 933 2067 collapsa
984 1996 1397 2063 vetustateque
1441 1994 1819 2061 consumpta,
1868 1988 2011 2060 quia

350 2084 413 2142 P.
448 2098 651 2142 comes
680 2082 830 2139 tollit
857 2096 1042 2155 opera
1073 2078 1320 2151 singulis
1351 2079 1524 2135 annis
1554 2079 1628 2134 de
1655 2072 2010 2147 Wormgou-

350 2193 446 2246 ve,
477 2190 611 2246 quae
644 2171 772 2229 sola
822 2187 1008 2244 opera
1054 2169 1269 2226 beatus
1300 2174 1468 2242 pater
1496 2170 1690 2224 vester
1720 2166 2015 2224 concessit

351 2264 431 2322 ad
450 2260 653 2319 locum
681 2260 929 2331 singulis
957 2259 1133 2315 annis
1160 2256 1612 2325 renovandum;
1646 2258 1806 2330 quod
1833 2256 2013 2312 etiam

352 2348 685 2427 permansit
740 2358 930 2421 usque
984 2346 1062 2427 ad
1110 2346 1393 2403 abbatem
1446 2348 1504 2400 E.
1557 2337 2013 2416 [Eberliardum]

363 2442 594 2498 domno
640 2443 848 2495 nostro
895 2436 1032 2493 duci
1086 2436 1393 2509 conquesti
1427 2452 1637 2490 sumus
1686 2436 1758 2490 de
1789 2434 2016 2490 eisdem

353 2529 660 2605 operibus,
695 2532 752 2585 et
792 2527 885 2583 ille
918 2526 1199 2600 praecepit
1229 2527 1292 2581 P.
1325 2541 1400 2580 ne
1454 2524 1561 2579 sibi
1616 2541 1687 2580 ea
1730 2524 2013 2594 deinceps

356 2622 696 2692 usurparet,
729 2617 893 2691 quod
925 2631 1316 2689 nequaquam
1344 2613 1584 2687 profuit.

425 2707 515 2766 Ad
543 2704 671 2766 hinc
712 2707 891 2775 etiam
937 2705 1186 2762 nimiam
1236 2703 1712 2777 persecutionem
1753 2701 2017 2775 patimur

352 2800 701 2857 nostrorum
732 2796 1090 2862 concivium,
1123 2794 1392 2866 priorum
1438 2792 1654 2848 scilicet
1698 2791 2017 2848 advocato-

351 2904 512 2958 rum,
543 2887 668 2960 qui,
700 2884 967 2941 maxima
996 2882 1085 2938 ira
1113 2884 1168 2938 et
1196 2882 1335 2938 odio
1367 2885 1569 2937 contra
1621 2897 1732 2936 nos
1761 2880 2014 2953 permoti

2908 1821 2993 1874 IX.

2189 1926 2287 1983 Ad
2312 1927 2586 1984 comitem
2634 1928 2704 1983 F.
2739 1928 2814 1982 Ut
2832 1931 3187 1984 conventum
3226 1925 3311 1981 ad
3328 1925 3582 1994 Pipuch
3610 1940 3739 1980 non

2725 1999 2880 2054 nihil
2905 1998 3172 2067 di/ferat.

2194 2107 2425 2160 Domno
2476 2107 2534 2160 F.
2570 2103 2773 2161 comiti
2815 2103 3294 2169 venerabillimo,
3340 2104 3408 2158 P.
3455 2106 3805 2174 cunctaque

2122 2194 2506 2264 congregatio
2539 2195 2594 2250 S.
2628 2192 2875 2264 Quirini,
2904 2193 3180 2249 sedulam
3228 2192 3580 2248 orationem
3624 2190 3805 2248 dove-

2122 2286 2367 2353 tamque
2400 2281 2764 2338 servitutem.

2194 2373 2414 2427 Omnes
2460 2371 2681 2444 pariter
2709 2371 2970 2443 pedibus
2997 2370 3206 2427 vestris
3238 2369 3552 2442 provoluti
3599 2380 3803 2442 preca-

2122 2475 2259 2515 mur
2278 2460 2441 2533 piam
2462 2462 2880 2533 paternitatem
2896 2466 3159 2518 vestram
3186 2464 3251 2515 ut
3273 2458 3615 2516 concilium
3632 2458 3801 2531 quod

2120 2549 2299 2605 vultis
2327 2549 2405 2603 ad
2452 2549 2707 2622 Pipurch
2736 2550 2959 2606 habere
3003 2567 3113 2623 pro
3161 2550 3480 2607 communi
3526 2553 3712 2613 terra,
3742 2548 3803 2602 in

2121 2637 2385 2694 triduum
2433 2638 2742 2708 diﬂ‘eratis,
2782 2643 2841 2694 et
2882 2638 3192 2695 dimittatis
3236 2654 3437 2711 usque
3484 2637 3647 2693 dum
3696 2651 3801 2692 nos

2120 2727 2433 2783 vobiscum
2461 2726 2805 2800 loquamur.
2842 2727 3035 2784 Valete
3066 2728 3126 2782 in
3155 2726 3411 2784 Christo.

2930 2874 2971 2927 X

354 2973 523 3051 quod
551 2945 788 3047 penitus
821 2978 958 3027 sunt
987 2971 1202 3045 privati
1250 2970 1429 3026 rebus
1474 2966 1839 3037 monasterii,
1872 2964 2013 3025 nihil

2171 2980 2222 3061 καῖ
2258 2980 2632 3061 sameram
2675 2980 3015 3061 episcopum
3054 2980 3527 3061 meaemeae.
3568 2978 3661 3061 De.
3677 2982 3804 3059 .m-

354 3062 518 3122 aliud
550 3063 789 3119 student
838 3077 977 3117 cum
1008 3060 1312 3129 omnibus,
1344 3058 1564 3133 quibus
1596 3064 1871 3133 possunt,
1904 3058 2017 3114 nisi

353 3170 467 3210 nos
492 3151 763 3225 pessimo
794 3148 1289 3215 vitio'criminari,
1319 3154 1375 3204 et
1419 3148 1535 3204 hoc
1586 3148 1749 3220 apud
1789 3147 2015 3220 episco-

353 3258 467 3315 pos
511 3244 567 3296 et
595 3238 917 3312 principes,
952 3242 1015 3293 ut
1065 3237 1192 3292 haec
1240 3237 1453 3292 eadem
1500 3236 1748 3292 infamia
1797 3236 1875 3292 ad
1912 3251 2017 3291 vos

353 3340 548 3404 usque
577 3327 904 3401 perveniat.
940 3325 1113 3392 Quod
1141 3338 1463 3398 precamur
1490 3327 1735 3398 propter
1768 3322 1866 3379 Dei
1904 3323 2016 3377 mi-

356 3417 765 3485 sericordiam,
822 3415 1124 3488 vestrique
1169 3412 1605 3486 elemosynam,
1649 3429 1725 3468 ne
1782 3413 2017 3468 illorum

351 3506 648 3564 voluntati
692 3503 1085 3571 satisfaciatis,
1122 3501 1299 3558 nobis
1348 3501 1658 3558 inferendo
1697 3501 1883 3557 ullam
1932 3517 2018 3556 re-

354 3595 665 3669 pentinam
696 3592 1086 3661 calumniam,
1121 3591 1227 3646 sed
1256 3592 1567 3647 reservetis
1617 3592 1818 3647 vestro
1855 3591 2016 3661 judi-

356 3682 467 3751 cio,
499 3686 603 3737 aut
632 3680 809 3737 vestri
835 3679 1105 3735 ﬁdelium
1130 3679 1576 3751 episcoporum,
1600 3679 1693 3734 vel
1724 3674 2019 3735 abbatum

351 3770 441 3828 rei
466 3768 773 3826 veritatem
800 3767 864 3823 in
892 3766 1069 3824 nobis
1101 3765 1593 3824 examinandam.
1630 3764 1845 3823 Valete.

1131 3896 1244 3949 Vll.

352 4006 455 4063 Ad
474 4005 557 4061 H.
588 4003 1111 4076 ducangBoiariae.
1142 4004 1337 4076 Rogat
1360 4007 1429 4076 ut
1451 4002 1724 4073 quaedam
1756 4000 1911 4076 hcba
1940 4002 2021 4076 ad

427 4078 623 4202 finitum
652 4075 1009 4145 Sciphusam
1027 4075 1337 4145 pertinens
1368 4073 1474 4130 suo
1503 4074 1863 4130 monasterio
1891 4073 2021 4130 red-

538 4162 631 4200 ur.

425 4246 659 4299 Domno
690 4246 756 4323 Η..
787 4242 1109 4301 Christiani
1138 4243 1398 4313 agminis
1444 4241 1678 4300 ductori
1719 4241 2018 4298 nobilissi-

355 4348 480 4399 mo,
513 4331 600 4398 P.,
633 4334 828 4388 vester
856 4331 1122 4388 famulus
1154 4349 1294 4388 cum
1322 4332 1624 4389 fratribus.

425 4419 527 4477 Die
552 4424 855 4493 noctuque
868 4423 1078 4489 Jleum
1107 4424 1219 4494 pro
1245 4421 1433 4477 salute
1455 4425 1655 4477 vestra
1676 4419 1897 4491 jugiter
1923 4436 2019 4475 ex-

356 4522 623 4567 oramus.
646 4508 1162 4580 Augustissimum
1182 4525 1388 4581 regem
1416 4509 1712 4566 seniorem
1744 4514 2018 4565 nostrum

356 4602 426 4657 H.
457 4597 808 4670 rogavimus
836 4598 1014 4655 nobis
1064 4615 1101 4655 a
1150 4617 1215 4655 se
1260 4598 1509 4654 concedi
1557 4597 1888 4669 quemdam
1929 4598 2017 4652 lo-

356 4704 515 4757 cum,
548 4686 841 4760 Sciphusa
868 4686 1274 4757 nominatum,
1296 4680 1371 4742 de
1397 4685 1645 4743 abbaﬁa
1667 4686 1856 4741 nostri
1885 4702 2017 4741 mo-

355 4776 617 4834 nasterii.
652 4778 845 4842 Quam
889 4774 1238 4849 petitionem
1282 4776 1413 4849 ipse
1450 4774 1708 4846 benigne
1736 4772 2015 4848 suscepit,

358 4868 417 4922 et
446 4865 623 4937 jussit
670 4869 736 4921 ut
780 4864 1094 4936 diligenter
1137 4881 1277 4921 cum
1324 4864 1547 4921 nuntiis
1594 4863 2016 4933 inveniremus,

357 4954 503 5029 quid
554 4959 611 5012 et
640 4960 938 5029 quantum
981 4953 1206 5024 fuisset,
1239 4952 1407 5027 quod
1443 4953 1811 5025 rogavimus.
1847 4954 2019 5019 Quod

358 5060 499 5101 cum
522 5038 891 5113 fecissemus,
914 5041 1225 5099 retulimus
1241 5042 1367 5113 regi
1383 5042 1709 5111 veritatem,
1733 5057 2021 5113 paucum-

357 5149 476 5207 que
519 5133 633 5190 sibi
676 5132 1011 5200 videbatur,
1043 5132 1218 5188 nobis
1263 5148 1407 5188 vero
1459 5131 1734 5188 multum.
1769 5136 2020 5204 Insuper

359 5220 783 5295 adiunximus:
818 5245 845 5273 ‹‹
867 5222 1125 5289 Quidam
1158 5221 1419 5279 famulus
1447 5222 1654 5279 matris
1679 5225 1881 5277 vestrae
1910 5222 2016 5278 ha-

358 5312 461 5369 bet
510 5330 696 5371 unam
742 5312 968 5369 hobam
1014 5312 1087 5369 de
1137 5312 1351 5369 eodem
1381 5312 1513 5368 loco
1542 5311 1603 5367 in
1632 5310 2016 5378 beneﬁcium,

359 5400 507 5475 quid
532 5402 752 5474 jubetis
783 5418 963 5475 super
988 5418 1144 5458 eam.
1166 5433 1232 5443 --
1262 5405 1396 5457 Post
1424 5402 1629 5468 vitam,
1654 5401 1865 5473 inquit,
1890 5418 2018 5456 ma-

364 5489 466 5546 tris
518 5507 689 5564 mete,
742 5495 869 5564 stet,
924 5497 983 5549 et
1031 5489 1353 5549 famuletur
1402 5490 1612 5547 domui
1658 5489 2020 5563 famulisque

368 5578 422 5634 S.
454 5579 699 5645 Quirini.
728 5603 755 5632 »
789 5582 855 5638 Et
882 5579 1027 5656 quia
1054 5573 1154 5637 illa
1184 5578 1362 5638 beata
1398 5579 1528 5652 jam
1551 5577 1716 5649 obiit,
1745 5582 1801 5636 et
1830 5579 2016 5636 modo

2196 3045 2388 3128 tritius
2430 3045 2787 3122 quibusdam
2817 3045 3005 3107 sdcris
3035 3045 3348 3106 ordinib'us
3378 3049 3732 3105 initiandis.

2198 3156 2424 3214 Seniori
2450 3173 2559 3212 suo
2586 3160 2646 3213 E.
2679 3155 2870 3212 infula
2898 3155 3240 3229 pontiﬁcale
3265 3154 3507 3211 caelitus
3534 3152 3803 3210 indusia-

2128 3251 2205 3311 to,
2239 3249 2323 3316 P.,
2356 3245 2593 3301 abbatis
2621 3246 2867 3302 nomine
2914 3245 3163 3302 minime
3213 3245 3465 3314 dignus,
3498 3243 3801 3317 quidquid

2124 3333 2374 3390 domino
2404 3350 2628 3390 servus.

2199 3423 2255 3481 Si
2286 3423 2641 3495 dignamini,
2668 3423 2751 3479 mi
2781 3422 3044 3490 domine,
3078 3439 3323 3479 necesse
3360 3421 3672 3478 habemus
3700 3438 3798 3476 or-

2125 3513 2334 3569 dinare
2379 3513 2679 3586 quosdam
2728 3513 2975 3568 fratrum
3024 3516 3374 3568 nostrorum
3420 3511 3482 3567 in
3522 3510 3792 3565 ministe-

2124 3602 2282 3657 rium
2332 3600 2565 3657 Domini
2611 3600 2693 3657 ad
2739 3601 2924 3657 altare
2975 3602 3030 3656 S.
3081 3600 3267 3656 Patris
3307 3600 3496 3655 nostri
3542 3596 3794 3665 Quiriti,

2126 3707 2231 3746 eos
2255 3690 2525 3746 videlicet
2552 3689 2628 3746 de
2657 3706 2919 3763 quorum
2947 3690 3069 3746 vita
3101 3689 3297 3746 securi
3328 3705 3568 3755 8.1111118,
3596 3694 3667 3743 ut
3691 3688 3803 3743 hu-

2125 3795 2346 3835 manus
2372 3778 2629 3851 probare
2657 3783 2852 3852 potest
2880 3778 3113 3835 oculus.
3148 3782 3299 3836 Nam
3327 3778 3566 3851 prims
3591 3778 3802 3834 fratres

2126 3866 2313 3922 nimio
2367 3866 2619 3924 confecti
2665 3867 2831 3924 senio
2873 3868 3001 3939 jam
3049 3866 3386 3924 lassescunt
3432 3866 3713 3923 invalidi.
3744 3867 3801 3923 Si

2122 3956 2367 4028 jubetis,
2396 3956 2499 4012 ubi
2530 3956 2626 4013 vel
2653 3956 2923 4030 quando,
2952 3955 3119 4029 loqui
3166 3957 3487 4014 vobiscum
3518 3955 3799 4012 desidero

2126 4062 2238 4119 pro
2259 4045 2439 4102 variis
2463 4045 2918 4103 necessitatibus
2944 4045 3107 4102 intus
3140 4050 3200 4103 et
3224 4046 3370 4103 foris
3392 4045 3582 4102 nobis
3610 4045 3799 4102 immi-

2126 4134 2428 4191 nentibus.

2913 4224 2999 4281 XI.

2153 4332 2251 4387 Ad
2280 4331 2631 4388 Udalricum
2663 4332 2949 4387 comitem.
2976 4332 3102 4401 Pro
3135 4333 3512 4388 restitutione
3538 4348 3768 4401 rerum,

2340 4401 2552 4474 quibus
2579 4403 2844 4473 famulos
2869 4412 3003 4458 suos
3032 4397 3244 4459 Penno
3267 4402 3578 4473 spoliamt.

2198 4513 2430 4566 Domno
2455 4512 2518 4564 V.
2544 4510 2747 4566 comiti
2777 4509 3178 4579 nobilissimo,
3208 4513 3296 4581 P.,
3317 4526 3664 4585 omnesque
3686 4511 3800 4569 fra-

2126 4603 2262 4666 tres,
2295 4597 2542 4654 devotas
2573 4598 2894 4655 orationes.

2198 4688 2371 4755 Quod
2420 4689 2786 4762 praecepistis
2837 4705 3017 4764 super
3062 4705 3270 4747 servos
3316 4694 3582 4758 nostros,
3638 4708 3795 4766 quos

2128 4783 2326 4836 Penno
2355 4779 2610 4852 propriis
2639 4779 2821 4836 rebus
2850 4780 3147 4853 spoliavit,
3175 4780 3321 4837 nihil
3343 4781 3586 4855 penitus
3616 4782 3795 4841 nobis

2125 4867 2365 4942 profuit,
2395 4866 2501 4923 sed
2531 4868 2739 4939 objicit
2766 4868 2942 4925 nobis
2967 4885 3129 4926 nunc
3155 4870 3292 4939 hoc,
3319 4886 3486 4927 nunc
3508 4870 3667 4928 illud
3692 4888 3798 4945 per

2124 4957 2323 5014 varias
2370 4955 2948 5015 circumlocutiones.
3000 4958 3242 5016 Multam
3290 4975 3557 5032 namque
3609 4961 3797 5034 pudet

2126 5061 2238 5101 nos
2268 5049 2326 5102 et
2354 5045 2529 5102 taedet
2556 5045 2723 5118 quod
2754 5059 2911 5119 saepe
2959 5047 3177 5120 saepius
3232 5053 3479 5121 propter
3524 5049 3649 5107 hoc
3688 5066 3795 5106 v03

2126 5134 2537 5190 acclamamus
2563 5152 2576 5189 :
2609 5135 2756 5207 quia
2786 5138 2974 5191 Deum
3002 5151 3124 5192 non
3165 5136 3331 5193 timet
3359 5135 3421 5192 in
3450 5136 3657 5207 nobis,
3690 5155 3797 5195 nec

2126 5223 2433 5279 hominem
2466 5228 2701 5279 veretur
2730 5225 2789 5279 in
2820 5224 3017 5297 nobis,
3042 5230 3103 5280 ut
3132 5225 3315 5282 faciat
3342 5226 3511 5299 quod
3536 5226 3625 5283 illi
3652 5244 3795 5302 prc-

2127 5312 2385 5385 cepistis.
2435 5317 2652 5369 lterum
2702 5317 2878 5385 atque
2928 5314 3139 5369 iterum
3189 5330 3533 5387 precamur,
3584 5314 3796 5372 dilecte

2128 5402 2343 5472 senior,
2369 5402 2575 5471 jubete
2605 5401 2687 5457 illi
2727 5417 2907 5474 super
2935 5402 3069 5471 hoc,
3102 5404 3248 5475 quia
3270 5420 3380 5459 vos
3415 5403 3683 5461 nultum
3712 5407 3796 5462 in-

2125 5488 2520 5553 honoramus,
2540 5494 2597 5546 et
2617 5488 2956 5562 spernimus
2982 5488 3031 5544 si
3053 5488 3281 5547 damno
3306 5489 3442 5547 dllCl
3472 5491 3553 5549 de
3582 5492 3792 5552 vadi-is

2127 5576 2475 5637 hominibus
2505 5578 2946 5653 querimoniam
2976 5579 3251 5639 facimus.
3280 5580 3500 5638 Valete.
