4020 6176
259 69 395 121 1317

1016 155 1123 241 xu.

1114 56 1505 115 ELLINGERI
1554 54 1870 114 ABBATIS
1906 61 2415 127 TEGERNSENSIS
2462 74 2839 132 EPISTOLE.

3589 89 3731 145 1318

1980 188 2028 239 Α
2056 188 2306 284 vitorem
2336 200 2630 266 nostrum,
2656 215 2764 271 per
2790 217 2979 274 quem
3008 205 3185 262 nobis
3210 207 3477 277 jusserat
3504 209 3728 284 hyper-

256 278 358 333 Ad
385 278 452 333 R.
486 275 776 344 abbatem,
831 290 996 345 quem
1042 279 1212 346 rogat
1260 275 1328 326 ut
1380 268 1676 340 longius
1712 274 1872 342 apud
1892 290 1952 331 se
2053 276 2267 347 bolice,
2294 286 2359 338 ut
2386 286 2450 339 R.
2484 268 2695 342 servus
2725 268 2923 347 vester
2951 268 3234 352 citissime
3285 298 3365 354 ad
3409 314 3518 354 vos
3545 268 3731 357 ’θ’θηὶ-

638 366 763 433 θῙριε
787 377 1016 419 servum
1050 364 1298 418 retinere
1330 358 1560 414 liceat.

2054 370 2159 422 ret.
2207 368 2322 424 Sed
2373 369 2772 443 deprecamur
2826 395 2901 434 ne
2950 381 3012 438 in
3060 378 3331 442 maxima
3374 389 3733 447 necessitate

334 459 564 551 Domno
594 451 798 551 abbati
827 455 888 508 Β.
931 455 988 509 Ρ.
1021 452 1206 509 abbas
1249 447 1599 517 indignuS,
1658 450 1948 525 quidquid
2054 470 2216 551 eum_
2246 473 2282 513 a
2327 458 2504 551 nobis
2554 461 2790 551 tollatis,
2837 469 2984 539 quia
3034 470 3084 525 si
3125 487 3289 529 nunc
3328 474 3549 533 deserit
3576 495 3734 551 opus

256 548 454 600 vester
484 542 754 598 devotus.

335 622 583 689 Nuntius
609 647 645 687 a
672 630 841 686 vobis
866 630 1084 687 missus
1112 628 1271 686 venit
1309 624 1385 683 ad
1426 628 1789 697 quemdam
1830 646 1945 686 ser-

263 801 2528 843 ξ

2053 544 2222 637 quod
2270 546 2450 618 coepit
2502 548 2709 637 omnia
2754 567 2942 625 opera
2989 560 3269 629 praesenti
3315 563 3462 619 anni
3490 544 3732 637 penitus

2053 632 2354 690 habemus
2383 636 2638 708 perdita.
2674 639 2895 705 Valete.

2531 814 3719 865 ἢ

1539 961 1720 1005 ANTE
1763 961 2043 1007 MEDIUM
2088 964 2425 1010 SJECULUM
2438 996 2451 1009 .

1306 1125 2699 1295 ELLINGERUS

1586 1397 1842 1453 ABBAS
1879 1400 2427 1460 TEGERNSENSIS.
2530 1452 2539 1462 .

1775 1545 2218 1558 ~—

1168 1664 1982 1793 ELLINGERI
2076 1676 2848 1805 EPISTOL/E.

772 1887 993 1958 (Edidit
1023 1891 1084 1943 Β.
1119 1890 1177 1943 P.
1212 1890 1426 1957 Pezws,
1462 1886 1813 1944 Thesaurus
1842 1888 2138 1947 Anecdot.
2170 1907 2305 1948 nov.
2342 1895 2404 1961 V,
2433 1912 2469 1961 ι,
2505 1899 2626 1966 151,
2659 1912 2733 1952 ex
2763 1898 2899 1954 cod.
2931 1902 3236 1971 Tegerns.)

1678 2046 1954 2061 ξ,

1958 2049 2310 2064 -

1988 2176 2027 2229 B
2057 2176 2224 2233 calce
2254 2164 2535 2248 abjicere,
2567 2196 2674 2253 per
2702 2182 2881 2239 devia
2910 2183 3190 2243 vitiorum
3214 2193 3494 2259 errando,
3515 2195 3736 2250 divinae

272 2263 375 2317 Ad
426 2260 884 2317 Froumundum
942 2261 1303 2316 monachum
1351 2262 1821 2330 Tegernsensem.
1870 2264 1952 2317 De
2059 2280 2290 2335 pascua
2322 2269 2751 2341 custodiasque
2778 2270 2943 2340 legis.
2993 2273 3244 2346 Insuper
3290 2279 3539 2350 quidem
3593 2299 3734 2337 cum

348 2352 573 2421 optimo
598 2366 704 2405 suo
724 2365 870 2420 erga
902 2350 1170 2405 eumdem
1202 2350 1423 2414 animo,
1471 2355 1525 2405 et
1561 2350 1773 2405 ordine
1812 2367 1949 2420 pre-

348 2440 615 2509 sbyterii,
647 2454 819 2509 quem
844 2439 1239 2494 Froumundo
1264 2439 1638 2508 gratulatur.

350 2534 639 2586 Comarco
670 2530 1029 2591 Faocursno,
1063 2542 1228 2582 more
1275 2525 1559 2582 rosulenti
1608 2526 1947 2598 splendoris

274 2618 338 2674 in
368 2616 597 2673 cunctis
630 2616 899 2681 emerito,
932 2618 1297 2681 ELLINGERUS,
1330 2614 1608 2671 omnium
1632 2616 1947 2673 hominum

274 2706 558 2776 extimus,
585 2703 885 2777 quidquid
910 2703 972 2759 in
1003 2704 1233 2760 Christo
1263 2703 1537 2776 adoptari
1568 2709 1766 2777 potest
1793 2706 1946 2761 festi-

268 2810 429 2850 ηαδ.

349 2886 497 2941 Cum
525 2882 724 2952 igitur,
776 2897 812 2937 o
841 2880 1051 2937 dilecte
1103 2884 1408 2951 magister,
1466 2882 1685 2940 intimo
1732 2884 1948 2941 affectu

277 2972 474 3029 cordis
501 2971 823 3027 meditarer
848 2974 913 3026 ut
939 2970 1142 3043 aliqua
1185 2971 1736 3044 irreprehensibilia
1790 2974 1949 3030 dicta

274 3066 486 3118 vestrae
513 3059 941 3117 benevolentiae
973 3061 1473 3133 composuissem,
1507 3066 1563 3117 et
1592 3062 1832 3119 inscitia
1862 3080 1949 3119 se-

276 3150 395 3206 mel
424 3153 482 3206 et
511 3166 669 3223 saepe
698 3148 1015 3221 impediret
1051 3149 1219 3221 quod
1272 3149 1653 3207 voluntatem
1698 3152 1945 3208 delecta-

274 3245 380 3307 ret,
409 3245 552 3296 tunc
578 3239 825 3295 demum
850 3238 1134 3309 conﬁsus,
1162 3238 1502 3311 baculoque
1532 3242 1717 3298 vestri
1740 3242 1951 3298 secreti

274 3329 644 3396 consolatus,
677 3328 934 3401 speravi,
963 3344 1342 3400 quamquam
1371 3332 1510 3383 sunt
1525 3328 1947 3405 vituperanda,

277 3424 480 3475 tamen
538 3433 661 3474 non
717 3432 849 3472 esse
908 3433 946 3473 a
988 3416 1161 3473 vobis
1210 3416 1625 3490 prOpalanda,‘
1649 3422 1795 3494 quia
1825 3436 1947 3476 non

2057 2355 2304 2410 easdem
2331 2356 2541 2427 gliscat
2567 2359 2927 2430 paenitentia:
2974 2363 3432 2423 medicamentis
3478 2386 3591 2425 ceu
3628 2370 3737 2423 hu-

2057 2443 2239 2498 meris
2269 2444 2348 2499 ad
2378 2445 2532 2501 ovile
2564 2447 2772 2502 matris
2808 2448 3115 2506 Eccclesiae
3154 2460 3482 2525 reportare,
3538 2456 3733 2512 ferina

2054 2530 2137 2586 ita
2166 2533 2455 2589 exardent
2484 2534 2668 2603 rabie,
2720 2536 3002 2593 dentibus
3044 2539 3282 2597 invidiae
3322 2543 3485 2600 hunc
3513 2544 3735 2599 dilace-

2055 2635 2209 2684 rare,
2243 2626 2305 2676 ut
2326 2637 2631 2679 aerumnas
2658 2623 2934 2696 desperet
2962 2629 3171 2685 mortis
3196 2647 3259 2686 se
3286 2646 3469 2703 posse
3509 2629 3732 2686 talibus

2055 2704 2321 2763 devitarc
2350 2708 2599 2777 insidiis,
2635 2711 2747 2767 nisi
2788 2713 2840 2767 ei
2871 2718 3235 2786 quantocius
3280 2719 3480 2774 inesse
3524 2715 3732 2772 vestris

2056 2793 2389 2863 dignemini
2435 2799 2748 2871 praesidiis.
2790 2804 2908 2857 Nos
2957 2804 3221 2878 denique
3278 2801 3732 2875 intercapedine

2056 2886 2142 2939 tot
2166 2883 2439 2942 locorum
2469 2888 2842 2959 elongantes,
2895 2894 3190 2964 quoniam
3251 2894 3492 2951 nullum
3534 2890 3590 2947 ei
3632 2889 3737 2946 ad-

2056 2972 2413 3031 miniculum
2444 2979 2711 3049 praebere
2741 2980 3077 3051 valeamus,
3133 2984 3195 3041 in
3254 2998 3480 3041 manus
3527 2984 3739 3037 vestrae

2056 3065 2334 3132 potentias
2389 3080 2528 3121 eum
2581 3073 2638 3124 et
2688 3069 2804 3126 hoc
2857 3074 3400 3139 commendamus,
3446 3074 3744 3146 quatenus

2057 3150 2517 3210 misericorditer
2574 3156 2761 3227 ipsius
2817 3160 3095 3231 querelas
3147 3162 3526 3235 suscipiatis,
3567 3167 3746 3239 atque

2056 3240 2389 3314 episcopali
2416 3244 2700 3301 eumdem
2727 3248 3079 3306 auctoritate
3100 3266 3221 3324 pro
3258 3253 3510 3312 nomine
3538 3256 3747 3314 Christi

2058 3329 2415 3423 defendatis.
2452 3348 2563 3389 nec
2598 3337 3050 3408 consentiendo,
3095 3340 3459 3413 iniquorum
3515 3349 3743 3423 peccati

2058 3419 2490 3511 oﬁ‘endiculum
2518 3428 2728 3481 vestrm
2754 3426 3002 3500 aliquod
3034 3431 3459 3494 sanctimoniae
3499 3419 3738 3511 ingera-

275 3507 783 3583 prtesumptionis,
817 3507 921 3562 sed
951 3506 1283 3563 dilectionis
1312 3510 1451 3561 sunt
1478 3505 1725 3567 indicia.
1753 3510 1870 3567 Sed
1887 3514 1950 3566 ut
1986 3524 2027 3576 ο
2057 3509 2129 3565 tis
2160 3510 2514 3582 periculum.

276 3614 352 3655 ex
371 3598 486 3654 hoe
516 3596 685 3653 nulla
710 3595 1073 3665 ambiguitas
1099 3596 1330 3662 subeat,
1385 3598 1535 3667 quin
1565 3601 1750 3656 vestri
1779 3616 1951 3655 amor

278 3687 397 3744 mei
424 3685 637 3742 intima
665 3684 923 3741 cubiculi
950 3700 1189 3758 semper
1236 3687 1466 3751 exurat,
1521 3691 1581 3742 et
1629 3689 1705 3745 de
1758 3693 1952 3744 vestra

279 3776 672 3851 prosperitate
704 3791 940 3831 summe
971 3766 1638 3845 gaudeatfomnimodis
1658 3778 1946 3849 deposco.

282 3869 481 3938 Nuper
520 3880 663 3921 vero
694 3863 983 3938 comperi,
1040 3863 1208 3936 quod
1259 3878 1357 3918 me
1401 3862 1619 3921 affectu
1664 3866 1952 3924 animavit

281 3952 605 4011 inedicibili
654 3952 924 4009 videlicet
972 3968 1078 4008 vos
1131 3952 1255 4008 fore
1295 3956 1643 4024 promotum
1693 3954 1771 4010 ad
1798 3954 1953 4011 ordi-

283 4058 428 4100 nem
481 4041 855 4115 presbyterii.
915 4043 1045 4107 Qua
1091 4040 1165 4096 de
1213 4054 1277 4097 re
1306 4040 1464 4096 ﬂexo
1493 4042 1720 4113 poplite
1746 4042 1951 4112 ﬂagito

283 4135 585 4205 quatenus
610 4131 728 4187 mei
754 4130 945 4187 inﬁmi
983 4130 1279 4187 memoria
1316 4129 1481 4201 apud
1536 4146 1646 4185 vos
1688 4136 1950 4199 maneat,

286 4226 355 4277 ut
376 4219 555 4276 vestri
598 4218 763 4292 apud
810 4236 906 4275 me
954 4218 1186 4275 ﬁrmius
1234 4219 1540 4274 inhaereat.
1600 4219 1737 4275 Hsec
1793 4221 1953 4276 enim

288 4309 465 4365 valde
492 4307 815 4373 lietiﬁcant,
847 4324 981 4381 quae
1010 4307 1189 4363 verba
1221 4306 1572 4379 prophetica
1618 4314 1902 4365 resonant
1934 4327 1947 4364 :

289 4402 403 4457 Cor
432 4398 753 4455 contritum
794 4403 852 4455 et
885 4397 1266 4455 humiliatum
1316 4400 1470 4453 Deus
1525 4412 1649 4453 non
1701 4400 1943 4471 spernit.

290 4488 507 4545 Valete.

1095 4580 1161 4633 ll.

289 4667 391 4723 Ad
410 4666 808 4737 Egitbertum,
835 4672 902 4722 ut
933 4668 1187 4735 videtur,
1220 4667 1558 4737 episcopum
1593 4667 1943 4739 Frisingen-

366 4772 504 4813 sem.
557 4758 749 4827 Rogat
802 4760 869 4810 ut
923 4756 1237 4827 quemdam
1296 4761 1597 4826 pastorem
1660 4757 1946 4816 adversus

368 4845 564 4901 ovium
594 4860 843 4901 suarum
874 4845 1134 4914 injurias
1162 4851 1216 4901 et
1248 4846 1498 4902 insidias
1530 4851 1791 4902 tueatur.

368 4933 517 4997 Quia
544 4933 764 4990 notitiae
793 4934 1106 4990 innotescit
1143 4940 1361 4990 nostrae
1407 4934 1819 4992 excellentiam
1862 4953 1961 4993 ve-

297 5029 431 5080 strae
458 5024 782 5080 sanctitatis
803 5039 1046 5101 omnem
1078 5023 1240 5079 viam
1265 5024 1404 5080 odio
1432 5025 1656 5082 habere
1685 5025 1962 5098 iniquita-

298 5114 393 5181 tis,
426 5114 504 5169 ob
534 5114 593 5170 id
616 5114 991 5170 conducibile
1021 5112 1303 5169 duximus
1333 5131 1562 5171 errores
1592 5116 1766 5173 vobis
1809 5117 1959 5188 pali-

298 5203 502 5271 ﬁcare,
531 5219 690 5277 quos
718 5202 951 5260 constat
977 5202 1156 5259 vestri
1180 5218 1498 5259 censuram
1529 5205 1960 5261 moderaminis

297 5296 657 5365 respectare.
714 5297 825 5350 lste
868 5308 1010 5350 vero
1054 5295 1280 5364 pastor,
1332 5294 1717 5365 praesentium
1759 5300 1962 5352 vector

299 5381 656 5455 litterarum,
685 5382 1068 5456 inpraesentia
1092 5380 1280 5437 nostri
1309 5381 1514 5437 effudit
1547 5398 1793 5439 suarum
1819 5401 1962 5456 que-

297 5472 625 5531 rimoniam
650 5473 1047 5539 miseriarum,
1088 5471 1386 5545 quasdam
1417 5470 1628 5527 dolens
1676 5488 1818 5530 oves
1849 5474 1963 5531 sibi

302 5577 343 5618 a
402 5565 595 5621 vestra
638 5562 1050 5623 dominatione
1092 5560 1398 5620 commissi
1439 5561 1655 5634 gregis,
1694 5561 1963 5621 funditus

2848 3608 2936 3660 Ill.

2062 3688 2160 3743 Ad
2189 3686 2260 3745 D.
2289 3692 2650 3778 episcopum.
2686 3693 2973 3759 Queritur
2996 3697 3069 3750 ob
3112 3694 3418 3764 praedium
3468 3707 3545 3761 ab
3602 3712 3732 3778 ejus

2204 3777 2454 3833 subditis
2486 3782 2786 3834 vastatum
2818 3786 2872 3835 et
2898 3781 3120 3849 injuste
3151 3783 3585 3848 abalienatum.

2136 3868 2364 3920 Domno
2397 3868 2460 3920 D.
2492 3865 2896 3936 pontiﬁcalem
2926 3868 3235 3924 decoranti
3283 3872 3570 3933 thronum
3622 3881 3733 3936 vir-

2062 3957 2278 4021 tutum,
2314 3955 2372 4007 E.
2407 3969 2528 4008 una
2558 3966 2697 4008 cum
2722 3953 3026 4027 subjectis,
3056 3966 3386 4028 perennem
3434 3979 3575 4021 cum
3623 3954 3735 4024 Do-

2062 4042 2210 4098 mini
2239 4040 2643 4114 principatum
2670 4041 2889 4098 electis.

2137 4134 2205 4187 Ut
2233 4130 2583 4187 rescivimus
2606 4145 2736 4199 vos,
2759 4132 3090 4204 praesulum
3116 4131 3614 4214 reverentissime,
3642 4161 3736 4201 or-

2063 4220 2337 4277 dinatum
2366 4220 2491 4275 fore
2520 4219 2687 4275 istius
2716 4222 3040 4294 provinciae
3088 4228 3404 4296 rectorem,
3452 4233 3733 4303 sperabo,-

2066 4327 2223 4378 mus,
2251 4308 2413 4366 velut
2439 4313 2497 4364 et
2525 4308 2725 4366 adhuc
2756 4326 2899 4384 spes
2924 4316 3134 4370 nostra
3160 4318 3251 4371 est
3274 4315 3420 4386 ﬁxa,
3447 4319 3734 4377 divinitus

2065 4400 2376 4475 provisum
2416 4415 2549 4456 esse
2595 4416 2705 4457 vos
2728 4402 2986 4475 ophanis
3042 4404 3209 4461 haud
3262 4406 3460 4462 minus
3501 4412 3735 4479 patrem

2066 4494 2125 4547 et
2148 4490 2507 4562 adjutorem,
2536 4505 2727 4563 quam
2753 4492 3067 4549 monachis
3096 4508 3207 4563 pro
3233 4492 3366 4563 ipsa
3390 4494 3735 4552 excellentia

2065 4584 2279 4637 vestrae
2308 4578 2541 4654 pietatis
2568 4580 2808 4652 asylum
2838 4597 2909 4637 ac
2924 4581 3321 4637 defensorem.
3337 4581 3561 4637 Verum
3582 4598 3731 4655 prae-

2069 4669 2258 4740 dium,
2289 4668 2455 4743 quod
2482 4668 2753 4739 largitus,
2802 4672 2892 4725 est
2949 4672 3145 4726 Caesar
3187 4667 3491 4725 Heinricus
3548 4672 3727 4743 regiae

2068 4759 2411 4817 donationis
2436 4759 2642 4815 charta
2689 4756 3045 4815 stabiliendo
3092 4762 3296 4813 nostro
3340 4761 3725 4829 monasterio,

1995 4882 2040 4936 Β
2070 4854 2136 4907 ut
2164 4866 2201 4906 a
2229 4848 2598 4922 quibusdam
2626 4846 2947 4903 didicimus
2972 4845 3071 4902 vix
3098 4846 3419 4915 credendo,
3466 4864 3503 4904 a
3529 4855 3729 4907 vestro

2068 4940 2441 4997 devastatum
2501 4935 2677 4992 nobis
2732 4935 3109 4993 abalienatur
3164 4935 3436 5009 imperio.
3512 4939 3729 4997 Arbitri

2066 5045 2209 5085 vero
2264 5029 2442 5082 testes
2522 5024 2883 5080 adhibentur
2956 5024 3017 5080 in
3072 5024 3187 5080 hoc
3244 5023 3433 5082 fundo
3488 5027 3635 5083 nihil
3690 5046 3730 5086 a

2066 5115 2243 5174 nobis
2295 5130 2424 5170 esse
2473 5118 2854 5187 usurpatum,
2908 5113 3022 5170 nisi
3073 5113 3239 5187 quod
3294 5116 3545 5173 Caesaris
3584 5132 3731 5188 prte-

2068 5207 2241 5277 cepto
2269 5202 2348 5258 ab
2378 5202 2527 5275 ipsis
2565 5206 2773 5259 nostro
2829 5202 3105 5259 cmnobio
3156 5219 3294 5259 cum
3342 5205 3597 5261 termino
3639 5212 3731 5262 est

2067 5295 2615 5366 praemonstratum,
2645 5295 2825 5364 atque
2854 5291 2917 5347 in
2941 5292 3259 5366 praesentia
3302 5294 3479 5350 vestri
3528 5296 3731 5350 vestri-

2067 5397 2185 5455 que
2217 5380 2489 5437 advocati
2518 5380 2776 5450 legitime
2804 5379 3130 5438 ﬁrmatum.
3187 5381 3317 5446 Qua
3374 5382 3449 5437 de
3493 5397 3555 5438 re
3602 5383 3733 5457 qui-

2069 5472 2210 5530 dem
2240 5487 2625 5545 summopere
2652 5469 3055 5540 eﬂlagitamus
3080 5485 3191 5543 pro
3220 5470 3465 5527 nomine
3488 5471 3671 5529 Domi

2071 5567 2251 5637 atque
2277 5577 2484 5621 amore
2517 5565 2575 5621 S.
2602 5559 2849 5630 Quirini,
2880 5574 2991 5636 nec
3018 5574 3142 5617 non
3165 5558 3245 5618 ob
3291 5564 3503 5621 vesti.
3537 5574 3608 5621 re
