3988 6182
359 65 493 137 1319

1425 69 1795 130 ELLINGERI
1835 71 2124 128 ABBATIS
2163 63 2705 159 TEGERNSENSIS.

3665 78 3794 130 1320

352 204 523 261 dium
560 202 798 275 animas,
830 217 936 257 seu
967 203 1298 255 vestrorum
1326 200 1665 271 parentum,
1707 198 2007 268 quatenus
2040 197 2088 249 A
2119 210 2256 251 mus
2314 196 2446 254 vitae
2498 194 2763 267 alimenti
2828 195 3248 252 ministerium.
3309 196 3424 253 Sed
3476 195 3651 252 dicat
3700 196 3795 254 ali-

352 298 559 349 nostro
588 304 977 363 nequaquam
1004 287 1371 343 monasterio
1410 284 1768 359 praecipiatis
1820 283 2008 338 ullum

351 382 478 438 ﬁeri
507 380 953 443 detrimentum.

1136 505 1219 557 IV.

355 616 447 671 Ad
473 616 574 685 N.,
606 620 669 669 ut
695 613 949 681 videtur,
982 611 1702 681 archiepiscopum,cujus
1733 622 2005 665 aversum

501 708 724 774 praeter
751 716 911 770 spem
941 702 1207 757 animum
1234 713 1592 767 recuperare
1619 697 1861 767 satagit.

418 837 473 892 an
512 825 827 882 Excellenti
855 824 1207 898 pontiﬁcum
1227 822 1579 893 dignitatem
1599 820 2008 877 venerandam

348 913 756 972 sanctimoniae
813 929 919 985 per
972 912 1398 968 sublimitatem
1460 920 1513 974 at
1562 914 1901 983 postremus
1946 908 2007 964 in

345 1004 553 1060 ordine
580 1003 870 1059 abbatum
903 1000 1155 1057 caelestis
1185 1000 1337 1055 aulae
1366 1005 1663 1056 senatum.

416 1090 758 1163 Praeceptis,
784 1089 1264 1162 patriarcharum
1303 1086 1798 1156 reverentissime,
1849 1102 2005 1142 sem-

345 1196 452 1253 per
481 1194 689 1251 parere
719 1194 858 1233 cum
889 1177 1255 1232 studuissem
1286 1181 1492 1233 vestrae
1523 1178 1582 1232 in
1615 1175 1898 1231 omnibus
1928 1174 2008 1230 al-

345 1268 585 1336 mitatis,
613 1266 796 1323 veluti
825 1266 973 1321 dum
1005 1266 1157 1321 divae
1188 1266 1435 1338 quidem
1464 1264 1768 1321 memoriae
1797 1270 2006 1320 vestrae

346 1357 551 1414 matris
576 1355 818 1413 obedivi
839 1356 1144 1428 imperatis
1175 1355 1338 1428 apud
1365 1359 1592 1411 curtem
1620 1354 1797 1425 regis,
1818 1369 2007 1427 quan-

344 1448 423 1503 do
453 1464 489 1503 a
517 1451 715 1502 vestra
734 1445 1087 1518 paternitate
1118 1444 1383 1515 ﬂagitavi
1414 1443 1763 1500 missionem
1800 1459 1872 1499 ac
1900 1443 2005 1498 be-

2121 284 2258 356 quis
2288 301 2325 341 a
2353 291 2559 343 nostra
2588 283 2899 359 poscendo
2927 284 3175 357 familia,
3231 284 3295 340 in
3340 284 3444 341 illo
3496 300 3617 341 nos
3670 285 3795 343 loco

2119 374 2366 446 petitam
2416 375 2591 432 vobis
2636 374 2978 431 servitutem
3007 390 3186 448 posse
3211 374 3503 431 obtinere.
3568 375 3795 431 Idcirco

2120 461 2496 521 conducibile
2522 468 2613 521 est
2658 463 2738 520 ad
2783 463 2848 520 id
2884 463 3196 521 veritatem
3221 462 3601 537 respondere
3632 464 3795 536 quod

2119 550 2181 606 in
2204 551 2483 623 proximo
2513 551 2783 609 Paschali
2813 557 3081 626 tempore
3111 569 3220 625 per
3245 557 3525 609 nostram
3546 570 3801 623 magno-

2117 655 2258 712 pere
2286 640 2621 712 ﬂagitando
2644 642 3007 713 legationem
3058 658 3094 698 a
3138 642 3357 698 nostris
3402 642 3799 714 nequivimus

2117 727 2402 786 ministris
2428 730 2619 786 ullum
2645 730 3135 804 supplementum
3178 730 3365 787 nostri
3395 731 3671 786 coenobii
3722 731 3795 786 ad

2117 820 2633 877 restaurationem.
2668 822 2749 876 De
2776 825 2988 877 caetero
3016 825 3290 877 nostrum
3337 819 3627 876 misimus
3659 820 3796 877 illuc

2114 908 2415 978 nuntium,
2467 914 2767 983 quatenus
2816 914 3022 966 nostro
3089 909 3398 982 praecipiat
3462 910 3794 982 praeposito

2116 1013 2331 1069 parare
2361 999 2708 1073 hospitium,
2740 1015 2852 1056 nec
2877 1015 3000 1055 non
3029 1015 3210 1055 omne
3240 998 3408 1072 quod
3457 1001 3661 1071 possit
3691 999 3795 1056 im-

2114 1087 2341 1159 pendat
2364 1089 2536 1145 vobis
2566 1089 2893 1146 servitium.
2927 1089 3148 1145 Valete.
3490 1110 3497 1115 ’

2906 1181 2990 1234 Vl.

2114 1266 2216 1321 Ad
2245 1268 2535 1339 eumdem,
2580 1270 2742 1338 forte
2787 1270 3107 1325 Nitkerum
3163 1269 3507 1338 episcopum
3563 1270 3793 1325 Frisiu-

2183 1357 2546 1425 gensem,cui
2571 1358 2886 1427 quemdam
2903 1356 3275 1413 commendat
3299 1358 3407 1427 qui
3436 1357 3792 1428 beneﬁcium

2184 1445 2461 1501 amittere
2487 1446 2714 1502 debeat.

342 1537 780 1603 nedictionem;
836 1536 1020 1591 miror
1071 1551 1176 1590 cur
1218 1550 1325 1606 per
1372 1539 1602 1590 tantam
1651 1550 1687 1589 a
1713 1532 1883 1588 vobis
1913 1532 2003 1588 di-
2032 1548 2077 1602 Β
2184 1545 2239 1598 ἢεί
2276 1536 2509 1591 Domno
2538 1538 2602 1591 N.
2636 1534 3018 1592 desiderabili
3037 1535 3391 1592 meritorum
3413 1537 3789 1604 sanctuario,

342 1626 565 1682 missus
608 1625 719 1680 sim
772 1624 1268 1693 indignationem.
1315 1624 1579 1697 ldipsum
1629 1622 1805 1693 igitur
1856 1621 2003 1678 mihi

342 1713 809 1789 improperando
839 1713 1187 1783 objecerunt
1219 1712 1335 1768 mei
1362 1712 1703 1777 familiares,
1749 1727 1873 1766 non
1906 1727 2002 1767 so-

341 1803 469 1858 lum
500 1802 604 1858 viri
639 1803 974 1871 seaculares,
1017 1802 1119 1855 sed
1151 1803 1326 1856 etiam
1362 1800 1750 1870 cmnobiales,
1810 1805 1872 1855 ut
1900 1800 2003 1871 qui

340 1892 629 1947 hactenus
662 1895 871 1944 vestrae
903 1895 1180 1961 expertus
1221 1907 1353 1945 sum
1388 1890 1619 1962 pietatis
1669 1888 1998 1944 adminicu-

339 1979 465 2034 lum
523 1994 593 2033 ac
646 1982 1003 2050 respectum,
1056 1978 1311 2049 qualiter
1360 1978 1420 2031 in
1466 1982 1699 2033 tantum
1738 1981 2003 2032 vestrum

340 2066 809 2140 promeruissem
861 2067 1232 2138 despectum.
1294 2071 1419 2122 Non
1450 2066 1661 2135 ignoro
1690 2066 1915 2138 quippe
1940 2065 2001 2121 in

294 2200 303 2205 -
340 2156 679 2212 sanctuario
708 2156 884 2212 vestri
936 2156 1190 2228 pectoris
1228 2155 1595 2211 reconditam
1644 2171 1771 2210 esse
1803 2155 2001 2210 omnis

339 2247 597 2303 scientiae
654 2245 1043 2315 afﬂuentiam,
1099 2246 1401 2319 hujusque
1455 2245 1654 2318 scripti
1704 2262 1715 2299 :
1765 2247 1999 2313 Quanto

339 2353 592 2407 magnus
623 2352 701 2403 es,
736 2338 990 2392 humilia
1021 2342 1077 2391 te
1102 2338 1162 2390 in
1191 2336 1480 2405 omnibus,
1507 2334 1654 2390 inibi
1670 2334 1873 2390 defore
1895 2350 1998 2390 ne-

339 2426 709 2495 gligentiam.
741 2429 821 2481 Ex
848 2425 962 2480 hoc
993 2424 1202 2481 difﬁdo
1242 2430 1450 2480 vestrae
1504 2424 1583 2479 ob
1633 2423 1997 2491 magnitudi-

336 2530 478 2570 nem
508 2515 839 2586 majestatis
866 2513 1147 2569 vilitatem
1175 2531 1322 2569 meae
1355 2512 1652 2569 annullari
1682 2518 1999 2584 pauperta-

337 2604 432 2660 tis.
465 2608 541 2660 De
574 2609 786 2660 caetero
818 2609 955 2659 ante
1008 2609 1214 2659 vestrae
1269 2602 1696 2659 dominationis
1743 2618 1994 2674 conspe-

336 2699 517 2753 ctum.
552 2693 599 2748 si
628 2692 997 2748 famulamen
1038 2708 1241 2746 meum
1292 2691 1462 2745 fuerit
1511 2695 1846 2761 acceptum,
1905 2690 1993 2746 di-

336 2782 601 2851 gnemini
632 2781 906 2849 detegere
937 2796 1086 2835 mea!
1108 2780 1390 2835 ruborem
1408 2784 1585 2835 tantae
1601 2779 1991 2848 confusionis,

2111 1622 2296 1693 digno
2321 1622 2735 1695 apostolorum
2759 1622 2998 1691 vicario,
3032 1626 3117 1691 E.,
3171 1629 3309 1697 post
3362 1625 3555 1695 hujus
3595 1624 3790 1680 exsilii

2110 1710 2438 1767 incolatum
2469 1710 2721 1766 caelestis
2748 1710 2957 1784 patriae
2988 1717 3284 1768 senatum.

2182 1799 2566 1856 Praesentium
2596 1799 2808 1856 allator
2834 1800 3165 1857 litterarum
3194 1806 3401 1857 vestrae
3428 1801 3489 1857 in
3524 1817 3784 1873 conspe-

2111 1894 2210 1945 ctu
2238 1888 2667 1945 dominationis
2694 1888 2922 1963 aliquid
2951 1889 3147 1946 valere
3197 1906 3448 1963 sperans
3498 1907 3657 1946 mem
3682 1907 3780 1946 co-

2108 1995 2332 2035 namen
2353 1979 2790 2052 postulationis,
2823 1980 3041 2036 obnixe
3071 1980 3238 2036 haud
3262 1980 3523 2037 cessavit
3561 1981 3778 2054 depre-

2110 2068 2231 2124 cari
2261 2084 2397 2123 mea
2424 2074 2638 2124 vestrae
2665 2068 3005 2142 paternitati
3032 2069 3329 2140 legatione
3372 2086 3438 2125 se
3463 2086 3779 2126 commen-

2109 2155 2258 2213 dari.
2295 2159 2425 2222 Qua
2453 2156 2528 2212 de
2554 2173 2616 2212 re
2646 2173 3013 2230 magnopere
3038 2157 3300 2227 efﬂagito
3332 2163 3583 2231 propter
3620 2159 3779 2215 Chri-

2112 2244 2186 2300 sti
2215 2261 2508 2308 amorem,
2542 2245 2781 2318 meique
2812 2246 3224 2302 famulaminis
3251 2246 3332 2302 ob
3361 2247 3771 2314 devotionem,

2107 2338 2405 2406 quatenus
2430 2334 2622 2406 ipsius
2667 2334 2998 2404 dignemini
3048 2336 3493 2409 querimoniam
3538 2337 3771 2392 auscul-

2106 2428 2250 2494 tare,
2283 2428 2340 2480 et
2363 2423 2441 2480 ad
2473 2424 2566 2479 sui
2597 2423 2847 2480 senioris
2876 2424 3216 2480 dominium
3244 2424 3405 2480 illius
3438 2425 3771 2496 subrogare

2106 2513 2358 2569 miseria:
2390 2519 2652 2569 vestrum
2676 2518 3017 2591 praepotens
3047 2514 3470 2586 patrocinium.
3528 2518 3771 2572 Paterno

2105 2602 2349 2674 quidem
2398 2603 2532 2672 jure
2572 2602 2956 2671 beneﬁcium,
3010 2604 3057 2658 si
3109 2602 3228 2658 dici
3277 2603 3369 2659 fas
3401 2607 3515 2674 est,
3570 2604 3686 2660 sibi
3715 2606 3767 2660 in

2102 2689 2515 2745 haereditatem
2545 2690 2850 2761 collatum,
2882 2690 3217 2747 assiduisve
3244 2708 3385 2748 cum
3414 2692 3766 2748 muneribus

2102 2776 2180 2832 ab
2210 2777 2511 2850 episcopis
2536 2778 2838 2851 prioribus
2867 2784 3307 2853 comparatum,
3348 2785 3629 2835 vestrum
3660 2780 3763 2836 nisi

334 2869 555 2923 scilicet
601 2868 934 2922 intimando
978 2869 1203 2923 fontem
1246 2884 1568 2923 causamve
1597 2867 1858 2939 praefatae
1888 2868 1992 2923 de-
2025 2909 2064 2963 Ο
2102 2865 2541 2922 adminiculum
2570 2868 2766 2924 eidem
2795 2868 3128 2936 auxilietur,
3170 2884 3208 2924 a
3238 2885 3303 2924 se
3328 2869 3608 2925 funditus
3632 2869 3763 2925 alie-

332 2953 671 3024 spectionis.
737 2957 815 3009 Ex
866 2955 978 3009 hoc
1024 2970 1165 3010 vero
1214 2955 1459 3010 evidens
1492 2954 1788 3025 judicium
1817 2955 1994 3012 datur
2029 2953 2064 2963 “
2100 2954 2231 3010 nari
2256 2959 2509 3010 veretur.
2546 2956 2853 3026 Sagacitas
2883 2972 3026 3013 vero
3057 2955 3224 3013 vobis
3268 2956 3505 3012 caelitus
3549 2957 3759 3026 infusa,

330 3058 428 3098 me
456 3043 582 3098 haec
612 3042 694 3099 ita
723 3046 1036 3100 autumare
1067 3043 1301 3117 absque
1340 3043 1628 3109 falsitatis,
1661 3044 1806 3118 quia
1852 3062 1990 3102 cum

329 3149 499 3190 meas
558 3137 1003 3207 prosternerem
1056 3150 1264 3207 preces
1310 3139 1524 3191 vestrae
1557 3133 1617 3190 in
1670 3135 1994 3208 praesentia

331 3221 674 3291 sanctitatis,
703 3226 947 3295 propter
974 3222 1235 3279 ﬂebilem
1274 3223 1455 3294 hujus
1512 3222 1809 3279 combusti
1857 3240 1988 3280 mo-

326 3314 568 3370 nasterii
621 3315 1055 3383 necessitatem,
1114 3315 1335 3371 nullius
1387 3314 1594 3370 auxilii
1631 3318 1988 3370 consecutus

326 3418 462 3458 sum
490 3403 975 3475 propitiationem
1002 3402 1097 3458 vel
1127 3402 1497 3459 charitatem.

1120 3530 1182 3582 V.

320 3630 420 3686 Ad
440 3631 519 3687 N.
550 3633 906 3702 episcopum,
937 3634 1099 3701 forte
1148 3631 1467 3687 Nitherum
1511 3631 1978 3699 Frisingensem,

440 3733 611 3791 quem
635 3734 696 3775 se
723 3719 796 3775 de
818 3732 940 3774 non
972 3732 1242 3773 concesso
1264 3718 1571 3787 frumento
1601 3723 1868 3773 excusat.

390 3844 817 3918 Amplectendo
874 3844 1222 3900 meritorum
1277 3841 1637 3909 sanctuario,
1683 3842 1981 3913 condigne

318 3935 644 4007 subrogato
702 3934 916 3991 Christi
960 3932 1204 3996 vicario,
1237 3946 1292 4001 at.
1337 3932 1550 3989 Christi
1602 3933 1793 4003 gratia
1822 3949 1979 3990 curae

317 4023 586 4079 custodis
614 4024 956 4095 deputatus,
988 4021 1241 4079 caelestis
1272 4021 1496 4091 gaudia
1525 4021 1840 4078 incolatus.

388 4115 640 4169 Omnem
688 4128 823 4185 quae
869 4112 1085 4186 poterit
1110 4110 1474 4167 devitionem
1520 4110 1792 4184 impendi
1837 4111 1977 4167 affe-

315 4199 494 4256 ctioni
518 4200 695 4257 ullius
723 4202 922 4271 amici,
955 4202 1329 4269 conﬁtemur,
1375 4200 1581 4272 quoad
1626 4200 1972 4271 vixerimus,

2096 3042 2312 3115 poterit
2340 3044 2604 3101 celeriter
2631 3045 2997 3115 examinare,
3056 3046 3219 3101 hunc
3266 3045 3417 3101 nihil
3465 3046 3528 3101 in
3559 3046 3673 3103 hac
3697 3061 3757 3101 re

2096 3135 2305 3188 contra
2328 3132 2567 3202 justitiae
2594 3149 2873 3190 normam
2902 3133 3224 3206 postulare.

2867 3225 2980 3279 Vll.

2093 3310 2191 3366 Ad
2230 3312 2291 3367 V.
2326 3312 2597 3369 abbatem
2629 3328 2665 3369 a
2691 3329 2807 3386 quo
2848 3315 3077 3383 fratres
3125 3320 3364 3370 revocat
3414 3314 3486 3368 ob
3536 3314 3759 3371 adven-

2164 3406 2291 3456 tum
2312 3402 2573 3472 episcopi
2595 3403 2998 3475 Frisingensis
3023 3404 3243 3475 iniquis
3290 3419 3432 3473 erga
3476 3419 3541 3459 se
3584 3404 3755 3459 dela-

2164 3490 2422 3547 tionibus
2452 3493 2813 3561 exasperati.

2162 3580 2223 3633 V.
2256 3579 2553 3636 abbatum
2581 3581 2890 3637 decoranti
2919 3580 3336 3638 sublimitatem
3358 3595 3464 3653 per
3488 3594 3745 3636 omnem

2087 3664 2375 3723 virtutum
2403 3668 2816 3753 capacitatem,
2852 3672 2938 3742 E.,
2965 3670 3212 3728 ultimus
3242 3669 3752 3737 Christicolarum,

2089 3754 2316 3825 gaudia
2346 3756 2772 3814 caelicolarum.
2905 3757 2908 3760 ’

2159 3847 2307 3902 Cum
2329 3850 2604 3902 nostrum
2632 3851 2794 3903 esset
2820 3847 2968 3904 velle
2989 3852 3189 3905 vestro
3215 3849 3559 3906 satisfacere
3596 3848 3758 3905 desi-

2085 3933 2271 4004 derio,
2304 3936 2652 4010 repentinus
2680 3938 2869 3994 nostri
2896 3938 3173 3995 antistitis
3206 3939 3509 3997 adventus
3548 3944 3757 3996 nosu'o

2086 4022 2428 4094 publicatus
2452 4026 2838 4095 monasterio,
2870 4030 3109 4083 nostros
3137 4026 3373 4096 fratres,
3423 4032 3625 4085 vestro
3654 4028 3759 4084 ad-

2083 4110 2274 4168 dictos
2305 4113 2562 4182 servitio,
2594 4114 2753 4185 cogit
2775 4131 2888 4171 nos
2915 4131 3162 4189 poscere
3184 4119 3404 4173 nostra:
3431 4117 3755 4172 remissum

2080 4199 2141 4256 in
2194 4202 2677 4274 congregationis
2722 4205 3080 4278 paupertati,
3134 4204 3497 4279 priusquam
3550 4210 3758 4262 vestrm

312 4290 449 4347 totis
480 4291 793 4348 annisibus
825 4291 1042 4348 nostris
1071 4307 1182 4364 par
1211 4306 1346 4347 esse
1376 4290 1550 4347 vobis
1582 4289 1801 4358 addici,
1832 4290 1975 4364 quia
2000 4289 2046 4310 ν
2079 4291 2447 4364 promissum
2473 4297 2629 4349 esset
2653 4294 2943 4351 charitati.
2978 4295 3194 4351 Delatte
3224 4295 3499 4369 quidem,
3558 4301 3627 4352 ut
3675 4312 3761 4352 re—

317 4379 735 4437 muniﬁcentiaa
763 4386 978 4438 vestrae
1005 4378 1353 4437 excellentia
1382 4379 1675 4453 perdigna
1718 4384 1807 4435 est
1829 4379 1975 4436 inte-

310 4469 482 4525 rioris
532 4487 639 4527 seu
680 4469 983 4528 exterioris
1033 4473 1248 4526 cuncta
1290 4468 1575 4526 famulicii
1616 4468 1969 4541 frequentia.

314 4561 525 4616 Verum
548 4560 762 4632 ingerit
788 4560 964 4618 nobis
989 4559 1273 4616 ruborem
1299 4557 1669 4615 confusionis
1690 4559 1802 4613 has
1827 4574 1971 4630 prae-

310 4650 530 4706 sentari
556 4650 780 4707 litteras
810 4654 1022 4707 vestrae
1053 4648 1405 4722 conspectui
1452 4647 1803 4704 dilectionis.
1855 4651 1971 4704 Nos

307 4738 555 4811 quidem
583 4740 758 4796 vestri
785 4739 1258 4810 magnitudinem
1287 4737 1563 4795 beneﬁcii
1586 4736 1754 4794 haud
1792 4752 1970 4811 posse

307 4828 664 4902 mquiperari
720 4829 843 4886 ulla
888 4829 1078 4886 nostri
1135 4827 1491 4891 assiduitate
1536 4826 1751 4884 servitii
1795 4826 1967 4898 [fate-

306 4920 485 4990 mur].
520 4920 649 4985 Qua
677 4919 751 4975 de
780 4935 843 4975 re
874 4918 1097 4974 scilicet
1130 4918 1259 4989 ejus
1292 4917 1698 4974 testimonium
1721 4916 1967 4972 invoca-

304 5010 421 5079 tur,
450 5008 556 5082 qui
585 5013 939 5065 cunctorum
970 5011 1196 5064 secreta
1225 5006 1495 5063 cordium
1526 5007 1798 5079 rimatur,
1820 5021 1968 5079 quo-

303 5097 469 5155 niam
498 5096 557 5153 in
583 5096 716 5153 loco
747 5096 975 5153 avobis
1013 5094 1371 5168 praetitulato
1425 5095 1747 5150 exhibendi
1800 5094 1967 5151 nulla

303 5186 554 5242 facultas
582 5185 855 5257 obsequii
894 5182 1443 5241 acccommodatur.
1490 5186 1759 5239 Vestram
1790 5199 1964 5240 nam-

301 5292 420 5350 que
440 5274 880 5332 intimationem
897 5290 1076 5348 super
1091 5273 1207 5329 hoc
1231 5272 1471 5343 negotio
1489 5271 1539 5328 si
1552 5272 1960 5340 rescissemus,

302 5365 659 5439 priusquam
699 5364 841 5421 inde
890 5380 1070 5421 omne
1101 5363 1469 5419 frumentum
1529 5361 1747 5419 auferri
1780 5362 1962 5434 jussi-

2081 4379 2390 4452 scivimus,
2430 4382 2504 4438 de
2533 4383 2648 4439 hoc
2681 4383 2959 4441 coenobio
3006 4383 3173 4441 falsae
3226 4384 3439 4456 lingua
3496 4386 3763 4443 adulan-

2077 4468 2229 4525 tium
2255 4469 2719 4541 criminationes,
2753 4472 2994 4544 ejudem
3025 4473 3347 4530 adversum
3373 4490 3490 4531 nos
3520 4491 3763 4548 praesu-

2072 4557 2146 4614 lis
2193 4559 2515 4617 nonnullas
2562 4560 2771 4618 dolose
2826 4562 3150 4620 conﬂando
3196 4564 3569 4620 machinata:
3622 4572 3771 4622 sunt

2072 4646 2535 4720 indignationes.
2570 4651 2699 4716 Qua
2730 4651 2804 4706 de
2833 4666 2896 4707 re
2925 4668 3294 4726 magnopere
3317 4651 3768 4723 eﬂlagitamus,

2073 4737 2218 4811 quia
2246 4738 2309 4794 in
2332 4744 2594 4796 vestram
2646 4741 3025 4813 peculiariter
3066 4742 3499 4812 benignitatem
3551 4761 3770 4818 spera-

2071 4843 2229 4895 mus,
2257 4828 2471 4884 vestris
2500 4833 2800 4902 quatenus
2818 4830 3317 4888 commendatitiis
3347 4831 3520 4905 apud
3548 4832 3773 4908 ipsum

2070 4915 2299 4982 litteris,
2359 4922 2464 4974 aut
2518 4917 2921 4988 legationibus
2967 4920 3031 4976 id
3081 4919 3376 4977 efﬁciatur
3407 4964 3422 4990 ,
3489 4923 3771 4995 quando

2070 5005 2186 5062 hoc
2238 5004 2611 5063 domicilium
2672 5025 2781 5064 suo
2839 5009 3115 5082 primitus
3158 5010 3438 5079 ingressu
3486 5009 3560 5066 in
3614 5028 3775 5085 prae-

2069 5096 2396 5152 sentiarum
2452 5097 2798 5170 illustratur,
2858 5099 2950 5155 sui
3002 5098 3239 5157 turbine
3288 5098 3540 5156 terroris
3572 5143 3595 5174 ,
3684 5119 3763 5161 ne

2069 5184 2412 5242 ditfametur
2460 5186 2554 5243 vel
2600 5187 2923 5260 quatiatur.
2981 5181 3230 5261 lnsu'per
3302 5193 3583 5247 vestram
3656 5208 3769 5247 cu-

2068 5273 2271 5347 pimus
2325 5274 2677 5333 aﬂinitatem
2731 5277 2845 5334 hoc
2896 5277 3009 5334 sibi
3050 5277 3367 5346 consiliari,
3400 5282 3765 5350 pastorem,
3852 5330 3863 5339 .

2066 5361 2173 5435 qui
2230 5365 2431 5435 posuit
2489 5365 2757 5422 animam
2809 5381 2919 5438 pro
2978 5382 3088 5422 suo
3154 5381 3354 5438 grege,
3414 5369 3482 5422 ut
3531 5367 3767 5440 digne-

302 5468 459 5525 mus,
483 5469 607 5510 non
634 5452 800 5509 aliter
832 5457 1041 5510 vestrae
1072 5451 1517 5508 studuissemus
1544 5449 1961 5525 postulationis
2063 5454 2158 5508 tur
2181 5450 2420 5523 imitari,
2450 5456 2629 5526 atque
2660 5454 2753 5510 sui
2779 5454 3111 5526 patrocinio
3132 5455 3291 5529 asyli
3324 5454 3764 5517 coadunatum

297 5542 586 5618 perﬁcere
614 5541 999 5610 desiderium,
1030 5558 1218 5616 quam
1242 5541 1292 5598 si
1320 5540 1578 5615 propriae
1606 5538 1961 5615 praebuisse-

2066 5543 2345 5600 tuneatur
2392 5541 2570 5613 ovile,
2621 5560 2697 5599 ne
2753 5543 3003 5618 aliquod
3055 5543 3376 5603 discidium
3412 5545 3542 5603 sive
3576 5562 3766 5605 scan-
