4020 6176
215 180 352 239 i321

1168 178 1491 275 IlDALRlCl
1530 178 1828 240 ABBATIS
1863 176 2341 240 TEGERSENSIS
2379 187 2754 245 EPISTOLE.

3539 204 3681 263 1322

216 304 429 363 dalum
461 304 734 379 patiatur
760 303 1003 375 hostile,
1056 305 1259 380 sicque
1316 308 1546 382 liquido
1608 296 1902 381 appareat
1937 333 1983 385 Α
2011 320 2134 380 que
2166 307 2448 365 collatam
2476 309 2591 366 sibi
2616 311 2901 370 divinitus
2931 315 3218 387 pontiﬁcii
3264 322 3681 386 excellentiam

214 396 398 453 vestri
427 394 937 468 consanguinitas
969 410 1111 466 erga
1143 414 1203 454 se
1229 400 1440 471 quanti
1464 399 1678 455 valeat.
1718 401 1898 454 Nam-

2006 414 2121 471 par
2148 402 2239 454 est
2269 399 2545 455 coronari
2571 417 2679 472 per
2705 405 3144 477 compassionis
3165 407 3569 473 clementiam.

216 563 3674 597 Mm

988 726 1688 815 EPITAPHIUM
1778 704 2386 816 ELLINGERI
2468 731 2940 821 ABBATIS

1308 908 1586 979 (Haeme,
1613 908 1891 967 Analect.
1915 924 2054 966 nov.
2083 908 2252 977 edit,
2278 923 2419 982 pag.
2449 912 2599 979 437.)

1738 1058 2158 1073 ῌ

228 1201 331 1258 Hic
360 1200 633 1272 Eliingcri
664 1204 997 1257 noscuntur
1026 1202 1313 1259 membra
1342 1203 1550 1273 teneri,

303 1292 411 1359 Qui
441 1307 580 1347 cum
605 1291 835 1363 justitia
863 1296 1184 1364 respueret
1210 1292 1369 1348 vitia.

232 1381 486 1441 Moribus
513 1380 807 1439 abbatum
836 1379 1059 1437 sanctis
1089 1381 1393 1438 decorans
1425 1382 1828 1452 dominatum,

305 1474 452 1529 Cum
478 1470 696 1545 pietate
721 1470 908 1544 patrie
930 1470 1261 1543 praefuerat
1285 1472 1625 1528 monachis.

231 1558 504 1631 Pervigili
534 1575 679 1617 cura
711 1558 841 1616 tulit
865 1557 1116 1615 asseclis
1148 1560 1422 1617 nocitura
1456 1577 1469 1616 :

308 1649 689 1706 Leetiﬂcando
730 1649 954 1722 probos
986 1649 1280 1720 corripuit
1310 1650 1622 1722 reprobos.

234 1738 475 1796 instruit
494 1738 781 1812 exemplis
804 1742 1055 1795 cunctos
1088 1738 1420 1812 plusquam
1474 1740 1851 1797 documentis
1887 1759 1899 1797 :

307 1828 507 1886 Pravis
545 1827 819 1897 difﬁcilis,
843 1826 1091 1885 mitibus
1123 1832 1179 1885 et
1207 1826 1419 1885 facilis.

232 1919 522 1978 Mundum
546 1919 836 1992 despexit,
867 1919 1015 1974 dum
1047 1919 1250 1974 carnis
1273 1920 1549 1992 pondera
1579 1920 1757 1988 vexit,

309 2009 557 2067 Calcans
583 2024 762 2065 carne
792 2008 1009 2079 solum,
1044 2012 1243 2064 mente
1272 2009 1533 2081 petendo
1562 2009 1793 2082 polum.

227 2097 369 2171 iugi
398 2098 725 2156 multarum
755 2113 816 2154 se
845 2096 1008 2154 fonte
1036 2097 1211 2153 luens
1240 2096 1678 2172 lacrymarum,

308 2191 436 2245 Mox
464 2186 611 2244 laetis
650 2185 837 2244 oculis
863 2186 1118 2243 aﬂuerat
1144 2186 1410 2261 populis.

236 2279 470 2353 Sprevit
488 2278 725 2335 divitias
763 2320 775 2332 .
812 2322 824 2334 .
863 2320 874 2332 .
914 2320 926 2332 .
959 2281 1166 2350 utpote
1197 2278 1432 2334 delutas

305 2369 498 2426 Laetos
517 2368 688 2440 cujus
726 2383 873 2442 opes
899 2366 1293 2440 praestiterant
1316 2367 1550 2441 inopes.

234 2458 430 2531 Hujus
460 2456 774 2515 contritam
800 2456 1093 2513 dederant
1112 2455 1347 2527 jejunia
1373 2457 1579 2513 vitam.

309 2549 563 2619 Largam
592 2546 945 2604 muneribus
968 2542 1197 2619 oppido
1219 2545 1613 2619 pauperibus.

1941 1206 1981 1259 Β
2012 1207 2340 1276 Nunquam
2370 1217 2480 1276 pro
2505 1204 2737 1261 Christo
2764 1206 2864 1263 tali
2893 1223 3138 1266 caruere
3166 1210 3462 1282 ministro,

2085 1293 2261 1359 Quod
2290 1293 2586 1367 populum
2609 1294 2798 1363 latuit,
2828 1296 2937 1354 sed
2967 1298 3220 1356 Domino
3249 1302 3461 1373 patuit.

2014 1385 2085 1439 Ut
2105 1382 2453 1440 dilexissem
2482 1383 2652 1440 illum
2680 1384 3010 1459 plusquam
3030 1389 3389 1460 timuissent,

2083 1471 2349 1528 Blandus
2369 1472 2678 1546 discipulis
2718 1475 2805 1532 sic
2828 1475 2940 1535 fuit
2956 1494 3028 1534 ac
3054 1478 3317 1537 famulis.
3428 1544 3431 1549 l

2014 1561 2257 1618 Nullum
2286 1563 2621 1632 damnavit,
2654 1580 2841 1637 quem
2860 1566 3088 1638 judicio
3119 1569 3423 1643 superavit
3454 1588 3469 1628 :

2082 1651 2283 1707 Solers
2312 1653 2596 1724 consiliis,
2628 1656 2988 1714 commodus
3017 1658 3272 1715 auxiliis.

2011 1739 2256 1808 Mundo,
2276 1741 2428 1797 dum
2458 1741 2624 1811 vixit,
2658 1758 2721 1799 se
2742 1760 2853 1817 pro
2876 1746 3132 1803 Domino
3163 1746 3473 1820 cruciﬁxit,

2083 1829 2339 1886 Gestans
2368 1844 2541 1887 arma
2569 1832 2763 1887 crucis
2788 1833 2922 1889 talis
2952 1850 3160 1892 amore
3188 1835 3380 1892 ducis.

2016 1918 2307 1975 Docti-inae
2332 1918 2530 1975 rivum
2559 1920 2829 1993 prudens
2856 1927 3098 1995 pectore
3117 1925 3345 1995 vivum,

2084 2006 2212 2062 Hoc
2251 2007 2367 2063 sibi
2391 2008 2713 2078 contiguos
2740 2009 2964 2068 fecerat
2992 2011 3269 2084 irriguos.

2014 2095 2364 2152 Fornicibus
2385 2096 2611 2169 pictam
2636 2098 2741 2171 qui
2764 2100 3031 2170 jusserat
3054 2101 3153 2159 hic
3208 2102 3336 2160 fore
3377 2106 3675 2177 cryptam,

2085 2189 2171 2243 Ac
2203 2186 2318 2242 sibi
2341 2186 2602 2244 vicinam
2632 2189 2923 2247 construit
2942 2191 3283 2251 ecclesiam.

2015 2275 2120 2331 Hic
2147 2290 2382 2332 memor
2410 2276 2471 2332 in
2497 2277 2709 2349 primis
2737 2284 3063 2351 percuncta
3087 2281 3329 2352 negotia
3346 2280 3503 2351 ﬁnis,

2086 2365 2350 2422 Crimina
2378 2366 2464 2422 sic
2493 2366 2731 2423 domuit
2753 2384 3006 2441 corpore
3035 2370 3185 2431 dum
3213 2370 3422 2442 viguit.

2014 2458 2164 2512 Pace
2193 2460 2552 2512 coronatum
2581 2456 2711 2513 caeli
2741 2459 3116 2531 requiescere
3140 2461 3374 2533 ﬂatum,

2087 2547 2357 2602 Lectores
2383 2547 2661 2619 precibus
2692 2548 2917 2620 poscite
2937 2550 3337 2624 supplicibus.

990 2720 3668 2783 ὼ

1596 2901 1737 2943 ΑΜΒ
1774 2901 1987 2943 IEDIUM
2026 2902 2313 2945 SECULUM.

1197 3075 2812 3226 UDALRICUS'

1543 3316 1778 3373 ABBAS
1815 3317 2356 3374 TEGERNSENSIS.

1062 3608 1874 3730 UDALRICI
1978 3607 2850 3732 EPISTOL/E.

815 3822 1037 3892 (Edidit
1078 3826 1141 3879 R.
1186 3826 1240 3877 P.
1294 3821 1631 3879 Bernardus
1668 3824 1867 3878 Pezms
1908 3822 2207 3880 Thesauri
2238 3821 2529 3881 Anecdot.
2575 3835 2713 3878 nov.
2758 3823 2821 3889 Τ,
2868 3835 2907 3889 ι,
2954 3820 3103 3891 228.)

1750 3986 2164 4005 ψ*

1058 4137 1079 4189 Ι

1946 4134 1987 4187 C
2014 4131 2356 4189 miserabile
2377 4147 2448 4188 ac
2478 4126 2892 4203 lacrymabile,
2918 4141 3109 4201 quam
3152 4125 3354 4201 plures
3400 4126 3675 4200 ejusdem

250 4228 351 4285 Ad
372 4228 444 4283 P.
478 4227 542 4298 [τ.
574 4225 689 4295 leg.
713 4225 788 4281 N.
812 4176 1100 4281 Νέμεαηᾶ
1123 4238 1213 4293 ῳ.
1238 4223 1531 4296 Frisiug.)
1552 4188 1911 4293 ερεοοορωι,
1950 4176 1984 4187 ν
2014 4176 3280 4295 $51.13;.‘a‘.“uig";;.;;.;‘.a;
3290 4176 3677 4291 ᾖὲοἷεὶῖᾇῖιῖὖ

325 4318 406 4374 ad
430 4332 603 4389 quem
629 4316 956 4372 Bake-rium
986 4314 1292 4381 clericum,
1332 4314 1659 4369 multorum
1718 4313 1913 4368 crimi-

326 4423 471 4462 num
501 4421 668 4462 reum
692 4404 909 4476 defert,
935 4406 1103 4474 eique
1134 4402 1203 4457 G.
1234 4403 1587 4459 canonicum
1618 4401 1822 4471 sufﬁci
1848 4401 1912 4457 in

322 4495 672 4567 parochiali
698 4509 944 4550 munere
971 4498 1167 4563 rogat.

328 4589 388 4641 P.
415 4588 669 4663 cunctos
718 4581 1035 4639 coronanti
1081 4580 1397 4654 pontiﬁces
1452 4583 1674 4637 nostrae
1727 4578 1915 4635 aetatis

257 4674 599 4733 maturitate
626 4671 1081 4747 sapientissimae
1106 4670 1363 4744 pietatis,
1403 4672 1467 4725 ν.
1520 4669 1767 4726 infimus
1808 4669 1916 4726 ab-

257 4766 493 4833 batum,
526 4763 778 4821 caelestis
816 4763 995 4819 curias
1024 4766 1319 4818 senatum.

335 4858 556 4912 Nostrae
582 4852 791 4910 ditioni
829 4852 1109 4908 clericum
1148 4850 1469 4908 Raherium
1521 4848 1916 4919 assignatum,

261 4945 467 5003 multis
524 4943 930 5017 comperimus
986 4940 1336 4997 criminibus
1386 4937 1917 5009 commaculatum,

262 5039 323 5092 et
345 5050 469 5091 non
493 5033 695 5089 minus
717 5031 983 5089 facinore.
1006 5028 1413 5086 fascinationis
1444 5030 1568 5085 fore
1591 5025 1922 5084 exsecrabi-

256 5124 597 5196 lem,quam
633 5121 883 5179 infamia
903 5118 1175 5178 adulterii
1193 5118 1669 5191 vituperabilem.
1697 5120 1780 5172 Ex
1806 5116 1923 5172 hoc

2021 4309 2395 4367 confessione
2430 4315 2486 4366 et
2528 4309 2758 4381 absque
2813 4306 3013 4364 viatici
3059 4306 3507 4380 communione,
3566 4324 3678 4365 nec

2019 4416 2145 4457 non
2162 4400 2344 4457 etiam
2368 4400 2432 4455 in
2455 4397 2798 4473 sepeliendo
2829 4397 2955 4454 sine
2981 4397 3325 4455 animarum
3369 4414 3680 4455 commen-

2021 4489 2280 4545 datione.
2316 4489 2468 4555 Quia
2496 4503 2637 4544 vero
2658 4503 2784 4544 non
2810 4487 3007 4544 solum
3033 4487 3115 4544 rei
3148 4491 3286 4543 sunt
3313 4486 3675 4560 quifaciunt,

2024 4578 2131 4636 sed
2157 4579 2262 4653 qui
2291 4578 2672 4636 consentiunt
2705 4576 3081 4646 facientibus,
3127 4579 3306 4647 atque
3360 4574 3439 4630 ad
3491 4574 3682 4646 magi-

2025 4670 2215 4727 strum
2244 4667 2485 4742 respicit
2510 4665 2813 4742 quidquid
2842 4681 2879 4722 a
2928 4658 3241 4736 discipulis
3292 4662 3677 4735 delinquitur,

2027 4773 2137 4830 pro
2163 4757 2383 4814 talibus
2413 4756 2692 4812 dolemus
2729 4751 3105 4822 negligentiis
3135 4755 3521 4823 peccatorum
3570 4766 3680 4808 no-

2024 4846 2120 4903 bis
2140 4844 2507 4904 accumulari
2538 4850 2953 4912 augmentum,
2984 4844 3369 4914 vestramque
3405 4856 3683 4897 veremur

2030 4936 2401 4993 sanctitatem
2433 4930 2680 5005 aliquod
2717 4930 2797 4987 ob
2818 4929 2879 4985 id
2936 4930 3060 5002 pati
3100 4930 3317 4987 animae
3361 4929 3686 4986 detrimen-

2026 5029 2178 5081 tum.
2213 5021 2502 5089 Quocirca
2525 5034 2652 5087 vos,
2713 5017 3094 5075 dilectissime
3145 5021 3331 5088 Pater,
3387 5018 3686 5091 supplices

2030 5111 2450 5182 eﬂlagitamus,
2481 5111 2780 5182 quatenus
2824 5110 3021 5163 vestro
3067 5108 3358 5164 canonico
3413 5109 3474 5163 G.
3526 5107 3685 5163 hanc

262 5195 513 5289 quidem
564 5212 731 5270 haud
782 5212 1133 5283 ignoramus
1193 5207 1307 5263 sibi
1367 5208 1692 5264 commisso
1759 5205 1925 5277 gregi
2032 5199 2494 5258 ecclesiasticam
2520 5214 2655 5253 cum
2697 5200 2907 5253 nostra
2944 5196 3170 5253 familia
3217 5212 3424 5253 curam
3452 5195 3688 5252 interim

262 5303 681 5377 exemplorum
712 5300 1105 5358 aediﬁcatione
1134 5296 1282 5354 nihil
1308 5297 1469 5353 hunc
1494 5298 1804 5371 prodesse,
1828 5312 1925 5351 ve-

264 5411 403 5451 rum
433 5410 679 5449 suorum
741 5390 1014 5447 anfractu
1069 5404 1338 5445 errorum
1369 5386 1624 5443 multum
1687 5387 1923 5453 obesse,

2033 5288 2490 5360 commendatis,
2544 5288 2752 5360 quoad
2806 5290 3018 5343 vestrm
3074 5286 3241 5342 vocis
3296 5285 3690 5343 collocutione

2034 5384 2302 5438 nostram
2333 5377 2716 5452 praesentiam
2742 5374 3070 5446 laetificetis,
3102 5380 3207 5432 aut
3236 5376 3431 5433 donec
3460 5376 3521 5430 in
3564 5391 3693 5429 ves-

268 5484 670 5556 universaque
694 5482 824 5551 lege
856 5476 1283 5537 Christianismi
1312 5479 1490 5548 atque
1535 5475 1726 5545 gratia
1779 5476 1926 5547 bap-
1965 5494 2007 5548 D
2038 5476 2128 5528 tro
2158 5468 2434 5543 synodali
2465 5467 2704 5523 decreto
2727 5464 3064 5556 dijudicetis
3092 5466 3242 5539 quid
3268 5465 3391 5556 de,
3426 5465 3541 5556 hoc
3596 5480 3696 5519 ne-

268 5572 449 5643 tismi,
478 5554 593 5631 nec
617 5589 740 5630 non
762 5570 941 5629 etiam
962 5584 1076 5643 pro
1104 5568 1230 5624 suis
1256 5565 1447 5641 culpis
1464 5581 1665 5622 carere
1686 5564 1927 5638 plebem
2038 5561 2200 5632 gotio
2230 5557 2599 5616 certitudinis
2624 5555 2913 5613 statuatis.
2939 5559 3209 5629 Namque
3260 5554 3538 5611 institutis
3570 5569 3696 5609 ves-

267 5664 596 5722 missarum
620 5660 977 5720 celebritate.
1008 5663 1157 5716 Nam
1185 5659 1300 5715 hOc
1325 5657 1597 5725 refertur,
1629 5648 1803 5728 quod
1830 5658 1921 5711 est

772 5751 1015 5806 PATROL.
1056 5749 1226 5805 CXLI.

2026 5659 2132 5710 tres
2156 5651 2416 5709 nimium
2458 5646 2818 5708 venerandae
2868 5646 3255 5735 pater-uitatis
3294 5645 3356 5703 in
3410 5643 3636 5703 omnih‘

3200 5738 3269 5791 42
