4020 6176
420 91 555 146 1323
1652 78 2145 145 GODESCHALKI
2185 83 2594 151 SEQUENTLE
3726 104 3838 157 ηεξ

415 212 509 269 his
533 227 666 283 nos,
698 217 763 269 ut
790 228 902 286 par
930 216 1038 281 est,
1072 211 1577 285 obtemperantes,
1594 212 1770 285 juxta
1796 224 2075 269 normam
2112 211 2161 264 A
2189 208 2394 279 sionis,
2419 227 2581 270 nunc
2636 216 2901 288 supremi
2952 222 3087 274 ante
3139 217 3414 275 tribunal
3473 219 3839 294 imperatoris

410 300 651 373 justitias
679 300 1071 376 pernoscatis.
2183 300 2394 357 munia
2452 302 2604 373 gerit
2657 305 2978 362 adversum
3003 322 3115 363 nos
3143 306 3437 364 delatoris
3466 314 3662 383 atque
3690 328 3838 368 accu-

1225 391 1290 447 Π,
2179 389 2412 447 satoris.
2449 393 2791 450 Commissa:
2824 400 3022 452 autem
3052 395 3166 452 sibi
3195 396 3396 469 plebis
3438 415 3643 471 quam
3692 400 3839 458 dam-

412 486 511 541 Ad
533 478 2067 550 G.archipresbyterum,utvidetur,Fﬁsingenscm,
2174 492 2393 535 nosam
2425 484 2621 538 teneat
2650 482 3090 554 negligentiam,
3133 501 3250 558 par
3287 490 3378 541 est
3423 502 3541 559 per
3588 494 3839 546 vestram

481 579 549 629 ut
578 570 844 629 eumdem
872 569 1201 625 Raherium
1235 569 1362 625 loco
1386 574 1619 626 moveat
1644 575 1700 625 et
1716 569 1994 639 deponat.
2174 564 2455 638 indagari
2483 569 2857 643 sapientiam,
2890 587 2965 628 ne
2992 572 3264 646 aliquam
3325 574 3572 642 anima,
3601 582 3671 633 ut
3712 577 3838 634 dici-

479 665 521 733 +
553 659 764 720 Christi
791 657 1177 714 solummodo
1209 657 1402 727 gratia
1432 656 1511 713 ad
1538 657 1656 714 hoc
1680 656 1930 713 collatus
1961 659 2069 713 Do-
2174 658 2289 725 tur,
2322 662 2518 715 vestra
2547 674 2619 715 ex
2643 660 2758 716 hoc
2782 661 2995 718 subeat
3020 663 3084 717 in
3106 661 3308 719 futuro
3328 664 3600 737 periculi
3628 668 3843 737 magni-

406 751 652 821 minico,
684 746 851 822 quod
902 751 1135 820 praeest,
1188 745 1329 801 ovili
1374 750 1574 802 custos
1626 746 1967 819 deputatus,
2023 747 2065 802 G
2170 743 2475 803 ﬁccntiam
2507 749 2648 821 (sic),
2675 750 2818 823 quia
2846 766 2969 807 non
3022 751 3221 808 solum
3268 753 3357 808 rei
3400 759 3555 811 sunt
3612 756 3719 829 qui
3768 757 3840 812 fa-

406 842 760 913 dignitatem
786 835 1307 909 archipresbyterii
1323 851 1428 908 per
1444 852 1749 893 summam
1760 835 2066 893 decoranti
2170 835 2355 906 ciunt,
2388 836 2497 893 sed
2516 837 2620 911 qui
2640 837 2992 896 facientibus
3021 842 3440 898 consentiunt.
3486 845 3678 910 Quod
3718 862 3840 903 vero

406 929 783 1004 sapientiam,
817 926 994 983 totius
1024 924 1357 981 devotionis
1383 924 1815 982 excellentiam.
2171 941 2356 982 uxore
2390 943 2504 982 sua
2533 928 2730 984 adhuc
2765 928 2990 985 vivente
3015 930 3200 987 aliam
3224 931 3427 1004 duxit,
3460 939 3771 1006 quantum
3792 938 3839 992 in

474 1024 825 1077 Nostrorum
855 1013 1141 1071 relatione
1170 1013 1441 1069 ﬁdelium
1474 1015 1756 1085 cognovit
1787 1019 2061 1071 nostrum
2168 1015 2286 1071 hoc
2308 1016 2607 1089 populum
2641 1017 2753 1073 sibi
2779 1018 3070 1076 creditum
3103 1020 3424 1093 destruxit,
3463 1029 3690 1081 nostra
3724 1025 3841 1083 licet

405 1109 685 1165 clericum
713 1106 906 1163 Raher
924 1107 1138 1160 vestrae
1161 1103 1470 1159 subditum
1502 1104 1678 1174 [cod.,
1711 1108 1913 1161 noster
1942 1103 2060 1161 cle—
2168 1121 2350 1179 super
2372 1106 2490 1162 hoc
2517 1105 2809 1164 intimatio
2854 1113 3095 1181 taceret,
3153 1116 3371 1167 vestrae
3432 1115 3657 1169 tamen
3714 1131 3840 1187 pru-

402 1198 559 1254 ricus
610 1194 909 1265 subditus]
966 1191 1405 1263 gubernationi,
1463 1193 1855 1250 commissum
1927 1209 2059 1266 gre-
2167 1194 2384 1251 dcntiaa
2435 1196 2497 1251 id
2555 1198 2948 1270 perscrutanti
3021 1198 3190 1255 haud
3255 1204 3493 1257 lateret.
3562 1203 3840 1268 Quamvis

401 1303 561 1359 gem,
591 1302 775 1360 quem
800 1299 913 1358 par
931 1282 1041 1339 fuit
1069 1286 1319 1355 paterno
1366 1298 1571 1340 amore
1601 1299 1848 1356 pascere
1864 1288 1923 1341 et
1948 1299 2059 1357 po-
2165 1290 2442 1342 nostrum
2472 1303 2545 1342 ex
2564 1286 2780 1343 eodem
2807 1288 3155 1344 coenobium
3183 1290 3497 1363 permulta
3561 1293 3841 1349 sustineat

400 1382 545 1448 tare,
575 1376 805 1449 lupina,
836 1372 1004 1447 quod
1042 1388 1163 1428 non
1212 1372 1397 1436 timet,
1453 1373 1778 1453 rapacitate
1827 1372 2057 1446 disper-
2165 1375 2524 1448 temporalia
2551 1376 2922 1444 detrimenta,
2955 1382 3162 1433 tamen
3207 1378 3337 1435 haec
3394 1381 3625 1437 omnia
3691 1389 3841 1455 post-

399 1484 537 1540 gere
563 1483 634 1523 ac
663 1465 945 1522 lacerare.
977 1465 1106 1529 Qua
1127 1462 1200 1519 de
1231 1479 1293 1518 re
1322 1466 1585 1518 vestram
1601 1462 1863 1534 efﬂagito
1879 1462 2057 1520 dilec-
2163 1469 2456 1536 ponentes
2488 1465 2781 1521 aeternalis
2807 1465 2942 1539 plus
2966 1466 3253 1523 timemus
3301 1468 3683 1526 calamitatis
3707 1487 3841 1543 aug-

398 1558 624 1616 tiouem
653 1573 760 1630 per
788 1570 1058 1613 amorem
1084 1553 1382 1623 divinum,
1416 1556 1593 1627 atque
1619 1558 1862 1627 propter
1919 1570 2057 1611 san-
2096 1564 2137 1618 B
2164 1558 2388 1610 menta.
2424 1556 2556 1620 Qua
2576 1554 2652 1610 de
2680 1571 2742 1611 re
2791 1571 3161 1628 magnopere
3211 1557 3601 1630 ﬂagitamus,
3657 1568 3842 1618 ve--tra

397 1650 560 1704 ctum
589 1645 922 1713 Quirinum,
950 1659 1061 1698 nec
1086 1657 1210 1699 non
1265 1641 1344 1698 ob
1393 1646 1668 1698 nostrum
1728 1642 2052 1711 servitium,
2167 1642 2253 1699 uti
2276 1642 2519 1700 almitas
2578 1648 2783 1700 nostro
2840 1644 3140 1701 desiderio
3171 1647 3529 1719 opituletur,
3590 1649 3841 1706 ecclesiae

395 1740 695 1809 quatenus
721 1737 992 1791 vestrum
1040 1731 1166 1787 sine
1223 1730 1508 1787 dilatione
1558 1732 1829 1789 statuatis
1875 1732 2056 1805 placi-
2163 1735 2462 1805 quatenus
2494 1748 2531 1788 a
2558 1749 2621 1788 se
2644 1732 2968 1805 repudiata:
2995 1733 3223 1804 dignus
3252 1752 3585 1793 successor
3635 1738 3837 1795 subro-

394 1829 543 1893 tum,
575 1824 639 1879 in
676 1839 800 1895 quo
828 1823 959 1894 ejus
992 1820 1244 1876 crimina
1303 1819 1707 1877 examinando
1753 1822 1929 1893 juxta
1976 1821 2056 1878 le-
2162 1824 2352 1892 getur.

392 1928 531 1984 gem
547 1909 1017 1978 Christianitatis,
1048 1924 1119 1965 ac
1149 1906 1429 1964 eumdem.
1463 1907 1539 1964 de
1560 1909 1901 1965 commissas
1931 1909 2053 1982 ple-
2943 1913 3033 1968 1V.

388 2003 484 2058 bis
513 2000 802 2072 regimine
833 1997 1169 2072 deponatis.
1204 1996 1320 2055 Sed
1349 2012 1422 2053 ne
1455 1997 1889 2054 Christianismi
1916 2014 2049 2055 mos
2158 2000 2259 2056 Ad
2312 2001 2583 2057 eumdem
2636 2002 2707 2057 de
2757 2002 2955 2058 eodem
3007 2003 3250 2073 clerico,
3292 2020 3473 2076 quem
3562 2009 3833 2078 queritur

385 2091 534 2148 inibi
563 2088 811 2163 aliquod
838 2088 1076 2145 interim
1115 2086 1312 2160 capiat
1365 2086 1810 2154 detrimentum,
1858 2103 2047 2160 posco
2228 2089 2403 2144 nullo
2428 2090 2602 2145 modo
2624 2105 2686 2146 se
2706 2092 2961 2162 quivisse
2984 2091 3068 2146 ad
3093 2093 3405 2150 meliorem
3446 2096 3704 2166 frugem
3750 2112 3827 2151 re-

385 2184 452 2237 ut
478 2185 685 2237 nostro
714 2177 949 2247 clerico,
983 2176 1158 2233 vobis
1205 2175 1490 2247 contiguo
1546 2175 1861 2233 ecclesiam
1905 2192 2045 2233 cum
2227 2178 2463 2235 ducere.

384 2270 670 2327 omnibus
698 2267 883 2324 rebus
913 2266 989 2323 ad
1021 2282 1158 2323 eam
1177 2264 1612 2339 pertinentibus
1639 2265 2043 2336 committatis,
2225 2269 2277 2321 A
2304 2272 2503 2324 vestra
2532 2268 2879 2341 accipiendo
2909 2256 3320 2326 dominatione
3344 2270 3823 2340 licentiam,eum

384 2359 594 2433 quoad
619 2359 760 2415 viva
787 2372 935 2413 voce
961 2359 1199 2413 nosmet
1237 2354 1659 2429 compellando
1708 2354 2042 2426 legitimum
2150 2360 2429 2412 nostrum
2460 2356 2672 2413 vellem
2704 2357 2982 2414 clericum
3014 2359 3227 2430 Raher,
3250 2360 3432 2431 juxta
3462 2363 3821 2419 canonicam

380 2450 519 2506 huic
545 2447 785 2519 negotio
811 2447 996 2503 ﬁnem
1026 2445 1371 2520 imponatis.
1391 2448 1518 2501 Non
1547 2445 1708 2501 enim
1738 2444 1936 2502 solum
1955 2445 2041 2502 rei
2149 2443 2445 2502 discutere
2466 2447 2938 2521 congruentiam,
2957 2464 3020 2503 se
3035 2448 3293 2522 praebuit
3316 2450 3623 2507 rebellem
3650 2457 3820 2524 atque

379 2542 519 2593 sunt
541 2536 647 2610 qui
674 2535 921 2602 faciunt,
951 2534 1055 2590 sed
1081 2533 1184 2606 qui
1213 2532 1448 2589 facienti
1488 2533 1887 2590 consentiunt.
1949 2533 2038 2590 0b
2147 2539 2554 2604 arrogantem,
2595 2535 2871 2608 quamvis
2901 2552 2998 2591 me
3026 2541 3277 2609 paterno
3313 2538 3573 2595 sentiret
3621 2556 3819 2595 amore

376 2628 491 2684 hoc
521 2626 935 2692 criminosum,
976 2626 1221 2697 propter
1262 2622 1535 2693 ejusdem
1582 2621 2035 2693 oﬁendiculum,
2147 2621 2261 2677 sibi
2292 2623 3339 2696 auxiliantem.Namjurejurandoei
3364 2628 3666 2685 omnium
3691 2646 3816 2702 qua:

377 2716 592 2774 animw
623 2730 900 2770 veremur
931 2712 1131 2769 subire
1188 2710 1543 2784 periculum.
1578 2711 1866 2777 Quamvis
1891 2727 2035 2768 vero
2144 2715 2356 2768 contra
2385 2729 2482 2767 me
2510 2712 2631 2767 ullo
2660 2712 2846 2769 modo
2868 2715 3070 2783 gessit,
3089 2715 3338 2787 promisi
3357 2715 3815 2789 impunitatem,

373 2820 628 2861 munera
698 2804 1010 2861 obcaecant
1086 2801 1293 2858 oculos
1371 2800 1754 2874 sapientium,
1831 2806 2033 2858 tamen
2142 2799 2440 2857 duntaxat
2459 2800 2853 2857 Christianam
2904 2808 3111 2859 contra
3169 2803 3534 2874 religionem
3578 2822 3817 2880 suscep-

372 2893 452 2950 ab
476 2893 592 2950 hoc
616 2892 851 2949 nullum
878 2896 1004 2948 tam
1040 2890 1409 2965 acceptabile
1458 2890 1831 2963 impenditur
1855 2890 2033 2948 nobis
2072 2917 2115 2971 Β
2143 2892 2269 2945 tam
2299 2890 2596 2945 desereret
2619 2889 3010 2962 iniquitatem.
3044 2893 3261 2948 Verum
3279 2909 3471 2966 super
3498 2893 3599 2949 his
3629 2911 3815 2968 quan-

369 2981 756 3055 famulitium,
812 2998 923 3056 pro
976 2996 1100 3055 quo
1150 2980 1405 3037 velimus
1453 2978 1744 3037 infernale
1802 2980 2030 3037 solvere
2141 2982 2202 3035 ta
2225 2979 2355 3050 ejus
2399 2978 2713 3034 exstitisset
2749 2979 3101 3052 pertinacia,
3160 2982 3567 3054 prmsentium
3620 2990 3813 3040 vector

370 3072 755 3147 supplicium.
1656 3112 1659 3113 γ
2133 3066 2486 3135 litterarum,
2500 3069 2549 3123 si
2565 3067 2806 3140 jubetis,
2828 3074 3029 3143 utpote
3043 3071 3147 3144 qui
3167 3076 3376 3128 nostro
3400 3072 3685 3129 interfuit
3702 3074 3811 3130 col-

1146 3166 1235 3219 lll.
2132 3156 2363 3231 loquio,
2390 3157 2618 3231 pandet
2669 3158 2981 3216 veritatem
3035 3160 3268 3233 absque
3326 3160 3605 3231 fallacia,
3667 3164 3810 3237 quia

827 3253 928 3308 Ad
954 3252 1222 3309 eumdem
1244 3252 1318 3308 de
1336 3251 1558 3307 eodem.
2131 3248 2393 3300 vestram
2422 3259 2632 3299 vereor
2656 3244 3148 3315 grandaevitatem
3197 3244 3567 3319 inquietare,
3598 3248 3651 3304 si
3678 3248 3806 3319 ejus

436 3346 739 3411 Quantum
775 3342 951 3398 nobis
1008 3341 1335 3398 facietenus
1387 3338 1601 3409 ingerit
1654 3337 2020 3395 confusionis
2130 3331 2550 3389 controversiae
2605 3332 2816 3390 studeo
2873 3333 3164 3404 ambages
3209 3334 3543 3392 scribendo
3595 3342 3805 3393 vestrae

361 3433 668 3499 ruborem,
702 3435 935 3488 tantum
960 3430 1156 3486 cordis
1184 3445 1408 3486 arcana
1432 3427 1744 3500 patiuntur
1798 3444 2017 3485 mmro-
2127 3422 2467 3494 paternitati
2496 3422 2829 3479 enucleare.
2873 3426 2934 3479 ln
2963 3423 3211 3496 praefato
3245 3424 3503 3497 quidem
3525 3426 3796 3495 negotio,

359 3537 490 3577 rem
515 3520 682 3592 quod
710 3535 821 3592 pro
851 3519 954 3575 tali
972 3535 1033 3574 re
1064 3518 1270 3574 litteris
1301 3521 1520 3572 nostrae
1544 3516 1861 3585 legationis
1894 3521 2017 3573 tam
2126 3510 2418 3584 quoniam
2445 3514 2709 3567 vestrum
2740 3511 2941 3568 abnuo
2968 3511 3252 3569 clericum
3280 3514 3600 3587 praeterire,
3643 3530 3791 3586 par-

359 3610 701 3683 frequenter
721 3607 1210 3680 tranquillitatem
1235 3606 1566 3678 inquietare
1595 3610 1807 3661 vestrae
1831 3621 2017 3675 cogor
2123 3600 2231 3657 tim
2258 3617 2369 3657 vos
2395 3600 2455 3656 id
2485 3614 2610 3657 non
2635 3602 2884 3672 nescire,
2918 3606 2981 3658 ut
3007 3601 3055 3656 si
3076 3602 3429 3659 exorbitans
3464 3602 3658 3661 noluit
3698 3620 3795 3660 re-

357 3698 808 3756 dominationis.
848 3700 1000 3754 Nam
1029 3700 1250 3752 nostrae
1280 3694 1530 3752 clericus
1588 3694 1849 3764 ditionis,
1909 3696 2014 3770 qui
2122 3690 2248 3747 dire
2271 3689 2351 3747 ad
2371 3689 2528 3746 viam
2544 3690 2786 3762 justitiaa
2817 3707 2954 3747 cum
2974 3690 3236 3761 lenitate,
3272 3692 3491 3750 saltem
3542 3698 3800 3765 cogatur

356 3805 773 3863 saepenumero
801 3787 976 3844 nobis
1006 3786 1252 3857 ingessit
1271 3784 1622 3858 scrupulum
1659 3785 2009 3842 nonnullius
2121 3779 2456 3853 asperitate.
2491 3780 2583 3835 Ad
2612 3780 2740 3837 haec
2767 3780 2966 3837 scitote
2997 3797 3094 3837 me
3121 3781 3429 3838 humiliter
3456 3781 3795 3855 efﬂagitare

353 3878 721 3949 offensionis,
753 3892 960 3935 verum
992 3870 1228 3950 semper
1282 3874 1551 3931 munitus
1601 3878 1810 3930 vestrae
1860 3874 2009 3932 asilo
2117 3874 2417 3944 quatenus
2439 3868 2755 3926 ecclesiam
2781 3886 2817 3927 a
2859 3885 2921 3925 se
2971 3870 3273 3927 desertam
3327 3870 3556 3929 clerico
3609 3890 3793 3947 quem

350 3966 737 4037 defensionis,
759 3966 907 4023 nihil
930 3980 1202 4039 unquam
1222 3979 1439 4037 passus
1486 3965 1575 4019 est
1629 3963 2007 4021 animadver-
2116 3958 2289 4016 vobis
2317 3958 2510 4030 dirigo
2532 3958 2863 4031 dignemini
2891 3959 3185 4017 tradendo
3214 3961 3685 4019 commendare.

1726 4334 1871 4375 ANNO
1912 4333 2099 4375 DOHINI
2139 4334 2379 4375 MXXXIX.

713 4508 2100 4655 GODESCHALKI
2218 4506 3395 4687 SEQUENTUE.

1505 4769 1760 4835 (DANIEL,
1794 4766 2083 4822 Thesaur.
2115 4766 2384 4836 hymnol.
2416 4767 2480 4834 ll,
2522 4770 2575 4821 3.

1125 5084 1166 5136 Ι.
2157 5083 2209 5133 2.
2238 5079 2409 5145 Quod
2434 5077 2583 5135 dixit
2605 5082 2661 5134 et
2690 5077 2842 5146 fecit,
2875 5078 3122 5135 Saulum
3144 5082 3211 5135 ut
3233 5078 3465 5150 stravit,
3500 5081 3769 5138 Paulum

528 5178 599 5232 In
626 5174 1026 5232 Conversione
1053 5170 1252 5226 sancti
1279 5170 1466 5224 Pauli
1488 5170 1766 5237 apostoli.
2082 5170 2140 5221 et
2170 5168 2392 5224 statuit.

394 5270 440 5324 1.
476 5265 628 5323 Dixit
654 5261 941 5320 Dominus
974 5277 986 5315 :
1024 5263 1103 5315 Ex
1148 5259 1342 5313 Basan
1363 5262 1708 5313 convertam
1730 5271 1973 5313 conver—
2153 5260 2203 5311 3.
2236 5258 2344 5310 Per
2375 5255 2631 5311 Verbum
2659 5271 2835 5311 suum
2857 5254 3258 5318 incarnatum,
3290 5258 3594 5328 perquod
3621 5258 3764 5314 fecit

315 5365 439 5417 tam
469 5359 529 5415 in
560 5351 933 5429 profundum
962 5348 1167 5406 maris.
2079 5349 2135 5399 et
2164 5344 2403 5401 saecula.

383 5499 1047 5571 ιιιιιβρτίωμξνθνξυε
1067 5488 1962 5571 δάνθτιραωιὶαδειωρειιικῖην
2073 5487 3749 5571 ευωςιέοίιιΕ-ΑάλοεαξΡατενρνβάιιτίτρξνρνορξιειφ

309 5577 397 5642 23,
421 5559 1022 5646 quodvaticiniumin
1041 5562 1428 5643 conversione
1448 5562 1503 5619 S.
1558 5559 1723 5618 Pauli
1754 5559 1961 5633 imple-
2070 5560 2272 5617 David
2302 5576 2315 5615 :
2350 5560 2478 5629 Ego
2509 5564 2854 5617 convertam
2878 5559 3142 5645 Paulum
3173 5573 3248 5616 ea:
3274 5559 3516 5631 Bazan',
3538 5566 3582 5619 ἰ.
3604 5579 3652 5619 e.
3670 5563 3749 5635 de
