4020 6176
308 232 328 282 1
345 232 453 283 325

1548 218 2038 280 GODESCHALKI
2079 216 2505 283 SEQUEVTIE.

3601 234 3743 287 l3'26

374 355 429 406 4.
463 350 637 435 Quod
662 350 807 406 dum
827 348 1159 420 impugnat,
1188 346 1417 403 audivit
1448 364 1460 405 :
1514 345 1708 414 Saule,
1766 342 1960 410 Saule,
2001 344 2048 397 Α
2083 430 2102 435 Δ
2151 347 2234 435 l7_.
2269 342 2421 435 Quia
2449 343 2626 402 turba
2654 347 2944 418 gentium,
2976 349 3215 407 rediens
3264 352 3543 429 vitiorum
3600 369 3746 426 pro-

296 440 470 514 quod
503 455 603 495 me
633 437 1003 513 persequeris
1033 438 1060 494 ?

371 533 424 584 5.
462 530 590 599 Ego
621 544 756 584 sum
781 525 1045 582 Christus
1072 544 1084 582 :
1114 525 1336 583 durum
1366 529 1455 582 est
1510 525 1614 582 tibi
1658 529 1725 581 ut
1776 522 1965 580 recal-

294 616 474 673 citres
499 615 763 672 stimulo.

368 709 422 761 6.
462 712 509 761 Α
537 705 687 762 facie
722 704 953 761 Domini
979 709 1144 762 mota
1172 708 1261 761 est
1288 708 1463 772 terra,
1488 701 1965 775 contremuitque

296 810 441 851 mox
468 797 527 849 et
546 792 792 866 quievit.

370 890 424 940 7.
452 886 603 939 Dum
636 880 896 952 cognitio
926 881 1178 938 credidit
1209 880 1483 950 Domino,
1503 879 1723 937 Paulus
1762 895 1964 953 perse-

301 971 408 1045 qui
435 975 628 1027 cessat
659 969 1045 1027 Christianos.

373 1064 426 1116 8.
456 1059 559 1116 Hic
585 1058 794 1129 lingua
822 1062 1062 1114 tuorum
1088 1063 1179 1114 est
1207 1073 1449 1126 canum,
1477 1073 1550 1113 ex
1578 1056 1836 1113 inimicis
1887 1056 1965 1113 ad

296 1154 353 1205 te
374 1146 638 1216 rediens,
666 1155 843 1215 Ueus,

367 1242 423 1293 9.
467 1238 623 1292 Dum
650 1234 869 1291 Paulus
898 1234 959 1290 in
988 1250 1089 1291 ore
1120 1234 1394 1292 omnium
1427 1232 1810 1292 sacerdotum
1826 1234 1967 1307 jura

293 1325 400 1382 dat
431 1327 896 1398 praeceptorum,

371 1416 460 1468 10.
487 1414 719 1468 Docens
749 1409 1103 1467 cruciﬁxum
1145 1427 1267 1468 non
1324 1428 1457 1469 esse
1513 1412 1698 1470 alium
1750 1418 1966 1486 praeter

295 1500 605 1559 Christum
638 1502 846 1567 Deum,

276 1656 279 1659 λ
371 1594 458 1644 Η.
495 1592 645 1646 Cum
675 1591 843 1645 Patre
868 1587 973 1662 qui
990 1593 1203 1660 regnat
1222 1594 1279 1646 et
1308 1594 1520 1648 sancto
1543 1589 1761 1664 Spiritu
1789 1590 1962 1661 cujus

293 1676 460 1734 testis
488 1676 726 1733 Paulus.

372 1770 457 1822 12.
488 1766 634 1822 Hinc
662 1765 872 1837 lingua
911 1765 1312 1838 sacerdotum,
1366 1783 1535 1824 more
1594 1767 1758 1824 canis
1813 1768 1963 1824 dum

292 1853 595 1927 perlinxit,
632 1854 800 1924 Legis
830 1857 888 1910 et
916 1853 1217 1924 Evangelii
1242 1854 1398 1912 duos
1449 1855 1712 1913 molares
1755 1855 1816 1912 in
1868 1856 1963 1912 his

290 1941 591 1999 contrivit.

370 2035 456 2087 l3.
515 2030 775 2087 Corrosit
832 2028 1144 2086 universas
1213 2033 1443 2106 species
1500 2032 1959 2103 medicinarum,

289 2116 517 2190 quibus
541 2121 829 2173 curantur
857 2116 1063 2184 saucii,
1094 2117 1447 2175 reﬁciuntur
1496 2119 1851 2177 enutriendi.

369 2208 451 2261 14.
504 2207 612 2261 Per
663 2221 849 2278 quem
903 2220 1229 2262 conversus
1285 2207 1365 2264 ad
1422 2224 1537 2265 nos
1584 2215 1649 2264 tu
1678 2207 1956 2276 viviﬁces,

289 2294 542 2361 Christe,
572 2299 919 2367 peccatores
948 2311 960 2349 :

367 2389 452 2441 t5.
512 2384 624 2451 Qui
671 2384 1091 2440 convertendis
1152 2401 1515 2442 conversum
1573 2391 1955 2444 converteras

292 2473 571 2542 Paulum,
607 2489 713 2528 vas
740 2471 1016 2529 electum.

367 2566 451 2618 16.
485 2563 615 2628 Quo
647 2561 901 2617 docente
930 2563 1119 2617 Deum
1140 2578 1307 2618 mare
1338 2561 1486 2619 vidit
1509 2566 1567 2619 et
1608 2562 1782 2637 fugit,
1834 2567 1958 2622 Jor-

289 2650 469 2708 danis
494 2666 826 2707 conversus
855 2654 944 2707 est
970 2653 1316 2709 retrorsum.

288 2775 409 2844 ﬁde
424 2789 539 2831 sua
566 2776 735 2831 mata
760 2774 927 2847 (nam
957 2775 1031 2830 Β.
1064 2781 1195 2847 erat
1222 2776 1385 2847 regio
1408 2776 1728 2847 gentilium
1757 2785 1813 2836 et
1860 2780 1952 2835 in-

293 2852 668 2917 terpretatur
724 2845 979 2910 siccitas,
1020 2845 1339 2915 sterilitas),
1411 2845 1775 2917 convertam,
1859 2852 1951 2906 in-

295 2934 496 2995 quam,
518 2917 755 2995 eum_a_d
772 2917 1150 2995 profundum
1180 2919 1386 2993 maris,
1415 2920 1453 2974 i.
1480 2933 1529 2975 e.
1553 2919 1636 2975 ad
1664 2923 1951 2991 cognitio-

293 2988 429 3048 nem
456 3003 611 3048 vera
636 2988 796 3057 ﬁdei.

2075 430 2285 498 fundo,
2320 433 2407 502 Og
2433 448 2572 504 rege
2602 436 2803 494 Basan
2831 437 3112 507 confuso,

2151 522 2234 575 t8.
2267 522 2342 576 Te
2373 519 2570 577 solum
2599 523 2813 581 adorat
2842 526 3141 584 Christum
3180 533 3510 586 creatorem
3554 548 3749 605 quem

2075 613 2132 665 et
2160 610 2468 679 cognoscit
2496 610 2557 667 in
2585 628 2767 670 carne
2798 615 3033 673 venisse
3056 618 3525 691 redemptorem.

2876 742 2943 798 Il.

2490 867 2570 919 De
2598 864 2672 920 Β.
2696 865 2899 923 Maria
2926 866 3317 938 Magdalena.

2155 971 2203 1021 1.
2240 968 2391 1022 Laus
2412 967 2536 1038 tibi,
2567 971 2812 1042 Christe,
2844 973 2950 1046 qui
2979 990 3041 1030 es
3067 979 3299 1031 creator
3338 979 3420 1044 (et
3472 977 3749 1052 redemp-

2078 1060 2192 1124 tor,
2227 1054 2388 1111 idem
2410 1062 2467 1113 et
2497 1059 2780 1132 salvator)

2151 1150 2206 1201 2.
2231 1146 2395 1218 Caeli,
2428 1153 2612 1219 terrae,
2636 1152 2839 1221 maris,
2882 1153 3238 1225 angelorum
3270 1159 3327 1211 et
3352 1155 3675 1215 hominum

2153 1240 2209 1293 3.
2247 1240 2433 1302 Quem
2465 1239 2660 1296 solum
2688 1244 2875 1298 Deum
2905 1244 3265 1300 confitemur
3314 1249 3371 1301 et
3408 1245 3743 1307 hominem.

2153 1328 2209 1381 4.
2244 1326 2355 1392 Qui
2383 1334 2727 1400 peccatores
2752 1332 2961 1389 venisti
2990 1338 3055 1389 ut
3084 1333 3283 1391 salvos
3313 1334 3563 1409 faceres,

2153 1421 2208 1472 5.
2239 1416 2398 1483 (Sine
2427 1425 2674 1491 peccato
2704 1422 2931 1493 peccati
2958 1438 3276 1480 assumens
3297 1424 3673 1499 formulam,)

2154 1509 2208 1562 6.
2235 1508 2499 1572 Quorum
2526 1509 2599 1565 de
2645 1525 2845 1581 grege,
2906 1517 2971 1569 ut
3017 1513 3445 1581 Chananzeam,
3501 1518 3745 1575 Mariam

2074 1593 2331 1651 visitasti
2358 1597 2793 1668 Magdalenam.

2150 1691 2206 1741 7.
2238 1686 2464 1743 Eadem
2493 1704 2708 1747 mensa
2736 1690 2900 1747 verbi
2924 1691 3112 1747 divini
3141 1692 3305 1751 illam
3337 1694 3529 1767 micis,
3583 1696 3744 1754 hanc

2074 1774 2357 1832 refovens
2386 1777 2642 1850 poculis.

2070 1940 2095 1991 ι
2147 1868 2203 1947 8ἶ
2238 1868 2300 1948 In
2325 1865 2511 1923 domo
2544 1866 2801 1924 Simonis
2849 1866 3073 1941 leprosi
3124 1870 3406 1927 conviviis
3437 1872 3744 1932 accubans
3802 1941 3809 1950 η

2099 1952 2313 1991 νοιοιε.

2096 1952 2313 2010 yprcrs.

2144 2031 2198 2083 9.
2234 2028 2562 2083 Murmurat
2585 2026 2938 2096 Pharisaaus,
2980 2028 3084 2085 ubi
3110 2029 3307 2103 plorat
3353 2032 3580 2091 femina
3635 2033 3743 2089 cri-

2070 2130 2254 2170 mlnlS
2285 2130 2517 2171 0011618.

2147 2207 2231 2259 t0.
2259 2206 2540 2260 Peccator
2565 2204 2894 2259 contemnit
2921 2213 3413 2280 compeccantem
3448 2227 3461 2266 :
3512 2211 3741 2283 peccati

2067 2292 2308 2349 nescius
2363 2291 2752 2365 paenitentem
2818 2294 3098 2368 exaudis,
3140 2298 3437 2355 emundas
3489 2299 3736 2371 fcedam,

2068 2395 2241 2436 amas
2265 2384 2330 2435 ut
2357 2379 2677 2453 pulchram
2701 2380 2906 2437 facias.

2144 2468 2227 2524 ll.
2259 2467 2445 2524 Pedes
2475 2468 2853 2541 amplectitur
2905 2471 3269 2542 Dominicos,
3322 2473 3605 2548 lacrymis
3652 2476 3738 2533 la-

2066 2562 2187 2628 vat,
2214 2556 2394 2628 tergit
2413 2556 2702 2627 crinibus,
2733 2556 3024 2625 lavando,
3047 2563 3357 2634 tergendo,
3404 2566 3733 2635 unguendo

2068 2646 2257 2717 unxit,
2306 2644 2533 2703 osculis
2569 2645 2793 2703 circuit.

2061 2773 2241 2850 longe
2272 2771 2808 2850 disertissimus:
2834 2779 2885 2830 9.
2919 2774 3067 2831 Lud.
3121 2793 3276 2845 cum,
3335 2778 3417 2836 Cf.
3471 2783 3593 2837 Act.
3645 2798 3725 2850 ιχ,

2061 2849 2152 2901 22.
2186 2877 2255 2884 —
2286 2844 2370 2898 lt.
2396 2846 2463 2900 M.
2503 2848 2586 2899 Η.
2615 2845 2773 2899 testis
2803 2851 2907 2901 est.
2935 2851 3233 2904 —1~2.-14.
3264 2844 3331 2907 M.
3367 2852 3447 2907 Η.
3469 2852 3574 2908 Nb.
3605 2844 3721 2909 hic:

2062 2919 2131 2973 Μ.
2164 2916 2248 2970 ll.
2280 2917 2369 2971 Pr.
2403 2930 2640 2971 canum.
2674 2918 2742 2972 M.
2770 2921 2853 2971 Η.
2888 2918 2952 2972 in
2984 2917 3078 2973 his
3104 2924 3413 2978 contritas.
3466 2925 3553 2978 Pr.
3611 2924 3719 2980 Nb.

2063 2987 2209 3070 _Lud.
2265 2988 2566 3070 corrasit.‘
2599 2987 2854 3070 Sensum
2908 2990 3297 3070 stropharum
3371 2993 3582 3070 ﬁngas
3619 2996 3722 3052 tibi

361 3050 649 3119 --Aliter
670 3060 849 3116 etiam
875 3060 959 3114 sic
980 3059 1385 3131 intelligitur:
1409 3061 1770 3119 Convertam
1792 3065 1950 3120 Pau-
1980 3050 2024 3105 ο
2059 3059 2221 3131 hunc
2256 3074 2268 3112 :
2304 3057 2571 3113 Habebat
2602 3057 2694 3113 ille
2717 3060 2882 3131 canis
2912 3050 3153 3117 divinus
3202 3063 3409 3121 dentes
3460 3050 3721 3122 molares

291 3132 418 3205 tum
442 3132 510 3186 in
530 3131 1028 3205 profunditatem
1056 3137 1417 3205 secretorum
1474 3134 1604 3202 Dei,
1663 3137 1947 3205 quoniam

288 3204 415 3277 ipse
442 3207 659 3271 raptus
683 3207 765 3261 est
794 3202 871 3277 in
886 3201 1387 3277 tertium_ccelum,
1409 3208 1558 3277 etc.
1591 3201 1690 3260 De
1702 3276 1707 3277 ί
1733 3208 1947 3277 quibus

290 3272 419 3345 lege
447 3277 781 3333 tractatum
799 3272 1064 3333 Marsilii
1092 3273 1296 3345 lj‘icini
1319 3275 1583 3344 epistolis
1612 3272 1952 3334 suis—inser-

290 3344 439 3401 tum.
470 3346 560 3401 De
579 3345 706 3414 ipso
724 3345 880 3403 enim
902 3346 1065 3402 canit
1084 3344 1374 3401 Ecclesia.

618 3414 731 3482 Qui
757 3431 819 3471 in
848 3421 1014 3473 terra
1032 3415 1261 3486 positus

613 3485 851 3543 Secreta
879 3485 1164 3558 cartorum
1188 3487 1396 3556 petisti
1419 3499 1443 3558 ;

617 3557 757 3626 Qum
782 3572 902 3613 non
925 3558 1106 3615 licent
1130 3557 1360 3617 homini

616 3629 827 3700 Loqui,
863 3630 1240 3700 perspexisti.

290 3701 606 3771 Utcunque
633 3698 744 3767 est,
775 3714 921 3771 sane
949 3698 1150 3755 allexit
1168 3698 1651 3757 Godeschalkum
1675 3717 1792 3758 vox
1816 3718 1951 3759 con-

288 3770 584 3843 vertendi,
610 3785 793 3843 quam
820 3770 996 3843 velut
1040 3770 1393 3843 primariam
1443 3771 1724 3843 carminis
1761 3778 1950 3830 mate-

284 3841 445 3899 riam
473 3840 651 3909 et,'ut
672 3840 753 3898 ita
799 3840 1247 3915 dicam,__totius
1293 3846 1539 3901 texturae
1593 3842 1951 3915 subtegmen

284 3912 984 3988 persaepesequentibus
1013 3913 1235 3969 inserit.
1268 3944 1337 3953 —
1366 3917 1420 3969 2.
1454 3915 1705 3988 August.
1746 3912 1952 3988 {Voce

292 3982 527 4042 Christi
548 3982 622 4040 de
652 3982 798 4041 c'wlo
834 3989 1180 4056 prostratus
1232 4016 1301 4025 -—
1354 3982 1577 4042 cecidit
1616 3986 1680 4041 in
1730 3986 1952 4056 faciem

287 4071 484 4124 suam,
504 4056 678 4126 prius
707 4055 1196 4127 prosternendus,
1226 4061 1434 4126 postea
1450 4055 1801 4127 ierigendus.
1865 4059 1953 4114 Di-

287 4127 443 4184 citur
472 4125 772 4182 mutatum
814 4125 996 4183 fuisse
1048 4125 1273 4183 nomen
1323 4126 1485 4183 Pauli
1538 4125 1951 4185 anniversario

272 4196 705 4259 conversionis
730 4214 901 4279 suaso;
933 4196 1267 4280 celebratur
1293 4197 1472 4280 igitur
1500 4197 1595 4254 die
1636 4215 1776 4280 xxv.
1793 4202 1947 4269 Jan.,

288 4285 415 4326 una
444 4284 585 4340 cum
606 4268 992 4325 conversione
1022 4268 1240 4340 festum
1294 4268 1424 4340 ejus
1480 4268 1942 4329 onomasticum.

290 4340 410 4412 Sed
432 4339 681 4412 turpiter
707 4339 983 4412 homines
1010 4339 1191 4412 medii
1216 4339 1337 4412 aevi
1349 4340 1411 4396 in
1461 4341 1706 4412 nomine
1756 4345 1948 4412 Apos-

2058 3129 2243 3210 duos,“
2262 3131 2488 3210 Legem.
2505 3133 2563 3183 et
2592 3130 3025 3210 Evapgqlium;
3076 3138 3397 3210 utrumque
3449 3136 3610 3210 enim
3656 3138 3719 3210 in

2059 3199 2589 3274 praedicationibus
2620 3200 2893 3274 epistolis
2913 3201 3037 3256 suis
3063 3202 3239 3260 docet
3290 3199 3469 3274 atque
3526 3206 3716 3263 incul-

2058 3269 2171 3328 cat.
2208 3270 2308 3327 Hic
2323 3269 2617 3348 dentibus
2649 3269 2923 3348 contrivit
2974 3274 3205 3345 species
3253 3269 3713 3348 medicinarum,

2058 3358 2254 3420 neque
2284 3341 2517 3398 alienus
2566 3346 2692 3420 erat
2720 3358 2951 3420 a_more
2977 3341 3220 3414 canum,
3250 3362 3406 3420 quos
3426 3341 3713 3420 lingendo

2057 3412 2308 3488 vulnera
2334 3428 2547 3488 sanare
2562 3412 2674 3488 _vel_
2687 3412 2960 3488 refovere
2985 3430 3167 3488 nemo
3194 3412 3319 3473 non
3346 3412 3602 3488 ignorat.
3644 3452 3714 3462 --

2063 3485 2264 3553 16,-17.
2294 3483 2632 3558 ln_singulis
2660 3483 2824 3540 libris
2850 3486 3236 3558 stropharum
3266 3483 3417 3545 ordb
3436 3489 3711 3547 turbatus

2059 3562 2147 3614 est
2180 3575 2192 3625 ;
2225 3555 2390 3629 apud
2420 3554 2722 3629 Ludecum
2752 3554 3128 3629 omittuntur.
3157 3561 3247 3615 Pr.
3280 3560 3391 3616 Md.
3415 3564 3575 3617 Torr.
3599 3562 3709 3618 Ad.

2060 3626 2408 3685 conversum
2437 3626 2519 3682 ad
2545 3642 2670 3681 nos.
2702 3626 2812 3683 Nb.
2838 3643 3007 3685 conv.
3041 3645 3371 3687 conversos.
3417 3635 3529 3689 Vas
3559 3632 3712 3689 elec-

2059 3704 2210 3767 tum,
2238 3702 2364 3754 Act.
2396 3713 2476 3767 Ix,
2512 3702 2596 3764 t5,
2632 3699 2700 3754 Η.
2734 3701 2840 3767 XC,
2878 3704 2962 3755 11.
3000 3703 3084 3757 l8.
3117 3703 3209 3756 Ps.
3233 3717 3388 3771 cxiv,
3435 3708 3487 3760 3.
3541 3705 3715 3762 Mare

2060 3772 2212 3826 vidit
2236 3776 2291 3827 et
2315 3771 2499 3840 fugit,
2531 3771 2821 3826 .lordanis
2854 3785 3172 3828 conversus
3220 3778 3305 3828 est
3359 3780 3707 3831 retrorsum.

2062 3841 2256 3896 Lud.:
2303 3840 2423 3896 Per
2473 3855 2641 3896 mare
2694 3840 2933 3906 ethnici,
2982 3856 3097 3909 per
3135 3843 3461 3901 Jordanem
3512 3852 3711 3901 autem

2058 3912 2260 3985 Judaei
2284 3910 2637 3985 ἀλληγορικῶς
2658 3911 3368 3985 intelliguntur,quorum
3396 3917 3577 3970 multi
3604 3932 3715 3985 per

2059 3983 2323 4055 Paulum
2349 3983 2620 4055 conversi
2644 3987 2803 4036 sunt.
2833 4014 2901 4022 —
2940 3983 2997 4036 l7
3009 3986 3131 4055 .‘lta
3149 3983 3210 4055 in
3258 3983 3617 4055 codicibus,‘
3648 3986 3710 4042 in

2060 4051 2392 4123 Missahbus
2424 4070 2438 4108 :
2470 4052 2679 4123 relicto
2704 4068 2759 4108 υ.
2790 4068 2852 4121 p.
2886 4055 2985 4123 0g
3025 4052 3139 4123 hoc
3191 4053 3328 4109 loco
3385 4051 3713 4123 accipiatur

2102 4141 2170 4181 ro
2189 4122 2451 4190 diabolo,
2475 4121 2580 4197 qui
2609 4128 2813 4193 gentes
2841 4139 2912 4179 ex
2934 4121 3212 4197 vitiorum
3258 4121 3563 4197 profundo
3618 4144 3712 4184 re-

2102 4200 2336 4272 emptas
2363 4193 2701 4272 opprimere
2726 4198 2783 4249 et
2812 4195 3033 4272 morari
3073 4193 3344 4272 conatur,
3373 4198 3570 4272 _sicu_ti
3626 4201 3715 4272 0g

2061 4264 2355 4323 Israelitas
2375 4264 2700 4322 in'deserto
2729 4283 2743 4333 ;
2779 4264 3045 4322 similiter
3071 4264 3429 4335 Augustde
3444 4269 3597 4327 Trin.
3630 4264 3712 4338 ινῖ

2066 4339 2127 4395 15
2152 4357 2164 4393 :
2198 4338 2367 4395 Sicut
2394 4338 2649 4393 Amalek
2675 4338 2890 4393 restitit
2913 4338 3057 4406 ﬁliis
3080 4338 3292 4401 Israel,
3315 4357 3391 4398 ne
3408 4342 3715 4399 intrarent

286 4411 394 4484 toli
424 4409 695 4484 secundo
718 4410 875 4484 lapsi
902 4416 1058 4484 sunt.
1111 4411 1343 4484 Minime
1392 4411 1580 4484 enim,
1604 4409 1951 4482 cogitabant
1974 4409 2024 4466 Β
2059 4411 2125 4484 in
2151 4414 2374 4484 terram
2398 4409 2832 4484 promissionis,
2868 4411 2961 4484 Δεἰει
3016 4409 3185 4484 nobis
3232 4412 3507 4484 diabolus
3541 4430 3554 4479 ;
3613 4414 3717 4469 sed

284 4466 365 4539 de
394 4466 581 4538 verbo
607 4466 883 4544 indulged
912 4466 1205 4538 sudarunt
1229 4482 1290 4537 in
1318 4466 1949 4545 voceint‘vrtﬁJ‘cCS—‘icut

286 4554 499 4624 vulpes
529 4552 902 4626 decipitialia
932 4554 1246 4620 animalia,
1277 4554 1363 4610 sic
1397 4559 1641 4626 sanctus
1695 4558 1949 4626 sumpsit

286 4626 527 4681 litteras
553 4638 591 4680 a
618 4624 875 4694 regibus,
894 4631 960 4681 ut
972 4630 1169 4695 posset
1193 4626 1472 4695 persequi
1500 4624 1898 4684 Christianos.
1919 4650 1947 4679 ››

286 4728 359 4737 -
382 4700 435 4752 3.
462 4697 531 4752 Μ.
570 4698 653 4751 Η.
685 4696 823 4777 Hoc.
853 4696 1219 4778 Verbum..——
1247 4698 1300 4752 4.
1334 4696 1401 4754 Μ.
1437 4699 1520 4752 10.
1587 4696 1661 4752 Ρ.
1715 4698 1947 4825 impug-

286 4784 465 4824 nans.
500 4798 570 4807 —
601 4771 653 4822 5.
680 4766 1002 4824 Nobiscum
1027 4768 1255 4825 faciunt
1283 4766 1459 4824 codd.
1484 4770 1551 4825 Μ.
1595 4771 1679 4825 to.
1744 4773 1826 4825 ll.
1908 4786 1947 4825 n

1908 4786 1949 4826 Il

182 4816 187 4817 ,
286 4784 465 4824 nans.
500 4798 570 4807 —
601 4771 653 4822 5.
680 4766 1002 4824 Nobiscum
1027 4767 1255 4825 faciunt
1283 4766 1459 4824 codd.
1484 4770 1551 4825 Μ.
1595 4771 1679 4837 to,
1744 4766 1826 4825 if.

286 4837 623 4911 Missalibus
646 4837 1063 4911 ubiquegergo
1091 4856 1219 4895 sum
1245 4840 1436 4910 Jesus,
1459 4842 1526 4896 ut
1543 4842 1667 4894 Act.
1687 4856 1765 4905 1x,
1795 4845 1847 4896 5.
1868 4842 1944 4897 Ε.

286 4926 338 4965 s.
370 4910 419 4965 Ι.
451 4912 686 4965 Durum
703 4909 791 4965 est
815 4909 926 4965 tibi
952 4909 1162 4967 contra
1192 4912 1500 4968 stimulum
1531 4911 1948 4967 calcitrare—

287 4985 344 5036 6.
376 4982 469 5036 Ps.
498 4984 714 5055 xv1_1,8.
748 4986 811 5055 9.
828 4981 1136 5055 Commota
1158 4988 1249 5055 est
1278 4987 1334 5055 et
1363 4984 1718 5055 contremuit
1760 4988 1946 5055 terra,

287 5083 358 5127 -_—
381 5051 650 5127 ascendit
682 5053 837 5123 ignis
859 5068 897 5108 a
917 5053 1079 5127 facie
1108 5054 1257 5121 ejus.
1286 5053 1575 5127 Opinatus
1599 5058 1689 5111 est
1707 5124 1719 5127 _
1735 5051 1953 5127 GodesL

288 5121 546 5180 cbalkus
575 5121 744 5179 terra:
772 5121 1006 5179 motum
1054 5123 1278 5179 factum
1325 5121 1457 5181 ésse
1502 5125 1651 5181 dum
1704 5124 1809 5181 lux
1849 5124 1952 5181 illa

289 5192 552 5250 caelestis
580 5193 934 5252 Anostolum
963 5193 1433 5252 circumfulserit.
1467 5227 1536 5236 —
1587 5202 1640 5251 '7.
1688 5199 1779 5251 Pr.
1837 5195 1947 5251 Ad.

287 5267 453 5321 Torr.
485 5264 710 5321 Saulus
741 5267 828 5321 Pr.
864 5265 969 5321 Nb.
1008 5264 1120 5322 Md.
1149 5267 1310 5320 Torr.
1367 5266 1510 5321 Lud.
1562 5268 1953 5324 conchristia-

288 5351 421 5391 nos.
446 5366 514 5377 --
545 5338 595 5392 8.
634 5335 721 5391 Al.
753 5337 913 5392 hinc.
948 5340 1035 5392 Ps.
1064 5352 1239 5401 vau,
1294 5339 1362 5391 24
1398 5355 1410 5391 :
1470 5338 1681 5407 lingua
1731 5354 1948 5395 canum

291 5413 536 5479 tuorum
565 5423 641 5463 ex
670 5408 923 5463 inimicis
952 5409 1028 5464 ab
1054 5409 1200 5478 ipso.
1236 5410 1424 5479 Canes
1446 5406 1593 5479 alias
1614 5408 1954 5479 signiﬁcant

290 5478 573 5551 homines
602 5495 853 5551 spurcos
882 5477 1430 5551 atgue’insolestes,
1461 5477 1568 5534 sed
1617 5477 1797 5535 canes
1852 5481 1953 5536 Dei

292 5550 568 5623 sunthoc
599 5549 731 5623 loco
759 5549 1097 5623 sacerdotes
1124 5549 1219 5621 (cf.
1256 5552 1364 5623 Str.
1400 5550 1518 5623 12)-
1554 5566 1817 5623 quorum
1864 5555 1953 5607 est

293 5620 516 5678 latrare
539 5621 927 5680 praedicando
979 5622 1268 5680 adversus
1318 5620 1595 5680 inﬁdeles
1645 5626 1701 5679 et
1755 5637 1955 5679 arcere

293 5691 475 5766 lupos
495 5691 574 5751 ab
595 5693 813 5751 ovibus
842 5692 1068 5751 Christi.
1103 5695 1183 5751 Ex
1214 5693 1307 5751 his
1335 5693 1588 5753 canibus
1618 5693 1840 5751 Paulus
1869 5698 1957 5751 est

2060 4482 2323 4538 vincitur
2350 4481 2591 4551 quando
2612 4496 2827 4537 manus
2853 4481 2913 4536 in
2936 4482 3130 4536 crucis
3154 4482 3395 4538 modum
3446 4484 3715 4539 extendit

2058 4553 2267 4622 Moses,
2299 4552 2339 4607 i.
2372 4566 2419 4622 e.
2456 4551 2730 4609 Christus
2758 4553 2823 4608 in
2852 4567 3044 4607 cruce.

2132 4628 2195 4680 ll.
2258 4621 2704 4679 Godeschalkus
2774 4622 3296 4695 quemadmodum
3340 4624 3715 4695 antecedenti

2059 4698 2372 4768 sequentia
2416 4691 3174 4768 magnum_Apo_stolum_'e
3230 4693 3409 4750 Saulo
3436 4694 3513 4768 in
3560 4698 3713 4768 Pau-

2057 4763 2184 4845 lum
2213 4763 2571 4845 conversum
2595 4763 3083 4845 celebravittjam
3108 4763 3247 4845 hoc_
3258 4764 3531 4845 carmine
3570 4767 3713 4845 insi-

2059 4807 2651 4920 lg‘nli‘etvs‘im’pli‘c‘it‘ate
2691 4838 2750 4920 et
2800 4807 3166 4920 sublimitate
3195 4807 3358 4920 aliud
3386 4807 3713 4920 confessi:-

2060 4906 2166 4987 nis
2208 4906 2565 4987 praeclarum
2617 4906 3232 4987 cantataexemplum,
3301 4908 3715 4987 dulcissimam

2060 4976 2556 5063 ipsiusangelica‘e
2584 4976 2994 5063 exsultation
3022 4976 3543 5063 materiam.‘sanc
3574 4997 3714 5063 vero

2059 5047 2306 5107 liistoria
2321 5047 2704 5124 Magdalenaa,
2719 5064 2906 5122 quam
2919 5049 3275 5124 Franciscus
3289 5050 3548 5109 Salesius
3564 5055 3716 5124 regi-

2058 5137 2204 5194 nam
2236 5119 3055 5194 conﬁtentiumpe—ccatorum
3079 5122 3388 5194 praedicat,
3402 5126 3567 5194 tauta
3585 5119 3718 5181 sua-

2059 5191 2241 5265 vitate
2290 5190 2526 5265 animos
2555 5194 2611 5265 et
2649 5190 2810 5265 tenet
2839 5196 2895 5247 et
2924 5190 3144 5265 movet,
3174 5198 3240 5249 ut
3263 5190 3387 5250 non
3428 5193 3718 5265 miremur

2060 5263 2243 5336 quod,
2277 5261 2356 5336 ab
2411 5261 2685 5318 omnium
2741 5262 2861 5336 fere
2903 5261 3256 5336 temporum
3300 5263 3491 5336 poetis
3533 5267 3717 5323 sacris

2062 5332 2432 5390 carminibus
2483 5348 2753 5405 persaepe
2779 5332 3025 5405 laudata
3040 5332 3127 5390 'sit
3149 5340 3207 5392 et
3230 5332 3549 5393 celebrata.
3603 5342 3716 5394 Nec

2062 5421 2195 5485 non
2213 5421 2436 5485 nomen
2461 5403 2590 5485 ejus
2619 5403 3103 5485 in“fe_stivitatum_
3124 5406 3321 5485 indice
3348 5406 3440 5463 bis
3480 5409 3580 5485 vel
3634 5414 3720 5466 ter

2061 5476 2297 5557 legitur_
2324 5476 2709 5557 inscriptum.
2756 5479 2929 5557 Nam.
2961 5480 3179 5557 praeter
3187 5550 3201 5557 _
3215 5480 3434 5557 festum

2062 5546 2220 5631 rium
2247 5548 2377 5631 ejus
2403 5546 2546 5621 (xxii
2575 5546 2735 5631 Jul,),
2767 5546 3027 5631 quodin
3079 5549 3449 5631 quibusdam

3537 5480 3717 5538 rima-

3560 5553 3722 5611 alen-

2063 5620 2247 5702 dariis
2272 5625 2487 5702 octava
2514 5622 2795 5702 ornatum
2824 5624 3032 5686 exstat,
3055 5620 3585 5702 qhodquedsolum
3633 5643 3708 5702 re

2063 5694 2289 5767 peritur
2310 5692 2374 5749 in
2403 5690 2696 5750 Breviario
2722 5690 3020 5759 Romano,
3055 5690 3117 5749 in
3173 5690 3600 5752 vetustioribus
3656 5697 3674 5751 1‘
