3988 6182
259 129 392 187 1333

1009 125 1349 182 LEDUINUS
1389 125 1617 181 ABBAS
1658 124 1713 179 S.
1756 121 2072 177 VEDASTI.
2117 152 2184 160 —
2226 122 2506 177 NOTITIA
2546 123 2935 181 HISTORICA.

3543 132 3676 186 1334

327 257 379 309 9.
423 251 594 320 Quod
623 266 838 333 nocere
881 249 1028 305 dum
1057 250 1454 316 machinatur,
1489 249 1601 304 sub
1649 245 1905 319 pedibus
1944 250 1989 300 Α
2093 247 2178 300 13.
2222 247 2370 301 Nam
2419 246 2571 301 inter
2610 246 2870 316 virgines
2924 249 3184 306 adducta
3209 255 3346 323 post
3375 267 3510 308 eam
3540 267 3676 325 quae

252 343 490 399 feminze
519 345 700 414 caput
728 342 857 410 ejus
889 339 1110 396 teritur.

327 437 410 488 10.
455 431 703 487 Insidias
750 429 938 485 hostis
983 430 1160 496 hanc,
1213 429 1455 496 Christe,
1498 426 1752 484 docuisti
1781 425 1908 481 vin-

247 537 380 578 cere
407 521 471 576 in
497 520 693 594 prima
723 518 1163 589 congressione.

322 615 406 666 11.
455 613 609 666 Dum
641 624 763 665 non
793 607 1171 675 consentiret,
1206 608 1310 664 sed
1341 608 1420 663 illi
1446 607 1759 672 resisteret,
1782 604 1907 660 vin-

247 716 379 756 cere
408 700 514 773 qui
544 700 691 756 solet
719 702 979 755 tentatus
1011 698 1058 753 si
1091 713 1213 754 non
1243 701 1555 770 repugnet.

324 793 408 845 12.
450 792 638 854 Quem
666 789 794 844 haec
824 787 995 858 virgo
1025 787 1304 844 resistens
1345 803 1381 843 a
1425 802 1489 842 se
1516 786 1651 842 fecit
1679 785 1902 855 fugere,

246 896 372 953 quo
401 879 606 950 fugato
635 877 1168 952 appropinquabat
1192 877 1316 946 tibi,
1349 877 1615 934 Domine.

2019 338 2209 390 mater
2255 339 2346 390 est
2392 335 2634 405 intacta,
2667 337 2970 407 virginum
2999 338 3242 408 virginis
3272 342 3462 398 Mariae
3490 342 3674 413 digna

2020 427 2108 480 est
2133 424 2496 497 pedissequa
2521 443 2533 480 :

2093 515 2176 567 14.
2218 515 2292 569 Te
2323 528 2549 583 agnum
2581 514 2706 570 sine
2755 515 2994 571 macula
3037 517 3164 587 jam
3218 518 3482 589 sequitur
3525 521 3675 577 stola

2017 601 2275 657 candida
2310 602 2518 658 Filium
2546 603 2813 673 virginis,
2838 620 3203 678 quocunque
3232 605 3534 676 virginum
3565 607 3674 663 ﬂos

2014 690 2162 747 ierit.

2090 785 2173 837 15.
2216 782 2404 854 Hujus
2433 781 2853 839 intercessione
2883 799 2996 840 nos
3024 787 3207 841 tuere.

245 1024 540 1101 Exultent
585 1023 732 1101 ﬁlia?
755 1022 906 1101 Sion
937 1022 1200 1101 jndrege
1240 1037 1364 1101 suo.
1399 1020 1682 1101 Mirgp‘lur.
1706 1025 1903 1101 ωςωῃ
2009 1032 2459 1101 propinquavit.
2495 1030 2606 1086 Md.
2638 1033 2908 1087 Domino.
2942 1065 3009 1073 —
3053 1037 3135 1089 13.
3170 1037 3251 1088 Pt.
3283 1049 3446 1090 nunc
3485 1036 3662 1091 inter.

245 1094 520 1167 quemvis
552 1090 816 1167 conjugii
859 1091 1054 1167 delicti
1098 1090 1365 1167 crimine
1393 1090 1685 1167 sordidari
1716 1110 1728 1146 :
1765 1091 1904 1147 facit

247 1161 387 1221 cum
417 1161 850 1235 Augustihiano
880 1163 980 1219 illo
1009 1163 1083 1218 de
1114 1163 1598 1236 concupiscentia
1641 1161 1897 1236 decreto.

244 1269 314 1276 -—
343 1241 396 1292 4.
426 1233 561 1293 Adi:
586 1247 722 1292 sunt
743 1237 976 1292 merita.
1000 1267 1067 1274 —
1093 1241 1142 1291 5.
1177 1233 1330 1290 Adi
1349 1236 1561 1306 Tangit
1587 1234 1767 1290 verba
1797 1233 1901 1289 Ge-

245 1323 444 1364 neseos
471 1309 575 1363 ubi
602 1309 757 1364 Deus
787 1306 1099 1364 maledixit
1131 1308 1428 1376 serpenti:
1465 1307 1550 1361 Tu
1581 1306 1898 1362 insidiabe-

244 1380 327 1434 ris
349 1380 629 1436 calcaneo
655 1381 801 1448 ejus,
820 1384 874 1433 et
900 1379 1032 1447 ipsa
1058 1384 1315 1434 conteret
1340 1385 1518 1447 caput
1545 1383 1732 1433 tuum.
1751 1380 1900 1435 Haec

244 1451 424 1506 verba
451 1452 704 1520 fuerunt
720 1451 1082 1518 prasagium
1107 1450 1368 1505 omnium
1396 1450 1695 1519 virginum
1720 1450 1783 1504 in
1805 1465 1896 1506 ca-

242 1523 445 1577 stitate
472 1522 862 1576 militantium
895 1527 946 1576 et
962 1522 1394 1590 principaliter
1410 1521 1660 1590 virginis
1675 1521 1898 1590 glorio-

242 1608 320 1647 sae
349 1593 578 1648 Mariae.
614 1592 724 1647 Md.
761 1591 868 1645 Ad.
903 1595 1008 1662 qui
1034 1609 1164 1647 noc.
1198 1624 1265 1630 —
1303 1592 1382 1646 10.
1417 1591 1526 1647 Md.
1561 1607 1681 1646 om.
1718 1593 1800 1646 in.
1831 1625 1898 1631 —

247 1668 331 1720 11.
361 1663 471 1718 Ad.
505 1669 759 1719 tentatas
789 1694 857 1703 -
898 1669 1250 1733 repugnent.
1284 1694 1350 1702 ——
1395 1667 1478 1718 12.
1514 1662 1623 1718 Md.
1656 1663 1764 1718 Ad.
1797 1679 1900 1733 ap-

2012 1100 2122 1156 Md.
2158 1100 2262 1156 Nb.
2296 1102 2598 1176 abducta;
2650 1102 2753 1158 sed
2782 1103 3031 1174 vestigia
3081 1105 3295 1176 premit
3338 1105 3666 1162 Psalmistre

2010 1187 2104 1243 ps.
2139 1189 2312 1236 xuv.,
2341 1173 2739 1229 Adducentur
2779 1190 2906 1245 regi
2945 1173 3212 1245 uirgines
3248 1183 3386 1245 post
3415 1192 3563 1233 eam.
3598 1211 3664 1218 ~—

2012 1191 2104 1243 ps.
2139 1191 2312 1236 xuv.,
2341 1191 2739 1229 naaucenmr
2779 1191 2906 1298 reg):
2952 1191 3212 1245 virgines
3248 1191 3386 1245 post
3415 1192 3563 1233 eam.
3598 1211 3664 1218 ~-

2012 1274 2078 1328 —'
2251 1246 2316 1299 M.
2352 1248 2433 1299 10.
2468 1253 2764 1328 sequetur.
2865 1247 3213 1328 ieronxmus
3243 1264 3273 1328 :_
3305 1249 3548 1328 Nuptice
3576 1265 3666 1304 re—

2009 1315 2180 1391 ple-nt
2210 1320 2456 1383 terram,
2490 1315 2807 1391 virginitas
2839 1315 3220 1391 paradisum.
3256 1315 3475 1374 Locum
3507 1325 3662 1391 Apo-

2011 1385 2338 1461 calypseos
2349 1387 2642 1457 pressiore
2674 1385 2938 1461 expinxit
2968 1388 3163 1461 colore
3191 1393 3371 1461 poeta
3393 1385 3664 1444 Teutoni-

2011 1402 2324 1458 calypseos
2349 1402 2642 1457 pressrore
2674 1402 2939 1512 exgmxrg
2968 1402 3163 1444 comre
3191 1402 3371 1461 poeta
3393 1402 3664 1444 Teutom-

2010 1471 2114 1510 cus
2164 1456 2383 1527 (Wack.
2425 1473 2484 1529 p.
2527 1461 2687 1528 620):
2794 1475 2826 1514 ο
2869 1460 3004 1528 furt
3045 1459 3258 1515 Jhesus
3304 1461 3418 1515 den
3468 1467 3666 1516 tantze

2008 1529 2304 1654 gitittaller
2327 1530 2531 1599 megde
2559 1531 2799 1586 schaar.
2829 1563 2896 1570 —
2931 1535 3013 1585 15.
3048 1530 3155 1585 Ad.
3189 1531 3299 1587 Md.
3325 1531 3432 1586 Nb.
3466 1535 3659 1601 cujus.

2079 1641 2090 1652 .
2152 1616 2189 1654 ιι
2219 1615 2344 1654 nos.

2079 1641 2090 1652 .
2125 1615 2189 1654 ιιι
2219 1615 2344 1655 nos.

248 1964 3655 2004 ῃ

1665 2243 1696 2279 Α
1705 2241 1808 2281 NNO
1867 2242 2053 2283 DOMINI
2093 2245 2226 2284 MLX.

1479 2430 2185 2580 LEDUIN
2197 2433 2426 2580 US

930 2749 989 2822 A
1005 2737 1280 2828 BBAS
1552 2738 2011 2827 VEDASTI

2113 2743 2956 2832 ATREBATENSIS.

1168 3231 1779 3352 NOTITIA
1881 3232 2716 3356 HISTORICA.

978 3517 1098 3582 (Ex
1129 3517 1332 3572 Gallia
1360 3517 1712 3574 Christiana
1743 3534 1914 3574 novae
1941 3519 2239 3590 editionis,
2271 3525 2414 3577 tom.
2450 3522 2543 3590 Ill,
2575 3537 2714 3594 pag.
2748 3526 2893 3593 379.)

296 3954 614 4019 Leduinus,
637 3970 742 4010 seu
771 3954 1211 4019 Lieduinus,ex
1237 3955 1389 4010 laico
1417 3955 1532 4024 pias
1562 3954 1867 4024 religionis
1906 3958 1951 4008 A
1980 3951 2248 4010 redemit.
2302 3956 2503 4010 Exstat
2545 3955 2622 4010 ad
2675 3954 2958 4010 eumdem
3011 3954 3344 4009 Leduinum
3401 3956 3640 4011 Gerardi

223 4027 548 4081 monachus
599 4041 635 4081 a
674 4025 976 4080 Balderico
1008 4029 1280 4089 vocatus.
1316 4025 1628 4081 Vedastino
1671 4039 1878 4080 mona-

225 4096 404 4150 sterio
451 4096 768 4168 praeﬁcitur
820 4113 854 4151 a
885 4099 957 4168 Β.
993 4094 1306 4168 Richardo,
1341 4112 1462 4152 non
1500 4095 1744 4168 quidem
1777 4111 1874 4151 an.

230 4168 396 4233 1018;
424 4166 487 4222 ut
514 4167 716 4222 scribit
735 4167 992 4235 Locrius,
1018 4166 1129 4221 nisi
1150 4166 1400 4224 fortasse
1423 4166 1712 4239 tanquam
1732 4183 1880 4239 prte-

223 4239 477 4311 positus,
506 4243 757 4311 at__ccrte
786 4242 1038 4310 praeerat
1061 4239 1190 4311 jam
1233 4253 1343 4311 an.
1371 4242 1524 4311 1023,
1547 4237 1752 4311 prima
1781 4237 1876 4292 die

227 4308 457 4390 mensis
480 4309 630 4390 Maii,
643 4308 1074 4390 qua—praesens
1094 4309 1161 4390 in
1193 4310 1448 4390 comitiis
1473 4308 1874 4378 generalibus,

223 4381 395 4450 jussu
420 4381 656 4435 Roberti
679 4380 853 4450 ~regis
880 4380 1046 4452 apud
1087 4381 1523 4451 Compendium
1554 4395 1877 4452 congrega-

231 4452 322 4520 tis,
353 4451 504 4507 inter
530 4452 847 4508 Ecclesiam
878 4451 1358 4507 Bellovacensem
1389 4456 1445 4507 et
1473 4467 1648 4506 suam
1678 4451 1876 4506 frater-

229 4538 373 4578 nam
413 4523 754 4578 societatem
785 4523 930 4590 iniit,
960 4529 1023 4578 ut
1065 4527 1226 4594 patet
1254 4538 1326 4577 ex
1369 4523 1573 4578 charta
1612 4538 1683 4578 ea
1712 4521 1786 4576 de
1816 4537 1879 4577 re

229 4594 525 4666 descripta
568 4595 733 4666 apud
785 4595 1105 4651 Chesnium
1153 4595 1434 4666 (Preupes
1465 4595 1538 4650 de
1577 4594 1881 4666 l’Histoire

231 4665 304 4720 de
330 4665 802 4738 Montmorency,
829 4681 968 4738 pag.
999 4667 1081 4722 12)
1117 4671 1173 4720 et
1192 4665 1355 4738 apud
1379 4666 1638 4738 Miraeum
1668 4665 1876 4738 (Notit.

231 4737 398 4808 eccl.,
429 4752 575 4808 pag.
603 4734 976 4808 1-58).Nullus
1008 4741 1209 4792 autem
1231 4734 1389 4808 pane
1419 4737 1604 4808 estin,
1627 4737 1740 4791 hac
1771 4734 1878 4791 ab-

233 4807 444 4863 batum
470 4807 640 4877 serie,
672 4807 844 4876 cujus
887 4807 1179 4863 memoria
1223 4807 1282 4863 in
1314 4807 1728 4863 benedictione
1760 4822 1884 4861 ma-

232 4879 322 4948 gis
365 4879 472 4945 sit;
502 4879 734 4950 etenim
764 4878 1057 4950 plurimus
1106 4879 1322 4934 exstitit
1346 4879 1405 4934 in
1435 4877 1797 4950 restituenda
1814 4882 1884 4950 iet

232 4949 578 5030 asserenda,
613 4966 750 5004 cum
773 4949 942 5004 domi
979 4950 1585 5030 tum_foris,hmorum
1613 4949 1880 5030 discipli-I-

231 5037 332 5089 na,
377 5021 704 5092 plurimum
757 5035 999 5092 quoque
1053 5020 1346 5092 laboravit
1392 5021 1454 5076 in
1497 5037 1559 5077 re
1609 5019 1882 5076 familiari

232 5091 643 5148 conservanda
671 5095 728 5146 et
757 5091 1055 5161 augenda.
1087 5096 1134 5146 A
1161 5091 1551 5149 fundamento
1589 5095 1885 5148 monaste-

231 5163 388 5218 rium
443 5163 815 5232 restauravit,
861 5167 917 5218 et
963 5162 1065 5218 lib.
1122 5166 1186 5216 111
1238 5163 1505 5218 Chronici
1553 5167 1881 5228 Camerac.,

234 5250 366 5306 cap.
400 5239 488 5300 59,
519 5234 686 5306 quod
716 5233 960 5306 quidem
993 5233 1287 5306 Gerardus
1326 5235 1664 5306 episcopus,
1695 5234 1888 5303 inquit

1983 4025 2219 4098 antistis
2250 4024 2500 4098 epistola
2530 4041 2652 4098 qua
2682 4025 2734 4080 ei
2764 4025 2983 4098 gratias
3013 4025 3329 4098 agitquod
3359 4041 3640 4098 compas—

1984 4112 2085 4150 sus
2120 4095 2192 4150 sit
2220 4095 2651 4168 Atrebatensis
2685 4095 2892 4168 matris
2943 4095 3211 4168 Ecclesia}.
3250 4112 3385 4168 quae
3419 4114 3479 4152 ιιι
3496 4095 3636 4153 “Κδ.1.

1982 4166 2233 4236 Augusti
2285 4166 2436 4239 igne
2467 4183 2497 4222 e
2547 4167 2702 4239 caelo
2746 4165 2999 4239 delapso
3057 4165 3372 4239 combusta
3425 4168 3636 4224 fuerat.

1985 4239 2128 4310 Item
2176 4237 2538 4310 auctoribus
2563 4238 2858 4310 iLeduino
2889 4237 2972 4294 'et
3029 4238 3260 4310 Rotrico
3321 4239 3638 4310 (Sithiensi)

1983 4308 2327 4383 abbatibus,
2361 4309 2657 4383 Gerardus
2706 4309 3024 4383 episcopus
3058 4309 3306 4366 demum
3331 4308 3642 4383 acquievit

1984 4379 2232 4454 consilio
2261 4380 2668 4454 quorumdam
2698 4379 2875 4454 Belgii
2905 4379 3350 4454 episcoporum,
3375 4379 3480 4454 qui
3500 4383 3644 4436 Bur-

1984 4451 2224 4521 gundim
2255 4451 2583 4524 praesulum
2631 4451 2986 4524 sententiain
3030 4451 3232 4518 secuti,
3267 4457 3330 4507 ut
3360 4451 3482 4507 tam
3512 4467 3641 4524 sese

1984 4539 2171 4595 quam
2218 4521 2428 4578 omnes
2472 4523 2750 4595 homines
2796 4523 2908 4579 sub
2939 4526 3316 4595 sacramento
3347 4521 3639 4578 constrin-

1986 4593 2210 4665 gerent,
2263 4609 2479 4666 pacem
2519 4594 2795 4651 videlicet
2845 4610 2915 4666 ac
2958 4593 3248 4666 justitiam
3301 4596 3640 4666 servaturos

2007 4663 2300 4734 treugaui,
2333 4681 2443 4722 ceu
2491 4666 2740 4721 treviam
2787 4664 2907 4733 Dei,
2958 4663 3355 4735 appellabant
3388 4664 3637 4734 Franci).

2027 4736 2110 4791 ub
2149 4751 2380 4792 annum
2416 4740 2572 4802 10°28,
2601 4735 2803 4806 ejectis
2847 4751 2877 4806 e
2904 4734 3361 4806 AMarcinianensi
3407 4736 3644 4790 Parthe-

1986 4823 2143 4863 none
2173 4804 2727 4863 sanctimonialibus
2779 4804 3052 4861 Balduini
3081 4804 3314 4860 comitis
3355 4806 3553 4876 jussu,
3586 4809 3643 4860 et

1987 4879 2048 4934 in
2087 4894 2295 4933 earum
2342 4878 2544 4932 locum
2594 4876 2924 4931 substitutis
2975 4877 3308 4942 monachis,
3345 4877 3642 4932 Leduinus

1988 4949 2180 5004 abbas
2214 4964 2284 5004 eo
2311 4963 2535 5003 novam
2564 4946 2797 5002 induxit
2825 4947 3144 5013 coloniam,
3171 4947 3265 5002 cui
3296 4963 3512 5003 novem
3538 4963 3642 5002 an-

1987 5020 2080 5076 nis
2131 5018 2440 5091 praefuisse
2481 5018 2764 5091 traditur;
2813 5017 3170 5091 interimque
3213 5018 3641 5091 Harmaticum

1989 5088 2266 5147 ccenobio
2321 5088 2749 5145 Marchianensi
2807 5088 3093 5160 subjecit;
3130 5090 3302 5160 cujus
3351 5090 3640 5146 hactenus

1991 5161 2140 5233 cella
2175 5165 2279 5216 est.
2329 5161 2844 5233 Nominatur1036
2888 5159 2950 5233 in
2994 5159 3201 5233 charta
3251 5161 3642 5233 pro__juribus

1991 5231 2390 5288 Atrebatensis
2421 5231 2636 5288 telonei
2677 5246 2713 5287 a
2740 5230 3105 5286 Theodorico
3148 5230 3286 5300 rege
3327 5230 3470 5286 olim
3500 5247 3642 5288 con-

235 5301 496 5386 Gazagus,
515 5301 676 5386 anno
704 5301 858 5373 1031,
885 5304 1273 5386 consecravit.
1302 5301 1712 5386 gércloe'usem
1736 5301 1884 5386 prie-
1924 5306 1964 5361 C
1994 5303 2142 5386 cessi
2163 5303 2433 5386 ecclesiae
2464 5319 2620 5384 suae;
2663 5305 2721 5357 et
2747 5301 2807 5356 in
2837 5301 3152 5386 advocatia
3179 5301 3642 5386 r‘darchianensis

234 5375 564 5449 posituram
611 5377 671 5449 in
716 5375 984 5449 proprio,
1027 5375 1143 5430 sub
1197 5377 1251 5429 S.
1302 5374 1536 5428 Vedasti
1583 5374 1885 5449 auspiciis,

237 5445 513 5520 excitavit
575 5445 852 5520 aliodio,’
895 5449 1290 5520 Hasprensem
1358 5445 1793 5520 permutatione
1855 5461 1892 5500 a

240 5518 778 5589 Genneticensibus-
813 5515 1042 5589 accepit
1088 5533 1185 5573 an.
1220 5515 1379 5583 1044,
1408 5532 1477 5572 ac
1527 5515 1743 5571 deinde
1773 5520 1892 5589 An-

241 5588 552 5659 gilcuriam
633 5606 743 5662 pro
823 5587 1146 5661 Hasprensi
1211 5592 1642 5644 commutatam
1707 5587 1896 5660 pretio

1997 5373 2267 5444 abbatiae,
2299 5378 2454 5437 1038,
2487 5390 2558 5428 ac
2605 5373 2850 5444 insuper
2898 5373 3030 5444 1041,
3078 5373 3139 5427 in
3177 5372 3501 5429 donatione
3546 5377 3644 5428 Er-

1999 5443 2328 5517 mentrudis
2354 5459 2464 5517 pro
2494 5443 2798 5517 sepultura
2827 5443 3036 5517 mariti
3067 5443 3158 5498 sui
3185 5444 3400 5517 Gatteri
3439 5444 3644 5517 castel-

2001 5516 2122 5572 lani
2183 5514 2628 5572 Cameracensis
2681 5514 2845 5587 apud
2910 5514 3222 5587 Elnonem.
3277 5515 3646 5587 Proindeque

2004 5603 2127 5645 non
2156 5590 2248 5644 est
2273 5591 2544 5644 mortuus
2572 5585 2739 5643 anno
2767 5589 2922 5655 1040,
2955 5589 3018 5641 ut
3045 5585 3254 5644 asserit
3281 5586 3538 5643 Locrius.
