3988 6182
363 126 501 191 1335

1111 133 1389 188 LEDUINI
1429 128 1725 186 ABBATIS
1763 130 1817 185 S.
1860 126 2160 187 VEDASTI
2196 126 2288 189 DE
2328 127 2620 189 PLACITO
2661 124 3030 187 GENERALI.

3662 112 3793 179 1336

355 270 3766 300 Μ

834 796 1302 883 ABBATIS
1411 794 1789 883 SANCTI
1910 791 2370 879 VEDASTI
2484 787 3301 878 ATREBATENSIS

1115 1037 1781 1131 CONSTITUTIO
1837 1036 1967 1129 DE
2027 1032 2451 1125 PLACITO
2529 1031 3023 1123 GENERALI

1538 1262 1807 1331 (Murum.
1848 1258 2050 1328 Ampl.
2093 1256 2342 1315 Collect.
2386 1259 2426 1311 l.
2469 1256 2615 1326 381.)

436 1648 474 1700 Ι.
520 1645 710 1701 Homo
735 1644 810 1701 de
838 1645 1098 1715 generali
1130 1645 1349 1718 placito
1381 1645 1489 1702 tria
1518 1646 1735 1720 placita
1762 1642 2015 1701 debetin
2054 1646 2100 1697 A
2129 1639 2314 1697 dabit.
2351 1637 2406 1695 Si
2438 1640 2606 1697 extra
2634 1638 2829 1707 legem
2863 1651 3038 1692 suam
3079 1649 3327 1691 uxorem
3373 1632 3712 1709 acceperit,
3742 1637 3800 1692 il-

363 1749 543 1790 anno.
581 1737 775 1790 Unum
804 1751 859 1789 v1
886 1734 1031 1791 feria
1060 1739 1196 1807 post
1226 1735 1641 1809 Epiphaniam,
1667 1735 1827 1791 aliud
1862 1750 1911 1789 γι
1940 1732 2020 1788 fe-

361 1822 449 1878 ria
478 1827 617 1895 post
654 1828 899 1879 octavas
947 1824 1213 1893 Paschee,
1245 1824 1483 1880 tertium
1514 1842 1570 1879 v1
1602 1825 1748 1881 feria
1776 1827 1915 1897 post
1944 1822 2020 1877 fe-

363 1916 520 1967 stum
564 1915 617 1969 S.
646 1912 889 1967 Joannis
922 1913 1207 1986 Baptistse.
1240 1917 1301 1968 ln
1331 1914 1551 1989 quibus
1581 1913 1813 1991 placitis
1853 1912 2017 1967 nulla

362 2004 643 2057 extranea
686 2004 950 2074 potestas
998 2000 1175 2057 debet
1213 2001 1432 2072 venire,
1463 2018 1659 2075 neque
1700 2002 2018 2075 praesidere

361 2088 440 2145 ad
486 2088 908 2159 judicandum,
953 2104 1150 2161 neque
1191 2106 1416 2160 comes,
1457 2106 1653 2163 neque
1693 2090 2018 2147 advocatus

361 2178 541 2248 ullus,
565 2178 679 2235 nisi
705 2182 939 2236 tantum
968 2178 1160 2236 abbas
1190 2184 1292 2236 aut
1319 2180 1694 2254 praepositus.

432 2270 498 2325 ll.
529 2269 699 2333 Quod
745 2269 794 2325 si
821 2269 957 2343 quis
1004 2269 1409 2327 eminentioris
1448 2272 1747 2343 potentiae,
1779 2271 1873 2327 vel
1915 2270 2019 2347 qui

360 2373 485 2414 non
531 2358 605 2415 sit
632 2359 707 2415 de
755 2358 884 2429 lege
926 2359 1110 2431 hujus
1154 2360 1446 2430 generalis
1490 2360 1712 2433 placiti,
1742 2359 2019 2417 habuerit

362 2462 632 2518 causam,
673 2447 1040 2520 volueritque
1093 2449 1354 2507 clamare
1403 2450 1465 2505 in
1511 2449 1753 2521 placito,
1788 2448 1924 2511 licet
1966 2450 2019 2506 ei

360 2536 561 2592 venire
592 2541 649 2593 et
677 2537 958 2603 clamare,
992 2541 1049 2594 et
1074 2540 1408 2596 secundum
1437 2539 1630 2610 legem
1661 2539 1861 2613 placiti
1885 2555 2022 2596 cau-

360 2640 431 2681 sa
457 2624 613 2681 illius
650 2626 1022 2698 judicabitur
1063 2633 1249 2698 recte;
1290 2629 1491 2701 sicque
1540 2629 1893 2699 egredietur,
1925 2644 2018 2684 re-

360 2718 639 2770 manente
671 2714 893 2787 placito
928 2715 989 2770 in
1019 2731 1130 2772 sua
1157 2700 1448 2777 libertate.

428 2806 517 2859 Ill.
552 2807 617 2858 ln
663 2803 778 2859 hoc
828 2804 1028 2876 itaque
1078 2804 1340 2874 generali
1385 2803 1624 2875 placito,
1666 2804 2020 2877 praesidente

356 2890 575 2945 abbate
643 2906 748 2946 seu
803 2890 1147 2963 praeposito,
1207 2892 1782 2948 circumsedentibus
1841 2893 2019 2949 etiam

2126 1726 2347 1783 licitam
2392 1743 2519 1782 rem
2549 1729 2833 1799 operatus
2866 1727 2973 1795 est,
3006 1726 3239 1780 tantum
3284 1723 3457 1779 dabit
3498 1729 3798 1797 quantum

2127 1817 2436 1891 deprecari
2460 1816 2692 1889 poterit.
2728 1815 2781 1872 Si
2813 1814 3064 1870 liberam
3091 1812 3382 1869 feminam
3412 1830 3682 1869 uxorem
3705 1814 3801 1869 du-

2124 1906 2295 1976 xerit,
2324 1905 2468 1961 nihil
2512 1904 2699 1976 dabit,
2728 1904 2873 1976 quia
2916 1902 3254 1958 libertatem
3292 1901 3507 1958 uxoris
3553 1919 3686 1957 sure
3729 1902 3797 1958 ad

2123 1994 2319 2066 legem
2350 2010 2527 2051 suam
2559 1992 2865 2049 convertit.

2197 2086 2307 2140 Vll.
2352 2084 2545 2139 Homo
2579 2084 2625 2138 si
2656 2086 2929 2138 mortuus
2954 2080 3146 2150 fuerit,
3171 2080 3445 2153 quinque
3474 2081 3708 2137 solidos
3731 2082 3796 2138 de

2125 2178 2583 2231 mortua-manu
2613 2172 2818 2239 dabit;
2870 2171 3093 2227 femina
3136 2187 3276 2226 cum
3321 2177 3573 2227 mortua
3602 2171 3791 2237 fuerit,

2123 2262 2273 2319 nihil
2297 2262 2486 2333 dabit,
2519 2262 2663 2337 quia
2691 2261 2922 2335 prolem
2973 2277 3145 2317 suam
3176 2261 3238 2316 in
3268 2260 3675 2317 hereditatem
3704 2259 3788 2315 di-

2125 2352 2320 2409 mittit.
2350 2353 2431 2409 De
2478 2352 2571 2408 his
2618 2366 2861 2425 quoque
2910 2368 2942 2405 v
2983 2350 3208 2407 solidos
3256 2354 3385 2406 tam
3424 2351 3503 2406 de
3540 2349 3785 2406 comedo

2121 2454 2312 2516 quam
2359 2442 2432 2501 de
2463 2445 2936 2513 mortua-manu,
2964 2440 3268 2496 decimum
3307 2439 3636 2496 denarium
3663 2455 3786 2495 ma-

2120 2530 2217 2603 jor
2246 2529 2445 2604 placiti
2481 2529 2746 2588 habebit.

2198 2624 2335 2677 Vlll.
2378 2624 2503 2677 Non
2532 2620 2666 2676 licet
2694 2619 2924 2675 homini
2962 2618 3037 2675 de
3075 2618 3297 2693 placito
3345 2619 3623 2689 generali
3653 2634 3784 2675 ven—

2128 2709 2268 2766 dere
2299 2709 2491 2767 autin
2518 2708 2935 2765 vadimonium
2977 2707 3207 2764 mittere
3250 2707 3528 2764 alodium
3574 2707 3780 2782 placiti,

2127 2804 2232 2855 aut
2265 2799 2430 2856 alteri
2474 2798 2737 2855 ecclesiae
2784 2798 2949 2867 dare,
2979 2797 3093 2853 nisi
3137 2812 3246 2871 per
3273 2796 3587 2854 licentiam
3616 2797 3787 2854 abba-

2128 2889 2203 2945 tis
2231 2889 2321 2945 vel
2350 2888 2690 2962 praepositi;
2738 2903 2949 2944 verum
2998 2887 3047 2942 si
3092 2903 3217 2960 qua
3246 2890 3608 2944 necessitate
3634 2904 3783 2943 com-

354 2975 761 3045 scabionibus,
794 2979 843 3033 si
872 2978 1009 3050 quis
1040 2978 1330 3034 adversus
1363 2978 1617 3036 alterum
1663 2980 1847 3037 habet
1877 2998 2019 3055 que-
2055 3000 2097 3055 Β
2129 2979 2359 3052 pulsus,
2399 2978 2656 3035 vendere
2686 2977 2777 3034 vel
2817 2977 2879 3033 in
2916 2977 3335 3034 vadimonium
3379 2978 3619 3034 mittere
3652 2978 3781 3034 illud

351 3063 559 3132 relam,
595 3064 777 3121 stabit
818 3070 875 3122 et
926 3065 1100 3122 faciet
1147 3066 1473 3124 clamorem
1526 3085 1703 3126 suum
1749 3069 2009 3141 legitime

352 3169 531 3227 super
559 3154 749 3225 illum,
782 3155 1177 3229 audieturque
1225 3157 1453 3214 clamor
1491 3159 1641 3230 ejus,
1674 3164 1731 3216 et
1766 3160 2012 3232 diligen-

350 3247 435 3300 ter
456 3245 821 3317 discutietur,
853 3250 910 3303 et
940 3248 1277 3304 secundum
1303 3248 1500 3323 legem
1537 3248 1740 3325 placiti
1786 3266 1883 3309 res
1923 3251 2011 3308 in-

350 3340 436 3392 ter
464 3340 788 3411 utrumque
818 3337 1266 3409 dijudicabitur.

419 3423 507 3477 IV.
551 3425 661 3490 Qui
706 3431 1151 3483 sacramentum
1190 3429 1503 3502 acceperit,
1554 3446 1633 3484 xx
1681 3435 1887 3486 noctes
1936 3430 2011 3486 de

348 3508 658 3568 interstitio
687 3513 951 3570 habebit.

419 3601 482 3655 V.
526 3600 637 3665 Qui
667 3601 887 3657 vadem
930 3603 1160 3660 dederit
1186 3621 1225 3659 v
1266 3605 1489 3661 solidos
1528 3606 1603 3660 de
1656 3606 1808 3675 lege,
1842 3606 2012 3663 dabit

2120 3069 2394 3141 voluerit,
2425 3069 2621 3125 veniet
2665 3072 2719 3125 et
2763 3067 2970 3124 offeret
3013 3067 3259 3137 abbati;
3308 3067 3356 3123 si
3386 3068 3684 3142 placuerit
3711 3068 3783 3123 illi

2121 3162 2185 3214 ut
2232 3158 2508 3227 redimat,
2563 3157 2753 3214 levius
2796 3157 3017 3213 habere
3065 3156 3245 3213 debet
3297 3173 3488 3231 quam
3543 3157 3786 3231 quilibet

2121 3247 2275 3303 alius
2301 3266 2313 3316 ;
2350 3247 2399 3303 sl
2422 3246 2679 3313 noluerit
2706 3246 2801 3313 vel
2830 3262 2953 3303 non
2982 3246 3240 3320 potuerit
3264 3246 3583 3314 redimere,
3616 3246 3785 3302 dabit

2120 3335 2173 3392 ei
2215 3335 2515 3393 licentiam
2559 3335 2881 3403 vendendi,
2926 3351 3050 3391 non
3099 3334 3276 3391 alicui
3320 3340 3626 3403 extraneo,
3675 3335 3780 3391 sed

2121 3425 2394 3498 proximo
2425 3426 2658 3497 generis
2684 3425 2797 3496 sui,
2828 3428 2933 3481 aut
2972 3424 3151 3481 alicui
3182 3425 3446 3497 ejusdem
3491 3425 3659 3495 legis,
3691 3440 3773 3481 ne

2119 3515 2388 3572 alodium
2449 3515 2651 3589 placiti
2714 3514 2984 3573 videatur
3048 3513 3417 3571 exhzeredari.
3475 3512 3642 3577 Quod
3709 3514 3764 3568 si

2119 3605 2421 3660 nesciente
2478 3605 2697 3662 abbate
2752 3605 2845 3660 vel
2903 3605 3220 3678 praeposito
3261 3603 3374 3659 hoc
3429 3602 3645 3671 iecerit,
3698 3607 3761 3657 et

346 3703 467 3742 xxx
496 3687 635 3745 den.
668 3689 744 3744 de
773 3689 1036 3759 fredo,et
1056 3692 1237 3762 hujus
1267 3692 1415 3748 fredi
1444 3693 1580 3749 duae
1614 3698 1811 3765 partes
1839 3700 2015 3752 erunt
2116 3694 2315 3751 abbas
2365 3710 2741 3765 cognoscens
2796 3696 2912 3751 hoc
2955 3695 3193 3768 insequi
3233 3693 3500 3761 voluerit,
3525 3709 3636 3749 nec
3684 3692 3775 3748 illi

347 3777 677 3850 praepositi,
700 3779 932 3834 tertiam
962 3796 1100 3836 vero
1131 3785 1365 3853 partem
1396 3781 1641 3838 habebit
1668 3784 1866 3853 major
1888 3784 2012 3856 pla-

348 3868 465 3925 citi.
501 3868 558 3925 Si
596 3873 799 3925 autem
847 3869 944 3926 lex
972 3870 1211 3927 abbatis
1242 3871 1333 3927 vel
1364 3873 1667 3945 praepositi
1698 3874 1888 3946 fuerit,
1925 3879 2012 3930 to-

346 3960 476 4013 tum
500 3956 739 4015 fredum
768 3958 964 4031 major
1006 3960 1208 4032 placiti
1238 3960 1504 4018 habebit.
1538 3965 1609 4018 At
1638 3978 1777 4019 vero
1807 3963 1854 4020 si
1877 3964 2014 4036 quis

347 4062 596 4105 causam
627 4049 907 4106 clamoris
932 4050 1189 4119 habens,
1219 4051 1280 4107 in
1322 4052 1601 4125 praesenti
1632 4053 1893 4110 clamare
1923 4054 2014 4110 di-

350 4135 594 4203 stulerit,
625 4154 816 4212 usque
844 4138 923 4196 ad
944 4139 1105 4197 diem
1132 4140 1375 4197 alterius
1396 4140 1597 4214 placiti
1627 4142 1875 4199 omnino
1903 4143 2021 4200 cla-

349 4236 517 4279 mare
546 4238 669 4279 non
699 4227 933 4296 poterit.
970 4228 1175 4285 Abbas
1199 4234 1401 4287 autem
1432 4230 1525 4287 vel
1554 4231 1935 4304 praepositus,
1967 4232 2015 4288 si

2120 3784 2457 3840 remanebit
2492 3784 2596 3857 qui
2646 3784 2807 3854 emit,
2840 3801 2949 3841 nec
2999 3784 3081 3840 ad
3124 3784 3291 3840 illum
3328 3788 3647 3840 revertetur
3674 3784 3781 3857 qui

2121 3872 2404 3941 vendidit,
2460 3873 2565 3928 sed
2612 3872 2862 3929 ecclesia
2916 3872 3185 3929 alodium
3266 3889 3443 3929 suam
3487 3873 3621 3943 jure
3668 3872 3785 3929 sibi

2122 3962 2469 4019 vindicabit.

2196 4056 2279 4107 ιχ.
2322 4055 2483 4108 Hanc
2510 4066 2624 4121 ego
2649 4052 2725 4123 (1)
2752 4051 3077 4123 Leduinus,
3107 4051 3305 4109 abbas
3335 4051 3603 4108 ecclesiae
3630 4051 3785 4109 Beati

2124 4140 2381 4212 Vedasti,
2430 4140 2723 4197 rationem
2757 4140 2883 4196 sive
2932 4140 3417 4196 constitutionem
3452 4138 3662 4213 placiti
3701 4153 3786 4210 ge»

2124 4229 2360 4299 neralis,
2396 4233 2457 4285 ut
2487 4228 2547 4286 in
2577 4227 2845 4286 libertate
2877 4245 2990 4287 sua
3031 4234 3230 4286 ratum
3262 4232 3320 4286 et
3362 4228 3783 4285 inconvulsum

349 4316 439 4413 est
476 4312 644 4415 unde
671 4313 813 4415 velit
856 4315 1143 4415 clamare,
1175 4323 1371 4390 potest
1395 4320 1564 4376 omni
1604 4325 1870 4394 tempore
1908 4323 2013 4378 ho—
2048 4360 2087 4415 Ε
2126 4320 2292 4379 omni
2319 4325 2583 4415 tempore
2603 4325 3139 4415 permaneret,tam
3160 4319 3416 4397 posteris
3436 4336 3787 4397 quamprm-

350 4402 578 4459 minem
609 4403 684 4460 de
710 4402 934 4477 placito
973 4404 1035 4460 in
1082 4423 1322 4464 camera
1364 4426 1475 4466 sua
1503 4412 1815 4479 mandare,
1847 4417 1904 4468 et
1933 4413 2007 4470 de
2051 4402 2087 4415 υ
2117 4409 2383 4464 sentibus
2402 4408 2671 4465 Ecclesiae
2688 4409 2827 4466 ﬁliis
2848 4409 3787 4482 εῑϐίίθιὼιιεβοιδὶρδοθοωω-

352 4494 542 4553 ωιθισ
589 4512 701 4554 suo
740 4511 922 4571 super
970 4513 1111 4553 eum
1166 4498 1427 4555 clamare
1480 4504 1536 4557 et
1572 4500 1766 4573 legem
1797 4501 2012 4575 facere,

351 4586 607 4659 ipsaque
628 4585 727 4643 lex
743 4602 884 4660 quae
903 4586 969 4644 in
987 4602 1228 4647 camera
1248 4588 1486 4645 abbatis
1507 4590 1623 4657 ﬁet,
1640 4593 2017 4651 consuetudi-

354 4684 494 4730 nem
522 4674 726 4749 placiti
752 4674 935 4733 debet
960 4680 1180 4735 tenere.
1214 4676 1302 4733 Ad
1334 4677 1658 4734 clamorem
1704 4695 1844 4736 vero
1872 4680 2014 4737 alte-

351 4762 501 4831 rius,
535 4767 601 4819 ut
629 4762 857 4821 dictum
912 4768 1019 4834 est,
1046 4766 1166 4822 nisi
1213 4764 1274 4823 in
1311 4765 1531 4841 placito
1575 4767 1809 4824 nullum
1837 4769 2017 4826 debet

346 4851 641 4925 judicare.

427 4945 515 5000 Vl.
556 4942 752 5001 Homo
780 4945 856 5001 de
886 4946 1150 5015 generali
1189 4946 1410 5020 placito
1452 4964 1579 5007 non
1620 4948 1727 5006 dat
1756 4963 2011 5007 censum

354 5033 432 5089 de
456 5032 649 5107 capite
681 5050 813 5105 suo,
845 5035 1077 5092 nullam
1105 5036 1211 5093 dat
1253 5051 1451 5110 neque
1478 5037 1658 5095 debet
1687 5038 2015 5095 advocatu-

353 5132 508 5192 ram,
537 5122 682 5197 quia
709 5120 861 5181 liber
884 5129 972 5182 est
1011 5125 1089 5181 ab
1130 5126 1249 5183 hac
1295 5126 1603 5183 exactione
1630 5128 1756 5183 sine
1785 5128 2014 5202 inquie-

356 5213 583 5273 tudine.
624 5212 684 5269 Si
714 5229 965 5272 uxorem
994 5231 1067 5273 ex
1096 5215 1226 5289 lege
1262 5232 1372 5275 sua
1402 5218 1712 5291 acceperit,
1746 5217 2015 5291 quinque

356 5302 583 5361 solidos
629 5303 707 5360 de
744 5303 1017 5373 comedo,
1049 5305 1109 5362 id
1154 5311 1241 5362 est
1283 5306 1522 5364 licentia
1559 5307 1649 5363 vir
1692 5312 1750 5364 et
1791 5307 2016 5386 femina

432 5465 509 5541 (ι)
549 5465 984 5541 lste_Leduinus
1015 5466 1206 5541 etiam
1217 5467 1411 5541 abbas
1438 5468 1854 5541 Marcianensis
1880 5473 2016 5541 post

360 5536 859 5594 restaurationem
886 5538 1231 5596 monasterii
1244 5539 1499 5598 exstitit.

431 5607 510 5679 (2)
546 5607 874 5666 Balduinus
892 5609 1398 5670 Pulchra-Barba
1427 5626 1533 5669 seu
1556 5611 1862 5670 Barbatus
1890 5610 2014 5668 dic-

2125 4497 2277 4554 dans
2302 4495 2607 4554 notiﬂcare
2629 4497 2808 4566 volui,
2830 4508 3129 4555 consensu
3144 4503 3207 4555 et
3225 4498 3639 4573 dispositione
3657 4505 3788 4556 tunc

2122 4586 2408 4665 temporis
2457 4587 2893 4645 advocatorum
2943 4592 3001 4645 et
3045 4587 3300 4651 aliorum
3332 4586 3626 4645 Ecclesiae
3657 4586 3791 4645 ﬁde-

2120 4677 2292 4749 lium,
2313 4694 2575 4750 quorum
2606 4679 2731 4735 haec
2761 4684 2900 4735 sunt
2927 4678 3179 4739 nomina
3207 4697 3219 4734 :
3252 4676 3576 4751 Bobertus,
3611 4677 3795 4736 Pasci-

2122 4767 2310 4833 culus,
2343 4770 2401 4822 et
2456 4767 2740 4837 Helgotus
2783 4768 3059 4825 advocati
3088 4773 3499 4824 assensor-unt.
3536 4770 3792 4843 Stepha-

2119 4872 2235 4912 nus
2264 4856 2507 4927 Bechez,
2526 4856 2629 4930 qui
2660 4857 2857 4929 major
2881 4860 3005 4913 erat
3024 4858 3207 4929 hujus
3231 4857 3454 4931 placiti,
3486 4862 3553 4913 et
3584 4859 3791 4915 {rm

2119 4948 2249 5018 ejus
2280 4946 2670 5014 Bainboldus,
2700 4952 2755 5004 et
2784 4950 3188 5021 Gontrannus,
3219 4948 3517 5005 Varnerus
3554 4948 3788 5005 Maluis.

2128 5037 2330 5106 Wlago
2357 5036 2432 5093 de
2458 5036 2856 5105 Walenscurt,
2887 5041 2943 5093 et
2970 5039 3272 5097 Iohannes
3300 5034 3481 5105 frater
3507 5036 3679 5110 ejus,
3706 5036 3792 5094 AL

2121 5125 2324 5180 bricus
2354 5124 2732 5194 castellanos,
2764 5126 3003 5182 Gericus
3032 5126 3108 5182 de
3136 5125 3632 5195 Herchingdien.

2196 5216 2409 5270 Actum
2436 5216 2523 5270 est
2553 5219 2754 5271 autem
2784 5219 3052 5290 tempore
3092 5215 3326 5273 comitis
3355 5214 3647 5273 Balduinl
3676 5215 3791 5273 Pul-

2123 5302 2514 5365 chrae-Barbare
2545 5305 2638 5377 (2).

2122 5470 2219 5551 tus
2250 5465 2399 5522 obiit
2429 5471 2779 5551 anno‘103‘6,
2813 5472 3140 5551 postquam
3181 5473 3496 5537 regnasset
3522 5469 3591 5527 in
3625 5466 3782 5526 Fian-

2120 5538 2276 5607 dria,
2308 5539 2482 5595 annis
2511 5542 2647 5597 octo
2674 5544 2734 5597 et
2759 5538 3203 5615 quadringinta.
