4020 6176
351 189 485 243 1339

347 313 672 376 consortes,
705 326 843 365 cum
875 309 1010 380 ipso
1057 312 1196 364 sunt
1238 307 1415 363 simul
1461 304 1756 373 tumulati,
1795 307 1854 359 et
1882 306 2000 358 Deo
2033 309 2077 358 Α

346 398 604 471 propitio
632 398 710 454 ad
739 413 850 452 nos
878 413 1069 468 usque
1093 396 1321 469 perlati.
1346 395 1456 452 Sed
1485 395 1612 450 haec
1629 392 1833 449 omnia
1853 391 2004 446 liber

350 491 430 543 De
456 488 632 557 gestis
662 503 872 543 eorum
899 486 1269 559 conscriptus
1318 485 1688 541 manifestius
1739 485 2001 537 testatur.

424 578 687 650 Septima
716 575 1073 645 Pharaildis,
1105 577 1274 646 virgo
1318 575 1481 648 apud
1530 591 1641 630 nos
1682 571 2008 645 antiquitus

349 667 634 739 reposita.

424 757 682 812 Octavus
723 757 777 811 S.
814 753 1051 810 Livinus
1082 754 1425 826 episcopus,
1476 751 1552 808 de
1599 751 1793 806 Scotia
1823 765 2010 805 causa

352 845 636 902 orationis
664 845 930 914 veniens,
959 849 1015 899 et
1043 844 1208 916 apud
1238 843 1442 899 villam
1472 840 1805 914 quamdam
1831 841 2009 896 S.Ba-

351 933 521 989 vonis
577 932 1016 988 htereditariam
1065 949 1100 988 a
1149 933 1289 988 viris
1342 931 1620 1001 malignis
1649 927 2009 997 interfectus,

353 1022 621 1094 palmam
651 1025 742 1076 est
765 1021 1043 1093 martyris
1069 1038 1104 1077 a
1130 1021 1362 1077 Christo
1393 1021 1665 1092 adeptus.

425 1115 626 1166 Nonus
676 1110 866 1166 beatis
920 1111 1224 1166 memoriae
1285 1111 1592 1179 Macarius,
1633 1107 2012 1165 Antiochenze

355 1198 532 1268 sedis,
579 1203 642 1253 ut
665 1197 792 1270 ipse
823 1199 1171 1265 testabatur,
1225 1198 1732 1271 archiepiscopus,
1790 1200 1856 1251 ut
1903 1195 2012 1267 ipsi

354 1288 614 1344 vidimus
640 1288 738 1358 ('2),
767 1289 1058 1359 sapientia
1085 1293 1141 1344 et
1174 1304 1413 1344 morum
1439 1288 1748 1350 honestate
1770 1285 2014 1358 praecla-

353 1394 456 1433 rus
480 1393 664 1449 quem
698 1377 984 1432 Dominus
1013 1383 1153 1450 post
1183 1377 1371 1432 multa
1401 1376 1895 1449 peregrinationis
1926 1374 2014 1428 in-

355 1466 696 1532 commoda,
730 1465 905 1520 nobis
935 1471 1021 1520 est
1046 1466 1442 1521 transmittere
1491 1465 1793 1535 dignatus,
1837 1469 2015 1536 atque

353 1555 663 1626 praesentis
694 1555 826 1609 vita:
859 1555 1133 1610 molestia
1164 1560 1430 1620 exutum,
1471 1559 1526 1609 et
1575 1559 1795 1608 {eterna
1829 1553 2014 1621 gloria

355 1642 746 1698 sublimatum
786 1644 1009 1698 crebris
1058 1643 1487 1699 miraculorum
1535 1643 1718 1712 signis
1771 1642 2015 1696 miritice
2048 1667 2086 1719 Β

353 1730 677 1788 decoravit.

429 1820 649 1876 Deinde
695 1825 920 1892 quanta
965 1821 1128 1894 apud
1179 1839 1289 1877 nos
1341 1821 1738 1894 plurimorum
1783 1825 2015 1875 sancto-

353 1924 493 1963 rum
544 1909 798 1980 pignora
855 1909 1222 1975 habeantur,
1282 1910 1501 1964 scilicet
1567 1909 2016 1981 apostolorum,

355 2002 714 2068 martyrum,
739 1998 1174 2067 confessorum,
1207 1999 1527 2066 virginum,
1581 1997 1910 2069 antiquitus
1940 1997 2019 2052 ab

355 2086 489 2159 ipso
535 2086 992 2142 Christianitatis
1044 2088 1288 2142 exordio
1347 2087 1673 2155 recondita,
1730 2086 1842 2141 nisi
1885 2087 2019 2158 quis

357 2175 545 2231 oculis
573 2175 915 2248 inspexerit,
951 2191 1147 2247 neque
1180 2176 1467 2242 narranti,
1512 2192 1708 2248 neque
1741 2175 2020 2235 scribenti

356 2264 528 2320 facile
558 2263 774 2319 credet.
813 2267 876 2320 Et
907 2265 1071 2336 quod
1103 2281 1174 2319 ex
1199 2264 1293 2319 his
1333 2265 1667 2320 maximum
1714 2271 1771 2320 et
1799 2265 2019 2337 pretio-

355 2355 788 2422 sissimum,est
815 2371 954 2428 pars
984 2356 1268 2428 quaedam
1290 2371 1515 2424 magna
1545 2355 1688 2426 ligni
1721 2355 2018 2423 salutaris,

356 2462 498 2500 cum
528 2445 658 2518 ipso
691 2445 1101 2518 Redemptoris
1137 2446 1319 2502 nostri
1352 2462 1561 2502 cruore
1607 2446 2019 2501 manifestissi-

358 2549 456 2589 me
487 2534 745 2606 perfusa,
781 2539 838 2589 et
867 2533 1155 2590 fabricata
1183 2551 1350 2599 auro,
1387 2535 1764 2608 gemmisque
1803 2535 2019 2608 pretio-

357 2623 438 2676 sis
458 2622 873 2678 decentissime
904 2622 1141 2680 inserta.

429 2715 594 2768 Nunc
651 2713 848 2782 igitur,
908 2712 1159 2770 domina
1205 2720 1408 2770 nostra
1453 2714 1826 2778 dulcissima,
1867 2729 2020 2785 quo-

359 2799 528 2856 niam
554 2801 694 2856 satis
725 2800 898 2856 vobis
920 2802 1143 2857 factum
1184 2808 1269 2857 est
1299 2803 1373 2858 de
1404 2804 1756 2875 corporibus
1803 2807 1860 2857 et
1888 2802 2019 2858 reli-

358 2889 516 2961 quiis
560 2895 928 2954 sanctorum,
987 2891 1445 2957 animadvertat,
1501 2893 1548 2947 si
1595 2893 1789 2964 placet
1826 2896 2022 2947 vestra

358 2976 571 3073 pietas,
596 2977 803 3073 .qualis
833 2985 1219 3073 quantusque
1251 2980 1344 3073 hic
1367 2980 1534 3036 locus
1564 2981 1706 3037 olim
1734 2981 1926 3052 fuerit,
1967 2986 2024 3036 et
2051 3021 2092 3073 C

359 3064 441 3120 ad
469 3065 712 3137 qualem
743 3083 900 3122 nunc
934 3068 1219 3142 delapsus
1250 3069 1518 3142 inopiam
1549 3089 1562 3137 ;
1605 3076 1660 3126 et
1689 3076 1891 3126 tamen
1922 3087 2020 3126 ea-

358 3159 468 3227 put
492 3155 772 3224 regionis,
806 3157 1132 3228 primatum
1166 3165 1371 3215 tenens
1417 3165 1765 3216 czeterarum
1822 3160 2020 3216 civita-

358 3249 507 3312 tum,
541 3246 698 3302 etab
727 3247 988 3320 antiquis
1015 3249 1371 3305 Gandavum
1413 3251 1703 3307 vocitatus
1730 3255 2017 3315 castrum,

357 3335 463 3390 ubi
512 3341 751 3392 sanctus
806 3338 1071 3410 pontifex
1130 3339 1462 3408 Amandus,
1520 3341 1655 3412 post
1711 3339 2021 3410 gentilium

357 3425 833 3491 conversionem,
866 3427 1156 3499 templum
1188 3429 1458 3494 Domino,
1506 3429 1567 3484 in
1598 3429 1825 3485 honore
1864 3428 2022 3485 beati

360 3511 770 3582 apostolorum
857 3513 1142 3584 principis
1203 3515 1349 3570 Petri
1415 3514 1678 3586 reliquiis
1741 3516 2022 3572 maximis

360 3603 695 3655 construxit
725 3601 980 3666 insertis,
1012 3607 1189 3673 atque
1235 3604 1675 3659 monachorum
1722 3605 1806 3660 ibi
1837 3610 2023 3661 cater-

361 3702 502 3742 vam
533 3687 1192 3760 instituens,privilegiis
1224 3692 1562 3762 apostolicis
1577 3698 1632 3747 et
1644 3709 1856 3763 regum
1872 3711 2024 3766 prae-

358 3775 545 3848 ceptis
572 3775 986 3832 decentissime
1017 3779 1427 3835 corroboravit
1459 3797 1472 3834 :
1504 3781 1607 3835 ubi
1651 3781 1831 3838 etiam
1881 3782 2023 3838 insi-

358 3862 494 3934 gnis
547 3867 714 3920 Pater
761 3867 942 3933 Bavo,
1003 3867 1276 3922 omnium
1325 3867 1610 3924 virtutum
1663 3869 2024 3941 perfectione

357 3952 782 4026 probatissime
823 3960 1302 4025 consummatus,
1361 3972 1396 4011 a
1453 3959 1568 4012 Deo
1617 3959 2025 4030 omnipotente

360 4041 696 4098 sublimiter
724 4048 812 4100 est
851 4043 1166 4100 exaltatus.

431 4131 700 4200 Cumque
728 4130 950 4186 meritis
982 4131 1168 4203 ipsius
1222 4139 1277 4188 et
1321 4134 1604 4190 virtutum
1647 4136 1831 4206 signis
1866 4136 2025 4191 idem

357 4215 528 4268 locus
556 4216 820 4286 quotidie
851 4217 1256 4276 oblationibus
1296 4222 1565 4278 tidclium
1611 4229 1928 4291 augeretur
1971 4229 2027 4279 ct

361 4307 669 4362 cresceret.
701 4311 839 4375 post
869 4306 1125 4376 plurima
1157 4325 1454 4366 annorum
1506 4313 1824 4378 curricula,
1886 4331 2024 4385 pee—

360 4388 507 4446 catis
580 4391 1048 4448 Christianorum
1125 4397 1498 4466 exigentibus
1533 4443 1546 4467 ,

360 4479 564 4552 ipsum
594 4479 796 4536 locum
827 4482 1070 4549 adeunt,
1103 4491 1358 4551 vastant,
1392 4487 1719 4545 incendunt
1743 4494 1798 4545 et
1821 4491 2026 4546 omnia

361 4567 687 4640 diripiunt;
722 4571 1107 4629 solummodo
1140 4578 1487 4629 sanctorum
1513 4579 1870 4648 corporibus
1903 4597 2026 4635 ma-

360 4656 520 4712 xime
548 4657 814 4715 ﬁdelium
845 4660 1180 4728 laboribus,
1213 4662 1287 4718 ad
1321 4667 1573 4720 Montem
1603 4668 1832 4735 regium
1877 4671 2024 4724 Lau-

361 4746 700 4804 dunensem
731 4750 875 4818 fuga
909 4751 1178 4824 dilapsis.

434 4838 702 4909 Cumque
733 4838 900 4906 inibi,
934 4847 1176 4914 propter
1223 4848 1453 4898 metum
1508 4845 1774 4916 ipsorum
1831 4850 2023 4904 Dano-

361 4939 519 4989 rum,
546 4925 836 4995 quoniam
867 4928 1073 4984 omnia
1125 4938 1588 5002 occupaverant,
1631 4934 1852 4989 diutius
1903 4952 2027 4990 mo-

361 5015 656 5083 rarentur,
689 5013 1002 5071 haereditas
1032 5033 1241 5073 eorum
1272 5035 1446 5073 versa
1477 5025 1564 5074 est
1602 5021 1680 5076 ad
1712 5023 1939 5079 alienos
1971 5029 2026 5079 et

360 5098 680 5156 domestici
733 5107 912 5174 atque
968 5107 1233 5162 extranei
1281 5106 1654 5179 diripuerunt
1704 5127 1793 5167 ea.
1827 5113 1939 5168 Sed
1971 5119 2026 5168 et

364 5203 629 5262 proavus
659 5191 908 5248 senioris
940 5197 1123 5251 nostri
1174 5212 1432 5266 magnus
1478 5199 1783 5270 Arnulfus,
1843 5205 2026 5258 maxi-

558 5423 628 5479 Ut
660 5425 776 5505 ipsi
800 5428 1072 5508 vidimus.
1092 5431 1237 5484 Nota
1252 5434 1486 5484 aetatem
1513 5433 1814 5505 scriptoris
1837 5436 2029 5491 Athe]-

558 5494 812 5549 abbatis.
850 5497 1004 5549 Obut
1032 5503 1230 5549 autem
1265 5502 1549 5549 Macarius
1575 5521 1734 5549 annn
1772 5509 1896 5549 Inl')

367 5492 533 5549 baldi
558 5492 812 5552 abbatis.
850 5497 1004 5554 Obiit
1032 5503 1233 5555 autem
1264 5502 1549 5558 Macarius
1575 5492 1734 5562 anno
1771 5509 1917 5563 1012.

445 5564 919 5640 (3)-Μςιιίναάαλ
956 5570 1136 5640 vulgo
1194 5573 1470 5640 Meldert,
1525 5575 1692 5631 vicus
1756 5578 2028 5634 diuecesis

371 5636 800 5693 Mechliniensis
831 5639 946 5696 sub
973 5636 1271 5702 decanatu
1318 5636 1607 5703 Thenensi
1653 5664 1840 5724 prope
1873 5650 2027 5706 Hou-

639 184 1073 242 OTHELBOLDI
1113 185 1406 241 ABBATIS
1447 181 1836 239 GANDENSIS
1877 179 2088 234 EPIST.

1634 4401 2023 4457 Northmanni
2054 4377 2100 4432 D

2135 179 2226 233 AD
2269 179 2574 235 OTGIVAM
2616 182 2990 237 FLANDRIE
3031 180 3476 238 COMITISSAM.
3651 183 3809 236 1340

2118 319 2250 358 mas
2284 303 2422 360 inde
2451 304 2805 360 abstrahens
2835 309 3054 377 partes,
3091 304 3453 361 satellitibus
3507 306 3671 373 suis,
3728 320 3815 359 se-

2115 393 2383 449 cundum
2411 393 2577 467 quod
2614 394 2936 468 unicuique
2986 411 3200 451 eorum
3257 400 3386 452 erat
3415 396 3818 467 contiguum.

2116 483 2440 540 distribuit.

2190 572 2312 628 Hoc
2341 577 2430 628 est
2455 573 2518 628 in
2549 589 2706 645 pago
2749 573 3123 630 Curtracensi
3153 574 3298 630 villa
3329 574 3643 631 Elisachia
3676 591 3825 630 cum

2117 659 2365 716 ecclesia
2397 665 2454 717 et
2473 661 2724 729 mansis,
2755 661 2992 732 triginta
3017 667 3155 718 octo
3183 681 3196 729 ;
3241 663 3386 718 item
3421 663 3574 718 villa
3603 662 3822 718 Siden-

2119 748 2321 820 ghem,
2352 753 2408 805 et
2438 749 2499 804 in
2532 749 2668 805 villa
2694 749 2989 819 Holthem,
3021 766 3275 807 mansos
3305 751 3823 824 quatuordecim,

2119 843 2177 894 et
2204 839 2264 894 in
2293 854 2450 912 pago
2477 839 2897 909 Metelentinse,
2945 839 3005 894 in
3057 839 3200 896 villa
3232 841 3494 905 Siclinis,
3562 856 3826 896 mansos

2121 932 2379 1002 quatuor
2407 946 2548 985 cum
2579 929 2937 986 molendinis
2967 929 3212 986 duobus
3265 936 3322 986 et
3372 930 3630 986 cambis
3677 929 3828 985 dua-

2120 1017 2274 1084 bus;
2337 1021 2394 1073 et
2440 1017 2502 1072 in
2533 1033 2690 1090 pago
2721 1018 3080 1075 Tornacensi
3141 1018 3347 1075 villam
3408 1019 3827 1075 Fontaneiam

2121 1107 2364 1163 nomine
2419 1124 2560 1164 cum
2611 1107 2897 1163 omnibus
2949 1108 3369 1181 appendiciis;
3432 1114 3490 1164 et
3543 1109 3613 1164 in
3662 1124 3828 1181 pago

2121 1197 2391 1253 Trecensi
2441 1197 2646 1254 villam
2705 1198 3060 1255 Columnam
3103 1198 3353 1269 dictam,
3415 1199 3574 1254 item
3638 1199 3830 1254 aliam

2122 1286 2327 1342 villam
2352 1287 2594 1342 nomine
2626 1286 2894 1348 Niolam:
2944 1292 3000 1342 et
3055 1288 3117 1342 in
3166 1303 3328 1360 pago
3364 1287 3828 1343 Bracbantensi

2125 1375 2328 1431 villam
2360 1379 2551 1432 Meren
2573 1393 2712 1432 cum
2742 1377 2991 1433 ecclesia
3029 1381 3088 1432 et
3132 1379 3368 1434 mansis
3416 1376 3833 1450 septuaginta

2125 1469 2392 1538 septem;
2448 1464 2588 1520 item
2640 1465 2959 1521 Crainham
3016 1465 3221 1522 villam
3260 1483 3406 1522 cum
3457 1465 3734 1522 ecclesia
3775 1472 3831 1520 et

2129 1555 2354 1609 mansis
2383 1554 2658 1623 triginta;
2693 1554 2834 1610 item
2867 1554 3187 1610 Bellavium
3242 1572 3389 1610 cum
3449 1555 3727 1610 ecclesia
3781 1560 3831 1608 et

2126 1643 2412 1698 omnibus
2493 1641 2913 1716 appendiciis;
2997 1645 3136 1700 item
3223 1645 3568 1714 Brugecine
3623 1643 3832 1700 villam

2127 1749 2266 1788 cum
2323 1733 2607 1788 omnibus
2659 1732 2986 1801 reditibus;
3045 1734 3188 1790 item
3241 1734 3457 1790 villam
3508 1733 3830 1801 Miliniam,

2128 1836 2267 1876 cum
2298 1819 2547 1876 ecclesia
2577 1825 2634 1876 et
2663 1820 2946 1876 omnibus
2977 1821 3369 1892 adjacentiis;
3414 1823 3567 1877 item
3619 1821 3830 1877 villam

2128 1909 2436 1974 Mershem,
2473 1925 2608 1965 cum
2643 1909 2912 1978 ecclesia,
2976 1910 3184 1982 pratis,
3229 1911 3512 1984 pascuis,
3570 1908 3746 1966 silvis
3776 1915 3832 1965 et

2128 1997 2413 2052 omnibus
2465 1998 2854 2068 adjacentiis;
2912 1998 3052 2054 item
3111 1999 3314 2055 villam
3365 2000 3633 2070 Singcm
3689 2015 3830 2054 cum

2129 2086 2382 2142 ecclesia
2433 2093 2488 2142 et
2530 2087 2756 2144 caeteris
2789 2088 2864 2144 ad
2899 2088 3095 2160 ipsam
3125 2089 3586 2161 pertinentibus
3626 2107 3640 2155 ;
3687 2089 3826 2144 item

2130 2175 2336 2231 villam
2367 2177 2711 2246 Badengem
2741 2193 2880 2233 cum
2905 2177 3157 2233 ecclesia
3206 2183 3267 2233 et
3304 2177 3669 2234 redditibus
3713 2195 3824 2232 cae—

2134 2265 2268 2321 teris
2293 2285 2305 2333 ;
2365 2267 2505 2322 item
2537 2265 2741 2322 villam
2771 2265 3075 2322 Mortesela
3103 2283 3243 2322 cum
3269 2267 3546 2323 ecclesia
3576 2268 3822 2339 suisque

2131 2355 2534 2428 appendiciis;
2595 2355 2736 2410 item
2793 2355 2853 2411 in
2903 2357 3184 2413 Masmine
3234 2372 3498 2413 mansos
3549 2357 3822 2430 quinque

2131 2462 2270 2500 cum
2297 2444 2547 2500 ecclesia
2573 2463 2584 2510 ;

2204 2534 2269 2586 Et
2300 2533 2360 2587 in
2381 2547 2542 2604 pago
2574 2533 2916 2590 Flandrensi
2950 2535 3278 2606 Bettingem
3309 2551 3457 2590 cum
3483 2535 3751 2591 ecclesia
3772 2543 3824 2590 et

2130 2621 2415 2676 omnibus
2445 2622 2518 2677 ad
2562 2623 2757 2694 ipsam
2785 2623 3218 2695 pertinentibus
3247 2643 3260 2689 ;
3306 2625 3457 2680 item
3510 2626 3826 2681 Holtasma

2130 2726 2268 2764 cum
2298 2710 2546 2766 ecclesia
2572 2730 2584 2773 ;
2615 2711 2757 2768 item
2787 2710 2983 2768 Ottold
3009 2713 3362 2779 ecclesiam;
3429 2715 3588 2769 item
3642 2715 3823 2769 eccle-

2131 2798 2284 2853 siam
2341 2798 2654 2869 Adingem.
2718 2800 2862 2856 Item
2921 2801 2983 2856 in
3034 2816 3194 2873 pago
3243 2802 3587 2875 Mempisco
3618 2801 3818 2857 villam

2131 2889 2535 2956 Guntrengem
2566 2904 2703 2943 cum
2735 2888 3017 2956 ecclesia;
3065 2894 3122 2945 et
3172 2889 3232 2945 in
3282 2905 3453 2962 pago
3486 2889 3819 2952 Gandensi,

2131 2975 2298 3032 villas
2330 2977 2462 3041 has,
2491 2976 2840 3049 Hemthorp,
2884 2977 3158 3049 Hufoine,
3201 2978 3458 3049 Bergine
3495 2982 3642 3034 Was
3696 2995 3822 3033 mo-

2133 3064 2460 3121 nasterium
2515 3082 2654 3121 cum
2711 3065 2997 3122 omnibus
3037 3067 3417 3140 appendiciis
3470 3083 3724 3136 eorum,
3767 3073 3820 3122 et

2131 3153 2382 3210 ecclesia
2410 3153 2470 3209 in
2502 3154 2939 3212 Merendrasita.

2206 3243 2319 3300 Sed
2365 3248 2421 3299 et
2473 3243 2718 3300 comites
2776 3245 3224 3316 provinciarum
3275 3252 3331 3302 et
3377 3247 3668 3321 episcopi
3707 3250 3814 3304 sin-

2131 3333 2254 3402 guli
2285 3349 2494 3389 eorum
2519 3333 2905 3391 obtinuerunt
2928 3341 3128 3408 partes
3179 3353 3340 3403 suas,
3384 3340 3816 3411 unusquisque

2131 3423 2192 3478 in
2213 3422 2358 3478 locis
2381 3423 2524 3491 suis,
2554 3439 2746 3496 usque
2773 3425 2850 3480 ad
2878 3429 3151 3497 tempora
3182 3425 3297 3497 piae
3323 3429 3642 3483 memoria»
3662 3443 3817 3500 pra!-

2133 3512 2461 3568 decessoris
2492 3515 2698 3578 nostri,
2731 3514 2960 3570 domini
2991 3514 3267 3571 videlicet
3315 3515 3551 3572 abbatis
3603 3516 3803 3570 Odwi-

2133 3601 2214 3668 ni,
2247 3601 2350 3673 qui
2401 3600 2608 3658 adiens
2657 3601 3005 3676 piissimum
3055 3602 3482 3676 imperatorem
3520 3605 3803 3660 Ottonem

2133 3690 2433 3762 quasdam
2460 3690 2712 3764 imperio
2743 3709 2854 3748 suo
2883 3691 3204 3763 contiguas
3235 3693 3414 3750 villas
3442 3694 3810 3766 impetravit,

2135 3780 2504 3852 quibusdam
2563 3786 2626 3836 ut
2681 3786 2850 3838 erant
2898 3781 2981 3838 ibi
3037 3782 3258 3854 injuste
3297 3783 3574 3857 direptae,
3619 3791 3814 3840 morte

2134 3869 2323 3940 ipsius
2381 3869 2825 3941 interveniente,
2880 3871 3382 3938 remanentibus;
3445 3888 3522 3927 ex
3590 3871 3815 3945 quibus

2135 3955 2289 4013 duas
2318 3957 2550 4013 ﬁscales
2598 3957 2850 4015 detinuit
2894 3959 3222 4033 episcopus
3275 3961 3652 4027 Leodiensis,
3696 3961 3817 4016 Cal-

2137 4047 2349 4114 mund,
2408 4052 2464 4102 et
2501 4046 2799 4104 Meldrada
2845 4049 2943 4120 (3),
2993 4065 3134 4104 cum
3165 4065 3381 4105 eorum
3413 4049 3812 4122 appendiciis.

2137 4140 2201 4190 ut
2254 4135 2560 4191 Renoldus
2617 4152 2819 4192 comes
2875 4137 3211 4193 Suessionis
3261 4137 3469 4194 villam
3518 4139 3812 4194 Vasleiam

2137 4229 2547 4297 nuncupatam
2575 4244 2586 4292 ;
2618 4226 2723 4281 sed
2750 4231 2807 4282 et
2836 4225 3178 4283 Widmarus
3211 4227 3420 4283 villam
3472 4228 3812 4285 Letbecam.

2139 4331 2277 4370 cum
2309 4314 2558 4370 ecclesia
2588 4320 2642 4371 et
2670 4315 2953 4372 omnibus
2992 4316 3393 4388 appendiciis,
3450 4324 3510 4372 et
3564 4317 3696 4373 Uda
3727 4334 3814 4371 co-

2139 4403 2367 4459 mitissa
2419 4403 2620 4460 villam
2679 4404 3085 4472 Warminiam,
3159 4420 3306 4460 cum
3389 4406 3812 4460 mansionibus

2137 4493 2482 4564 quindecim
2514 4500 2569 4549 et
2601 4493 2726 4548 suis
2756 4493 3150 4566 appendiciis,
3211 4499 3269 4549 et
3309 4510 3518 4550 comes
3554 4498 3814 4550 Benerus

2139 4583 2213 4651 (4)
2251 4582 2454 4638 villam
2489 4583 2668 4638 Lethe.
2710 4599 2851 4638 cum
2876 4581 3125 4638 ecclesia
3168 4586 3226 4636 et
3257 4583 3384 4637 suis
3417 4583 3737 4650 reditibus,
3765 4589 3816 4637 et

2141 4671 2447 4728 Sconarla
2479 4671 2744 4727 similiter
2773 4677 2830 4726 et
2857 4671 3146 4726 Hobertus
3176 4669 3387 4726 villam
3444 4672 3817 4742 Crenberga,

2139 4764 2195 4815 et
2219 4761 2459 4832 plurimi
2491 4760 2714 4832 plures,
2745 4776 2898 4832 quas
2925 4775 3201 4815 enarrare
3230 4759 3493 4830 longum
3525 4766 3638 4816 est.

2215 4850 2444 4905 Interim
2479 4851 2790 4922 quondam
2835 4849 3146 4920 hucusque
3193 4847 3272 4903 de
3314 4849 3545 4919 injusto
3580 4851 3675 4905 vel
3707 4853 3815 4905 vio-

2137 4939 2325 4995 lenter
2341 4939 2472 4994 loco
2494 4944 2703 4994 sancto
2719 4938 2932 4994 ablatis
2949 4937 3305 4994 summatim
3322 4939 3811 5010 perstrinximus,

2138 5043 2299 5083 nunc
2327 5028 2644 5083 redeamus
2665 5027 2744 5084 ad
2770 5043 2862 5098 ea,
2896 5027 2943 5082 si
2968 5025 3166 5099 pietati
3193 5031 3410 5080 vestrae
3442 5027 3662 5082 audire
3697 5032 3812 5102 pla-

2139 5120 2394 5186 cet,quae
2426 5117 2647 5171 sanctis
2680 5119 3115 5180 remanserunt,
3149 5114 3246 5169 vel
3276 5131 3415 5187 quae
3447 5122 3590 5187 post
3621 5132 3814 5170 rever-

2137 5204 2371 5259 sionem
2398 5221 2606 5260 eorum
2634 5205 2709 5261 de
2735 5204 3020 5278 praedicto
3051 5202 3611 5269 monte,laborioso
3645 5205 3816 5260 suda-

2143 5436 2440 5504 gardiam.
2470 5439 2727 5494 Celebris
2755 5439 2850 5494 hic
2879 5443 2966 5494 est
2995 5437 3186 5494 cultus
3216 5441 3272 5494 S.
3310 5439 3687 5496 Ermelindis
3713 5443 3820 5496 vir-

2145 5509 2320 5581 ginis,
2352 5509 2426 5563 de
2457 5526 2579 5581 qua
2612 5512 2741 5566 vide
2770 5510 3067 5566 Molanum
3096 5509 3156 5564 in
3183 5510 3506 5568 Natalibus
3558 5515 3660 5570 SS.
3707 5514 3818 5567 Bel-

2147 5580 2245 5646 gii,
2280 5585 2335 5634 et
2369 5580 2566 5636 Fastos
2597 5588 2831 5638 nostros
2864 5581 2944 5637 ad
2973 5581 3134 5636 diem
3162 5586 3231 5637 29
3265 5583 3573 5639 Octobris.

2219 5653 2295 5721 (4)
2336 5654 2618 5720 Renerus,
2650 5669 2753 5709 seu
2780 5652 3156 5724 RagineriUS,
3206 5654 3546 5710 Hannonise
3601 5667 3820 5710 comes.
