3988 6182
468 150 606 216 1343

1807 136 2159 198 ΒΕΝΕΒΙΕΤῙ

2252 138 2284 193 Χ
2320 137 2547 194 ΡΛΡᾸΕ.
3772 139 3863 195 ﬂii

463 274 662 340 oratus
688 287 746 339 iu
775 269 906 330 Kal.
938 267 1242 335 Februar.,
1268 263 1620 338 pontiﬁcatu
1649 279 1686 320 a
1705 259 2022 326 Benedicto
2045 262 2111 330 IX
2149 261 2199 326 A
2299 260 2500 318 Fuisse
2531 263 2733 328 autem
2760 259 3144 329 Benedictum
3173 262 3236 318 IX
3259 264 3549 332 nepotem
3607 238 3858 325 aenean;

465 363 709 416 exactus
723 360 812 423 est
833 372 873 410 ν
899 355 1039 418 Idus
1058 351 1262 423 Martii,
1295 368 1455 409 anno
1486 352 1641 408 1045.

539 446 887 516 Benedictus
947 447 1218 512 octavus,
1267 442 1460 500 dictus
1514 457 1732 509 nonus,
1788 442 2116 507 Romanus,

461 537 638 612 pulso
669 535 968 608 Sylvestro
997 532 1186 603 tertio,
1217 532 1432 602 iterum
1459 531 1609 592 sedit
1635 545 1906 590 mensem
1922 546 1958 598 ι,
1993 528 2120 586 dies

462 645 583 695 xxi,
622 642 695 684 ex
734 629 870 684 ante
928 624 1089 690 diem
1143 639 1198 678 γι
1228 613 1367 678 Idus
1395 621 1580 680 Martii
1623 636 1815 692 usque
1868 619 1948 682 ad
1992 618 2117 675 Kal.

464 714 592 782 Maii
621 714 750 786 ejus
780 713 942 782 anni,
968 728 1090 786 quo
1116 712 1212 770 die
1244 714 1456 784 sponte
1487 708 1806 766 abdicavit.

533 803 886 861 Benedictus
914 818 1134 871 nonus,
1180 799 1528 868 Tusculanis
1578 797 1902 865 comitibus
1956 796 2123 856 anni-

468 894 749 963 tentibus,
778 893 1061 950 suffectus
1088 896 1177 948 est
1203 890 1416 956 Joanni
1441 893 1656 962 patruo
1677 887 1961 946 defuncto
1985 905 1997 954 ;
2017 885 2122 959 qui

465 999 604 1044 cum
621 983 684 1040 in
706 982 855 1052 dies,
889 981 1074 1038 modo
1103 981 1285 1048 hunc,
1332 979 1518 1044 modo
1573 977 1763 1046 illum,
1820 980 2121 1040 Romanos

461 1076 719 1141 vexaret,
769 1071 1017 1130 tandem
1075 1069 1232 1137 facta,
1286 1069 1612 1126 multorum
1659 1066 2118 1139 conspiratione,

463 1167 601 1236 post
624 1161 871 1230 longam
891 1159 1214 1214 duodecim
1239 1173 1540 1214 annorum
1561 1156 1954 1224 tolerantiam,
1980 1155 2123 1220 sede

466 1267 579 1310 sua
605 1250 816 1324 pulsus
846 1253 953 1320 est,
977 1264 1140 1308 anno
1172 1246 1406 1314 Domini
1451 1250 1604 1314 1045,
1652 1249 1831 1318 atque
1880 1245 1942 1302 in
1992 1245 2122 1315 ejus

463 1342 686 1409 locum,
708 1344 1001 1404 Joannem
1054 1337 1447 1400 Sabinensem
1494 1336 1852 1410 episcopum
1880 1352 1939 1392 ιι
1993 1333 2118 1402 Kal.

463 1430 818 1488 Februarias
849 1428 1265 1498 subdiderunt,
1324 1443 1584 1499 eumque
1633 1424 1978 1484 Silvestrum
2007 1428 2122 1481 ter-

465 1522 614 1580 tium
673 1519 1070 1593 appellarunt.
1131 1519 1296 1576 Hanc
1327 1514 1754 1584 contumeliam
1807 1513 2123 1581 Tusculani

2228 352 2365 422 VIII,
2394 352 2600 406 Petrus
2636 350 2961 406 Damianus
3006 348 3328 406 cardinalis
3381 354 3668 413 testatur,
3723 366 3860 422 quae

2228 440 2447 498 idcirco
2499 440 2880 508 Benedictum
2955 440 3260 500 Juniorem
3319 445 3517 496 vocat.
3606 441 3862 498 Eumdes

2228 531 2739 604 Theophylactum
2797 534 2974 595 antea
3021 530 3271 596 dictum,
3313 533 3714 594 Hermannus
3766 535 3870 587 Cor:

2228 623 2469 688 tractus,
2493 620 2744 692 insignis
2772 619 3032 686 historiae
3064 620 3334 692 scriptor,
3380 620 3565 680 refert
3602 639 3618 687 ;
3677 619 3871 686 Glaber,

2228 708 2630 774 Cluniacensis
2660 709 3016 778 monachus,
3045 708 3224 768 tradit
3261 725 3401 770 eum
3455 707 3751 765 nondum
3791 725 3874 780 ps-

2227 798 2434 864 berem
2491 797 2909 871 pontiﬁcatum
2965 801 3350 866 assecutum;
3397 797 3620 869 itaque
3679 797 3872 869 siquid

2229 887 2492 943 criminis
2540 888 2602 942 in
2654 887 3112 960 corrumpendis
3164 887 3419 954 comitiis
3477 887 3621 954 fuit,
3682 886 3743 942 id
3783 903 3874 942 non

2229 977 2301 1044 ei,
2332 977 2438 1034 sed
2465 977 2674 1034 amicis
2701 983 2758 1042 et
2800 977 3265 1048 consanguineis
3316 976 3735 1036 tribuendum
3774 993 3871 1032 ceu.

2232 1073 2414 1126 setur.

2305 1157 2602 1214 Benedicti
2633 1161 2694 1214 IX
2725 1157 3096 1230 pontiﬁcatu,
3163 1157 3502 1228 Anglorum
3533 1174 3678 1227 rex,
3712 1159 3812 1215 voti
3831 1169 3870 1214 et

2230 1247 2535 1317 religionis
2559 1246 2768 1318 gratia,
2800 1249 3053 1313 Romam
3083 1247 3262 1304 venit.
3297 1246 3410 1313 Qui
3461 1247 3598 1302 voti
3664 1263 3869 1320 compte

2230 1337 2445 1405 factus,
2492 1337 2554 1406 in
2601 1336 2859 1409 patriam
2884 1337 3077 1394 rediit.
3132 1338 3280 1397 Sunt
3325 1337 3430 1408 qui
3478 1336 3865 1396 seribunthot

2230 1431 2498 1500 tempore
2521 1425 2851 1491 Gerardum
2877 1428 3184 1494 Venetum,
3238 1428 3641 1496 Ungarorum
3694 1428 3862 1498 episai

2227 1533 2397 1590 pum,
2430 1515 2626 1580 virum
2663 1515 2960 1588 optimum
3004 1520 3062 1572 et
3115 1515 3568 1585 doctissimum,
3625 1515 3711 1573 ab
3735 1516 3861 1577 host»

463 1627 741 1685 proceres
768 1609 917 1670 ferre
947 1625 1071 1666 non
1093 1611 1435 1680 potuerunt.
1467 1610 1667 1678 Itaque
1694 1605 1850 1671 facto
1895 1604 2123 1677 impetu
2160 1627 2203 1685 Β
2229 1605 2345 1661 bus
2376 1603 2720 1662 Christianae
2743 1603 2882 1662 ﬁdei
2913 1605 3266 1675 martyrium
3297 1603 3672 1676 aequissimo
3709 1605 3863 1664 animo

465 1718 604 1759 cum
633 1699 922 1757 militibus
949 1702 1006 1754 et
1030 1697 1278 1756 collecta
1298 1695 1615 1762 hominum
1633 1694 1958 1764 agrestium
1972 1693 2120 1760 inul-

464 1789 716 1848 titudine
745 1787 954 1858 adjuti,
991 1786 1340 1844 Silvestrum
1366 1802 1401 1844 v
1423 1785 1561 1848 Idus
1588 1783 1770 1842 Martii
1799 1787 1856 1839 et
1873 1782 2121 1855 patriar-

465 1878 600 1935 ohio
632 1875 1014 1942 Lateranensi
1041 1874 1456 1939 deturbarunt,
1490 1889 1560 1930 ac
1585 1872 1967 1938 Benedictum
1996 1889 2119 1938 res-

463 1965 766 2023 tituerunt.
803 1967 1028 2026 Interea,
1057 1961 1263 2022 tertius
1300 1960 1549 2033 quidam
1595 1963 1873 2030 JoanneS,
1933 1960 2121 2029 aram.

461 2054 776 2128 presbyter
831 2055 1158 2120 Romanus,
1215 2050 1494 2116 eamdem
1534 2051 1740 2110 sedem
1803 2050 2117 2121 invadens,

463 2145 758 2216 maiorem
787 2141 1228 2208 deformitatem
1269 2139 1540 2204 Ecclesia
1571 2140 1782 2208 attulit,
1831 2143 2011 2212 atque
2039 2140 2121 2205 ita

464 2237 582 2290 tres
603 2230 920 2306 pontiﬁces
942 2234 1279 2292 Romanam
1310 2230 1518 2288 sedem
1555 2229 1776 2302 pariter
1794 2228 2116 2292 vexabant.

463 2322 816 2380 Benedictus
847 2324 1070 2391 autem,
1103 2336 1242 2383 cum
1278 2336 1342 2378 se
1367 2319 1642 2385 omnium
1670 2319 1812 2390 odio
1867 2335 1938 2378 ac
1983 2335 2119 2382 cons

464 2416 695 2484 temptu
723 2411 931 2467 haberi
961 2410 1188 2466 videret
1239 2425 1349 2465 nec
1375 2409 1517 2464 satis
1539 2408 1726 2464 robur
1755 2407 1833 2464 ad
1888 2411 2120 2464 tantam

465 2499 792 2578 procellam
832 2498 1251 2567 sustinendam
1277 2497 1545 2569 haberet,
1587 2497 1815 2554 honore
1874 2513 1934 2556 se
1965 2495 2119 2553 ultro

467 2589 786 2650 abdicavit.
839 2592 974 2658 Erat
1028 2592 1286 2646 Joannes
1333 2581 1667 2657 Gratianus,
1723 2585 1873 2654 Petri
1912 2587 2121 2644 Leonis

464 2679 642 2748 ﬁlius,
674 2678 908 2736 eximiae
936 2678 1259 2737 nobilitatis
1288 2677 1350 2736 in
1374 2677 1524 2736 Urbe
1550 2677 1658 2746 vir,
1690 2676 1786 2737 cui
1811 2691 2121 2733 consecra-

465 2771 524 2824 to
557 2769 874 2837 Gregorius
899 2767 968 2821 VI
999 2781 1224 2825 nomen
1253 2769 1341 2820 est
1369 2765 1646 2821 inditum.

538 2857 811 2914 Silvester
857 2860 1057 2924 autem
1088 2856 1314 2924 tertius,
1343 2855 1536 2929 patria
1564 2853 1895 2923 Romanus,
1949 2856 2121 2909 Joan-

464 2960 572 3011 nes
593 2950 770 3013 antea
799 2950 1065 3014 vocatus,
1092 2961 1165 3010 ex
1181 2944 1462 3018 episcopo
1492 2943 1822 3012 Sabinensi,
1851 2943 1912 3000 in
1940 2943 2121 3012 schis-
2157 2982 2201 3037 ο

465 3039 646 3108 mete,
676 3035 854 3108 pulso
885 3035 1225 3101 Benedicto,
1257 3035 1664 3108 quorumdam
1710 3038 2120 3092 Romanorum

466 3114 661 3191 studio
689 3124 949 3198 creatus,
982 3124 1136 3182 sedit
1159 3139 1431 3182 mensem
1461 3142 1500 3194 1,
1525 3124 1652 3180 dies
1666 3141 1827 3190 xxrx,
1862 3125 1986 3181 sine
2013 3125 2119 3180 im-

464 3215 810 3290 pedimento
836 3234 849 3285 ;
880 3213 976 3272 hic
1006 3214 1438 3292 patriarchium
1483 3216 1880 3282 Lateranense
1909 3218 2118 3282 tenens

465 3293 502 3362 a
531 3306 843 3362 Benedicto
869 3297 1098 3378 pulsus,
1131 3304 1443 3372 basilicam
1471 3309 1527 3361 et
1556 3303 1847 3377 palatium
1879 3306 1934 3362 S.
1967 3307 2113 3372 Petr.

465 3395 986 3468 occupavit,atque
1013 3395 1196 3450 armis
1222 3394 1424 3467 aliquo
1456 3398 1727 3466 tempore
1748 3394 2118 3466 tenuit,pon-

463 3482 719 3537 tiﬁcatus
745 3480 1131 3537 nihilominus
1155 3483 1293 3552 jura
1325 3498 1625 3539 exercens.

2229 1710 2519 1768 passum;
2562 1693 2639 1749 ad
2667 1709 2911 1758 currum
2957 1693 3117 1758 enim
3170 1693 3409 1764 ligatus,
3467 1709 3548 1750 ex
3613 1694 3864 1753 altissimo

2229 1787 2431 1844 monte
2462 1798 2730 1855 praeceps
2759 1782 3072 1847 dimittitur
3101 1799 3171 1842 ac
3196 1782 3521 1840 laceratur.

2302 1876 2495 1936 Bruno
2517 1871 2959 1945 Herbipolensis
3011 1871 3344 1941 theologus,
3404 1876 3461 1930 et
3519 1872 3863 1934 Hermannus

2231 1963 2596 2029 Contractus,
2637 1961 2956 2028 historicus
3006 1965 3061 2021 et
3122 1961 3630 2030 mathematicus,
3687 1961 3864 2018 claram

2229 2066 2393 2112 anno
2428 2053 2584 2110 1040.

2300 2143 2604 2204 Romanus
2634 2141 2701 2204 IV
2731 2139 2876 2212 imp.
2912 2139 2973 2198 in
2997 2139 3224 2210 Oriente
3285 2138 3558 2207 ,occisus
3616 2146 3696 2200 est
3737 2140 3864 2196 circa

2229 2230 2354 2290 Kal.
2389 2229 2591 2298 Martii,
2626 2245 2788 2286 anno
2824 2229 2980 2286 1035.

2300 2325 2450 2392 Imp.
2473 2319 2718 2378 Michael
2749 2321 2813 2374 IV
2841 2318 3165 2392 Paphlago,
3190 2323 3363 2390 Aug.,
3402 2320 3715 2392 imperavit
3738 2335 3860 2376 cum

2227 2425 2414 2466 uxore
2439 2413 2549 2466 Zoe
2577 2413 2848 2478 Augusta
2879 2425 3072 2465 annos
3096 2426 3172 2477 v1,
3201 2425 3396 2466 mens.
3430 2427 3518 2465 v1.

2300 2500 2655 2572 Chunradus
2682 2499 2829 2572 imp.
2862 2497 3009 2556 obiit
3035 2499 3224 2572 pridie
3253 2503 3458 2558 Nonas
3488 2502 3674 2570 Junii,
3726 2516 3853 2557 anno

2231 2593 2387 2646 1040.

2298 2679 2450 2751 Imp.
2478 2677 2761 2734 Henricus
2782 2680 2853 2735 III
2878 2679 3071 2748 Niger,
3115 2680 3428 2749 Augustus
3483 2682 3584 2749 VI,
3639 2695 3708 2734 ex
3754 2679 3852 2734 Ger-

2227 2769 2451 2838 mania,
2482 2769 2806 2826 occidentis
2833 2770 3070 2842 imper.,
3101 2770 3338 2842 praefuit
3397 2770 3664 2842 imperio
3702 2785 3852 2830 annos

2227 2873 2366 2924 xvn,
2393 2873 2631 2924 menses
2658 2875 2737 2929 Iv,
2766 2858 2895 2926 dies
2912 2874 3058 2924 XXII.

2299 2945 2541 3010 Michael
2565 2949 2633 3004 IV
2659 2948 2877 3018 Orient.
2923 2947 3093 3022 imp"
3153 2947 3456 3004 abdicavit
3510 2963 3721 3017 mense
3768 2953 3855 3006 Aur

2228 3039 2423 3106 gusto,
2455 3052 2616 3093 anno
2651 3040 2808 3093 1040.

2298 3129 2446 3196 Imp.
2504 3125 2785 3182 Micheael
2829 3129 2872 3182 V
2921 3126 3290 3206 Calaphates,
3355 3131 3682 3197 Augustus,
3741 3141 3853 3182 cum

2225 3230 2409 3273 uxore
2432 3218 2542 3271 Zoe
2568 3220 2836 3288 Augusta
2863 3209 3183 3291 imperavit
3209 3232 3446 3273 menses
3478 3234 3555 3283 xv,
3585 3217 3714 3284 dies
3738 3233 3787 3272 γ.

2300 3308 2447 3377 Imp.
2506 3304 2738 3370 Flavius
2795 3306 3217 3374 Constantinus
3281 3309 3345 3373 χι
3423 3306 3862 3369 lonomachus,

2224 3398 2374 3462 Aug.
2382 3435 2400 3465 ,
2431 3393 2746 3466 imperavit
2775 3411 2915 3450 cum
2970 3411 3154 3450 uxore
3185 3399 3290 3450 Zoe
3313 3401 3368 3451 et
3397 3394 3707 3450 Theodora
3755 3396 3866 3447 Au-

2227 3484 2433 3553 gustis,
2467 3484 2640 3540 annis
2671 3499 2768 3540 xm
2795 3486 2873 3542 ab
2903 3501 3064 3541 anno
3095 3489 3239 3544 1042.

1399 3699 1923 3823 NOTITIA
2031 3723 2940 3814 DIPLOMATICA.

1509 3901 1713 3974 (lure,
1743 3904 1994 3974 Regesta
2022 3905 2428 3972 Romanorum
2449 3910 2645 3975 pana,
2675 3909 2826 3974 359.)

537 4151 779 4226 Scriptae
803 4160 943 4218 sunt
972 4154 1271 4218 Benedicti
1306 4157 1367 4212 IX
1397 4152 1575 4214 bullae
1604 4169 1712 4226 per
1734 4169 1986 4222 manum
2020 4172 2033 4209 :

609 4245 638 4308 η
680 4244 706 4270 ››
747 4225 943 4304 Sergiz'
970 4227 1274 4294 scrim'ariz
1301 4226 1396 4296 [aL
1425 4225 1835 4308 ριςοήίέονὶυρί]
1858 4231 1912 4308 et
1932 4226 2160 4308 notarii
2185 4228 2347 4294 sacri
2372 4229 2566 4296 nostri
2584 4229 3004 4302 Lateranensis
3028 4231 3256 4304 patum?
3283 4231 3355 4308 (I,
3382 4234 3436 4294 3,
3471 4233 3524 4298 4,
3563 4237 3621 4298 '7,
3653 4231 3726 4298 8).

536 4295 693 4347 Datae
724 4308 830 4364 per
859 4295 1120 4365 (quorum
1143 4295 1360 4351 manus
1392 4297 1510 4353 sint
1539 4311 1662 4353 non
1692 4301 1780 4352 est
1806 4295 2102 4352 notatum.

2956 4436 3467 4445 -————-—-—
3478 4434 3839 4445 -—

1120 4749 1858 4878 EPISTOL/E

1255 4548 2248 4688 BBNBDIG'I’I
2302 4553 2511 4692 IX
2565 4555 3082 4698 ΡΜλὲ

1998 4753 2179 4878 ET
2310 4754 3202 4880 DIPLOMATA.

1269 5073 1287 5124 l

2153 5077 2195 5129 D
2226 5074 2390 5130 lectis
2419 5074 2553 5130 ﬁliis
2578 5076 2880 5130 GUMBALDO
2913 5074 3139 5142 abbati,
3164 5079 3221 5131 et
3275 5079 3622 5135 monachis
3686 5082 3867 5137 Sancta

458 5157 852 5228 Privilegium
875 5158 1185 5216 Benedicti
1207 5159 1302 5216 IX
1324 5160 1659 5217 Gumbaldo
1679 5162 2115 5232 Burdigalensi
2222 5164 2421 5220 Crucis
2470 5165 2930 5234 Burdigalensis,
2989 5170 3045 5220 et
3103 5165 3226 5220 suis
3282 5170 3629 5225 monachis
3686 5172 3740 5226 in
3793 5185 3866 5221 sur

530 5248 592 5304 S.
631 5247 841 5303 Crucis
869 5247 1076 5304 abbati
1095 5265 1429 5306 concessum
1461 5252 1524 5305 in
1553 5253 1817 5321 gratiam
1844 5254 2010 5308 cellae
2035 5254 2108 5307 Β.

526 5337 739 5394 Maria?
769 5338 842 5393 de
865 5339 1100 5394 Solaco.

1077 5429 1275 5496 (Anno
1306 5427 1484 5490 1036.)

735 5520 1008 5582 [ΜΑΒΤΕΝ.
1046 5520 1331 5576 Thesaur.
1363 5520 1588 5576 Anecd.
1623 5521 1663 5588 1,
1696 5520 1841 5591 156.]

531 5607 866 5683 Benemcrus
897 5606 1239 5681 episcOpus,
1267 5624 1475 5666 servus
1505 5625 1814 5668 servorum
1855 5609 1976 5680 Dei,
2019 5609 2111 5667 di-

2219 5255 2585 5311 monasterio
2616 5256 2844 5311 Sanctae
2870 5255 3058 5312 Marite
3084 5256 3184 5322 Dei
3212 5257 3549 5328 genitricis,
3570 5261 3740 5336 quod
3761 5272 3867 5316 nun

2221 5348 2474 5416 cupatur
2503 5344 2576 5400 de
2612 5343 2842 5412 Solaco,
2875 5345 3305 5414 habitantibus,
3341 5347 3627 5406 salutem
3661 5357 3715 5407 et
3764 5364 3858 5420 apo

2222 5433 2492 5490 stolicam
2531 5433 3028 5490 benedictionem.

2292 5523 2578 5579 Convenit
2607 5525 2935 5597 apostolico
2966 5525 3386 5596 moderamini,
3439 5528 3563 5600 pia
3623 5531 3865 5599 religione

2220 5611 2602 5686 pollentibus,
2632 5613 2927 5673 benevola
2951 5615 3372 5689 compassione
3401 5632 3788 5682 succurrere,
3833 5625 3867 5670 et
3954 5637 3955 5670 ;
