4020 6176
125 161 256 218 ἱθιὸ
299 175 310 186 ‘

1374 157 1727 216 EPISTOLE
1765 156 1854 212 ET
1885 157 2311 222 ΒιρωιΑΤΑ.

3421 177 3558 236 1366

121 286 495 358 poscentium
518 285 740 342 animis
763 282 944 341 alacri
970 280 1297 340 devotione
1343 283 1666 358 impertire.
1706 284 1788 337 Ex
1819 285 1867 337 Α
1897 299 1936 341 a
1964 286 2138 344 nobis
2166 289 2505 364 nostrisque
2529 289 2783 361 pecteris
2830 292 3216 364 pontiﬁcibus
3248 310 3562 356 consecre-

123 375 232 431 hoc
259 375 421 431 enim
444 375 596 431 lucri
623 374 1001 448 potissimum
1035 372 1358 444 praemium
1395 389 1433 429 a
1481 371 1790 430 conditore

122 465 388 519 omnium
422 467 546 519 Deo
573 463 784 537 procul
813 460 1002 518 dubio
1034 477 1476 534 promeremur,
1506 462 1655 518 dum
1694 475 1790 516 ve-

123 551 402 610 nerabilia
431 553 570 610 loca
601 559 888 627 oportune
907 549 1202 609 ordinata
1231 553 1311 610 ad
1336 553 1647 609 meliorem
1668 552 1792 607 fue-

123 645 233 700 rint
257 643 380 699 sine
409 643 606 698 dubio
637 648 857 701 statum
884 639 1206 715 perducta.
1266 643 1449 713 Igitur
1493 642 1639 715 quia
1685 656 1788 713 po-

130 733 345 790 stulasti
368 747 404 788 a
431 730 615 788 nobis
649 737 710 788 ut
736 732 1060 804 prtelatum
1090 733 1525 789 monasterium
1557 734 1786 789 Sanctae

134 823 312 882 larisa
339 822 690 897 apostolicae
714 821 873 878 sedis
899 823 1256 880 auctoritate
1285 823 1681 893 muniremur,
1729 824 1789 876 et

137 913 330 970 omnia
355 914 484 984 ejus
505 911 862 984 pertinentia
913 912 1167 984 perenni
1191 913 1326 984 jure
1368 909 1788 968 inviolabiliter

133 1002 533 1076 permanenda
558 999 1078 1069 conﬁrmaremus,
1107 1007 1166 1058 et
1184 1001 1419 1074 absque
1447 1001 1614 1058 omni
1635 1001 1785 1072 jugo

132 1092 244 1148 sub
272 1091 489 1147 ditione
518 1091 934 1163 cujuscunque
961 1105 1258 1162 personae,
1285 1095 1534 1163 excepto
1565 1090 1784 1146 abbate

133 1185 354 1238 Sanctae
386 1179 608 1251 Crucis,
626 1184 686 1235 et
713 1181 836 1236 suis
868 1179 1203 1248 monachis,
1253 1180 1637 1236 constabilire
1679 1195 1784 1235 no—

133 1271 232 1326 stri
253 1267 536 1344 privilegii
567 1269 794 1342 pagina
837 1269 1370 1326 corroboraremus
1405 1288 1420 1337 ;
1466 1274 1784 1343 propterea

133 1360 242 1415 tuis
259 1360 389 1414 ilin
413 1357 717 1431 precibus,
764 1371 871 1430 per
917 1359 1102 1429 hujus
1152 1364 1371 1415 nostrae
1419 1357 1784 1415 auctoritatis

132 1449 498 1522 privilegium
526 1449 934 1515 decernimus,
967 1454 1031 1504 ut
1060 1463 1272 1506 omnes
1298 1453 1483 1506 terras
1512 1449 1701 1504 cultas
1730 1451 1787 1503 et

127 1537 615 1608 incultas,servos
641 1549 890 1611 quoque
917 1542 970 1593 et
991 1538 1259 1610 ancillas,
1289 1544 1345 1594 et
1391 1553 1571 1594 omne
1618 1537 1782 1611 quod

1901 377 2014 444 tur,
2040 377 2088 433 si
2111 379 2599 452 archiepiscopus
2622 379 2684 437 in
2709 381 2884 452 cujus
2941 383 3246 457 episeopio
3301 391 3410 457 est,
3455 401 3563 446 no-

1897 464 2071 523 luerit
2089 479 2460 525 consecrare.
2497 472 2722 526 Damus
2753 487 2997 545 quoque
3027 473 3328 532 licentiam
3386 477 3562 533 vobis

1895 560 1956 611 et
1982 557 2194 613 vestris
2219 558 2502 614 fratribus
2531 559 2593 615 in
2609 561 2976 618 monasterio
3013 565 3244 620 Sancta:
3274 564 3466 622 Mariae
3485 565 3562 622 de

1904 646 2114 703 Solaco
2143 648 2576 716 habitantibus,
2612 666 2648 705 a
2678 651 3086 725 qualicunque
3108 653 3414 711 volueritis
3444 652 3565 726 epi-

1898 751 2083 809 scopo
2102 737 2310 794 omnia
2343 754 2487 794 vasa
2513 741 2834 797 sanctuarii
2887 741 3189 812 ordinem,
3249 748 3310 800 et
3359 757 3566 801 conse-

1897 841 2066 883 crare
2090 830 2322 884 vestros
2353 826 2622 900 clericos,
2643 830 2988 888 etchrisma
3010 831 3364 906 accipiendi.
3389 834 3564 899 Quod
3673 847 3676 850 ·

1898 915 1949 969 si
1971 915 2418 988 qualiscunque
2473 918 2683 986 homo,
2729 920 3048 991 cujuslibet
3098 921 3407 994 potestatis
3449 921 3567 978 exi-

1895 1008 2081 1073 stens,
2113 1005 2388 1077 aliquam
2409 1007 2946 1080 prmsumptionem
2995 1014 3206 1068 contra
3253 1011 3369 1066 hoc
3420 1023 3569 1082 apo-

1896 1095 2120 1150 stolica:
2150 1094 2630 1152 conﬁrmationis
2654 1097 3038 1170 privilegium
3067 1115 3266 1170 agere,
3301 1104 3404 1156 aut
3419 1115 3564 1172 prae-

1892 1181 2086 1238 fatum
2115 1183 2576 1254 monasterium,
2597 1202 2739 1241 cum
2763 1187 3050 1244 omnibus
3094 1187 3217 1243 suis
3268 1187 3566 1260 pertinen-

1894 1271 2008 1339 tiis,
2037 1287 2295 1328 causare
2321 1274 2636 1344 putaverit,
2662 1275 2756 1331 vel
2779 1277 3092 1348 praeceptis
3115 1276 3334 1333 nostris
3353 1277 3417 1332 in
3436 1289 3566 1335 om-

1895 1360 2076 1417 nibus
2133 1377 2274 1434 quae
2325 1361 2421 1418 hic
2476 1365 2696 1437 scripta
2765 1370 2904 1422 sunt
2958 1365 3313 1422 inobediens
3368 1367 3563 1436 fuerit,

1900 1451 2254 1506 auctoritate
2305 1451 2404 1507 Dei
2452 1458 2508 1508 et
2561 1458 2770 1510 nostra
2814 1469 2938 1512 non
2991 1455 3192 1512 solum
3241 1455 3566 1512 anathema

1902 1541 2284 1608 maranatha,
2315 1541 2378 1596 id
2409 1547 2497 1598 est
2521 1543 2789 1615 perditus
2820 1543 2881 1599 in
2929 1544 3151 1601 alecula
3201 1545 3564 1602 seculorum

127 1630 242 1685 dici
262 1635 364 1684 aut
395 1628 692 1684 nominari
716 1631 934 1701 potest,
965 1628 1162 1684 eidem
1191 1627 1556 1686 monasterio
1604 1627 1786 1700 perti-
1817 1644 1860 1700 Β
1897 1630 2155 1685 vinculis
2176 1630 2524 1701 innodatus,
2557 1633 2665 1689 sed
2695 1633 2940 1706 insuper
2959 1651 2996 1691 a
3022 1649 3209 1706 regno
3270 1635 3370 1691 Dei
3422 1635 3564 1693 alie-

127 1719 344 1787 nentia,
377 1719 497 1773 sive
525 1717 822 1791 quidquid
866 1718 928 1772 in
986 1717 1187 1774 futuro
1245 1718 1569 1788 aregibus,
1625 1721 1786 1774 auta

126 1808 402 1877 ducibus,
444 1812 546 1863 aut
575 1807 902 1880 aqualibet
943 1821 1208 1880 persona
1244 1808 1514 1864 ﬁdelium
1557 1807 1783 1864 ibidem

123 1899 413 1954 donatum
477 1901 580 1952 aut
633 1896 912 1952 oblatum
979 1897 1194 1966 fuerit,
1264 1900 1471 1954 nostra
1533 1895 1784 1954 auctori-

127 1992 244 2044 tate
265 1987 514 2043 liberum
577 1985 654 2041 ab
685 1985 853 2041 omni
911 1990 1197 2042 extranea
1247 1991 1602 2059 permaneat
1651 1999 1783 2058 per-

127 2093 298 2133 sona.
327 2075 487 2132 Unde
518 2076 800 2132 volumus
825 2079 891 2131 ut
924 2076 1126 2132 nullus
1176 2076 1533 2150 vicecomes,
1581 2077 1783 2132 nullus

123 2183 345 2234 comes,
367 2163 569 2222 nullus
612 2166 1122 2238 archiepiscopus,
1183 2166 1384 2223 nullus
1437 2166 1780 2240 episcopus,

123 2271 319 2329 neque
345 2269 566 2326 magna
593 2269 860 2328 parvave
889 2269 1152 2328 persona
1175 2255 1237 2312 in
1265 2256 1349 2313 eis
1379 2270 1517 2329 quae
1547 2272 1646 2312 res
1700 2255 1785 2311 di-

124 2351 229 2402 ctae
257 2350 414 2415 sunt,
447 2349 804 2418 potestatem
851 2350 1187 2413 exerceant,
1254 2351 1357 2402 aut
1408 2346 1532 2401 vim
1590 2347 1784 2402 facere

123 2439 514 2508 praesumant,
547 2433 637 2489 vel
663 2437 872 2490 contra
895 2434 1010 2490 hoc
1034 2434 1414 2507 privilegium
1428 2435 1659 2508 aliquid
1676 2434 1784 2491 ad-

124 2524 412 2580 versitatis
444 2538 619 2593 agere
645 2522 928 2579 audeant.
964 2526 1030 2578 Et
1045 2538 1261 2580 omnes
1291 2523 1785 2596 archiepiscopos

123 2618 181 2669 et
209 2613 543 2685 episcopos,
587 2617 951 2684 ceterosque
1010 2612 1364 2668 clericorum
1418 2612 1478 2667 in
1533 2611 1785 2685 praefato

124 2701 487 2757 monasterio
517 2706 572 2756 et
599 2701 661 2756 in
687 2701 970 2757 omnibus
1029 2702 1153 2757 suis
1198 2701 1569 2774 pertinentiis
1618 2700 1788 2756 ditio-

125 2806 268 2846 nem
297 2790 628 2863 quamlibet
654 2789 878 2846 habere
907 2791 1254 2847 auctoritate
1289 2790 1617 2863 apostolica
1645 2803 1784 2863 pro-

129 2881 420 2936 hibemus.
455 2880 842 2936 Absolvimus
867 2884 931 2935 ut
958 2879 1006 2935 si
1036 2880 1251 2954 aliquis
1305 2879 1789 2936 excommunica-

1896 1735 2012 1775 nus
2042 1719 2275 1777 existat.
2307 1723 2418 1788 Qui
2450 1737 2590 1779 vero
2612 1721 2712 1795 pia
2736 1723 3105 1794 benignitate
3127 1729 3338 1781 auctor
3355 1724 3564 1781 obser-

1895 1809 2148 1877 vaverit,
2179 1809 2662 1869 benedictionem
2687 1818 2745 1869 et
2774 1815 3031 1885 gratiam
3059 1831 3098 1871 a
3127 1815 3382 1872 Domino
3409 1831 3564 1873 con-

1895 1899 2072 1970 sequi
2098 1907 2421 1959 mereatur.
3619 1966 3625 1970 .

1963 1989 2266 2062 Scriptum
2277 2006 2615 2066 permanus
2645 1993 2833 2064 Sergii
2851 1995 3222 2052 archiscrivii
3267 1996 3443 2053 sacrii
3460 2010 3569 2053 no-

1891 2075 1997 2132 stri
2027 2077 2255 2150 palatii,
2287 2097 2496 2137 mense
2527 2081 2817 2153 Octobris,
2844 2082 3173 2141 indictione
3201 2084 3433 2157 quinta.

2708 2171 2772 2226 Il.

1895 2254 2209 2312 Bededicti
2236 2259 2328 2312 IX
2353 2261 2606 2328 eputola
2649 2259 2731 2315 ad
2782 2259 3126 2315 Rotundum
3179 2259 3567 2330 mapalium

1965 2345 2237 2416 aliosque
2267 2349 2586 2404 canonicos
2609 2349 2677 2403 S.
2708 2348 3085 2406 Florentino:
3115 2349 3420 2406 Ecclesia.

2517 2435 2716 2506 (Anno
2739 2439 2921 2502 4036.)

2219 2523 2508 2592 (Uarium,
2543 2526 2728 2581 Italia
2759 2539 2957 2591 sacra,
3013 2526 3106 2597 Ill,
3131 2528 3245 2598 δα]

1969 2613 2310 2667 Bssemcrus
2342 2613 2683 2687 episcopus,
2720 2625 2930 2670 servus
2969 2631 3281 2673 servorum
3307 2615 3428 2687 Dei,
3483 2614 3568 2670 di-

1893 2697 2047 2756 lecto
2072 2700 2134 2754 in
2159 2699 2394 2756 Christo
2440 2704 2731 2770 Romano,
2792 2705 2849 2760 S.
2897 2704 3252 2762 Florentinis
3293 2704 3565 2761 Ecclesiae

1894 2788 2243 2861 praeposito,
2273 2788 2529 2864 aliisque
2558 2791 2866 2848 canonicis
2905 2801 2964 2850 et
3001 2794 3402 2852 confratribus
3447 2793 3566 2850 tuis

1895 2882 1953 2932 et
1975 2878 2425 2934 successoribus
2452 2879 2517 2935 in
2547 2885 2925 2953 perpetuum.

127 2976 246 3039 tus,
273 2970 350 3025 ad
370 2972 623 3026 matrem
653 2969 884 3037 Christi,
917 2969 992 3025 de
1021 2985 1386 3042 quacunque
1425 2970 1688 3040 regione,
1751 2985 1788 3024 a
1820 3000 1859 3055 ε
1973 2967 2028 3025 Si
2053 2967 2233 3039 justis
2259 2983 2581 3026 servorum
2627 2971 2727 3026 Dei
2773 2971 3161 3044 petitionibus
3217 2970 3568 3030 satisfeceri-

129 3055 272 3114 solis
300 3061 430 3115 ortu
452 3071 647 3131 usque
674 3058 753 3113 ad
783 3073 1087 3126 occasum,
1139 3058 1466 3129 advenerit,
1497 3075 1571 3114 ex
1617 3063 1786 3131 parte

129 3147 228 3203 Dei
256 3152 314 3203 et
329 3150 536 3203 nostra
567 3146 826 3202 absoluti
879 3147 1013 3216 sint,
1069 3147 1344 3220 quandiu
1381 3147 1442 3202 in
1496 3150 1787 3220 potestate

128 3241 348 3293 sach
369 3237 472 3293 Dei
493 3235 797 3292 Genitricis
825 3235 1061 3304 fuerint,
1095 3237 1173 3292 ab
1221 3236 1388 3293 omni
1438 3251 1788 3293 excommu-

127 3326 445 3394 nicatione,
479 3327 604 3380 sive
653 3324 732 3380 ab
785 3325 1260 3398 archiepiscopo,
1311 3325 1434 3380 sive
1480 3325 1788 3398 episcopo,

129 3417 378 3488 excepto
409 3414 630 3471 abbate
662 3416 894 3471 Sanctia
919 3415 1121 3471 Crucis
1149 3419 1207 3470 et
1233 3414 1360 3468 suis
1390 3415 1703 3470 monachis
1729 3413 1793 3469 in

127 3503 483 3579 supradicto
507 3505 640 3561 loco
668 3504 1102 3561 habitantibus.
1138 3504 1366 3571 Quibus
1417 3505 1637 3561 damus
1691 3519 1796 3578 po-

131 3601 402 3652 testatem
459 3595 686 3665 ligandi
767 3599 946 3666 atque
1004 3594 1275 3650 solvendi
1328 3599 1536 3651 contra
1583 3609 1795 3651 omnes

129 3685 325 3741 malos
356 3685 742 3753 Christianos,
771 3685 875 3756 qui
906 3685 1134 3757 aliquid
1163 3683 1305 3740 mali
1363 3684 1423 3739 in
1479 3685 1797 3757 praefatum

133 3775 568 3831 monasterium
597 3779 656 3829 et
680 3773 1047 3829 habitatores
1070 3773 1185 3829 loci
1209 3772 1365 3827 illius
1381 3773 1575 3828 facere
1601 3774 1799 3829 voluc-

133 3865 273 3921 rint.
308 3862 630 3920 Ecclesiam
673 3876 816 3917 vero
861 3863 1093 3919 Sanctze
1153 3861 1377 3931 Crucis,
1437 3862 1685 3918 consilio
1743 3866 1801 3918 et

131 3954 537 4026 praeceptione
586 3953 878 4008 Romanae
935 3951 1211 4008 Ecclesiae
1270 3951 1608 4022 fundatam,
1659 3965 1799 4008 cum

133 4043 261 4098 suis
290 4041 611 4098 monachis
641 4044 698 4096 et
728 4057 866 4097 cum
907 4040 1192 4097 omnibus
1239 4039 1366 4095 suis
1407 4040 1797 4112 pertinentiis,

127 4132 390 4188 liberam
415 4131 496 4187 ab
525 4131 693 4188 omni
723 4130 1346 4187 excommunicatione
1367 4129 1462 4185 vel
1485 4129 1800 4185 vexatione

129 4223 553 4295 cujuscunque
577 4234 853 4294 personas
883 4235 1012 4277 esse
1068 4220 1471 4293 praecipimus.
1525 4219 1804 4276 Similiter

124 4311 419 4367 volumus
445 4315 511 4367 ut
537 4308 740 4366 nullus
786 4308 1128 4383 episcopus,
1179 4309 1241 4364 in
1294 4311 1469 4381 cujus
1516 4306 1804 4382 parochia

127 4402 323 4458 situm
353 4406 443 4457 est
477 4401 640 4458 idem
690 4400 1144 4468 monasterium,
1192 4414 1303 4456 nec
1361 4401 1658 4455 domnum
1708 4413 1804 4455 ve-

127 4497 455 4565 strumque
481 4491 785 4560 abbatem,
816 4507 927 4547 nec
957 4489 1218 4562 aliquem
1256 4494 1590 4545 vestrorum
1637 4488 1803 4544 cleri-

128 4593 353 4638 corum
385 4582 771 4638 servientium
813 4581 874 4636 in
903 4581 1271 4637 monasterio
1326 4579 1558 4636 Sanctae
1609 4579 1802 4636 Mariae

127 4671 362 4728 audeat
379 4671 925 4740 excommunicare,
956 4671 1051 4727 vel
1100 4670 1177 4726 ad
1232 4669 1537 4742 synodum
1592 4683 1806 4742 provo-

129 4779 300 4831 care,
328 4768 596 4821 statuens
627 4762 953 4836 apostolica
983 4762 1356 4832 auctoritate,
1383 4761 1497 4817 sub
1536 4762 1720 4817 nostri
1750 4766 1808 4816 et

129 4855 336 4910 divini
375 4855 580 4927 judicii
641 4854 1055 4911 observatione
1111 4853 1514 4911 anathematis
1564 4853 1805 4908 interdi-

133 4948 332 5000 ctum.
369 4945 698 5002 Statuimus
729 4947 929 5000 autem
959 4947 1024 4998 ut
1054 4958 1193 4998 cum
1224 4942 1418 5000 abbas
1457 4941 1809 4999 monasterii

137 5035 379 5090 Sanctae
408 5034 610 5091 Crucis
635 5033 866 5103 obierit,
899 5047 1094 5104 neque
1131 5045 1167 5088 a
1216 5033 1555 5101 comitibus,
1612 5047 1807 5106 neque

133 5123 222 5179 ab
255 5123 743 5198 archiepiscopis,
777 5133 970 5194 neque
999 5120 1076 5176 ab
1133 5121 1453 5196 episcopis,
1511 5139 1705 5197 neque
1773 5139 1809 5178 a

133 5211 328 5268 nullis
357 5211 752 5287 principibus,
784 5227 976 5284 neque
999 5227 1034 5265 a
1055 5210 1323 5282 qualibet
1373 5227 1633 5284 persona
1685 5229 1810 5269 om-

133 5304 314 5370 nino,
351 5303 555 5376 aliqua
582 5299 921 5375 cupiditatis
947 5315 1149 5367 causa,
1171 5300 1234 5355 in
1273 5303 1636 5358 monasterio
1670 5319 1809 5359 san-

136 5399 254 5449 ctee
287 5393 494 5449 Crueis
524 5393 774 5464 eligatur
799 5403 995 5463 neque
1026 5393 1405 5446 consecretur
1431 5390 1624 5446 abbas
1659 5411 1670 5446 :
1705 5393 1811 5448 sed

137 5481 352 5557 qualis
377 5487 594 5540 cuncta
621 5481 1004 5552 congregatio
1034 5479 1257 5535 ibidem
1289 5483 1346 5534 et
1373 5479 1431 5534 in
1463 5479 1593 5535 aliis
1633 5482 1811 5537 eccle-

136 5574 252 5629 siis
281 5570 395 5630 sibi
425 5571 676 5630 subditis
708 5571 1074 5642 degentium,
1104 5585 1243 5626 cum
1294 5567 1572 5627 fidelibus
1622 5576 1678 5626 et
1720 5587 1811 5627 se-

135 5661 426 5720 nioribus
441 5662 580 5734 ejus
605 5660 720 5717 loci
769 5658 1039 5729 eligatur,
1099 5663 1154 5716 et
1211 5659 1522 5716 communi
1565 5657 1811 5717 consilio

1895 3070 2054 3125 mus,
2077 3057 2289 3128 procul
2316 3057 2511 3114 dubio
2543 3059 2872 3131 apostolica
2899 3065 3201 3135 praecepta
3223 3075 3564 3118 servamus.

1895 3148 2275 3220 Quapropter
2294 3147 2566 3204 inclinati
2595 3148 2872 3220 precibus
2902 3151 3044 3217 tuis,
3070 3149 3155 3205 illi
3194 3149 3566 3217 charissima,

1897 3237 2335 3292 conﬁrmamus
2395 3241 2582 3309 atque
2655 3238 3124 3296 corroboramus
3179 3237 3287 3294 tibi
3332 3238 3570 3311 tuisque

1899 3325 2351 3381 successoribus
2383 3327 2689 3383 canonicis
2718 3327 3018 3401 quidquid
3047 3328 3108 3384 in
3150 3327 3377 3400 pagina
3425 3340 3571 3384 con-

1901 3413 2212 3481 cessimus,
2241 3419 2295 3470 et
2318 3413 2810 3483 conﬁrmationis,
2863 3429 3060 3489 quam
3101 3415 3340 3471 videtur
3389 3413 3566 3472 vobis

1902 3503 2110 3559 fecisse
2159 3504 2500 3577 episcopus,
2558 3505 2734 3562 nobis
2807 3506 3231 3579 praesentibus,
3282 3505 3570 3577 scriptum

1902 3610 2031 3649 esse
2056 3599 2310 3665 constat,
2341 3595 2680 3652 donectam
2724 3597 2785 3652 in
2840 3596 2978 3669 ipsa
3029 3601 3226 3654 vestra
3282 3594 3573 3652 canonica

1904 3683 1984 3738 ita
2010 3683 2070 3738 in
2093 3685 2278 3758 modo
2305 3689 2577 3741 servatur
2603 3685 2815 3756 regula
2852 3701 3045 3759 quam
3066 3685 3285 3742 scilicet
3333 3681 3574 3741 canoni-

1906 3787 2043 3826 cam
2073 3772 2366 3828 tuendam
2397 3776 2454 3828 et
2477 3773 2925 3830 defendendam
2955 3791 3063 3846 per
3091 3773 3374 3830 eamdem
3407 3771 3570 3844 pagi-

1906 3876 2050 3916 nam
2082 3860 2207 3932 ipse
2237 3860 2471 3915 videtur
2503 3861 2844 3933 episcopus,
2896 3867 3142 3930 nostras,
3199 3866 3571 3917 nostrorum-

1907 3964 2024 4021 que
2056 3963 2475 4004 successorum
2506 3947 2849 4021 apostolicaa
2888 3949 3228 4006 auctoritati
3283 3949 3569 4004 tuendam

1907 4042 1963 4094 et
1981 4037 2427 4094 defendendam
2449 4038 2753 4094 commisit
2781 4042 2964 4111 atque
2991 4037 3336 4111 supposuit,
3384 4041 3568 4110 utque

1907 4143 1980 4186 ea
2009 4133 2066 4184 et
2097 4128 2292 4183 securi
2318 4127 2396 4184 ab
2417 4128 2585 4184 omni
2615 4127 2857 4185 laesione
2914 4141 3269 4200 permanere
3323 4127 3570 4184 valeatis

1909 4217 2244 4285 desiderio;
2279 4217 2392 4272 hac
2423 4218 2625 4290 itaque
2649 4217 2934 4290 petitione
2955 4221 3059 4274 tua
3101 4217 3371 4286 inclinati
3415 4217 3568 4273 dixi-

1912 4323 2046 4363 mus
2065 4310 2122 4362 te
2141 4305 2556 4379 prmpositum,
2581 4311 2840 4379 tuosque
2899 4319 3276 4363 successores
3321 4306 3569 4362 canoni-

1910 4410 2044 4454 cam
2067 4396 2255 4452 vitam
2279 4396 2584 4463 ducturos,
2647 4395 2760 4452 sub
2811 4401 3031 4453 nostrae
3081 4394 3427 4469 apostolicae
3474 4395 3573 4450 de-

1911 4485 2197 4542 fensionis
2223 4484 2556 4541 munimine
2583 4485 2968 4558 suscipimus,
2997 4501 3140 4542 cum
3169 4488 3228 4540 et
3254 4485 3419 4540 bona
3447 4497 3573 4539 om-

1908 4577 2031 4647 nia,
2059 4581 2255 4632 curtes
2276 4580 2331 4632 et
2354 4580 2562 4646 terras,
2595 4591 2728 4648 quae
2751 4580 2947 4631 vestra
2965 4579 3025 4631 et
3053 4574 3235 4630 habet
3259 4578 3320 4629 et
3338 4571 3574 4628 habitu-

1911 4682 1980 4724 ra
2005 4670 2098 4722 est
2127 4666 2440 4734 canonica,
2466 4665 2742 4722 videlicet
2767 4669 2826 4720 et
2845 4665 3020 4734 juxta
3048 4661 3446 4718 Florentinam
3476 4676 3572 4716 ur-

1911 4756 2052 4813 bem
2080 4761 2323 4830 pratum
2354 4755 2546 4826 Regis,
2577 4769 2719 4809 cum
2739 4752 2968 4808 mensis
2995 4755 3056 4808 et
3108 4751 3411 4807 territoriis
3439 4765 3570 4806 om-

1913 4847 2115 4916 nibus,
2143 4862 2279 4918 quae
2301 4845 2486 4900 modo
2515 4844 2578 4898 in
2607 4841 2946 4898 Florentina
2974 4843 3138 4897 curto
3166 4839 3349 4897 habet
3390 4844 3448 4896 et
3481 4854 3573 4895 re-

1915 4935 2062 4992 tinet
2089 4933 2375 5008 praadicta
2400 4936 2596 4988 vestra
2627 4930 2940 5000 canonica,
2971 4933 3199 4986 curtem
3225 4931 3287 4986 S.
3321 4928 3572 4984 Andreas

1919 5041 2057 5081 cum
2087 5023 2370 5080 omnibus
2398 5022 2528 5090 sibi,
2563 5021 2996 5094 pertinentibus
3027 5024 3254 5076 curtem
3292 5018 3368 5074 de
3399 5017 3577 5084 Quin-

1918 5119 1998 5186 to,
2029 5118 2256 5169 curtem
2283 5112 2357 5167 de
2387 5111 2646 5168 Cintoria
2675 5115 2885 5176 totam,
2915 5108 3068 5166 sicut
3111 5109 3223 5182 ipsi
3269 5113 3470 5165 tenere
3519 5112 3578 5164 et

1917 5204 2142 5260 habere
2173 5201 2481 5271 videmini,
2505 5206 2562 5256 et
2589 5201 2754 5257 illam
2783 5204 3017 5273 partem
3032 5214 3220 5272 quam
3237 5202 3439 5255 Petrus
3456 5197 3576 5270 pri-

1921 5294 2199 5351 micerius
2233 5297 2440 5349 contra
2467 5293 2757 5349 canonica
2781 5292 3050 5347 instituta
3077 5303 3374 5361 usurpare
3411 5288 3576 5344 visus

1920 5391 2026 5455 est,
2055 5384 2293 5458 plebem
2322 5383 2395 5439 de
2429 5383 2647 5438 Exinea
2703 5397 2843 5438 cum
2889 5385 3053 5436 certe
3109 5384 3165 5434 et
3221 5379 3469 5447 mensis,
3519 5381 3578 5432 et

1921 5472 2204 5532 omnibus
2228 5473 2532 5529 territoriis
2562 5477 2618 5528 et
2646 5469 3146 5527 decimationibus
3199 5481 3578 5541 quiscunque

1922 5567 2002 5624 ad
2027 5565 2303 5624 eamdem
2333 5563 2592 5638 plebem,
2611 5561 2943 5619 velcurtcm
2967 5560 3259 5634 pertinere
3279 5558 3576 5615 videntur.

1923 5660 2172 5732 Insuper
2265 5659 2456 5714 totam
2531 5652 2700 5730 quod
2797 5652 3027 5711 Theuzo
3100 5650 3256 5707 ﬁlius
3366 5647 3578 5723 Leptsti
