4020 6176
166 171 304 227 1349

1451 177 1802 236 Εριδτοιιε
1845 155 1929 231 Er
1969 174 2398 232 DlPLOMATA.

3527 197 3670 250 1350

154 289 336 350 latere
369 295 716 364 Musanell.,
748 300 806 352 et
835 312 870 352 a
896 301 1113 368 quarto
1152 296 1338 354 latere
1372 302 1709 370 Canullan.,
1738 306 1794 356 et
1819 317 1856 355 a
1886 303 1930 354 Α
1970 298 2176 366 latere,
2211 299 2366 356 silva
2395 305 2455 357 et
2484 307 2666 376 terra,
2698 323 2837 380 quae
2863 310 2974 367 fuit
2997 313 3075 368 de
3100 308 3339 375 Joanne'
3357 319 3673 376 Gramma-

155 383 370 450 quinto
416 385 611 441 latere
649 389 802 441 terra
831 385 1175 453 Aureliana,
1211 392 1270 444 et
1294 389 1449 446 silva
1482 394 1536 448 8.
1571 388 1859 462 Stephani

153 482 287 526 cum
331 473 434 529 via
490 473 812 538 Salinaria,
861 472 1165 546 simulque
1220 477 1485 534 fundum
1540 483 1860 535 Lauretum

149 570 283 614 cum
331 562 639 618 omnibus
688 562 1128 635 pertinentibus
1182 566 1329 635 suis,
1378 568 1458 624 ab
1511 584 1634 624 uno
1677 568 1862 622 latere

149 645 300 702 terra
336 653 394 706 8.
433 651 617 719 Petri,
653 651 731 708 ab
765 651 882 707 alio
907 649 1092 708 latere
1126 658 1285 710 terra
1319 658 1375 712 S.
1410 657 1662 725 Martini,
1692 675 1729 712 a
1756 662 1865 712 ter-

159 731 232 788 tio
283 737 479 796 latere
533 756 719 796 mons
763 740 1024 811 lliodori,
1057 759 1093 798 a
1139 749 1360 815 quarto
1411 745 1597 800 latere
1638 745 1866 800 fundus

150 821 350 896 Oripo,
385 845 502 884 seu
556 829 759 886 casale
810 828 1002 899 Pauli,
1034 834 1090 886 et
1122 831 1349 886 fundus
1385 833 1680 888 Serianus
1723 849 1864 888 cum

138 913 432 971 omnibus
475 935 698 975 eorum
746 917 1144 991 pertinentiis,
1178 919 1256 975 ab
1299 937 1424 976 uno
1485 922 1678 978 latere
1713 927 1870 978 terra

134 998 189 1052 S.
224 1004 489 1076 Martini,
519 1026 560 1065 a
593 1008 867 1065 secundo
890 1007 1073 1066 latere
1105 1011 1263 1066 Silva
1293 1011 1592 1078 candida,
1625 1027 1661 1066 a
1692 1011 1866 1067 tertio

123 1085 332 1146 Mensa
363 1101 621 1167 sancta,
655 1103 712 1153 et
741 1114 776 1152 a
806 1103 1026 1168 quarto
1052 1099 1234 1155 latere
1267 1099 1419 1154 silva
1453 1102 1521 1156 S.
1555 1100 1730 1167 Petri,
1757 1117 1869 1156 nec

125 1188 249 1232 non
301 1186 530 1243 casale
574 1187 746 1259 quod
781 1185 1001 1242 dicitur
1033 1187 1482 1257 Castagnetolo,
1527 1188 1606 1242 ab
1636 1205 1760 1243 uno
1791 1189 1874 1244 la-

131 1265 251 1320 tere
286 1269 393 1327 SS.
435 1276 724 1340 Quatuor
761 1275 998 1345 fratres,
1031 1293 1067 1333 a
1098 1277 1366 1332 secundo
1408 1275 1655 1330 fundus
1681 1277 1870 1332 Orba-

144 1354 308 1427 uula,
341 1376 382 1417 a
408 1366 596 1420 tertio
630 1368 898 1427 Musana,
928 1369 988 1421 et
1013 1381 1049 1421 a
1079 1371 1296 1438 quarto
1322 1366 1524 1421 latere
1557 1366 1872 1422 Massanel-

158 1447 266 1517 lus,
295 1455 487 1525 atque
516 1454 740 1510 silvam
771 1470 907 1526 quae
937 1455 1274 1527 appellatur
1302 1459 1450 1523 Mag.
1493 1471 1639 1510 cum
1671 1456 1871 1511 omni-

169 1541 277 1597 bus
304 1539 418 1596 sibi
443 1541 910 1614 pertinentibus,
943 1543 1022 1598 ab
1051 1560 1172 1600 uno
1220 1543 1400 1600 latere
1441 1544 1616 1598 rivus
1647 1544 1722 1599 de
1749 1548 1864 1601 Ga-

1973 383 2107 479 tico.
2127 401 2180 479 ra,
2201 387 2372 441 tertio
2404 387 2591 446 latere
2619 397 2932 464 pastoritia
2961 400 3317 475 dompmea,
3341 411 3399 462 et
3424 422 3461 462 a
3491 422 3675 479 quar-

1974 477 2034 527 to
2057 473 2240 529 latere
2270 479 2466 533 Massa
2498 479 2856 542 Claudiana.
2887 473 3335 549 Confirmamus
3367 473 3549 552 etiam
3569 512 3674 553 vo-

1974 562 2068 618 bis
2099 564 2345 632 casalia,
2378 571 2437 621 et
2487 569 2764 628 colonias
2814 580 2995 649 atque
3051 582 3372 639 castellum
3421 584 3482 640 in
3530 585 3677 643 inte-

1977 668 2176 721 grum,
2223 653 2328 725 qui
2375 658 2725 728 appellatur
2775 665 3147 739 Dalmachia,
3187 687 3328 727 cum
3381 673 3588 730 fundis
3619 680 3677 732 et

1979 740 2303 834 casalibus,
2327 742 2609 834 videlicet
2631 752 2824 822 Attici,
2863 755 3216 815 Dalmachta
3242 759 3492 834 balneo,
3517 763 3678 820 stab-

1979 828 2102 895 bla,
2135 833 2326 886 Massa
2354 832 2617 900 Juliana,
2641 839 2732 893 vel
2759 842 3231 918 quibuscumque
3264 848 3396 904 aliis
3413 828 3678 908 vocabu-

1981 919 2053 974 lis
2088 926 2547 992 nuncupantur,
2586 942 2709 982 una
2742 947 2880 986 cum
2907 934 3148 990 familiis
3179 939 3488 1005 masculis,
3514 945 3572 996 et
3589 941 3674 998 fe-

1983 1008 2183 1076 minis,
2213 1025 2320 1106 seu
2353 1011 2590 1106 colonis
2637 1035 2742 1089 per
2788 1020 3025 1092 singula
3067 1025 3203 1083 loca
3232 1028 3676 1100 pertinentibus

1985 1112 2123 1192 cum
2155 1098 2329 1192 casis,
2361 1098 2575 1192 vineis,
2606 1107 2799 1177 terris,
2825 1109 3007 1178 silvis,
3037 1098 3675 1192 pratisﬂaquarumque

1985 1185 2363 1275 decursibus,
2394 1189 2491 1244 vel
2522 1207 2666 1248 cum
2698 1197 2982 1254 omnibus
3035 1202 3115 1256 ad
3164 1185 3456 1275 praedicta
3503 1185 3675 1266 casa-

1985 1274 2089 1369 lia,
2119 1280 2173 1330 et
2207 1275 2442 1369 colonia
2470 1285 2654 1353 atque
2685 1287 2998 1344 castellum
3029 1274 3488 1366 pertinentibus,
3513 1298 3674 1369 posi-

1988 1369 2044 1419 ta
2077 1364 2136 1418 in
2173 1364 2462 1422 territorio
2516 1373 2835 1445 Nepesino,
2872 1378 3149 1435 milliario
3181 1382 3259 1437 ab
3288 1383 3437 1440 urbe
3465 1364 3671 1444 Romae

1982 1452 2120 1524 plus
2170 1453 2371 1508 minus
2401 1460 2508 1518 20;
2568 1460 2721 1516 inter
2751 1464 2961 1520 afﬁnes
3008 1467 3087 1522 ab
3137 1485 3261 1524 uno
3291 1471 3473 1528 latere
3503 1475 3669 1533 viam

1980 1558 2119 1613 qua:
2147 1542 2312 1598 ducit
2340 1544 2492 1600 inter
2524 1549 2802 1607 militiam
2833 1554 2906 1609 de
2939 1559 3114 1611 Curte
3161 1557 3236 1613 de
3278 1563 3664 1633 Capracorio,

151 1631 311 1707 Alera,
347 1631 426 1688 ab
465 1631 584 1688 alio
630 1632 814 1687 latere
865 1649 1047 1688 mons
1093 1633 1199 1705 qui
1245 1633 1594 1706 appellatur
1643 1635 1865 1707 stupha
1896 1651 1938 1704 Β
1979 1636 2037 1686 et
2067 1636 2288 1688 terram
2319 1634 2392 1689 de
2420 1639 2734 1708 pastoritio
2766 1644 2820 1695 S.
2858 1644 3026 1710 Petri,
3062 1645 3141 1701 ab
3173 1647 3292 1703 alio
3334 1631 3518 1707 latere
3550 1631 3664 1710 ter?

176 1722 391 1779 ancilla
429 1721 547 1778 Dei.
585 1723 811 1778 Omnes
852 1737 1122 1794 namque
1154 1723 1370 1778 fundos
1402 1724 1772 1790 nominatos,
1807 1730 1865 1780 et

176 1811 398 1869 casalia
441 1827 581 1866 cum
636 1811 826 1877 terris,
857 1811 1114 1884 campis,
1148 1811 1352 1884 pratis,
1387 1813 1662 1883 pascuis,
1696 1813 1861 1868 silvis

177 1902 348 1958 cultis
377 1905 431 1957 et
456 1900 723 1967 incultis,
756 1901 968 1972 positis
1018 1901 1310 1956 territorio
1353 1901 1528 1957 Silvae
1573 1903 1859 1959 Candidae

179 1991 394 2049 miliari
440 1991 515 2046 ab
569 1989 725 2045 urbe
797 1990 995 2046 Roma
1060 1990 1195 2062 plus
1246 1991 1447 2046 minus
1509 1992 1857 2063 duodecim,

182 2081 362 2138 etiam
417 2078 799 2152 aquimolum
873 2079 1199 2134 molentem
1272 2079 1330 2134 in
1386 2080 1536 2150 rivo,
1598 2083 1704 2154 qui
1762 2098 1861 2138 vo-

179 2176 348 2227 catur
374 2169 604 2225 Galeria
632 2185 774 2224 cum
818 2168 1106 2224 omnibus
1149 2169 1260 2223 sibi
1307 2169 1769 2242 pertinentibus,
1803 2177 1860 2228 et

180 2267 337 2316 terra
388 2257 808 2326 Semistarisia,
838 2274 977 2330 quae
1009 2258 1347 2332 appellatur
1376 2261 1684 2316 Pastinum
1732 2262 1859 2317 lon-

179 2366 349 2420 gum,
385 2348 463 2403 ab
501 2363 622 2403 uno
660 2347 842 2403 latere
887 2347 1129 2404 Gualdsi
1172 2348 1372 2419 dinco,
1402 2348 1481 2402 ab
1523 2350 1642 2405 alio
1676 2351 1856 2408 latere

181 2443 340 2494 terra
403 2440 457 2492 S.
518 2435 692 2506 Petri,
745 2452 880 2507 quae
935 2436 1272 2508 appellatur
1326 2441 1554 2509 Campo
1611 2440 1854 2509 Mastali,

179 2545 217 2584 a
247 2527 421 2583 tertio
449 2525 630 2581 latere
660 2524 886 2580 fundus
920 2526 1140 2581 montis
1171 2526 1461 2598 Arcionis,
1490 2532 1547 2583 et
1577 2545 1613 2583 a
1639 2534 1856 2600 quarto

178 2617 367 2673 latere
417 2630 594 2670 mons
630 2617 890 2670 Paurum
934 2615 1288 2670 constitutus
1331 2616 1504 2685 juxta
1547 2617 1705 2672 idem
1737 2619 1856 2690 epi-

181 2704 488 2778 scopium,
521 2703 644 2759 sive
679 2704 865 2760 alium
896 2703 1272 2775 aquimolum
1301 2704 1362 2759 in
1392 2704 1528 2776 ipso
1559 2706 1685 2762 rivo
1717 2724 1855 2762 cum

180 2793 476 2850 omnibus
506 2791 619 2848 sibi
666 2791 1100 2866 pertinentibus
1125 2793 1275 2863 juris
1315 2794 1588 2864 ejusdem
1621 2797 1853 2869 episco-

185 2899 294 2954 p11.

1975 1737 2108 1811 ram
2141 1722 2215 1776 de
2249 1729 2450 1811 monte
2501 1728 2716 1783 Arsitia
2755 1734 2812 1783 et
2844 1733 3135 1801 Focazan,
3167 1735 3274 1807 qui
3324 1740 3666 1811 appellatur

1976 1807 2367 1902 Columnella,
2402 1828 2438 1866 a
2469 1813 2643 1902 tertio
2694 1814 2876 1870 latere
2935 1822 3088 1874 terra
3131 1822 3206 1877 de
3240 1807 3428 1882 Curte—
3444 1830 3663 1902 Capra-

1973 1897 2158 1964 corio,
2193 1899 2294 1971 qui
2345 1901 2688 1972 appellatur
2729 1906 2964 1973 Matera,
3018 1913 3075 1963 et
3123 1925 3159 1966 a
3211 1918 3429 1984 quarto
3477 1897 3662 1973 latere

1973 1991 2129 2042 terra
2177 1990 2231 2043 S.
2263 1990 2582 2060 Laurentii,
2613 2007 2749 2062 quae
2800 1995 3145 2066 appellatur
3191 2001 3457 2075 Silicara,
3497 2009 3555 2062 et
3581 2006 3659 2062 ri-

1970 2093 2116 2132 vum
2147 2078 2253 2150 qui
2290 2079 2455 2135 ducit
2501 2096 2610 2152 per
2633 2080 2934 2151 buxitum,
2965 2092 3021 2141 et
3049 2090 3477 2163 Madulanum;
3509 2111 3662 2169 pra:-

1970 2168 2131 2223 terea
2184 2169 2576 2224 concedimus
2624 2174 2681 2224 et
2725 2171 3163 2234 confirmamus
3210 2182 3407 2251 vobis,
3449 2168 3515 2238 et
3549 2198 3660 2254 per

1969 2271 2077 2310 vos
2130 2256 2193 2310 in
2249 2257 2464 2313 eodem
2525 2262 2720 2313 vestro
2775 2260 3089 2336 episcopio
3146 2267 3210 2323 in
3267 2275 3653 2343 perpetuum,

1970 2343 2242 2400 videlicet
2297 2351 2479 2402 terras
2533 2351 2588 2400 et
2642 2346 2844 2402 vineas
2902 2351 2960 2406 in
3016 2353 3342 2426 integrum,
3387 2371 3656 2430 quarum

1970 2433 2266 2489 vocabula
2349 2440 2506 2494 sunt,
2576 2438 3074 2509 Campomastali,
3135 2445 3280 2503 silve
3349 2447 3506 2502 silva
3579 2442 3656 2495 de

1970 2525 2196 2595 Campo
2229 2525 2438 2590 monti,
2469 2529 2525 2579 et
2558 2525 2883 2589 Lacusello,
2918 2535 2976 2585 et
3007 2549 3147 2588 cum
3186 2535 3481 2591 omnibus
3527 2527 3659 2583 ﬁni-

1968 2609 2106 2676 bus,
2159 2613 2428 2668 terminis
2477 2613 2890 2687 ]imitibusque
2937 2621 3082 2691 suis,
3129 2622 3346 2690 vineis,
3395 2614 3655 2686 campis.

1964 2700 2172 2770 pratis,
2215 2701 2398 2770 silvis,
2443 2701 2706 2774 pascuis,
2740 2703 3030 2779 mdiﬁciis,
3063 2709 3402 2783 parietinis,
3440 2701 3662 2772 attigiis

1966 2789 2062 2860 adj
2076 2791 2265 2845 unctis
2297 2791 2840 2863 adjacentibusque
2872 2797 3021 2865 suis,
3051 2800 3143 2856 vel
3173 2816 3326 2857 cum
3371 2791 3663 2851 omnibus

1966 2877 2044 2932 ad
2090 2894 2192 2933 eos
2236 2880 2672 2951 pertinentibus
2718 2885 3095 2955 generaliter,
3130 2895 3186 2946 et
3216 2891 3286 2945 in
3337 2885 3661 2959 integrum,

265 2973 452 3044 Super
491 2970 584 3026 his
631 2975 856 3037 autem,
906 2971 1090 3026 secuti
1145 2977 1550 3028 antecessores
1595 2980 1850 3041 nostros,
1886 3002 1926 3056 ρ
1965 2967 2160 3038 posita
2210 2969 2418 3026 omnia
2447 2970 2739 3025 territorio
2774 2971 2946 3028 Silvae
2981 2978 3308 3048 Candidae,
3347 2977 3498 3034 inter
3540 2978 3664 3037 afﬁ-

180 3059 577 3115 concedimus
603 3063 660 3115 et
684 3059 1119 3116 conﬁrmamus
1148 3061 1320 3116 vobis
1349 3078 1616 3118 massam
1640 3063 1854 3120 iterum

179 3165 323 3221 quae
376 3147 715 3221 appellatur
763 3149 1010 3215 Cesana,
1064 3167 1202 3206 cum
1255 3151 1478 3221 fundis,
1524 3157 1581 3207 ct
1629 3153 1854 3208 colonis

151 3236 331 3310 suis,
363 3236 469 3308 qui
497 3236 779 3292 dicuntur
813 3237 1084 3307 Furculo,
1116 3238 1849 3306 Trandilian.,Martinian.

180 3328 328 3380 Item
360 3324 628 3381 colonias
672 3324 747 3381 de
780 3325 1020 3393 solario,
1053 3330 1110 3381 et
1139 3326 1214 3381 de
1254 3327 1502 3395 cortina,
1537 3332 1594 3382 et
1618 3327 1692 3382 de
1725 3342 1854 3395 gra-

174 3413 368 3482 dolfo,
401 3413 704 3470 coloniam
733 3413 808 3470 de
840 3414 1009 3481 valle,
1039 3419 1097 3472 et
1127 3415 1202 3470 de
1232 3415 1500 3485 fontana,
1530 3420 1586 3471 et
1614 3416 1687 3471 de
1719 3430 1855 3470 san-

176 3505 299 3569 cto,
333 3501 634 3557 coloniam
674 3502 748 3557 de
803 3507 1096 3573 castagna
1147 3521 1324 3576 cupa,
1359 3508 1415 3559 et
1461 3503 1534 3558 de
1567 3503 1848 3572 Calbello,

175 3590 482 3647 coloniam
533 3591 609 3646 de
659 3594 906 3658 Besano,
940 3593 1063 3648 sive
1107 3593 1330 3665 quibus
1360 3593 1488 3648 aliis
1515 3592 1848 3662 vocabulis,

174 3683 588 3752 nuncupatur,
617 3698 757 3736 cum
779 3682 1063 3738 omnibus
1085 3684 1259 3750 casis,
1291 3682 1500 3754 vineis,
1524 3682 1847 3750 casalibus,

175 3787 290 3825 seu
317 3770 688 3843 appendiciis
715 3771 861 3839 suis,
895 3772 1074 3827 etiam
1100 3773 1229 3828 haec
1260 3772 1464 3827 omnia
1498 3772 1678 3827 simul
1710 3789 1850 3827 cum

174 3858 426 3925 ﬁnibus,
459 3859 728 3915 terminis
759 3860 1172 3933 limitibusque
1202 3861 1346 3927 suis,
1376 3859 1566 3928 terris,
1593 3861 1846 3932 campis,

175 3948 389 4020 pratis,
447 3949 707 4021 pascuis,
771 3949 948 4017 silvis,
1004 3949 1323 4006 arboribus
1376 3948 1682 4021 pomiferis
1730 3949 1849 4004 fru-

173 4036 399 4092 ctiferis
439 4043 495 4092 et
523 4037 903 4094 infructiferis
934 4038 1156 4094 diversi
1183 4037 1437 4108 generis,
1471 4037 1684 4110 puteis,
1714 4037 1846 4092 fon-

173 4123 362 4196 tibus,
420 4126 584 4195 rivis,
643 4127 819 4200 aquis
880 4128 1272 4200 perennibus,
1334 4127 1599 4182 aediﬁciis
1657 4126 1847 4198 parie-

175 4215 320 4271 tinis
349 4217 570 4289 cryptis
599 4217 886 4273 arenariis
918 4233 1057 4272 cum
1089 4217 1502 4288 adjacentibus
1533 4216 1677 4286 suis,
1706 4232 1845 4272 cum

174 4303 434 4361 ecclesia
491 4308 546 4363 8.
603 4305 852 4362 Andreae
903 4306 1161 4378 apostoli
1217 4306 1374 4362 intra
1425 4305 1621 4378 ipsam
1678 4321 1842 4360 mas-

149 4411 317 4472 ~sam
361 4394 744 4466 aediﬁcatam,
773 4412 896 4451 una
943 4411 1081 4451 cum
1127 4395 1372 4463 colonis,
1409 4394 1758 4450 massaritiis
1788 4398 1846 4451 et

175 4483 592 4553 angarialibus
623 4483 908 4540 masculis
950 4488 1006 4540 et
1046 4484 1302 4554 feminis,
1331 4483 1464 4538 ﬁliis
1495 4487 1552 4538 et
1581 4482 1840 4555 ﬁliabus,

177 4589 249 4628 ac
281 4572 603 4644 nepotibus
635 4589 841 4629 coram
873 4572 1096 4629 ibidem
1122 4571 1541 4639 residentibus,
1562 4577 1666 4628 aut
1685 4573 1845 4627 exin-

175 4661 254 4716 de
306 4661 758 4734 pertinentibus,
795 4661 1139 4736 ubicunque
1178 4661 1401 4718 inventi
1449 4660 1668 4716 fuerint
1705 4677 1841 4716 cum

175 4750 348 4806 omni
378 4767 562 4807 censu
588 4754 767 4824 atque
798 4752 1224 4820 functionibus,
1254 4757 1310 4807 et
1339 4749 1704 4817 dationibus,
1733 4766 1840 4806 an-

175 4839 386 4910 gariis,
418 4840 510 4896 vel
539 4840 836 4914 quidquid
867 4840 941 4896 de
972 4842 1184 4897 eadem
1216 4857 1436 4908 massa,
1467 4856 1603 4912 quze
1634 4839 1840 4912 appel-

173 4927 340 4986 latur
377 4932 605 4986 Cesana
652 4930 712 4985 in
741 4929 1042 5000 integrum
1073 4933 1293 4986 nostrae
1325 4932 1380 4987 8.
1415 4933 1697 4986 Romanae
1744 4933 1842 4984 Ec-

174 5017 396 5085 clesiae,
426 5019 758 5074 secundum
790 5017 1026 5074 solitam
1057 5019 1553 5075 consuetudinem
1582 5017 1842 5090 persolvi

173 5106 381 5176 debet,
403 5112 459 5163 et
487 5125 626 5164 cum
652 5108 935 5164 omnibus
961 5107 1037 5164 ad
1068 5108 1416 5179 praedictam
1447 5125 1719 5165 massam
1742 5111 1842 5165 Ce-

177 5212 398 5253 sanam
429 5198 801 5267 generaliter,
829 5202 884 5254 et
913 5199 972 5252 in
1005 5197 1301 5267 integrum
1332 5199 1646 5268 pertinent,
1679 5198 1838 5270 posi-

177 5289 306 5341 tam
354 5286 410 5340 in
461 5287 750 5342 territorio
783 5287 1075 5358 Nepesino
1121 5285 1332 5340 miliari
1368 5285 1444 5339 ab
1478 5286 1622 5340 urbe
1654 5290 1842 5342 Roma

173 5380 252 5430 20
303 5391 374 5444 ex
422 5391 670 5448 corpore
718 5375 1062 5449 patrimonii
1111 5374 1396 5444 ’l‘husciae,
1427 5375 1577 5444 juris
1621 5381 1840 5432 sanctae

173 5468 400 5521 nostrae
428 5469 709 5522 Romanae
740 5466 1033 5536 Ecclesiae,
1064 5465 1155 5520 cui
1193 5467 1310 5519 Deo
1360 5466 1601 5519 auctore
1639 5464 1838 5519 deser-

169 5554 407 5624 ‘vimus,
438 5559 496 5611 et
524 5555 673 5612 inter
703 5555 910 5613 afﬁnes
957 5555 1034 5611 ab
1074 5571 1195 5612 uno
1234 5553 1414 5610 latere
1444 5557 1599 5610 terra
1626 5569 1840 5610 mona-

177 5643 345 5700 sterii
396 5645 451 5701 S.
488 5645 768 5718 Stephani
818 5643 1062 5701 minoris
1109 5644 1187 5700 ad
1236 5645 1291 5701 8.
1325 5645 1578 5712 Petrum,-
1614 5642 1692 5699 ab
1721 5641 1840 5698 alio

1964 3070 2090 3124 nes,
2125 3055 2203 3111 ab
2246 3073 2368 3112 uno
2420 3058 2622 3124 latere,
2677 3064 2829 3114 terra
2880 3065 3150 3133 praedicti
3206 3067 3536 3144 episcopii,
3583 3072 3660 3132 ab

1965 3143 2080 3199 alio
2129 3144 2310 3200 latere
2359 3151 2514 3202 terra
2559 3148 2842 3218 Gratiani,
2889 3167 3027 3223 quae
3084 3156 3445 3228 appellatur
3479 3143 3657 3225 mons

1963 3232 2169 3298 Ariori,
2198 3250 2304 3289 seu
2351 3235 2658 3306 Majoratu,
2695 3253 2884 3310 usque
2935 3241 2997 3296 in
3046 3243 3254 3298 rivum
3311 3250 3385 3306 de
3427 3257 3652 3331 Campo

1963 3322 2169 3419 Monti‘,‘
2193 3339 2229 3377 a
2269 3323 2438 3419 tertio
2476 3324 2657 3419 latere
2695 3325 2904 3419 incipit
2950 3329 3029 3384 ab
3079 3331 3219 3403 ipso
3272 3335 3424 3410 rivo,
3457 3322 3648 3419 usque

2054 3410 2274 3506 val-lem
2304 3411 2390 3506 de,
2409 3413 2692 3506 Arenula,
2721 3419 2778 3470 et
2810 3418 3106 3506 Buxetum
3145 3425 3333 3494 atque
3373 3429 3512 3489 inde
3535 3410 3646 3506 per

1963 3499 2349 3568 Novelletum,
2382 3505 2598 3575 'usque
2656 3502 2716 3558 in
2769 3504 2935 3561 viam
2995 3509 3336 3584 antiquam,
3399 3519 3460 3574 in
3515 3499 3642 3594 qua

1954 3591 2116 3662 jacet
2156 3591 2346 3668 pilum
2396 3609 2829 3666 marmoreum,
2888 3601 2947 3653 et
2995 3615 3205 3672 usque
3243 3601 3307 3658 in
3359 3608 3508 3665 Cesa
3533 3591 3637 3669 _de

1959 3678 2311 3746 Calariculo,
2343 3685 2400 3736 et
2429 3697 2464 3737 a
2493 3687 2712 3754 quarto
2742 3682 2928 3741 latere
2962 3689 3119 3743 Cava
3148 3687 3223 3743 de
3254 3689 3632 3768 Castagneto,

1961 3784 2151 3857 usque
2207 3768 2267 3824 in
2321 3770 2518 3825 rivum
2577 3773 2682 3843 qui
2736 3779 2992 3829 vocatur
3039 3775 3268 3843 Galera,
3329 3785 3386 3836 et
3441 3799 3634 3857 usque

1959 3856 2018 3910 in
2045 3855 2254 3910 silvam
2286 3857 2368 3911 tui
2401 3859 2708 3930 episcopii.
2745 3861 3146 3917 Concedimus
3191 3865 3372 3921 etiam
3404 3873 3462 3924 et
3487 3855 3630 3928 con-

1956 3944 2270 3998 ﬁrmamus
2301 3944 2406 4000 tibi
2439 3945 2674 4018 tuisque
2701 3949 3156 4005 successoribus
3185 3967 3433 4009 omnem
3461 3956 3628 4016 illam

1957 4037 2196 4102 terram,
2225 4038 2281 4088 et
2325 4033 2562 4104 silvam,
2594 4051 2784 4107 quam
2815 4036 2960 4093 olim
3004 4037 3275 4094 Calolidu
3303 4039 3623 4116 invaserat,
3661 4036 3663 4038 ’

1956 4126 2013 4177 et
2041 4122 2399 4178 antecessori
2441 4126 2544 4178 tuo
2595 4123 2851 4179 Guinoni
2880 4125 3167 4200 episcopo
3197 4143 3306 4200 per
3336 4131 3626 4204 scriptum

1955 4210 2336 4280 refutaverat,
2387 4227 2650 4284 quarum
2699 4213 2996 4271 vocabula
3046 4221 3182 4272 sunt
3231 4217 3396 4275 haec:
3457 4222 3626 4279 vallis

1957 4301 2030 4356 de
2068 4303 2297 4357 Joanne
2327 4303 2499 4372 Ecco,
2533 4307 2588 4358 et
2639 4305 2802 4360 Mons
2837 4305 3154 4378 Vespuleti,
3186 4307 3357 4365 vallis
3387 4310 3461 4367 de
3493 4312 3627 4370 Giu—

1958 4389 2105 4460 sule,
2137 4393 2195 4445 et
2238 4405 2414 4446 mons
2460 4390 2564 4462 qui
2608 4396 2860 4449 vocatur
2889 4395 3106 4464 Puzali,
3140 4395 3352 4453 afﬁnes
3385 4399 3514 4469 ejus
3544 4401 3624 4458 ab

1955 4496 2077 4534 uno
2119 4479 2299 4536 latere
2349 4478 2600 4550 Galeria,
2647 4498 2683 4538 a
2725 4483 2992 4540 secundo
3037 4484 3219 4541 latere
3267 4486 3484 4554 vadus,
3517 4490 3624 4560 qui

1952 4573 2204 4625 vocatur
2228 4568 2302 4624 de
2330 4584 2579 4641 perena,
2611 4575 2667 4626 et
2712 4571 2849 4627 inde
2897 4588 3004 4644 per
3034 4573 3214 4640 viam,
3244 4577 3301 4629 et
3328 4590 3436 4647 per
3464 4575 3620 4632 limi-

1951 4663 2093 4729 tem,
2111 4675 2300 4732 usque
2326 4657 2387 4713 in
2413 4661 2529 4715 tres
2556 4665 2792 4732 puteos,
2817 4660 2920 4732 qui
2951 4665 3090 4716 sunt
3116 4661 3178 4716 in
3210 4661 3344 4719 cilio
3371 4664 3618 4738 montis,

1951 4748 2056 4822 qui
2105 4753 2352 4805 vocatur
2400 4748 2596 4814 Puzal,
2628 4753 2686 4803 et
2720 4765 2827 4820 per
2875 4748 3076 4820 ipsum
3117 4749 3321 4807 cilium
3372 4753 3616 4824 montis,

1953 4842 2010 4893 et
2031 4855 2138 4911 per
2165 4838 2416 4894 limitem
2463 4853 2654 4908 usque
2681 4836 2758 4892 'in
2789 4836 2948 4893 viam
2979 4839 3285 4911 publicam
3315 4841 3618 4900 Silicinam

1953 4928 2216 5001 antique,
2274 4931 2330 4983 et
2385 4942 2692 4995 amarum,
2745 4925 2850 4998 qui
2926 4932 3014 4983 est
3083 4927 3257 4999 juxta
3332 4932 3612 4990 eumdem

1952 5018 2196 5084 silicem,
2232 5021 2290 5072 et
2316 5015 2454 5071 inde
2483 5031 2590 5088 per
2618 5015 2868 5072 limitem
2898 5021 2954 5073 et
2990 5034 3097 5091 per
3125 5019 3311 5092 viam,
3344 5025 3401 5078 et
3427 5021 3616 5078 lucer-

1951 5106 2142 5173 naria,
2188 5121 2324 5176 quae
2370 5107 2511 5158 sunt
2559 5103 2620 5160 in
2663 5105 2880 5160 eodem
2931 5105 3136 5175 limite,
3178 5113 3236 5166 et
3278 5125 3386 5182 per
3412 5109 3614 5182 ipsum

1951 5196 2198 5251 limitem
2246 5209 2440 5266 usque
2485 5193 2547 5248 in
2594 5194 2817 5251 ﬁnibus
2867 5197 2970 5253 ubi
3018 5199 3221 5255 finitur
3250 5199 3396 5255 silva
3427 5201 3614 5271 praeli-

1954 5285 2070 5340 bati
2138 5283 2444 5356 episcopii,
2506 5287 2562 5338 et
2627 5283 2779 5340 silva
2849 5287 3191 5342 monasterii
3259 5291 3314 5344 S.
3385 5289 3611 5344 Martini

1952 5389 2140 5447 usque
2197 5373 2273 5428 ad
2322 5375 2374 5427 S.
2409 5375 2665 5439 Petrum,
2698 5377 2754 5428 et
2805 5373 3001 5428 casale
3050 5375 3216 5446 quod
3261 5380 3506 5432 vocatur
3535 5376 3609 5431 de

1950 5463 2194 5531 Rusina,
2220 5467 2275 5517 et
2303 5462 2362 5516 in
2389 5461 2602 5516 eodem
2632 5463 2764 5517 loco
2797 5461 3165 5518 Columnella
3193 5463 3313 5520 fixa
3343 5465 3496 5520 stare
3527 5463 3611 5520 vi-

1951 5553 2141 5620 detur,
2170 5556 2227 5609 et
2256 5570 2290 5608 a
2317 5555 2482 5606 tertio
2507 5551 2688 5607 latere
2715 5551 2886 5607 limes
2912 5552 3122 5624 major,
3155 5555 3210 5608 et
3240 5553 3337 5610 via
3364 5553 3612 5628 publica

1955 5659 2089 5716 qua
2137 5642 2300 5700 ducit
2351 5657 2540 5716 usque
2592 5641 2654 5697 in
2698 5641 2957 5699 fundum
2999 5642 3100 5714 qui
3130 5647 3380 5700 vocatur
3408 5646 3599 5702 Mens:
