3988 6182
462 212 589 272 I351

1807 200 2111 272 BENEch

2228 201 2285 257 [Χ
2323 201 2539 259 ΡΑΡΕ.
3758 206 3858 265 1332

450 341 816 402 sanctarum,
845 345 979 406 quae
1003 335 1091 388 est
1113 331 1263 403 juris
1294 327 1432 386 dicti
1454 327 1758 403 episcopii,
1783 333 1839 385 et
1865 344 1901 384 a
1928 341 2105 400 quar-
2133 326 2181 378 Α
2221 322 2334 380 sibi
2359 325 2814 399 pertinentibus,
2844 328 3041 402 posita
3086 328 3146 384 in
3195 329 3329 385 loco
3358 327 3463 402 qui
3505 335 3774 386 vOcatur'
3793 333 3860 388 Di.

452 429 512 484 to
557 423 738 483 latere
790 435 989 494 mons,
1023 423 1078 478 et
1125 419 1293 489 silva,
1349 433 1484 493 quae
1531 421 1780 475 vocatur
1831 414 2103 484 Ballaria,

451 527 638 588 quam
685 513 844 568 tenet
879 509 1009 584 ipse
1053 512 1190 566 tuus
1242 507 1644 582 episcopatus,
1693 507 1888 581 posita
1936 507 2108 577 juxta

450 603 734 671 buccege,
767 603 825 657 et
846 598 1019 673 juxta
1049 597 1243 656 casale
1273 595 1440 674 quod
1468 602 1718 654 vocatur
1748 597 1821 653 de
1863 596 2104 652 Rusina.

519 693 665 750 Item
694 691 1079 749 concedimus
1108 693 1165 746 et
1195 690 1623 746 conﬁrmamus
1655 687 1822 743 vobis
1853 683 2108 742 fundum

451 779 513 839 in
539 780 979 854 integrum,qul
1005 784 1258 837 vocatur
1281 779 1633 846 Maurorcm,
1654 791 1794 834 cum
1823 773 2108 833 omnibus

449 871 672 931 ﬁnibus
701 867 1109 944 limitibusque
1140 869 1262 926 suis
1290 867 1504 943 positis
1530 869 1590 924 in
1621 867 1910 924 territorio
1940 865 2110 922 Silvae

453 959 755 1032 Candidaa,
783 959 882 1017 via
909 954 1199 1027 Cornelia,
1231 957 1506 1015 milliario
1537 957 1614 1015 ab
1645 957 1792 1013 urbe
1835 955 1971 1030 plus
1999 953 2110 1011 mi—

453 1066 568 1107 nus
602 1052 685 1118 l2,
720 1052 775 1106 et
803 1047 956 1106 inter
987 1045 1196 1104 afﬁnes
1228 1047 1306 1104 ab
1337 1063 1458 1103 uno
1502 1046 1682 1104 latere
1719 1047 1814 1103 via
1840 1060 1975 1118 quae
2006 1043 2111 1100 du-

453 1139 530 1196 cit
559 1135 636 1195 ad
662 1139 927 1196 Mensam
977 1141 1269 1205 sanctam,
1300 1135 1377 1193 ab
1423 1135 1538 1193 alio
1580 1135 1760 1192 latere
1801 1150 1976 1190 mons
2008 1133 2112 1206 qui

449 1233 698 1285 vocatur
752 1228 826 1283 de
871 1229 1050 1298 Ovea,
1093 1231 1148 1282 et
1205 1228 1393 1300 Caput
1451 1225 1802 1299 poncinum,
1857 1241 1892 1280 a
1945 1223 2112 1279 tertio

451 1315 631 1374 latere
660 1314 757 1374 via
778 1331 912 1389 quas
943 1316 1135 1389 pergit
1160 1311 1238 1372 ad
1265 1313 1542 1380 salinum,
1577 1320 1633 1371 et
1655 1329 1691 1370 a
1720 1317 1936 1388 quarto
1966 1313 2112 1368 late-

454 1423 516 1464 re
554 1407 726 1479 juxta
768 1405 967 1479 ipsam
994 1407 1156 1462 viam
1188 1404 1696 1475 Castagnetulum,
1727 1407 1784 1459 et
1813 1418 1988 1458 mons
2018 1419 2112 1458 ar-

455 1497 673 1562 matus,
715 1498 892 1568 atque
943 1492 1208 1550 Ficarola
1254 1492 1459 1550 omnia
1496 1493 1569 1548 de
1619 1490 1963 1566 supradicto
1995 1491 2116 1563 epi-

456 1582 680 1657 scopio.
713 1585 858 1639 Item
895 1581 1120 1638 fundus
1167 1581 1271 1656 qui
1298 1587 1547 1637 vocatur
1574 1597 1825 1653 campus
1854 1578 2109 1650 Trojani,

2219 414 2391 471 buro.
2425 419 2578 473 inter
2609 415 2819 475 afﬁnes
2847 417 2926 475 ob
2957 435 3079 475 uno
3106 419 3286 476 latere
3318 422 3494 485 terra,
3528 417 3596 474 in
3628 436 3753 492 qua
3781 421 3862 478 fuit

2218 502 2438 560 domus
2470 505 2543 561 de
2571 508 2848 563 Marcezia
2894 508 3149 579 conjuge
3199 505 3488 579 Stephani
3523 509 3864 576 Senescalci,

2218 592 2297 647 ab
2327 591 2443 648 alio
2471 592 2651 652 latere
2685 601 2837 652 terra
2864 597 2925 652 in
2952 609 3073 670 qua
3102 595 3212 652 fuit
3240 595 3461 652 domus
3489 593 3571 651 de
3607 597 3787 664 Butio,
3808 595 3864 654 de

2217 679 2491 738 Simeone
2515 699 2550 739 a
2579 685 2746 740 tertio
2776 683 2956 742 latere
2986 685 3084 742 vla
3111 683 3374 759 publica,
3399 689 3457 741 et
3484 699 3524 740 a
3559 689 3774 758 quarto
3796 687 3864 742 la-

2217 772 2338 826 tere
2369 784 2517 828 avus
2543 775 2756 846 major,
2780 779 2835 830 et
2860 775 2958 831 via
2986 789 3110 848 qua
3139 774 3302 831 ducit
3331 775 3410 832 ad
3443 777 3862 834 monasterium

2222 860 2276 915 8.
2309 860 2557 931 Cyriaci.

2292 951 2480 1022 Super
2508 951 2601 1006 his
2646 956 2848 1008 autem
2896 967 3018 1009 non
3064 967 3291 1009 novum
3323 949 3651 1025 facientes,
3683 954 3863 1011 scilicet

2219 1040 2384 1111 quod
2414 1042 2820 1098 antecessores
2847 1047 3082 1099 nostros
3107 1044 3512 1100 sacrosanctis
3540 1043 3860 1116 Albanensi,

2221 1129 2468 1185 Ostiensi
2517 1133 2573 1186 et
2610 1129 2936 1202 Portuensi,
2970 1135 3024 1190 et
3071 1131 3202 1189 aliis
3250 1131 3521 1190 ecclesiis
3557 1133 3766 1190 fecisse
3788 1150 3862 1192 co-

2223 1219 2586 1287 gnoscimus,
2617 1237 2653 1276 a
2681 1220 2960 1293 prmsenti
2989 1227 3020 1277 6
3051 1219 3393 1292 indictione,
3427 1239 3548 1296 per
3579 1223 3758 1295 hujus
3781 1239 3860 1279 no-

2223 1313 2355 1364 strae
2402 1309 2745 1381 apostolicae
2781 1312 3198 1384 prazceptionis
3228 1313 3526 1385 paginam
3589 1314 3862 1370 statuimus

2223 1402 2279 1453 et
2303 1399 2619 1456 statuendo
2648 1416 2756 1472 per
2781 1399 3194 1458 auctoritatem
3234 1402 3663 1475 apostolorum
3695 1405 3860 1476 princi-

2223 1487 2314 1561 pis
2362 1487 2811 1558 conﬁrmamus,
2864 1495 2929 1546 ut
2967 1491 3321 1564 presbyteri,
3366 1491 3648 1559 diaconi,
3700 1509 3862 1548 mona-

2224 1575 2337 1642 chi,
2371 1577 2784 1645 mansionarii,
2818 1577 3007 1633 clerici
3039 1580 3461 1652 cujuscunque
3492 1580 3729 1636 ordinis
3758 1580 3858 1638 sint.

457 1675 514 1730 et
537 1672 761 1729 fundus
791 1671 895 1745 qui
937 1675 1184 1728 vocatur
1211 1669 1548 1737 bursicella,
1583 1675 1639 1726 et
1670 1668 1891 1725 fundus
1922 1668 2115 1738 gradi-
2141 1681 2186 1738 Β
2223 1664 2316 1720 vel
2347 1661 2672 1734 dignitatis,
2707 1665 3209 1734 sanctimoniales,
3237 1684 3341 1723 seu
3366 1667 3736 1724 diaconissae
3763 1685 3859 1724 om-

455 1759 556 1830 lia,
600 1764 656 1818 et
686 1759 910 1817 fundus
939 1760 1040 1834 qui
1069 1765 1321 1817 vocatur
1350 1774 1526 1816 mons
1572 1760 1645 1815 de
1678 1758 1877 1825 sorbo,
1911 1757 2116 1814 omnia

454 1851 683 1924 integre
727 1867 867 1906 cum
921 1849 1043 1906 suis
1091 1848 1315 1906 ﬁnibus
1363 1855 1417 1906 et
1445 1847 1879 1923 pertinentibus
1907 1847 2114 1921 positis

457 1940 556 1997 via
597 1938 850 2010 Aurelia,
881 1938 1158 1994 milliario
1203 1936 1280 1994 ab
1311 1939 1460 1994 urbe
1501 1941 1689 1994 Roma
1736 1937 1870 2011 plus
1912 1937 2114 1992 minus

458 2028 838 2086 duodecimo.
871 2030 1015 2084 Item
1064 2043 1166 2083 sex
1211 2026 1273 2084 in
1321 2026 1619 2098 integrum
1664 2025 1873 2083 uncias
1921 2025 2112 2093 fundi,

456 2118 562 2194 qui
605 2122 854 2176 vocatur
899 2115 1214 2185 Atticiano,
1255 2121 1311 2173 et
1370 2118 1659 2186 montem,
1710 2117 1814 2188 qui
1866 2119 2112 2171 vocatur

459 2207 535 2266 de
582 2207 910 2277 Dominico,
958 2221 1097 2263 cum
1142 2205 1425 2263 omnibus
1467 2221 1677 2262 eorum
1724 2204 2112 2279 pertinentiis,

458 2296 657 2373 posito
703 2296 800 2354 via
837 2297 1073 2353 Aurelia
1120 2297 1374 2353 miliario
1427 2295 1505 2352 ab
1553 2296 1701 2352 urbe
1753 2299 1942 2352 Roma
1980 2295 2116 2370 plus

459 2387 661 2444 minus
690 2383 1130 2454 tertiodecimo;
1185 2385 1336 2441 inter
1367 2384 1576 2441 afﬁnes
1630 2384 1707 2440 ab
1746 2398 1869 2440 uno
1913 2383 2112 2451 latere,

457 2478 650 2533 Massa
696 2474 1028 2546 Margarita,
1079 2479 1134 2531 et
1185 2475 1513 2532 Casandria
1570 2474 1721 2546 juris
1773 2475 1865 2532 SS.
1919 2471 2117 2530 Basili-

462 2564 574 2637 dis,
601 2562 873 2638 ‘Tripodis
924 2568 980 2621 et
1025 2564 1407 2635 Magdalenae,
1439 2580 1572 2638 quae
1605 2569 1692 2621 est
1730 2563 1996 2638 praedicti
2025 2580 2112 2620 ve-

461 2653 563 2711 stri
594 2652 904 2729 episcopii,
937 2669 972 2709 a
1018 2652 1285 2710 secundo
1315 2651 1557 2724 fundus,
1591 2657 1647 2709 et
1695 2651 1917 2709 fundus
1949 2651 2117 2723 Agel-

457 2739 573 2814 lus,
602 2743 707 2817 qui
746 2746 884 2799 sunt
908 2739 982 2798 de
1012 2741 1227 2798 eodem
1258 2747 1450 2799 vestro
1482 2742 1853 2815 episcopatu,
1886 2757 1919 2796 a
1950 2740 2116 2796 tertio

459 2831 641 2889 latere
669 2829 893 2888 fundus
923 2831 1266 2901 verecundi,
1294 2830 1400 2903 qui
1447 2835 1534 2886 est
1569 2831 1720 2902 juris
1770 2830 2119 2886 monasterii

463 2921 650 2979 sancti
689 2919 918 2978 Martini
942 2919 1021 2976 ad
1048 2925 1323 2977 sanctum
1353 2923 1611 2993 Petrum,
1643 2924 1698 2978 et
1727 2937 1764 2977 a
1792 2923 2008 2994 quarto
2034 2920 2117 2977 la-

462 3013 581 3067 tere
611 3007 898 3099 aliasqsexﬁ
917 3009 1128 3065 uncias
1157 3008 1230 3064 de
1259 3008 1544 3084 praedicto
1583 3008 1770 3067 fundo
1801 3011 2116 3067 Atticiano.
2147 3041 2188 3099 ρ

462 3099 726 3174 Itemque
757 3096 976 3155 fundos
1004 3103 1158 3169 octo,
1193 3099 1522 3172 Lapmiam.
1565 3099 1791 3156 Pathin.
1827 3099 2116 3169 Margarit.

465 3188 556 3246 sui
585 3205 796 3247 eorum
831 3187 1193 3262 Graecorum,
1243 3188 1528 3246 Casanell.
1574 3190 1991 3264 Casapupulis,
2023 3191 2122 3247 Sa-

462 3279 664 3350 vinuli,
697 3279 802 3354 qui
849 3281 905 3336 et
954 3277 1353 3338 Sambuculus
1393 3282 1664 3349 vocatur,
1707 3280 1818 3337 sibi
1865 3281 2119 3336 invicem

427 3441 432 3443 _
464 3368 854 3438 cohaerentes,
885 3369 1080 3444 posita
1109 3367 1322 3426 eadem
1349 3368 1446 3425 via
1475 3367 1712 3425 Aurelia
1740 3367 2014 3426 milliario
2041 3369 2119 3425 ab

461 3459 612 3515 urbe
639 3461 831 3514 Roma
858 3455 993 3530 plus
1036 3457 1236 3513 minus
1271 3458 1373 3526 l2;
1421 3457 1710 3514 territorio
1743 3461 1798 3514 S.
1830 3456 2117 3525 Basilidis,

462 3546 614 3602 inter
657 3545 870 3602 afﬁnes
917 3546 994 3602 ab
1026 3562 1149 3602 uno
1196 3542 1378 3602 latere
1419 3546 1641 3602 fundus
1669 3541 2008 3615 AttiChian.,
2044 3547 2120 3602 ab

463 3634 577 3690 alio
605 3632 787 3691 latere
817 3634 1042 3692 fundus
1070 3634 1376 3702 Casandri,
1403 3651 1439 3690 a
1467 3634 1636 3690 tertio
1667 3635 1847 3691 latere
1875 3635 2118 3702 fundus,

462 3721 567 3796 qui
595 3721 931 3796 appellatur
957 3721 1364 3789 Patriciorum,
1398 3722 1491 3778 vel
1524 3723 1571 3776 si
1618 3723 1722 3795 qui
1765 3722 1861 3779 alii
1910 3723 2120 3780 afﬁnes

465 3814 608 3869 sunt
653 3827 764 3868 nec
811 3826 934 3868 non
989 3808 1214 3868 fundus
1257 3809 1318 3866 in
1372 3809 1672 3883 integrum
1725 3817 1829 3885 qui
1875 3817 2123 3869 vocatur

463 3901 834 3976 Judzeorum,
893 3919 1034 3959 cum
1090 3899 1312 3958 ﬁnibus
1367 3905 1424 3958 et
1475 3900 1762 3958 limitibus
1825 3902 1972 3974 suis,
2030 3904 2123 3960 vel

463 4007 605 4048 cum
657 3990 944 4049 omnibus
1021 3989 1134 4048 sibi
1198 3990 1660 4064 pertinentibus,
1717 3990 1924 4065 positis
1975 4009 2124 4066 prae-

463 4079 622 4138 dicto
668 4080 960 4137 territorio
1010 4081 1180 4138 Silvae
1232 4079 1532 4138 Candidas.
1583 4083 1867 4138 Praeterea
1916 4099 2124 4139 conce-

463 4169 685 4237 dimus,
718 4171 775 4225 et
803 4170 1237 4228 conﬁrmamus
1267 4171 1440 4226 vobis
1475 4171 1670 4228 casale
1723 4188 1910 4227 unum
1940 4172 2001 4228 in
2031 4171 2121 4228 in-

464 4260 719 4327 tegrum,
746 4257 913 4330 quod
941 4263 1190 4316 vocatur
1229 4259 1561 4326 Urbanum,
1591 4259 1713 4316 sive
1743 4259 1964 4333 quibus
1992 4261 2120 4318 aliis

2223 1769 2351 1823 nes,
2380 1754 2682 1810 immunes
2715 1754 2832 1811 sint
2862 1772 2898 1811 a
2921 1755 3114 1812 laicali
3147 1756 3404 1824 servitio,
3434 1755 3675 1827 judicio
3701 1761 3750 1813 et
3773 1773 3858 1830 pu-

2225 1842 2380 1901 blica
2404 1844 2644 1901 datione
2673 1846 2734 1901 in
2765 1846 2992 1903 Galeria
3021 1847 3176 1902 intra
3207 1846 3551 1916 castellum,
3585 1847 3676 1904 vel
3703 1847 3769 1903 de
3793 1847 3856 1903 fo-

2222 1933 2303 1990 ris
2334 1934 2688 2002 habitantes,
2723 1935 2805 1991 ita
2852 1941 2916 1991 ut
2969 1937 3015 1992 si
3064 1937 3412 2009 imperator,
3448 1942 3560 1993 aut
3608 1936 3857 2006 marchio,

2224 2023 2347 2080 sive
2377 2023 2545 2080 missi
2584 2039 2812 2092 eorum,
2846 2029 2947 2082 aut
2975 2023 3350 2082 successores
3381 2027 3582 2082 nostri
3631 2027 3756 2082 illuc
3779 2041 3854 2080 ve-

2224 2113 2438 2180 nerint,
2461 2113 2626 2169 nullo
2655 2115 2840 2171 modo
2871 2113 2930 2170 in
2956 2116 3085 2186 jam
3134 2114 3305 2171 dictis
3336 2116 3625 2188 personis
3651 2133 3747 2189 per
3768 2129 3854 2188 pu-

2225 2201 2412 2258 blicos
2442 2202 2855 2258 ministeriales
2884 2217 3151 2277 expensa
3190 2201 3538 2274 colligatur,
3567 2220 3737 2276 neque
3763 2203 3852 2259 ali-

2227 2307 2348 2364 quo
2379 2291 2564 2348 modo
2595 2291 2678 2348 eis
2704 2291 2923 2362 injuria
2951 2293 3260 2364 irrogetur.
3289 2292 3409 2348 Sed
3443 2307 3554 2366 pro
3582 2308 3755 2350 amore
3773 2290 3844 2346 al-

2223 2382 2438 2437 tissimi
2460 2383 2623 2453 Dei,a
2649 2382 2822 2453 cujus
2846 2386 3004 2438 sorte
3027 2381 3220 2438 clerici
3249 2387 3847 2456 nuncupantur,com-

2225 2475 2489 2543 patenter
2517 2472 2832 2538 honorent,
2862 2471 3037 2528 liceat
3060 2470 3171 2528 illis
3203 2475 3444 2528 tantum
3488 2472 3666 2528 modo
3689 2470 3848 2534 vobis,

2223 2560 2524 2634 vetrisque
2569 2561 3016 2618 successoribus
3055 2561 3352 2634 episcopis
3382 2565 3445 2617 et
3475 2561 3847 2622 vicedominis,

2226 2666 2332 2705 seu
2361 2650 2790 2708 ministralibus
2841 2651 3080 2719 nostris,
3112 2652 3173 2707 in
3227 2651 3460 2707 cunctis
3510 2652 3744 2709 reddere
3784 2663 3850 2705 ra-

2226 2739 2467 2807 tionem,
2501 2744 2557 2796 et
2601 2744 2869 2796 vestrum
2901 2743 3244 2813 exspectare
3279 2739 3607 2811 judicium,
3638 2744 3696 2795 ut
3734 2739 3847 2794 Deus

2226 2829 2570 2898 honoratur,
2611 2834 2667 2885 et
2713 2846 2821 2886 vos
2875 2843 3370 2902 successoresque
3417 2829 3624 2899 vestri,
3666 2830 3848 2884 vestro-

2226 2935 2362 2974 rum
2421 2935 2732 2975 sacrorum
2789 2919 3070 2975 ordinum
3124 2918 3382 2990 servitio,
3443 2924 3503 2974 et
3556 2916 3850 2974 obedientia

2227 3025 2351 3065 non
2409 3008 2866 3078 defraudemini,
2921 3013 3327 3082 maneantqne
3385 3009 3504 3064 sub
3543 3006 3779 3080 judicio,
3811 3011 3852 3059 et

2229 3097 2500 3154 districtu
2552 3101 2750 3154 vestro
2817 3097 3149 3154 secundum
3223 3101 3492 3153 tenorem
3550 3097 3729 3169 hujus
3771 3110 3854 3151 no-

2231 3187 2331 3242 stri
2380 3186 2690 3259 apostolici
2732 3187 3034 3260 praecepti,
3068 3184 3342 3242 omnium
3377 3184 3694 3242 hominum
3739 3197 3854 3238 con-

2228 3277 2576 3333 tradictione
2623 3282 2875 3345 remota,
2908 3275 2990 3333 ita
3036 3280 3102 3332 ut
3151 3276 3351 3332 nullus
3403 3291 3623 3345 comes,
3653 3276 3856 3330 vicero-

2229 3381 2379 3434 mes,
2436 3367 2756 3438 castaldus,
2812 3364 3234 3433 cubicularius,
3289 3365 3563 3438 nullaque
3616 3379 3862 3436 persona

2230 3457 2448 3513 audeat
2477 3473 2581 3512 eos
2613 3456 2692 3513 ad
2718 3455 3042 3526 servitium,
3066 3454 3160 3512 vel
3191 3455 3267 3512 ad
3295 3454 3590 3524 angariam
3623 3454 3855 3514 ducere,

2230 3546 2322 3601 vel
2371 3545 2448 3601 ad
2479 3546 2836 3614 districtum,
2871 3546 2994 3601 sive
3053 3545 3132 3601 ad
3180 3543 3439 3618 placitum
3486 3541 3845 3613 protrahere,

2231 3634 2355 3689 sive
2407 3635 2748 3691 mansiones
2802 3649 3010 3691 eorum
3067 3631 3363 3707 hospitari,
3413 3629 3497 3685 vel
3547 3625 3856 3696 invadere,

2198 3734 2200 3736 '
2229 3723 2322 3780 vel
2351 3723 2708 3781 defraudare
2733 3729 3078 3798 praasumat,
3099 3724 3204 3779 sed
3229 3717 3627 3779 tantummodo
3652 3734 3728 3773 ex
3751 3719 3866 3789 jus-

2232 3815 2398 3871 sione
2426 3818 2641 3883 vestra,
2675 3818 2730 3871 et
2759 3819 3040 3889 prompta
3083 3815 3384 3870 voluntate
3430 3810 3663 3868 illorum
3699 3823 3867 3880 nego-

2233 3905 2332 3975 tia,
2357 3909 2420 3960 ut
2446 3905 2698 3975 dignum
2723 3909 2831 3974 est,
2859 3903 3267 3973 moderentur,
3295 3901 3712 3976 disponantur,
3737 3896 3870 3972 judi-

2231 3999 2455 4066 centur,
2481 3999 2536 4050 et
2559 3992 2875 4059 ﬁniantur;
2909 4008 3019 4049 nec
3035 4008 3157 4050 non
3185 3992 3235 4049 si
3263 3993 3402 4066 quis
3424 3991 3867 4050 Christianorum

2230 4083 2454 4140 ibidem
2485 4083 2696 4139 obierit
2737 4082 2967 4156 absque
2996 4081 3235 4139 haerede
3267 4085 3324 4138 et
3353 4085 3730 4146 testamento,
3759 4075 3868 4146 legi-

2230 4174 2343 4229 bus
2375 4172 2691 4228 succedere
2722 4173 2835 4229 sibi
2863 4172 3131 4241 ecclesia,
3158 4171 3278 4243 cui,
3305 4173 3423 4228 Deo
3458 4175 3726 4238 auctore,
3752 4183 3870 4242 pra-

2233 4263 2457 4332 sidetis,
2491 4268 2547 4320 et
2592 4281 2721 4328 vos,
2761 4268 2818 4320 et
2862 4268 3088 4320 vestros
3135 4279 3522 4320 successores
3581 4258 3870 4336 apostolica

462 4341 774 4401 vocabulis
820 4349 1188 4418 nuncupent,
1221 4347 1284 4402 in
1331 4364 1451 4420 qua
1501 4352 1637 4405 sunt
1675 4352 1862 4418 terrae,
1897 4351 2116 4424 campi,
2149 4393 2193 4452 υ
2234 4351 2580 4408 auctoritate
2605 4351 2910 4424 jubemus.
2941 4351 3132 4408 Tertia
3171 4355 3372 4407 autem
3402 4350 3592 4408 reddi
3623 4348 3773 4406 vobis
3801 4361 3872 4400 ve-

464 4439 658 4510 prata,
701 4450 950 4508 pascua,
982 4433 1076 4490 vel
1105 4451 1245 4490 cum
1293 4438 1577 4493 omnibus
1628 4438 1738 4494 sibi
1783 4441 2122 4513 pertinenti-

464 4523 601 4595 bus,
633 4523 896 4597 positum
940 4523 1229 4581 territorio
1276 4525 1668 4596 Subtrinensi,
1704 4527 1916 4585 afﬁnes
1965 4531 2117 4602 ejus,

468 4611 642 4670 sicuti
672 4612 790 4669 sint
829 4611 924 4669 vel
947 4611 1187 4670 fuerunt
1215 4613 1292 4671 ab
1322 4612 1568 4697 origipe.
1613 4619 1878 4690 Itemque
1909 4621 2121 4676 conﬁr-

465 4719 707 4760 mamus
734 4701 908 4759 vobis
953 4707 1011 4760 et
1046 4701 1312 4760 ecclesiae
1342 4703 1437 4760 cui
1464 4704 1790 4778 praesidetis
1821 4707 1882 4762 in
1925 4707 2120 4780 ipsam

465 4791 629 4848 viam
681 4793 938 4867 Appiam
1003 4792 1289 4850 territorio
1341 4793 1670 4852 Velletrano
1730 4796 2119 4856 constitutam

463 4883 742 4953 Massam,
762 4880 1032 4938 videlicet
1059 4881 1364 4940 Urbanam
1392 4898 1531 4939 cum
1558 4885 1844 4957 Capuano
1871 4889 1926 4942 et
1953 4888 2125 4945 Cesa-

466 4970 639 5028 riana
667 4987 807 5028 cum
830 4969 1034 5027 fundis
1065 4972 1144 5028 ad
1183 4973 1460 5030 eamdem
1488 4972 1751 5032 Massam
1779 4975 2120 5049 pertinenti—

466 5056 605 5128 bus,
664 5075 803 5116 cum
858 5059 1023 5116 omni
1076 5061 1208 5133 jure
1265 5061 1552 5119 instructo
1609 5062 2122 5140 instrumentaque

467 5146 691 5204 ﬁnibus
721 5149 1109 5224 terminisque
1137 5150 1284 5221 suis,
1312 5150 1373 5208 in
1393 5168 1517 5226 qua
1542 5157 1629 5209 est
1659 5153 1912 5213 ecclesia
1941 5157 1994 5214 S.
2023 5157 2126 5214 Fe-

466 5236 617 5310 licis,
673 5237 823 5296 sicut
877 5241 938 5295 in
991 5239 1222 5313 scriptis
1269 5242 1478 5297 vestris
1529 5241 1806 5311 habetur,
1866 5250 1922 5302 et
1978 5247 2128 5304 sicut

469 5326 647 5383 etiam
691 5329 751 5384 in
784 5327 1002 5385 tabulis
1031 5327 1306 5402 lapideis,
1336 5347 1471 5403 quae
1504 5336 1640 5389 ante
1683 5332 1839 5389 iores
1864 5334 2124 5392 basilicae

468 5417 568 5472 SS.
597 5421 933 5492 martyrum
963 5417 1189 5474 Ruﬁni-13
1216 5424 1273 5475 et
1305 5419 1591 5476 Secundae
1621 5422 1682 5478 in
1714 5440 1887 5480 muro
1917 5427 2124 5498 positae

468 5504 764 5578 videntur,
781 5507 992 5581 legitur
1010 5508 1336 5581 integriter;
1362 5515 1649 5584 praeterea
1665 5513 2050 5571 concedimus
2071 5521 2128 5572 et

472 5595 903 5656 conﬁrmamus
961 5599 1132 5656 vobis
1177 5600 1331 5658 infra
1378 5602 1534 5660 hanc
1578 5604 1875 5661 civitatem
1925 5608 2125 5662 Romae

472 5685 710 5758 terram,
742 5685 846 5742 ubi
885 5687 1028 5744 olim
1066 5686 1174 5745 fuit
1201 5688 1419 5746 domus
1448 5693 1644 5761 major
1673 5709 1813 5750 cum
1843 5693 2125 5750 omnibus

2234 4442 2486 4516 strisque
2531 4440 2976 4498 successoribus
3022 4457 3058 4498 a
3103 4442 3333 4498 cunctis
3365 4439 3667 4510 ccclesiis,
3696 4436 3779 4494 vel
3803 4452 3876 4490 sa-

2232 4527 2572 4585 cerdotibus
2603 4533 2660 4585 et
2688 4528 2914 4585 clericis
2961 4527 3204 4585 Galeria;
3248 4527 3487 4601 absque
3530 4527 3701 4585 omni

2230 4618 2474 4674 nutionc
2533 4632 2866 4674 censemus.
2925 4615 3109 4674 Simili
3165 4616 3351 4672 modo
3405 4617 3801 4674 concedimus
3841 4615 3881 4666 et

2230 4707 2659 4764 confirmamus
2695 4707 2866 4764 vobis
2910 4711 3162 4778 terrena,
3220 4706 3441 4762 domus
3478 4707 3596 4763 ubi
3637 4701 3878 4762 ofﬁciales

2231 4797 2716 4866 commanebant,
2773 4815 2912 4854 cum
2969 4796 3253 4854 omnibus
3311 4795 3439 4852 suis
3514 4793 3877 4871 pertinentiis.

2231 4889 2429 4962 posita
2457 4888 2515 4943 in
2547 4887 2779 4945 Galeria
2821 4904 2994 4944 secus
3034 4887 3348 4943 ecclesiam
3399 4888 3466 4942 Β.
3506 4887 3738 4944 Nicolai
3777 4896 3880 4939 con-

2233 4977 2469 5034 fessoris
2495 4977 2725 5047 Christi,
2759 4994 2941 5052 quem
2962 4981 3025 5034 tu
3053 4977 3182 5050 ipse
3206 4977 3592 5034 consecrasti
3626 4980 3761 5034 ante
3783 4973 3882 5029 hor-

2232 5073 2360 5125 tum
2381 5067 2623 5136 castelli,
2641 5066 2808 5141 quod
2832 5068 3091 5141 denique
3113 5067 3333 5124 domus
3364 5065 3515 5140 plus
3549 5065 3883 5125 conveniens

2233 5175 2360 5213 esse
2402 5157 2636 5214 videtur
2681 5159 2980 5232 praedictae
3029 5156 3292 5214 ecclesiae
3350 5157 3405 5214 S.
3446 5158 3714 5226 Nicolai,
3743 5152 3880 5210 vobis

2235 5253 2291 5305 et
2341 5249 2567 5304 clericis
2618 5251 2847 5320 vestris,
2906 5265 3265 5323 quanquam
3334 5247 3396 5304 in
3477 5267 3558 5306 ea
3639 5248 3794 5306 laicze
3847 5246 3885 5296 el

2235 5337 2547 5394 saeculares
2577 5354 2849 5411 pel-some
2902 5342 3191 5395 maneant
3237 5335 3315 5394 ad
3364 5339 3754 5410 patrandam
3789 5331 3884 5388 libi-

2233 5427 2435 5482 dinem
2488 5432 2542 5483 et
2596 5429 2907 5485 saecularia
2963 5428 3248 5496 facinora,
3308 5427 3628 5500 quoniam
3693 5428 3882 5499 justum

2233 5533 2358 5573 non
2405 5521 2491 5572 est
2531 5521 2594 5572 ut
2645 5517 2864 5574 domus
2917 5515 3230 5590 lupanaris
3282 5521 3338 5573 et
3388 5517 3600 5590 turpis
3658 5513 3793 5572 lucri
3817 5525 3882 5564 ec-

2193 5659 2197 5666 .
2235 5607 2425 5664 clesize
2455 5608 2777 5676 adheereat,
2810 5609 2885 5665 de
2934 5625 3058 5681 qua
3105 5607 3288 5682 etiam
3339 5607 3540 5677 domo
3596 5625 3708 5682 per
3746 5606 3886 5661 Bene-

2233 5696 2457 5753 dictum
2511 5679 2977 5755 oblationarium
3008 5713 3119 5754 vos
3149 5679 3426 5753 investire
3453 5679 3741 5754 fecimus.
3768 5691 3887 5746 Item
