4020 6176
157 119 314 173 1353

1446 95 1809 159 EPISTOL/E
1848 96 1934 151 ET
1972 98 2400 156 DIPLOMATA.

3495 109 3644 166 1354-

152 255 292 313 que
322 222 717 295 concedimus
739 238 794 289 et
824 228 1256 288 conﬁrmamus
1290 227 1462 285 vobis
1521 221 1851 292 vestrisque
1884 221 1933 275 Α
1962 220 2104 313 hem
2130 222 2184 279 8.
2220 222 2482 313 Gregorii
2502 223 2564 278 in
2595 222 2827 313 Galeria
2848 241 2990 282 cum
3012 226 3197 284 titulis
3219 229 3368 299 suis,
3400 232 3643 290 titulum

99 364 107 373 ο
161 325 712 385 successoribusin
740 323 1096 395 perpetuum
1124 317 1570 375 ecclesiam-SS.
1630 313 1854 381 marty-

162 435 315 473 rum
351 417 579 472 Rutinze
612 420 667 468 et
698 407 980 469 Secundae
1034 409 1295 480 positam
1338 409 1508 478 juxta
1556 399 1852 478 palatium

164 509 476 567 nostrum,
502 508 559 557 et
586 502 784 556 locum
813 496 913 569 qui
949 501 1203 552 vocatur
1228 496 1545 553 Cellarium
1577 491 1699 548 sive
1718 491 1854 544 Lar-

160 593 403 651 dirium
427 592 486 646 in
519 591 812 657 integrum
840 601 981 641 cum
1009 586 1258 641 diversis
1315 585 1558 659 cryptis,
1610 577 1852 654 parieti-

164 683 298 740 bus
328 681 421 737 vel
452 678 714 735 aediﬁciis
745 692 979 742 eorum,
1036 691 1146 731 nec
1202 691 1326 731 non
1383 669 1605 742 vineis;
1641 667 1849 735 hortis,

170 788 324 829 cum
344 768 660 826 arboribus
689 765 987 821 olivarum
1020 769 1077 820 et
1098 769 1342 821 caeteras
1369 763 1614 820 arbores
1643 774 1855 833 pomo-

174 878 343 928 rum,
368 859 492 914 sive
521 855 767 912 diversis
797 854 1016 926 ceptris
1037 860 1093 909 et
1147 854 1470 926 parietinas
1523 869 1594 909 ac
1640 854 1850 915 terras,

176 946 711 1017 Quemadmodum
742 944 1132 1000 determinari
1162 944 1459 1015 videntur,
1500 940 1851 1015 incipientes

169 1039 354 1110 juxta
383 1039 651 1091 nostrum
682 1032 1002 1105 palatium,
1054 1031 1221 1104 quod
1268 1033 1446 1088 Scuta
1501 1029 1739 1097 dicitur,
1794 1033 1852 1084 et

172 1125 325 1182 inde
345 1127 478 1196 post
504 1120 855 1185 vestarium,
878 1125 1035 1175 recte
1057 1119 1133 1175 ad
1158 1119 1568 1192 supradictam
1585 1121 1849 1174 vestram

170 1212 491 1270 basilicam
523 1209 777 1283 Ulpiam,
807 1213 865 1263 et
894 1208 1032 1264 inde
1053 1209 1227 1279 juxta
1244 1208 1534 1281 parietem
1558 1206 1849 1263 scriniarii

175 1301 365 1359 nostri
393 1316 498 1373 per
524 1304 769 1364 terram,
821 1297 937 1353 ubi
978 1297 1275 1353 columnas
1322 1297 1523 1368 jacere
1576 1296 1852 1369 videntur

174 1394 335 1449 recte
360 1388 421 1443 in
444 1387 563 1456 via,
596 1391 655 1443 et
677 1402 786 1459 per
809 1386 1010 1458 ipsam
1038 1385 1199 1442 viam
1246 1385 1712 1442 descendentem
1771 1383 1851 1439 ad

169 1477 425 1534 limitem
451 1474 559 1548 qui
587 1480 679 1532 est
707 1475 768 1529 in
801 1478 1021 1529 terram
1047 1479 1330 1541 vestram,
1359 1478 1418 1529 et
1439 1478 1659 1531 terram
1688 1487 1852 1546 pres-

1966 312 2020 368 S.
2053 312 2313 383 Gregorii
2343 312 2405 368 in
2431 312 2564 383 ipso
2594 311 2750 381 loco,
2808 314 3048 373 titulum
3102 319 3159 375 8.
3219 323 3523 379 Anastasii
3578 323 3645 383 in

1963 402 2227 463 Musano,
2262 405 2319 456 et
2348 399 2587 472 plebem
2622 402 2677 456 8.
2739 403 2948 472 Angeli
3008 404 3067 460 in
3129 408 3444 467 Duscitulo
3502 428 3646 468 cum

1968 489 2132 545 terris
2154 488 2295 554 suis,
2323 488 2623 560 simulque
2652 490 2893 562 plebem
2946 494 3004 549 S.
3050 495 3304 552 Joannis
3350 498 3414 555 in
3476 505 3647 559 Nono

1963 594 2100 635 cum
2133 577 2299 634 terris
2327 582 2384 633 et
2414 577 2594 633 titulis
2626 579 2751 634 suis
2784 580 3065 646 ;titulum
3127 585 3183 640 8.
3242 588 3531 646 Marciani
3585 592 3649 648 in

1962 667 2094 742 ipso
2124 668 2319 735 burgo
2343 682 2483 722 cum
2516 668 2685 723 terris
2709 672 2852 737 suis,
2876 670 3120 729 titulum
3150 676 3208 729 8.
3226 677 3481 735 Andreae
3506 674 3646 738 cum

1961 755 2144 812 titulis
2178 757 2323 821 suis,
2354 772 2466 812 nec
2488 773 2612 813 non
2643 758 2881 814 titulum
2916 762 2972 817 S.
3003 763 3225 835 Marias,
3287 766 3531 827 titulum
3587 773 3642 827 8.

1961 844 2206 912 Nicolai,
2231 845 2337 917 qui
2360 848 2447 901 est
2474 845 2535 901 in
2569 847 2813 904 castello
2844 849 2919 903 de
2948 856 3162 909 monte
3186 856 3413 912 Destini
3447 876 3461 925 ;
3508 859 3645 916 titu-

1960 934 2089 993 lum
2117 936 2172 991 8.
2206 934 2398 991 Mariis
2430 950 2569 990 cum
2598 936 2767 992 terris
2820 938 2943 995 suis
2976 958 2988 1007 ;
3052 946 3346 1008 praeterea
3400 946 3642 1017 plebem

1962 1027 2018 1085 S.
2051 1024 2368 1096 Pancratii,
2402 1042 2540 1081 cum
2578 1026 2750 1082 terris
2782 1032 2839 1084 et
2869 1029 3051 1086 titulis
3083 1032 3207 1087 suis
3239 1050 3252 1100 ;
3282 1034 3521 1091 titulum
3580 1039 3637 1092 8.

1959 1113 2151 1172 Mariae
2179 1113 2240 1169 in
2269 1112 2472 1170 insula
2501 1131 2639 1171 cum
2671 1118 2842 1172 terris
2855 1119 2978 1174 suis
2999 1120 3268 1192 ;plebem
3285 1124 3341 1179 S.
3367 1124 3559 1180 Luciaa
3576 1124 3638 1181 in

1956 1203 2154 1259 insula
2187 1219 2328 1259 cum
2359 1204 2526 1260 terris
2558 1204 2700 1275 suis,
2735 1206 3004 1264 similiter
3033 1208 3272 1281 plebem
3316 1213 3373 1267 S.
3436 1213 3631 1269 Luciaa

1957 1293 2020 1348 in
2049 1291 2251 1348 insula
2272 1308 2411 1348 cum
2443 1294 2608 1349 terris
2633 1294 2776 1363 suis,
2811 1296 3079 1353 similiter
3103 1297 3345 1370 plebem
3375 1301 3430 1355 S.
3457 1303 3637 1356 Joan-

1957 1381 2052 1438 nis
2074 1381 2359 1438 ininsula
2380 1398 2518 1439 cum
2540 1382 2707 1440 titulo
2730 1389 2787 1441 et
2807 1387 3093 1442 territorio
3124 1403 3263 1456 suo;
3303 1387 3545 1445 titulum
3574 1391 3631 1447 S.

1964 1470 2230 1541 Gregorii
2252 1470 2385 1543 ipso
2409 1471 2563 1541 loco,
2599 1472 2899 1547 simulque
2944 1475 3182 1548 plebem
3237 1478 3293 1533 S.
3351 1476 3515 1533 Pauli
3569 1478 3633 1533 in

172 1566 532 1638 byterorum
562 1562 910 1619 monasterii
941 1563 998 1618 8.
1027 1561 1339 1630 Pancratii,
1373 1566 1432 1617 et
1482 1561 1614 1635 ipso
1665 1560 1852 1617 limite
1882 1578 1926 1631 Β
1965 1558 2261 1616 Formello
2290 1576 2431 1617 cum
2461 1562 2654 1631 terris,
2680 1563 2899 1631 vineis,
2933 1564 3144 1634 hortis,
3173 1564 3436 1622 oleivetis
3451 1570 3632 1639 atque

172 1653 520 1713 revolvente
572 1667 680 1724 per
737 1649 941 1706 ellium
999 1649 1439 1722 supradictum,
1499 1654 1556 1705 et
1612 1648 1853 1722 parietis

170 1744 351 1815 juxta
402 1745 627 1798 terram
683 1739 1108 1813 prmdictorum
1180 1739 1694 1813 presbyterorum,
1750 1737 1854 1793 ubi

173 1832 354 1888 olivae
386 1835 542 1886 stare
568 1829 844 1886 videntur
862 1833 1017 1885 recte
1039 1828 1102 1884 in
1127 1844 1318 1902 parva
1348 1826 1649 1884 turricella
1694 1826 1855 1882 muri

174 1922 371 1993 hujus
425 1920 599 1977 almae
655 1922 876 1986 Romae,
940 1934 1059 1974 una
1112 1935 1252 1973 cum
1308 1919 1447 1991 ipsa
1476 1916 1775 1973 turricella
1798 1921 1854 1971 et

179 2026 385 2078 muro,
417 2025 523 2064 seu
553 2013 728 2064 turma
757 2010 1095 2063 Sarracenae
1127 2023 1267 2062 cum
1297 2005 1546 2079 cryptis,
1570 2010 1628 2061 et
1657 2004 1852 2077 parie-

180 2098 324 2157 tinis
352 2098 466 2154 sub
492 2113 577 2169 se,
605 2103 661 2153 et
684 2097 856 2168 juxta
887 2112 970 2164 se,
1003 2096 1093 2152 vel
1117 2096 1265 2152 alias
1306 2101 1524 2166 turres,
1574 2111 1712 2167 quae
1751 2110 1853 2149 ex-

180 2193 358 2245 tensa
379 2192 518 2243 sunt
542 2186 620 2242 ab
652 2200 773 2240 una
800 2190 967 2258 parte
983 2184 1155 2255 juxta
1187 2189 1408 2240 terram
1455 2188 1743 2250 vestram,
1798 2186 1856 2237 et

180 2282 523 2352 pantanum
552 2291 688 2331 cum
717 2274 930 2330 eodem
955 2273 1087 2346 ipso
1116 2274 1351 2343 integro
1408 2275 1708 2345 pantano,
1766 2286 1857 2327 sa-

180 2366 364 2422 liente
393 2364 475 2421 ad
495 2363 654 2420 viam
684 2361 1010 2435 publicam,
1037 2378 1173 2434 quae
1202 2361 1369 2417 ducit
1398 2361 1481 2416 ad
1534 2360 1853 2417 ecclesiam

186 2458 244 2514 S.
280 2453 532 2511 Joannis
564 2452 851 2525 Baptistae,
880 2452 1000 2508 sive
1030 2452 1109 2507 ad
1138 2450 1437 2525 palatium
1463 2455 1768 2521 nostrum,
1801 2453 1859 2505 et

181 2544 326 2601 inde
357 2542 869 2613 revertentejuxta
898 2546 1116 2597 terram
1171 2556 1308 2613 quae
1332 2539 1444 2595 fuit
1492 2538 1752 2612 Elperini
1802 2542 1859 2594 et

185 2632 402 2690 Azonis
424 2647 850 2703 germanorum
874 2629 1127 2686 fratrum
1156 2635 1214 2685 et
1242 2629 1488 2684 vineam
1504 2629 1775 2686 ecclesiae
1797 2630 1852 2686 S.

188 2720 434 2788 Nicolai,
468 2719 592 2775 sive
623 2724 839 2777 terram
870 2718 1179 2774 lueredum
1206 2718 1282 2774 de
1333 2716 1485 2775 Maio
1539 2721 1856 2793 Capuano,

192 2812 319 2868 sive
337 2808 729 2880 horticellum,
755 2808 859 2881 qui
909 2808 1018 2863 fuit
1066 2807 1382 2881 quondam
1439 2808 1676 2881 Angeli,
1738 2808 1859 2863 sive

1965 1647 2145 1704 titulis
2167 1648 2292 1704 suis
2326 1667 2340 1718 ;
2374 1650 2609 1707 titulum
2640 1653 2696 1705 S.
2754 1652 3007 1724 Sylvesti
3057 1652 3118 1709 in
3156 1653 3443 1711 columna
3490 1672 3633 1712 cum

1908 1770 1918 1789 δ
1962 1736 2135 1793 terris
2162 1742 2221 1794 et
2247 1738 2434 1795 vineis
2457 1739 2578 1795 suis
2612 1758 2626 1807 ;
2659 1740 2896 1797 titulum
2929 1743 2985 1798 8.
3017 1742 3227 1813 Angeli
3256 1743 3318 1798 in
3377 1743 3632 1801 Olibano

1962 1841 2104 1881 cum
2125 1828 2295 1884 terris
2315 1833 2374 1884 et
2399 1829 2586 1885 hortis
2616 1829 2740 1884 suis
2774 1848 2787 1896 ;
2821 1829 3058 1886 titulum
3086 1832 3141 1887 S.
3166 1832 3447 1889 Marciani
3490 1850 3632 1890 cum

1963 1916 2134 1971 terris
2166 1917 2290 1973 suis
2325 1936 2338 1986 ;
2374 1918 2610 1975 titulum
2635 1920 2690 1974 S.
2726 1919 2956 1975 Genesii
2985 1919 3047 1975 in
3099 1919 3448 1978 Dalmacliia
3490 1938 3632 1977 cum

1963 2005 2133 2061 terris
2165 2007 2288 2062 suis
2319 2025 2333 2075 ;
2366 2007 2603 2064 titulum
2636 2009 2692 2064 8.
2727 2008 3021 2064 Laurentii
3042 2008 3104 2064 in
3151 2009 3447 2066 Formello
3492 2026 3634 2067 cum

1964 2092 2144 2149 titulis
2174 2099 2232 2151 et
2259 2095 2448 2152 hortis
2470 2095 2593 2151 suis
2627 2113 2640 2163 ;
2674 2094 2914 2151 titulum
2946 2098 3001 2153 8.
3026 2096 3220 2155 Marias
3272 2115 3413 2154 cum
3468 2098 3634 2155 terri-

1963 2182 2114 2239 torio
2140 2200 2251 2240 suo
2288 2203 2303 2252 ;
2332 2185 2571 2241 titulum
2593 2184 2914 2241 Salvatoris
2936 2202 3077 2242 cum
3106 2186 3275 2242 terris
3307 2186 3430 2242 suis
3456 2206 3469 2255 ;
3500 2187 3634 2242 titu-

1962 2270 2091 2328 lum
2125 2275 2179 2329 S.
2208 2274 2462 2330 Joannis
2491 2274 2554 2329 in
2580 2274 2713 2346 ipso
2734 2273 2868 2329 loco
2899 2289 3040 2331 cum
3064 2275 3356 2332 territorio
3388 2291 3517 2340 suo,
3564 2275 3632 2331 ti-

1964 2360 2155 2417 tulum
2191 2364 2246 2418 8.
2281 2363 2433 2419 Petri
2459 2354 2599 2418 cum
2631 2366 2787 2418 terra
2816 2378 2927 2418 sua
2962 2382 2975 2431 ;
3027 2363 3266 2421 titulum
3316 2366 3372 2421 S.
3419 2362 3630 2434 Angeli

1962 2448 2025 2505 in
2058 2453 2310 2507 Laureto
2345 2450 2619 2519 ;titulum
2652 2452 2708 2506 8.
2735 2449 3022 2507 Valentini
3051 2449 3115 2507 in
3146 2452 3425 2526 Cryptule
3450 2471 3463 2521 ;
3486 2452 3630 2508 item

1962 2536 2204 2611 plebem
2236 2540 2291 2594 S.
2318 2538 2571 2597 Cornelii
2597 2539 2658 2594 iu
2679 2538 3084 2612 Capricornio.
3134 2544 3240 2597 Per
3280 2541 3463 2613 hujus
3514 2540 3631 2614 pri-

1961 2626 2163 2698 vilegii
2196 2628 2373 2683 vestri
2415 2632 2473 2685 et
2522 2627 2741 2684 decreti
2793 2628 3104 2700 paginam,
3162 2629 3225 2686 in
3271 2633 3632 2704 perpetuum

1965 2716 2403 2774 conﬁrmamus
2432 2716 2718 2790 praedicto
2749 2720 2938 2773 vestro
2968 2718 3273 2791 episcopio
3321 2734 3463 2775 cum
3513 2722 3628 2774 ter-

1965 2804 2071 2873 ris,
2107 2804 2317 2876 vineis,
2350 2809 2406 2862 et
2436 2804 2680 2874 olivetis,
2706 2809 2763 2861 et
2787 2804 2990 2873 titulis,
3024 2806 3259 2863 titulum
3286 2809 3343 2864 S.
3384 2810 3637 2864 Pancra-

196 2900 447 2956 domum
478 2897 812 2963 terrineam,
844 2912 978 2969 qua:
1009 2902 1097 2951 est
1110 2896 1283 2966 juxta
1312 2895 1497 2952 aliam
1529 2896 1697 2954 viam
1745 2912 1860 2970 pu-
1891 2935 1932 2992 Ο
1967 2893 2030 2949 tii
2057 2910 2197 2950 cum
2222 2894 2393 2951 terris
2424 2893 2549 2951 suis
2579 2912 2592 2961 ;
2626 2894 2862 2950 titulum
2890 2896 2946 2950 S.
2981 2895 3172 2959 Mariae
3199 2912 3339 2953 cum
3366 2895 3533 2952 terris
3577 2899 3635 2952 et

196 2989 439 3054 blicam,
468 2987 694 3045 ducens
716 2986 795 3042 ad
823 2990 1100 3041 nostrum
1151 2988 1566 3042 memoratum
1625 2991 1858 3044 Latera-

200 3094 383 3136 nense
407 3076 717 3152 palatium.
736 3076 1003 3148 Itemque
1023 3076 1457 3130 conﬁrmamus
1478 3076 1662 3133 vobis
1683 3076 1864 3133 eccle-

200 3168 354 3225 siam
383 3168 441 3226 8.
472 3165 730 3223 Μειιιιὶῐιω
761 3180 899 3220 cum
920 3163 1089 3219 omni
1131 3178 1242 3218 sua
1266 3162 1612 3232 integritate
1641 3170 1699 3222 et
1728 3181 1864 3238 per-

201 3256 466 3325 tinentia,
498 3255 755 3328 positam
784 3255 986 3309 Romae
1015 3266 1204 3325 prope
1235 3255 1508 3307 montem
1565 3255 1671 3327 qui
1724 3255 1865 3310 dici-

202 3350 299 3405 tur
327 3348 633 3414 Augustus
662 3361 675 3412 ;
703 3357 813 3398 nec
868 3356 992 3397 non
1044 3340 1358 3397 ecclesiam
1413 3341 1520 3398 SS.
1562 3343 1869 3401 Adalberti

203 3440 263 3493 et
290 3432 517 3492 Paulini
541 3448 677 3489 cum
704 3431 956 3489 ecclesia
988 3432 1045 3487 8.
1080 3428 1375 3486 Benedicti
1431 3432 1488 3485 et
1539 3433 1708 3490 omni
1757 3449 1869 3490 sua

205 3506 538 3596 integritate
567 3525 624 3578 et
640 3520 1016 3595 pertinentia,
1049 3524 1106 3575 et
1128 3519 1282 3575 sicut
1326 3518 1407 3575 ad
1460 3535 1686 3579 manus
1737 3540 1868 3580 ves-

207 3619 329 3670 tras
357 3611 536 3685 hodie
581 3609 788 3666 tenetis
843 3609 1105 3683 positam
1152 3608 1307 3665 infra
1356 3607 1515 3665 hanc
1570 3612 1871 3668 civitatem

206 3704 461 3761 Romam
482 3699 547 3756 in
574 3698 771 3755 insula
799 3698 1120 3771 Lycaonia,
1153 3701 1217 3753 ut
1241 3697 1315 3752 sit
1339 3697 1516 3755 vobis
1538 3702 1872 3773 vestrisque

210 3788 657 3849 successoribus
687 3804 827 3844 cum
882 3786 1186 3843 volueritis
1230 3785 1572 3859 episcopale
1621 3789 1873 3845 domici-

210 3881 380 3951 lium,
412 3885 470 3937 et
489 3893 827 3951 congruum
851 3875 1297 3949 receptaculum
1339 3882 1874 3951 opportunumque

211 3966 623 4043 habitaculum
652 3963 1175 4038 quemadmodum
1193 3962 1416 4019 habere
1448 3964 1686 4022 videtur
1736 3969 1877 4023 Por-

215 4057 444 4115 tuensis
499 4054 751 4112 ecclesia
800 4055 856 4111 8.
912 4051 1160 4109 Joannis
1214 4053 1365 4108 inter
1415 4051 1570 4109 duos
1636 4060 1874 4126 pontes,

217 4147 597 4222 presbyteros
652 4148 833 4216 atque
880 4142 1146 4211 clericos,
1201 4142 1308 4215 qui
1361 4159 1471 4215 pro
1518 4148 1787 4218 tempore
1817 4147 1880 4202 in

217 4236 433 4294 eadem
460 4233 712 4291 ecclesia
743 4234 837 4290 SS.
879 4231 1205 4302 Adalberti,
1265 4236 1322 4288 et
1364 4232 1614 4305 Paulini,
1669 4239 1727 4290 et
1780 4238 1879 4290 Be-

217 4324 437 4384 nedicti
457 4322 678 4380 fuerint
709 4340 723 4391 ;
755 4321 837 4378 ita
866 4320 1167 4392 subjectas
1196 4320 1367 4377 vobis
1398 4337 1530 4378 esse
1596 4322 1880 4379 volumus

220 4420 286 4472 ut
310 4413 589 4489 proprias
616 4411 772 4469 ﬁlias
797 4410 1062 4468 ecclesiae
1093 4415 1326 4482 vestrm,
1366 4416 1423 4467 et
1451 4412 1531 4468 ab
1559 4414 1727 4469 omni
1746 4414 1881 4485 jure

221 4504 321 4561 illo
349 4500 756 4559 subtrahimus
778 4505 893 4557 tute
934 4498 1296 4573 paternitati,
1329 4504 1561 4556 tantum
1589 4516 1695 4559 eas
1719 4517 1885 4559 com-

220 4592 520 4652 mittimus
572 4593 637 4645 ut
679 4588 1063 4646 solummodo
1109 4593 1377 4643 vestrum
1438 4588 1732 4659 judicium
1787 4608 1883 4647 ex-

224 4680 510 4751 spectent,
540 4679 738 4730 vestro
768 4673 1037 4730 dominio
1078 4671 1464 4740 famulentur,
1497 4678 1554 4729 et
1603 4689 1709 4746 per
1746 4691 1876 4730 om-

223 4761 327 4819 nia
349 4759 555 4818 vestris
583 4757 1037 4815 rationabilibus
1090 4756 1504 4814 obsecundent
1557 4757 1882 4823 mandatis,

227 4855 293 4908 ut
314 4863 562 4923 quoquo
613 4847 799 4903 modo
856 4846 1029 4903 vobis
1067 4847 1262 4921 placet
1312 4846 1610 4915 ordinare,
1672 4862 1882 4903 secun-

227 4936 377 4993 dum
438 4937 624 4990 Deum
678 4947 902 5003 regere,
957 4935 1015 4986 et
1070 4931 1412 5004 informare,
1463 4937 1520 4988 et
1562 4931 1886 4988 emendare

229 5029 438 5082 nostra
460 5021 791 5098 apOstolica
815 5019 1164 5077 auctoritate
1191 5020 1253 5076 in
1278 5025 1639 5095 perpetuum
1666 5020 1841 5078 liceat
1872 5040 1885 5089 ;

231 5108 530 5182 simulque
548 5106 936 5165 concedimus
957 5110 1011 5160 et
1029 5104 1460 5161 conﬁrmamus
1482 5106 1655 5163 vobis
1675 5122 1889 5162 omnes

232 5199 459 5273 plebes,
491 5202 549 5255 et
576 5195 856 5253 ecclesias
888 5193 1226 5267 parochias,
1275 5210 1416 5250 cum
1461 5211 1672 5251 eorum
1718 5196 1895 5268 perti-

234 5288 471 5359 nentlis,
502 5288 597 5343 vel
629 5284 1004 5357 adjacentiis,
1035 5283 1255 5339 scilicet
1305 5283 1544 5355 plebem
1601 5288 1656 5343 S.
1706 5286 1896 5343 Mariae

234 5379 295 5434 in
357 5377 516 5434 Silva
570 5375 839 5435 Candida
893 5390 1033 5430 cum
1100 5371 1280 5429 titulis
1334 5373 1481 5444 suis,
1528 5374 1761 5431 titulum
1796 5378 1894 5433 SS.

1968 2988 2143 3058 prato
2174 2999 2320 3052 suo;
2354 2983 2589 3040 titulum
2619 2985 2674 3040 8.
2708 2982 2998 3041 Valentini
3021 3001 3157 3041 cum
3195 2986 3386 3053 terris,
3429 2989 3487 3041 et
3532 2983 3636 3041 oli-

1968 3075 2106 3129 veto
2159 3088 2273 3128 suo
2320 3077 2501 3145 atque
2559 3077 2732 3145 prato
2767 3091 2780 3141 ;
2841 3073 2924 3128 tit.
2961 3076 3016 3131 8.
3051 3075 3263 3131 Donati
3297 3091 3437 3131 cum
3466 3072 3634 3131 terris

1975 3158 2125 3228 suis,
2158 3157 2397 3215 titulum
2419 3161 2477 3216 S.
2509 3159 2699 3216 Mariae
2723 3175 2861 3215 cum
2892 3160 3064 3216 terris
3113 3161 3256 3228 suis,
3308 3160 3543 3217 titulum
3576 3163 3630 3217 S.

1975 3248 2274 3305 Laurentii
2293 3264 2432 3305 cum
2459 3249 2627 3304 terris
2649 3248 2796 3315 suis,
2821 3248 3058 3304 titulum
3090 3252 3146 3306 8.
3171 3249 3472 3306 Anastasii
3495 3265 3634 3306 cum

1972 3337 2145 3394 terris
2174 3341 2233 3394 et
2259 3336 2448 3393 vineis
2477 3336 2600 3393 suis
2626 3355 2640 3405 ;
2672 3337 2913 3410 plebem
2947 3340 3002 3395 8.
3062 3337 3169 3394 Titi
3223 3353 3348 3394 non
3393 3338 3571 3410 longe
3600 3354 3638 3395 a

1976 3426 2255 3495 Civitella,
2286 3442 2427 3482 cum
2457 3426 2669 3493 vineis,
2703 3426 2895 3492 terris,
2928 3432 2985 3482 et
3004 3426 3185 3483 titulis
3218 3426 3376 3497 suis;
3400 3427 3637 3500 plebem

1979 3518 2035 3574 S.
2069 3515 2232 3572 Pauli
2260 3515 2323 3571 in
2347 3515 2639 3572 Formella
2667 3531 2808 3571 cum
2856 3516 3070 3585 vineis,
3118 3516 3285 3573 terris
3339 3520 3397 3573 et
3454 3517 3637 3574 titulis

1981 3606 2142 3674 suis;
2175 3605 2414 3661 titulum
2442 3608 2497 3663 8.
2531 3605 2833 3678 Sylvestri,
2865 3609 2924 3661 et
2954 3608 3009 3663 8.
3042 3605 3250 3677 Angeli
3289 3622 3429 3664 cum
3471 3607 3639 3663 terris

1981 3694 2039 3748 et
2056 3690 2265 3757 vineis,
2298 3694 2357 3746 et
2378 3689 2616 3762 plebem
2651 3692 2707 3747 8.
2744 3690 2954 3747 Donati
2982 3691 3043 3747 in
3071 3690 3298 3748 Collina
3340 3708 3479 3748 cum
3528 3696 3639 3749 ter-

1980 3775 2086 3842 ris,
2160 3774 2366 3841 vineis,
2423 3778 2479 3830 et
2533 3774 2783 3839 olivetis,
2840 3779 2897 3830 et
2948 3774 3129 3831 titulis
3179 3776 3338 3843 suis;
3404 3776 3642 3833 titulum

1988 3860 2043 3915 S.
2111 3858 2303 3915 Mariae
2367 3874 2507 3914 cum
2573 3857 2742 3913 terris
2819 3863 2877 3912 et
2941 3858 3128 3913 vineis
3191 3877 3203 3925 ;
3273 3858 3506 3915 titulum
3582 3863 3638 3917 8.

1988 3942 2314 4008 Οιιιυὶεῐὶηω,
2338 3957 2475 3996 cum
2501 3940 2686 4010 terris,
2714 3940 2904 3995 vineis
2934 3945 2991 3996 et
3016 3940 3178 3995 silvis
3207 3940 3330 3995 suis
3356 3960 3369 4009 ;
3405 3943 3642 3998 titulum
3756 3944 3757 3947 “

1989 4029 2045 4084 8.
2075 4025 2335 4096 Gregorii
2363 4040 2502 4080 cum
2532 4009 2700 4080 ter'ris
2730 4028 2787 4079 et
2812 4025 3000 4079 vineis
3026 4042 3039 4091 ;
3071 4023 3306 4079 titulum
3327 4026 3381 4081 8.
3414 4027 3643 4082 Martini

1989 4127 2127 4167 cum
2162 4110 2327 4166 terris
2352 4113 2410 4164 et
2435 4108 2622 4164 vineis
2652 4126 2664 4175 ;
2692 4107 2926 4163 titulum
2959 4111 3014 4164 8.
3050 4106 3315 4165 Cassiani
3358 4126 3495 4165 cum
3536 4115 3645 4167 ter-

1988 4195 2086 4261 ris,
2117 4199 2175 4251 et
2194 4193 2401 4263 vineis,
2431 4192 2755 4248 et‘familiis
2787 4192 2974 4248 tribus
3008 4211 3021 4260 ;
3054 4191 3291 4248 titulum
3319 4195 3374 4249 S.
3394 4197 3645 4254 Anasta-

1913 4291 1958 4345 Ι)
1990 4279 2059 4335 sii
2089 4295 2229 4335 cum
2258 4277 2425 4333 terris
2452 4282 2509 4333 et
2537 4277 2743 4343 vineis,
2777 4282 2832 4332 et
2862 4276 3097 4333 titulum
3130 4279 3186 4334 8.
3217 4280 3461 4335 Justinus
3507 4296 3647 4338 cum

1989 4367 2159 4423 terris
2184 4372 2241 4423 et
2267 4366 2455 4422 vineis
2486 4366 2758 4433 ;titulum
2787 4366 2842 4421 8.
2875 4366 3085 4435 Angeli
3110 4383 3247 4422 cum
3279 4368 3446 4424 terris
3474 4371 3596 4424 suis
3630 4388 3645 4437 ;

1991 4451 2230 4507 titulum
2266 4453 2319 4508 S.
2350 4450 2611 4520 Gregorii
2632 4466 2771 4505 cum
2804 4450 2970 4506 terris
3026 4451 3148 4506 suis
3204 4456 3261 4506 et
3308 4452 3516 4522 vineis,
3568 4454 3646 4508 si—

1992 4536 2240 4609 mulque
2270 4535 2509 4608 plebem
2534 4536 2589 4592 S.
2615 4534 2866 4593 Marcelli
2890 4534 2947 4589 in
2979 4539 3195 4606 quarto
3216 4535 3450 4591 decimo
3509 4552 3649 4593 cum

1995 4626 2189 4695 terris,
2221 4630 2277 4680 et
2308 4623 2514 4695 vineis,
2542 4627 2599 4680 et
2622 4622 2840 4679 oliveto
2889 4626 3067 4693 atque
3121 4620 3322 4687 titulis,
3364 4622 3457 4678 vel
3510 4640 3650 4681 cum

1996 4709 2281 4768 omnibus
2310 4709 2432 4764 suis
2460 4707 2827 4782 pertinentiis
2857 4724 2870 4775 ;
2901 4705 3135 4761 titulum
3170 4706 3225 4762 S.
3254 4706 3464 4776 Angeli
3512 4726 3652 4766 cum

1998 4795 2166 4853 terris
2191 4798 2249 4850 et
2278 4792 2465 4850 vineis
2499 4792 2800 4864 ;denique
2825 4789 3064 4863 plebem
3117 4791 3171 4846 8.
3226 4791 3374 4848 Petri
3419 4793 3480 4847 in
3524 4796 3658 4850 Bec-

2000 4896 2152 4938 zano
2182 4894 2321 4934 cum
2351 4876 2536 4945 terris,
2569 4879 2628 4931 et
2649 4874 2854 4943 vineis,
2883 4878 2940 4930 et
2994 4874 3211 4929 oliveto
3258 4892 3368 4930 suo
3425 4878 3656 4948 majore

2001 4969 2181 5037 atque
2216 4960 2376 5017 silvis
2411 4978 2425 5027 ;
2452 4965 2509 5016 et
2537 4958 2774 5016 titulum
2806 4960 2861 5015 S.
2893 4958 3163 5023 Joannis,
3195 4963 3252 5014 et
3279 4962 3334 5014 S.
3377 4961 3662 5033 Stephani

2004 5054 2185 5121 atque
2214 5048 2269 5103 8.
2296 5044 2489 5102 Mariae
2517 5044 2579 5100 in
2604 5046 2989 5117 Pentpertusa
3022 5061 3035 5110 ;
3085 5042 3320 5099 titulum
3353 5046 3408 5102 8.
3469 5046 3661 5103 Mariae

2006 5133 2067 5189 in
2097 5129 2386 5203 Sepefane
2415 5146 2557 5186 cum
2585 5128 2772 5196 terris,
2802 5126 2992 5183 vineis
3026 5145 3039 5197 ;
3064 5127 3300 5184 titulum
3330 5131 3384 5186 8.
3420 5131 3666 5202 Stepha-

2009 5216 2070 5273 ni
2101 5215 2163 5271 in
2192 5218 2407 5272 Matera
2433 5233 2446 5283 ;
2478 5213 2714 5269 titulum
2745 5214 2801 5269 S.
2832 5210 3022 5268 Mariae
3053 5212 3114 5267 in
3144 5215 3357 5269 Matera
3383 5232 3395 5281 ;
3432 5213 3668 5271 titulum

2013 5303 2069 5360 S.
2101 5299 2272 5356 Blasii
2298 5300 2359 5355 in
2391 5298 2676 5357 Scrofano
2704 5315 2718 5364 ;
2752 5295 2986 5352 titulum
3021 5298 3075 5353 S.
3127 5298 3372 5354 Joannis
3425 5298 3485 5354 in
3536 5299 3669 5371 ipso

2014 5384 2319 5451 Scrofano,
2353 5387 2410 5439 et
2451 5386 2505 5439 S.
2563 5380 2839 5451 Eugeniae
2893 5379 2956 5435 in
3003 5383 3266 5449 Matera;
3327 5382 3563 5439 titulum
3613 5386 3668 5439 S.

238 5467 483 5524 Joannis
515 5470 574 5523 et
591 5465 754 5522 Pauli
787 5464 846 5520 in
870 5467 1128 5529 Lucano,
1160 5466 1217 5518 et
1245 5461 1478 5518 titulum
1511 5466 1566 5519 S.
1603 5464 1812 5533 Angeli
1839 5466 1901 5521 in
2016 5470 2307 5528 Laurentii
2332 5467 2393 5523 in
2413 5466 2697 5524 Scrofano
2719 5482 2857 5521 cum
2883 5465 3168 5521 omnibus
3193 5466 3671 5538 terris,etviueis,

249 5558 514 5628 Musano,
540 5554 774 5613 titulum
800 5555 854 5611 S.
890 5553 1101 5609 Donati
1129 5552 1191 5608 in
1222 5553 1523 5624 Majorata,
1548 5556 1727 5625 atque
1775 5554 1898 5625 ple-

259 5638 265 5645 ’
493 5649 739 5705 Ρλτιισι..
782 5643 954 5701 CXLI.

2015 5554 2251 5612 titulum
2282 5555 2337 5610 S.
2364 5551 2642 5623 Eugeniae
2677 5566 2816 5607 cum
2836 5550 3026 5618 terris,
3060 5554 3117 5606 et
3138 5550 3346 5621 vineis,
3380 5551 3678 5625 simulque

3323 5644 3391 5698 43
