3988 6182
389 127 525 180 13ὅὸ

1734 109 2099 168 BENEDICTI
2144 110 2207 167 IX
2244 115 2461 170 PAPE.

384 245 625 320 plebem
653 246 708 302 S.
733 243 922 302 Mariae
952 241 1015 297 in
1045 239 1278 297 Olibula
1308 254 1447 294 eum
1477 236 1669 308 terris,
1726 241 1784 293 et
1806 234 2037 313 vineis,
2068 238 2116 291 A
2157 239 2445 293 testatem.
2482 241 2543 294 In
2568 236 2791 311 quibus
2817 238 3089 312 quinque
3117 238 3351 309 diebus,
3385 241 3433 297 si
3480 241 3670 298 vobis
3720 258 3819 301 ve-

382 339 443 392 et
471 333 638 391 titulo
664 348 795 403 suo,
829 336 886 387 et
908 332 963 386 8.
997 327 1209 399 Angeli
1268 343 1407 383 cum
1464 325 1651 394 terris,
1701 328 1757 380 et
1811 322 1997 379 vineis
2026 342 2041 388 ;

385 423 723 496 pariterque
751 416 1140 475 concedimus
1171 420 1227 473 et
1257 416 1691 472 conﬁrmamus
1704 412 1897 468 (vobis
1952 427 2046 466 ve-

386 512 609 584 trisque
636 508 1087 565 successoribus
1117 506 1180 563 in
1203 510 1517 579 perpetuo,
1542 503 1712 559 sicuti
1739 518 1775 558 a
1803 499 2045 557 sanctis-

385 599 540 656 simo
561 598 765 669 Sergio
786 613 969 671 papa,
996 596 1120 652 sive
1140 612 1177 653 a
1234 594 1465 651 caeteris
1494 589 2040 665 preedecessoribus

380 687 599 745 nostris
649 686 1032 761 pontiﬁcibus
1085 699 1379 740 concessa
1429 687 1487 737 et
1536 680 1891 737 conﬁrmata
1920 678 2042 735 fue-

379 782 521 834 runt
547 796 559 847 ;
588 777 862 833 videlicet
886 774 1251 832 monasteria
1300 773 1588 846 quinque,
1642 773 1698 827 S.
1758 767 2041 842 Stephani

380 866 648 938 majoris,
708 871 765 922 et
819 865 1089 935 minoris,
1144 864 1619 933 Sanctorumque
1692 858 1936 915 Joannis
1985 859 2042 912 et

379 956 564 1027 Pauli,
590 962 647 1013 et
678 959 736 1011 Β.
770 955 1019 1022 Martini,
1046 958 1226 1026 atque
1255 951 1481 1008 Theclee
1515 948 1841 1005 constitutae
1867 947 2041 1017 juxta

376 1059 667 1115 magnam
690 1044 1006 1101 ecclesiam
1031 1046 1085 1101 S.
1121 1042 1294 1113 Petri,
1328 1045 1431 1097 aut
1469 1040 1530 1095 in
1582 1038 1806 1094 caeteris
1860 1036 2041 1092 eccle-

298 1152 303 1153 '
378 1134 505 1204 siis,
533 1150 667 1207 quae
697 1139 835 1189 sunt
862 1133 1199 1189 constitutae
1226 1133 1285 1187 in
1318 1134 1443 1186 tota
1472 1128 1706 1184 civitate
1757 1126 2034 1194 Leonina,

377 1223 484 1279 etsi
535 1223 943 1279 necessarium
1002 1221 1175 1276 fuerit
1218 1234 1590 1287 consecrare,
1635 1216 1833 1272 nullus
1886 1214 2039 1270 alius

374 1312 696 1385 episcopus
727 1312 807 1367 ad
839 1312 954 1369 tale
984 1309 1387 1366 ministerium
1417 1308 1509 1363 vel
1528 1305 2039 1363 consecrationem

373 1401 655 1457 accedere
682 1404 1030 1474 praesumat,
1054 1399 1168 1455 nisi
1199 1414 1307 1454 vos
1332 1397 1630 1470 vestrique
1662 1409 2039 1451 successores

370 1490 636 1563 episcopi
657 1493 711 1547 S.
735 1490 921 1562 Sylvae
947 1488 1231 1545 Candida
1255 1486 1538 1551 ecclesiae,
1563 1485 1625 1540 in
1655 1489 2033 1557 perpetuum.

444 1580 840 1636 Concedimus
871 1584 1073 1635 autem
1111 1583 1169 1633 et
1220 1577 1653 1631 conﬁrmamus
1710 1573 1881 1629 vobis
1935 1589 2036 1628 ve-
2065 1595 2106 1649 Β

372 1668 629 1742 strisque
654 1668 1102 1724 successoribus
1132 1666 1194 1721 in
1218 1670 1578 1739 perpetuum
1610 1666 1667 1721 S.
1701 1663 1861 1718 diem
1891 1661 2039 1718 Sab-

369 1757 495 1815 bati
520 1758 600 1814 ad
637 1757 927 1831 baptismi
980 1759 1428 1812 sacramentum
1477 1751 1927 1817 celebrandum,
1982 1756 2039 1807 et
2076 1778 2085 1793 ο

370 1850 559 1903 totum
617 1846 884 1902 ofﬁcium
942 1845 1285 1900 faciendum
1341 1843 1399 1897 in
1456 1841 1711 1897 ecclosia
1768 1843 1827 1896 Β.
1889 1843 2038 1912 Petri

368 1935 644 2007 apostoli,
677 1940 735 1991 et
762 1950 948 2007 supra
976 1949 1273 2003 magnum
1303 1931 1510 2001 altare,
1542 1932 1603 1985 in
1625 1945 1749 2003 quo
1775 1933 1898 1986 toto
1941 1945 2038 1985 ve-

365 2024 617 2080 nerabili
638 2023 829 2093 altari,
860 2038 968 2079 seu
996 2022 1058 2078 in
1105 2020 1504 2089 confessione,
1557 2018 1856 2092 quidquid
1905 2017 2035 2074 auri

363 2113 457 2169 vel
480 2113 731 2185 argenti,
764 2112 947 2186 pallii,
980 2112 1075 2168 vel
1095 2127 1263 2181 cerae,
1327 2111 1451 2166 sive
1504 2109 1759 2165 aliarum
1810 2123 2031 2176 rerum,

364 2204 632 2277 positum
658 2204 749 2259 vel
774 2202 1047 2259 oblatum
1079 2202 1171 2257 vel
1189 2202 1482 2272 jactatum
1511 2198 1707 2268 fuerit,
1736 2198 1827 2253 vel
1856 2197 2032 2253 vobis

365 2293 656 2361 oblatum,
688 2293 769 2348 ab
799 2294 949 2348 hora
974 2291 1246 2347 videlicet
1274 2290 1393 2345 diei
1426 2288 1613 2356 tertia,
1643 2302 1769 2359 qua
1798 2285 2032 2357 ingredi

364 2382 678 2438 ecclesiam
704 2382 784 2439 ad
815 2381 1220 2438 ordinandum
1249 2384 1306 2434 et
1334 2377 1749 2451 peragendum
1801 2376 2029 2431 dictum

363 2470 629 2527 eﬁeium
650 2487 762 2527 vos
791 2470 1097 2535 volumus,
1129 2472 1186 2525 et
1214 2482 1531 2539 Usquequo
1560 2469 1781 2521 sanctae
1828 2464 2026 2520 Domi-

363 2558 513 2617 nicis
541 2558 661 2617 diei
688 2560 940 2615 missam
970 2556 1365 2630 expleveritis,
1396 2570 1503 2627 per
1546 2558 1773 2610 vestros
1822 2556 2025 2608 custo-

361 2648 469 2705 des
495 2648 557 2705 in
573 2653 837 2706 vestram
852 2652 1309 2718 vestrorumque
1335 2659 1771 2711 successorum,
1793 2646 2024 2699 remota

360 2737 528 2794 omni
552 2737 1042 2805 contradictione,
1085 2734 1289 2791 veniat
1330 2737 1703 2806 potestatem.
1760 2736 1826 2787 Et
1879 2732 2024 2804 quia

360 2827 440 2882 ad
468 2831 706 2900 tempus
736 2825 1194 2899 praedecessoris
1255 2822 1439 2878 nostri
1491 2822 1726 2878 Domini
1777 2822 2022 2878 Joannis

359 2914 421 2969 in
445 2915 695 2987 praefata
722 2914 973 2970 ecclesia
997 2915 1052 2967 S.
1080 2912 1248 2980 Petri,
1280 2928 1317 2968 a
1343 2928 1467 3004 qua
1488 2927 1641 2984 pene
1670 2927 1881 3004 omnes
1913 2912 2020 2966 Ec-
2051 2948 2092 3004 ο

360 3004 551 3060 clesiae
576 3004 913 3060 doctrinam
938 3007 1317 3075 acceperunt,
1348 3002 1499 3057 sicut
1541 3018 1577 3057 a
1626 3001 1911 3072 magistra
1966 3006 2024 3059 et

360 3093 629 3161 domina,
658 3094 787 3150 dies
811 3092 1115 3150 dominica
1141 3092 1504 3163 Palmarum,
1537 3097 1593 3147 et
1640 3091 1767 3147 dies
1825 3095 2020 3149 Cumae

359 3185 615 3255 Domini,
651 3190 708 3242 et
736 3199 1060 3258 parasceve
1089 3183 1476 3239 irreverenter
1506 3181 1901 3249 celebrantur,
1962 3185 2023 3237 ut

356 3289 468 3330 nec
487 3273 793 3349 processio
819 3290 960 3330 cum
990 3272 1206 3346 palmis
1228 3272 1289 3327 in
1314 3272 1453 3345 ipsa
1483 3270 1579 3325 die
1606 3269 1914 3327 Dominica
1938 3269 2020 3326 ibi

355 3363 539 3433 ﬁeret,
568 3381 680 3421 nee
708 3364 771 3419 in
800 3364 895 3419 die
926 3364 1123 3418 Coena:
1169 3361 1404 3417 Domini
1460 3361 1672 3415 Gloria
1715 3361 1778 3415 in
1824 3362 2020 3416 excel-

355 3456 434 3511 sis
468 3458 584 3511 Deo
614 3455 931 3523 diceretur,
965 3458 1021 3508 et
1049 3453 1109 3508 in
1140 3453 1467 3507 Parasceve
1501 3466 1624 3506 non
1673 3454 1796 3506 tam
1850 3465 2019 3506 reve-

353 3548 568 3605 renter.
602 3548 666 3598 ut
693 3542 966 3613 decebat,
999 3540 1264 3597 ofﬁcium
1290 3540 1373 3595 ibi
1424 3540 1608 3595 ﬁebat
1637 3557 1649 3606 ;
1711 3539 2016 3595 condolui-

354 3646 512 3702 mus,
537 3636 595 3687 et
618 3630 933 3686 meliorare
955 3630 1069 3685 hoc
1101 3628 1405 3701 cupientes
1461 3644 1568 3699 per
1620 3643 1732 3682 vos
1790 3633 2014 3684 vestro-

354 3735 505 3793 sque
535 3734 908 3776 successores
939 3718 1277 3782 statuimus,
1312 3716 1462 3772 sicut
1490 3720 1775 3773 statutum
1797 3721 1854 3773 et
1877 3732 2015 3773 con-

351 3824 588 3866 cessum
619 3814 677 3865 et
705 3807 1126 3864 conﬁrmatum
1160 3805 1329 3861 vobis
1360 3809 1448 3861 est
1475 3805 1554 3861 ab
1595 3805 1809 3862 eodem
1862 3822 2012 3881 prae-

349 3899 663 3956 decessore
684 3903 909 3969 nostro,
938 3902 1003 3954 ut
1031 3895 1198 3953 omni
1229 3911 1390 3954 anno
1420 3895 1514 3951 die
1548 3894 1857 3952 Dominica
1880 3894 2008 3954 Pal-

345 4006 587 4051 marum
638 4006 778 4057 cum
833 3986 1215 4063 processione
1265 3986 1342 4043 ab
1373 3986 1648 4042 oecclesia
1703 3987 1758 4043 8.
1818 3986 2010 4044 Mariae

344 4079 406 4134 in
435 4080 702 4139 Thermis
733 4078 975 4147 exeatis,
1004 4081 1061 4133 et
1089 4076 1394 4132 venientes
1454 4076 1533 4132 ad
1586 4090 1880 4146 magnum
1930 4075 2010 4132 al-

346 4171 469 4225 tare
500 4171 556 4226 S.
580 4167 733 4225 Petri
752 4168 1003 4237 missam
1033 4166 1358 4225 celebretis.
1410 4164 1683 4224 Similiter
1728 4170 1785 4222 et
1839 4166 2006 4221 omni

344 4271 505 4321 anno
585 4257 681 4317 die
757 4261 953 4313 Caenea
1030 4256 1264 4323 Domini
1326 4271 1433 4329 per
1484 4270 1593 4313 vos
1649 4259 2002 4328 vestrosque

342 4360 717 4409 successores
749 4345 999 4401 missam
1030 4359 1213 4417 supra
1242 4344 1426 4401 altare
1453 4345 1509 4401 S.
1537 4343 1686 4400 Petri
1737 4343 2002 4407 celebra-

337 4451 423 4506 re,
460 4435 670 4495 Gloria
697 4435 758 4489 in
780 4435 1028 4496 excelsis
1058 4434 1178 4488 Deo
1208 4432 1424 4501 dicere,
1460 4436 1515 4489 S.
1545 4433 1809 4493 chrisma
1863 4449 2001 4493 con-

336 4525 534 4595 ﬁcere,
566 4527 776 4597 etquae
809 4522 887 4581 ad
916 4521 1273 4595 episcopum
1327 4520 1624 4593 pertinent
1666 4537 1840 4592 agere
1898 4539 2001 4591 vo-

335 4614 558 4683 lumus.
589 4616 705 4673 Seu
729 4611 897 4679 omni
920 4626 1081 4669 anno
1110 4609 1207 4667 die
1236 4612 1561 4675 Parasceve
1582 4600 1768 4683 supra
1796 4611 1998 4684 ipsum

335 4704 521 4767 altare
545 4704 746 4775 majus
779 4705 833 4760 S.
893 4701 1043 4759 Petri
1094 4704 1284 4758 totum
1322 4698 1591 4757 ofﬁcium
1637 4705 1994 4771 reverenter,

333 4800 398 4852 ut
423 4812 533 4852 vos
550 4794 722 4851 decet
766 4797 1113 4865 vestrosque
1171 4805 1569 4860 successores,
1628 4789 1877 4859 faciatis,
1933 4791 1996 4848 in

328 4885 551 4959 quibus
580 4883 770 4940 tribus
794 4881 1016 4954 missis,
1048 4880 1325 4954 primain
1376 4878 1570 4936 missa
1627 4880 1992 4951 Palmarum,

327 4990 434 5031 seu
486 4974 549 5039 in
604 4972 790 5029 missa
841 4976 1034 5029 Cmnaa
1089 4970 1345 5038 Domini,
1378 4969 1519 5026 etin
1560 4969 1758 5027 officio
1813 4973 1989 5027 Para-

323 5080 519 5132 sceve,
547 5060 843 5136 quidquid
873 5060 1002 5116 auri
1031 5059 1125 5116 vel
1154 5059 1373 5131 agenti,
1415 5058 1600 5132 pallii,
1658 5075 1765 5115 seu
1815 5074 1987 5129 cerae,

320 5154 413 5210 vel
434 5153 689 5211 aliarum
718 5166 920 5206 rerum
946 5164 1131 5223 supra
1149 5149 1279 5221 jam
1305 5148 1463 5204 dicto
1495 5148 1667 5205 altari
1699 5151 1755 5206 8.
1811 5149 1981 5218 Petri,

318 5246 439 5300 sive
493 5243 554 5298 in
588 5242 959 5297 confessione
987 5239 1251 5311 positum
1295 5242 1400 5293 aut
1438 5238 1731 5307 jactatum
1786 5238 1983 5312 fuerit,

314 5333 406 5390 vel
432 5333 604 5389 vobis
632 5331 903 5388 oblatum
930 5328 1008 5385 ab
1038 5329 1187 5384 hora
1206 5343 1329 5400 qua
1358 5327 1503 5399 ipsae
1544 5328 1743 5383 missa:
1792 5333 1846 5384 et
1890 5329 1979 5384 of-

311 5419 450 5474 ﬁcia
479 5418 761 5474 inchoata
787 5414 1006 5471 fuerint
1035 5417 1092 5470 et
1112 5411 1367 5486 expleta,
1416 5428 1524 5486 per
1569 5418 1796 5469 vestros
1835 5429 1973 5469 cus-

313 5502 563 5559 todesin
589 5506 849 5559 vestram
908 5504 1357 5571 vestrorumque
1409 5514 1848 5567 successorum,
1903 5498 1976 5553 si-

2031 4300 2080 4356 Ι)

2155 325 2410 400 strisque
2438 326 2886 383 successoribus
2914 328 3051 384 utile
3076 329 3274 386 visum
3313 329 3491 386 fuerit
3546 330 3820 403 aliquem

2151 414 2547 475 diaconorum
2577 422 2920 472 nostrorum
2951 417 3289 474 ministrare
3315 419 3394 475 ob
3424 420 3735 475 honorem
3765 424 3820 476 8.

2151 504 2299 559 Petri
2327 509 2385 560 et
2411 509 2677 562 vestram
2698 504 3088 560 reverentiam
3119 506 3397 563 volumus
3425 512 3662 579 petere.
3721 511 3826 563 Po-

2149 596 2423 650 testatem
2446 599 2649 651 autem
2682 594 2956 664 ejusdem
2978 594 3238 650 ecclesiae
3263 598 3317 652 S.
3353 596 3505 652 Petri
3526 600 3587 653 et
3605 613 3825 670 supra-

2147 680 2443 737 dictorum
2473 698 2723 738 suorum
2749 683 3253 739 monasteriorum
3280 689 3340 739 et
3364 685 3824 741 mansionario-

2147 784 2282 825 rum
2307 770 2581 825 omnium
2597 770 2986 826 mansionum
3014 774 3069 828 S.
3097 772 3266 839 Petri,
3301 788 3408 827 seu
3440 771 3631 828 totius
3675 771 3822 827 civi-

2147 858 2280 914 tatis
2311 859 2584 915 Leoninaa
2614 860 2785 915 vobis
2807 860 3137 933 vestrisque
3168 860 3630 917 successoribus
3682 876 3823 916 cun-

2146 947 2415 1005 cedimus
2447 952 2504 1003 et
2531 948 2987 1017 conﬁrmamus,
3018 948 3419 1006 inthronizare
3449 954 3512 1006 et
3540 950 3823 1006 ineatheo

2144 1037 2318 1093 drare
2342 1037 2689 1111 pontificem
2741 1041 3080 1095 Romanum
3137 1039 3199 1095 in
3257 1040 3598 1113 apostolica
3654 1040 3821 1110 sedc,

2144 1126 2336 1197 vobis,
2384 1127 2490 1200 qui
2539 1126 2874 1199 quotidiani
2930 1128 3069 1183 estis
3112 1127 3173 1183 in
3218 1128 3457 1184 servitio
3512 1131 3572 1185 8.
3644 1129 3817 1196 Petri,

2145 1217 2595 1285 committimus,
2652 1232 2761 1272 nec
2814 1233 2940 1276 non
2985 1217 3064 1273 ad
3118 1218 3621 1275 benedicendum
3681 1234 3820 1275 cum

2145 1305 2276 1362 aliis
2297 1322 2403 1362 vos
2437 1305 2769 1378 specialiter
2788 1321 3195 1363 couvocamus
3233 1325 3246 1375 ;
3280 1307 3591 1381 similique
3627 1308 3817 1363 modo

2145 1395 2221 1451 ad
2298 1394 2651 1464 ungendum
2733 1398 2791 1451 et
2844 1396 3322 1459 consecrandum
3351 1397 3817 1468 imperatorem,

2143 1484 2409 1558 primum
2486 1490 2754 1542 vestram
2853 1489 3308 1559 vestrorumque
3383 1502 3819 1547 successorum

2145 1574 2570 1647 episcoporum
2600 1574 3026 1631 fraternitatem
3064 1590 3497 1643 convooamus,
3558 1581 3631 1632 ut
3686 1576 3817 1649 qui-

2144 1664 2261 1719 bus
2305 1663 2575 1733 regimen
2603 1663 2783 1719 totius
2827 1662 3093 1721 ecclesias
3145 1667 3200 1721 S.
3251 1665 3405 1725 Petri
3453 1670 3516 1721 et
3560 1666 3819 1721 civitatis

2146 1753 2419 1809 Leoninaa
2439 1752 2835 1813 commissum
2856 1757 2966 1824 est,
2995 1753 3074 1810 ab
3102 1753 3196 1809 his
3220 1756 3489 1827 primum
3528 1756 3608 1811 sit
3642 1755 3817 1811 bene:

2144 1843 2357 1912 dictus,
2390 1858 2500 1899 nec
2528 1858 2652 1898 non
2680 1848 2900 1901 cuncta
2928 1858 3099 1898 sacra
3123 1841 3339 1914 ofﬁcia,
3374 1859 3489 1899 seu
3551 1844 3819 1900 ministe-

2144 1932 2233 1989 ria
2259 1948 2395 2005 quae
2419 1948 2530 1989 nos
2549 1936 2607 1988 et
2628 1946 3007 1989 successores
3025 1931 3214 1987 nostri
3245 1932 3442 1988 facere
3489 1931 3815 2002 debemus,

2144 2022 2194 2077 si
2214 2021 2571 2092 aegritudine
2599 2020 2691 2081 vel
2721 2020 2927 2093 aliqua
2950 2035 3095 2078 cura
3117 2020 3389 2094 impediti
3433 2021 3645 2079 facere
3694 2038 3812 2079 non

2142 2126 2495 2183 possumus,
2522 2115 2646 2166 tam
2675 2110 2736 2165 in
2767 2108 3112 2182 supradicta
3168 2110 3500 2166 venerabili
3558 2111 3810 2168 ecclesia

2140 2203 2194 2255 S.
2219 2201 2388 2271 Petri,
2420 2206 2477 2256 et
2505 2200 2882 2256 monasteriis
2903 2202 3047 2267 suis,
3079 2215 3268 2272 quam
3296 2216 3408 2273 per
3436 2206 3629 2257 totam
3658 2203 3803 2256 eiu-

2138 2295 2320 2348 tatem
2343 2290 2687 2358 Leoninam,
2717 2305 2824 2362 per
2852 2306 2957 2345 vos
3017 2294 3366 2363 vestrosque
3423 2306 3795 2349 successores

2136 2380 2263 2435 ﬁeri
2293 2378 2625 2453 apostolica
2655 2379 3003 2434 auctoritate
3025 2379 3427 2435 decrevimus.
3481 2383 3804 2437 Consecra-

2135 2468 2359 2525 tionem
2386 2484 2526 2524 vero
2548 2468 2828 2524 altarium
2860 2469 2914 2524 8.
2946 2468 3098 2523 Petri
3126 2473 3182 2524 et
3212 2484 3467 2525 suorum
3493 2475 3806 2526 monaste-

2131 2557 2379 2626 riorum,
2411 2573 2521 2614 nec
2550 2573 2673 2613 non
2695 2557 3208 2613 consecrationem
3255 2558 3681 2628 ecclesiarum,
3728 2559 3808 2615 al—

2131 2647 2370 2719 tarium,
2403 2648 2803 2717 sacerdotum,
2874 2646 3247 2717 clericorum,
3282 2664 3390 2704 seu
3438 2648 3812 2707 diaeonista—

2129 2754 2266 2793 rum
2298 2737 2473 2795 totius
2502 2736 2753 2793 civitatis
2778 2737 3072 2809 Leoninae,
3103 2736 3275 2792 vobis
3302 2739 3651 2812 vestrisque
3676 2756 3809 2796 suo-

2131 2827 2466 2883 cessoribus
2512 2827 2574 2881 in
2616 2831 2999 2900 perpetuum,
3045 2827 3199 2883 sicut
3264 2828 3667 2900 praelibatum
3727 2836 3808 2887 est

2131 2916 2519 2972 concedimus
2572 2920 2630 2970 et
2709 2915 3163 2970 conﬁrmamus.
3250 2917 3524 2989 Quaeque
3602 2924 3805 2976 autem

2132 3005 2417 3062 usualiter
2436 3004 2611 3060 vobis
2657 3019 2693 3059 a
2742 3004 3229 3060 ministerialibus
3279 3005 3485 3062 altaris
3548 3011 3802 3081 majoris

2132 3098 2497 3167 competunt,
2525 3093 2639 3149 hoc
2670 3093 2889 3165 scripto
2916 3093 3086 3149 vobis
3120 3095 3427 3168 vestisque
3481 3114 3802 3157 successo-

2129 3184 2295 3240 ribus
2326 3183 2782 3239 conﬁrmamus.
2844 3182 3008 3237 idem
3038 3182 3100 3237 in
3130 3183 3393 3240 Sabbato
3440 3193 3664 3244 sancto
3692 3205 3802 3262 pro

2129 3290 2303 3329 coena
2324 3272 2547 3328 solidos
2575 3271 2901 3327 duodecim
2921 3271 3201 3328 denarios
3221 3273 3430 3347 quales
3478 3292 3599 3348 per
3650 3285 3798 3335 tem-

2128 3379 2276 3436 pora
2303 3361 2671 3418 cucurrerint
2697 3360 3141 3435 percipiendas,
3173 3364 3509 3437 etquinque
3539 3366 3607 3422 in
3641 3384 3797 3424 uno-

2127 3465 2371 3523 quoque
2392 3449 2658 3507 Sabbato
2678 3451 2944 3512 Quatuor
2963 3452 3338 3524 Temporum,
3363 3456 3419 3507 et
3445 3453 3607 3509 duos
3636 3472 3784 3517 cum

2127 3539 2379 3596 candela
2408 3539 2541 3607 olei,
2593 3543 2651 3595 et
2679 3539 2862 3595 cereis
2888 3554 2996 3613 per
3024 3556 3203 3597 unam
3223 3556 3513 3613 quamque
3540 3543 3772 3599 festivi-

2124 3633 2327 3697 tatem,
2353 3629 2415 3684 in
2436 3628 2659 3701 quibus
2687 3628 2912 3685 ibidem
2930 3635 3269 3705 pernoctare
3314 3628 3562 3685 debetis.
3594 3630 3777 3688 Idem

2123 3718 2185 3774 in
2211 3717 2521 3775 festivitate
2572 3719 2628 3774 S.
2680 3718 2851 3789 Petri,
2904 3723 2963 3774 et
3007 3718 3071 3775 in
3113 3718 3332 3776 octavis
3371 3717 3789 3778 inDominica

2123 3808 2399 3880 gaudete,
2447 3807 2509 3863 in
2550 3806 2715 3863 festis
2772 3810 2828 3865 S.
2884 3808 3157 3880 Andreae,
3218 3809 3278 3864 in
3324 3810 3685 3884 Epiphania,
3726 3811 3792 3868 in

2120 3898 2506 3966 Ascensione,
2537 3896 2600 3952 in
2627 3897 2996 3966 Pentecoste,
3023 3899 3085 3954 in
3116 3899 3284 3956 festis
3321 3902 3376 3956 S.
3407 3900 3641 3956 Ruﬁna;
3694 3901 3793 3957 tri-

2120 3988 2285 4058 ginta
2337 3986 2523 4043 libras
2563 4001 2713 4042 cerae
2746 4003 2760 4053 ;
2820 3990 2876 4042 et
2930 3987 3053 4043 duo
3107 3989 3418 4059 congiaria
3445 3988 3522 4045 de
3548 3988 3711 4061 oleo,
3735 3994 3792 4045 et

2119 4076 2272 4133 duas
2303 4076 2484 4132 libras
2515 4075 2590 4130 de
2622 4074 2864 4132 olibano
2899 4093 2911 4144 ;
2937 4076 3221 4133 candelas
3250 4093 3393 4134 vero
3450 4079 3790 4151 pendentes

2119 4182 2258 4221 cum
2333 4164 2749 4235 ciamastariis,
2832 4169 2890 4221 et
2953 4165 3298 4224 cicindellas
3352 4166 3435 4224 ad
3481 4167 3789 4226 sufﬁcien-

2118 4255 2283 4325 tiam,
2316 4254 2486 4311 sicuti
2517 4270 2754 4328 semper
2782 4254 2908 4312 fuit.
2939 4260 3003 4312 In
3033 4257 3301 4313 secunda
3339 4257 3488 4315 feria
3538 4260 3783 4315 Pascha

2116 4347 2407 4418 quoniam
2438 4344 2771 4400 secundum
2802 4345 3120 4419 antiquum
3162 4363 3397 4403 morem
3447 4347 3529 4403 ad
3588 4348 3778 4405 Stam-

2112 4434 2253 4503 lem,
2286 4434 2389 4489 ubi
2419 4434 2495 4489 de
2546 4449 2703 4506 equo
2749 4434 3196 4507 descendimus,
3245 4452 3358 4492 nos
3412 4442 3780 4511 nostrosque

2113 4537 2490 4579 successores
2522 4523 2800 4597 recipitis,
2859 4524 3253 4598 chirothecas,
3304 4524 3536 4599 quibus
3595 4527 3780 4583 etiam

2110 4611 2189 4668 ad
2219 4611 2474 4668 missam
2518 4612 2601 4668 uti
2622 4612 2775 4669 soliti
2806 4614 2992 4670 simus
3023 4613 3104 4671 ad
3132 4614 3494 4672 memoriam
3553 4617 3780 4673 servitii

2108 4702 2315 4773 nostri,
2338 4702 2442 4775 qui
2469 4717 2709 4776 semper
2736 4719 2884 4776 pure
2908 4706 2963 4762 S.
2996 4706 3060 4760 R.
3095 4704 3367 4773 Ecclesiae
3398 4705 3625 4762 fecistis
3672 4724 3778 4766 no-

2105 4791 2319 4865 bisque
2363 4796 2420 4847 et
2467 4792 2943 4849 antecessoribus
3004 4794 3223 4850 nostris
3272 4810 3397 4852 non
3444 4795 3649 4853 solum
3698 4802 3772 4866 te,

2105 4880 2211 4937 sed
2236 4896 2445 4937 omnes
2467 4884 2604 4936 tuos
2634 4897 3045 4939 succcessores
3077 4884 3413 4957 episcopos,
3443 4884 3773 4943 bibliothe-

2105 4970 2296 5027 carios
2327 4970 2483 5026 sedis
2512 4976 2727 5027 nostrae
2750 4988 2878 5028 esse
2903 4978 3193 5047 perpetuo
3214 4973 3547 5053 apostolica
3568 4981 3773 5033 aucto-

2102 5056 2272 5113 ritate
2302 5070 2640 5128 censemus,
2668 5060 2724 5112 et
2738 5057 2972 5127 merito,
2996 5058 3101 5133 qui
3127 5058 3187 5115 in
3214 5059 3551 5132 apostolica
3577 5062 3771 5119 Eccle-

2102 5140 2192 5197 sia
2220 5140 2546 5209 desudatis,
2574 5141 2635 5196 in
2666 5140 3271 5217 apostolicis‘scriptis
3328 5143 3537 5201 ﬁdeles
3586 5151 3768 5205 testes

2099 5244 2335 5301 semper
2386 5228 2669 5285 existatis.
2750 5230 3033 5288 Praedicta
3105 5248 3249 5288 vero
3331 5233 3541 5290 omnia
3614 5237 3768 5293 sicut

2097 5318 2370 5392 superius
2435 5318 2594 5375 dicta
2661 5324 2801 5376 sunt
2856 5335 2893 5376 a
2947 5320 3235 5393 praedicta
3298 5340 3355 5378 Vl
3407 5324 3763 5391 indictione,

2094 5420 2215 5460 una
2271 5420 2410 5459 cum
2454 5419 2557 5459 sex
2620 5404 2893 5477 partibus
2960 5405 3201 5463 ﬁlorum
3261 5408 3600 5467 salinarum
3652 5428 3762 5486 po-

2093 5493 2215 5549 sitis
2271 5493 2333 5549 in
2381 5492 2595 5566 pedica
2642 5509 2804 5550 nova
2845 5493 3102 5553 invicem
3149 5495 3262 5553 sibi
3288 5499 3758 5572 cohaerentibus,

307 5586 524 5643 militer
551 5592 779 5645 remota
800 5586 967 5643 omni
987 5583 1480 5653 contradictione,
1534 5583 1814 5640 deveniat
1868 5599 1974 5655 po-
2085 5583 2258 5655 juxta
2301 5583 2437 5640 ﬁlos
2495 5582 2805 5641 heredum
2832 5585 3079 5642 Joannis
3102 5588 3222 5661 We,
3269 5604 3377 5644 seu
3403 5590 3560 5661 Petri
3590 5592 3753 5648 card.
