4020 6176
198 195 318 250 “I7

1430 183 1793 246 EPISTOLE
1832 180 1920 238 ET
1952 180 2378 239 DIPLOHATA.

3496 191 3634 251 1358

196 317 356 373 vobis
387 317 720 389 vestrisque
758 313 1203 371 successoribus
1243 313 1563 387 episcopis,
1606 312 1853 366 vestrm-
1886 310 1936 363 Α
1966 305 2209 362 rissimo
2234 305 2414 362 nobis
2437 306 2500 362 in
2551 307 2806 366 Domino
2834 312 2978 379 Jesu
3006 313 3238 372 Christe
3261 315 3387 374 ﬁlio
3432 318 3638 377 Bienn-

196 422 302 477 que
327 406 516 462 etiam
545 404 802 462 ecclesiae
834 405 930 460 SS.
980 402 1204 461 Ruﬁnus
1234 408 1293 459 et
1316 401 1598 460 secundae
1632 400 1693 454 in
1723 414 1856 471 per-

194 500 431 567 petuum
459 495 784 564 donamus,
802 483 1114 564 largimur,
1137 493 1526 550 concedimus
1557 494 1618 547 et
1641 488 1858 547 conﬁr-

193 596 445 655 mamus,
478 588 659 656 atque
692 581 1029 638 stabilimus
1074 582 1136 637 in
1166 599 1279 637 usu
1303 587 1361 640 et
1385 581 1513 639 utili
1540 578 1732 653 ipsius
1762 595 1858 635 ve-

193 672 463 729 nerabilis
512 671 820 745 episcopii,
853 677 911 727 et
952 671 1224 727 omnium
1264 672 1694 745 episcoporum
1720 684 1859 725 suo-

194 779 333 832 rum,
364 763 474 836 qui
499 779 608 836 per
634 767 909 836 tempora
958 763 1253 819 tenuerint
1276 762 1633 835 praedictam
1659 760 1856 818 Eccle-

197 853 351 922 siam,
399 856 730 911 statuentes
771 852 998 925 quippe
1041 852 1371 925 apostolica
1417 864 1696 916 censura,
1738 851 1855 907 sub

193 941 363 998 divini
387 942 601 1014 judicii
649 941 1045 998 obtestatione
1076 946 1133 998 et
1172 939 1575 998 anathematis
1615 939 1856 997 interdi-

189 1035 293 1100 cto,
318 1035 380 1087 ut
408 1031 562 1087 nulli
579 1047 853 1103 unquam
883 1036 1225 1087 nostrorum
1257 1045 1675 1088 successorum
1703 1045 1853 1103 pon-

182 1117 422 1187 tiﬁcum,
455 1120 549 1176 vel
577 1120 683 1193 qui
712 1120 955 1193 publica
995 1121 1183 1178 functi
1213 1120 1432 1177 fuerint
1470 1120 1726 1190 actione,
1755 1121 1852 1178 vel

174 1209 284 1265 alia
312 1210 599 1283 qualibet
616 1228 841 1282 magna
856 1228 1166 1286 parvaque
1182 1227 1445 1285 persona
1463 1211 1539 1267 de
1563 1209 1851 1267 omnibus

170 1314 299 1371 quae
349 1301 645 1373 superius
694 1303 1071 1358 continentur
1121 1306 1329 1359 contra
1384 1302 1499 1358 hoc
1571 1303 1851 1356 nostrum

161 1388 521 1461 pontiﬁcale
550 1390 929 1463 privilegium
956 1407 1153 1461 agere,
1181 1391 1276 1448 vel
1305 1391 1589 1461 alienare,
1618 1394 1721 1447 aut
1749 1406 1853 1446 au-

156 1476 327 1545 ferre,
361 1479 468 1535 vel
498 1478 833 1537 diminuere
861 1481 1084 1538 audeat
1112 1481 1202 1537 vel
1232 1486 1581 1553 praesumat,
1611 1480 1715 1536 sed
1745 1496 1853 1553 po-

153 1564 270 1621 tius
288 1566 493 1625 ﬁrma
525 1573 584 1627 et
612 1570 849 1627 stabilia
894 1572 1199 1644 perpetuis
1240 1571 1632 1644 temporibus,
1679 1571 1852 1627 sicuti

1966 412 2057 452 κιο
2088 394 2419 452 venerabili
2464 398 2525 452 et
2551 396 2832 468 religioso
2879 401 3107 471 abbati,
3136 419 3176 460 a
3217 406 3394 464 nobis
3430 417 3638 461 conse-

1966 488 2131 540 crato
2158 486 2217 539 et
2244 483 2523 539 ordinato
2554 487 2941 547 sacratissimi
2979 493 3327 551 monasterii
3354 491 3515 551 beati
3535 493 3639 546 Be-

1964 572 2186 639 nedicti
2211 572 2574 629 confessoris
2607 575 2844 650 Christi,
2872 578 2970 636 siti
3006 580 3070 637 in
3088 586 3294 640 monte
3320 581 3429 655 qui
3453 594 3639 637 voca-

1967 668 2061 720 tur
2094 665 2364 719 castrum
2407 662 2628 734 Casini,
2670 681 2917 740 sumque
2964 668 3141 728 almis
3185 667 3643 743 congregationi

1962 756 2322 827 perpetuam
2350 752 2414 808 in
2443 754 2699 811 Domino
2722 756 3000 816 salutem.

2033 840 2091 896 Si
2121 840 2311 914 petita
2334 842 2667 913 apostolica
2710 846 2999 919 suffragia
3029 849 3323 908 universis
3350 845 3645 917 ecclesiis,

1962 934 2218 1001 cogente
2248 929 2579 988 ministerio
2610 950 2734 1007 quo
2758 935 3037 996 videmur
3064 940 3321 1013 praditi,
3352 936 3651 1009 impertiri

1961 1019 2283 1090 debemus,
2312 1034 2451 1092 qua:
2480 1023 2812 1094 specialiter
2840 1027 2921 1083 ad
2944 1033 3225 1087 nostrum
3253 1024 3653 1087 solummodo

1963 1107 2372 1181 apostolatum
2418 1112 2763 1187 respiciunt,
2812 1119 2978 1175 tanto
3027 1119 3201 1176 citius
3253 1115 3656 1193 pleniusque,

1960 1201 2197 1271 quanto
2228 1203 2567 1270 opportune
2596 1203 2690 1258 his
2717 1204 2988 1277 indigere
3036 1209 3502 1280 cognoscimus,
3535 1210 3663 1271 adi-

1960 1287 2116 1360 pisci
2142 1286 2390 1359 debent,
2419 1294 2486 1346 ut
2508 1291 2676 1349 nulla
2697 1293 3064 1361 indemnitas
3090 1295 3566 1360 venerabillbus
3586 1303 3673 1366 ιο.

1961 1378 2047 1432 cis
2080 1376 2400 1449 provenire
2427 1381 2637 1452 possit,
2673 1383 2786 1439 sub
2831 1385 3079 1443 tuitionc
3103 1387 3484 1461 apostolicae
3511 1411 3677 1460 rece-

1958 1465 2100 1538 ptis,
2133 1481 2274 1538 quae
2304 1471 2511 1525 nostro
2540 1469 2788 1528 brachio
2817 1480 3216 1547 repugnante,
3249 1492 3414 1539 non
3438 1488 3683 1555 suhmo.

1959 1560 2194 1612 veatur.
2249 1556 2474 1615 Harum
2504 1560 2763 1635 denique
2793 1569 3140 1622 nostrarum
3171 1567 3684 1650 sollieitudinum

158 1670 195 1711 a
224 1656 410 1713 nobis
446 1660 775 1716 constituta
804 1665 861 1716 et
899 1662 1256 1718 confirmata
1302 1665 1442 1717 sunt
1469 1661 1849 1718 decernimus

1961 1652 2551 1737 recompensatorem
2573 1654 2762 1711 Deum
2793 1654 3058 1725 credere,
3088 1672 3283 1729 quem
3306 1664 3566 1732 eisdem
3593 1680 3678 1737 lo-

160 1750 597 1819 permanenda
628 1768 641 1819 ;
687 1751 737 1806 si
759 1751 895 1823 quis
944 1756 1168 1820 autem,
1198 1752 1362 1824 quod
1391 1767 1520 1807 non
1545 1756 1849 1825 optamus,

165 1838 494 1894 temerario
541 1855 695 1895 ausu
745 1844 953 1897 contra
1004 1832 1121 1897 hoc
1147 1844 1422 1897 nostrum
1454 1841 1851 1913 apostolicum

168 1925 558 2000 privilegium
606 1929 669 1984 in
725 1929 930 2002 aliquo
985 1931 1299 1999 contraire,
1345 1934 1401 1986 et
1446 1935 1853 2001 transgressor

176 2030 303 2071 esse
329 2017 819 2090 prmsumpserit,
841 2018 933 2075 vel
965 2019 1241 2090 frangere
1269 2036 1454 2076 ausus
1480 2019 1674 2088 fuerit,
1702 2024 1759 2076 et
1785 2018 1848 2076 in

179 2105 462 2162 omnibus
516 2106 828 2176 obediens,
879 2112 936 2164 et
984 2108 1335 2165 observator
1380 2125 1510 2165 esse
1570 2108 1845 2177 noluerit,

181 2194 322 2250 sciat
345 2210 409 2250 se
432 2198 789 2253 auctoritate
814 2196 913 2253 Dei
933 2197 1359 2271 omnipotentis
1380 2198 1619 2254 Domini
1637 2196 1846 2269 nostri,

184 2287 238 2338 et
261 2284 681 2355 apostolorum
711 2285 998 2358 principis
1045 2286 1214 2356 Petri,
1248 2286 1343 2342 cui
1368 2286 1503 2343 licet
1529 2286 1844 2356 immerito,

188 2373 283 2429 Dei
313 2376 521 2429 tamen
552 2373 922 2446 dignatione,
956 2376 1219 2445 gerimus
1248 2377 1460 2447 vicem,
1494 2377 1846 2434 anathema-

185 2461 255 2517 tis
304 2461 550 2517 vinculo
597 2461 974 2531 innodatum,
1022 2469 1077 2520 ct
1121 2480 1157 2520 a
1186 2480 1372 2535 regno
1416 2464 1519 2521 Dei
1557 2465 1842 2534 alienum,

185 2555 364 2622 atque
421 2566 561 2606 cum
611 2551 763 2608 Juda
830 2553 1112 2609 traditore
1176 2554 1411 2609 Domini
1465 2555 1653 2611 nostri
1706 2559 1847 2611 Jesu

186 2639 412 2707 Christi,
446 2643 505 2695 et
523 2640 806 2696 omnibus
835 2641 1036 2716 impiis
1068 2642 1264 2698 socius
1295 2642 1369 2698 sit
1390 2643 1453 2698 in
1478 2643 1848 2708 inferno.Qui

184 2743 325 2784 vero
350 2727 454 2801 pio
482 2728 700 2785 intuitu
728 2734 928 2786 custos
971 2736 1028 2787 et
1054 2732 1404 2788 observator
1449 2733 1631 2805 hujus
1658 2733 1847 2790 nostri

184 2816 496 2888 apostolici
546 2817 836 2889 privilegii
861 2820 1129 2889 extiterit,
1172 2821 1394 2876 meritis
1443 2825 1625 2894 atque
1654 2822 1845 2896 preci—

184 2904 302 2961 bus
332 2908 390 2961 Β.
425 2906 579 2961 Petri
609 2908 1025 2979 apostolorum
1068 2909 1373 2982 principis,
1406 2914 1463 2966 et
1499 2912 1597 2968 SS.
1625 2916 1848 2984 marty-

1960 1733 2048 1834 cis
2078 1734 2279 1834 quiete
2290 1736 2537 1834 laudari
2562 1745 3034 1814 optamus.Nam
3063 1749 3229 1807 tanto
3250 1747 3424 1811 inibi
3448 1733 3672 1834 degeﬁ-

1962 1825 2114 1880 tium
2163 1824 2376 1883 laudes
2409 1833 2467 1885 et
2511 1846 2722 1903 preces
2750 1836 2926 1889 erunt
2958 1835 3397 1911 acceptabiles,
3428 1824 3662 1918 quan

1959 1917 2194 1971 mentes
2224 1931 2436 1973 eorum
2466 1918 2546 1974 ab
2579 1920 2749 1977 omm’
2779 1923 3253 1995 perturbatione,
3300 1917 3488 1988 nobis
3527 1939 3653 1994 sui-

1961 2001 2362 2073 fragantibus,
2395 2006 2615 2064 fuerint
2643 2008 2873 2066 alienis.
2899 2011 3083 2082 Igitur
3109 2013 3257 2085 quia
3284 2021 3646 2087 postulastis

1956 2107 1994 2146 a
2023 2091 2203 2155 nobis
2227 2100 2529 2167 quatenus
2558 2099 2997 2158 monasterium
3012 2104 3213 2159 Sancti
3242 2105 3553 2166 Benedicti
3579 2112 3643 2167 in

1955 2186 2162 2238 monte
2181 2184 2404 2243 Casino
2434 2187 2637 2257 situm,
2663 2188 2841 2259 cujus
2861 2189 3102 2249 abbatis
3121 2197 3641 2256 consecrationem

1955 2287 2151 2344 nuper
2176 2290 2251 2330 ex
2290 2276 2458 2334 dono
2504 2277 2919 2350 piissimorum
2970 2281 3206 2339 Henrici
3252 2290 3312 2340 et
3350 2287 3635 2359 Conradi,

1953 2359 2395 2433 imperatorum
2427 2368 2861 2439 Romanorum,
2885 2371 3286 2444 suscepimus,
3308 2377 3367 2430 et
3390 2388 3502 2447 per
3519 2391 3635 2432 nos

1955 2452 2013 2504 et
2041 2465 2423 2510 successores
2468 2459 2712 2512 nostros
2746 2456 2809 2512 in
2839 2463 3225 2533 perpetuum,
3264 2478 3434 2519 more
3459 2468 3632 2521 ante-

1955 2553 2264 2597 eessorum
2320 2548 2693 2610 nostrorum,
2750 2545 3066 2619 privilegio
3124 2551 3525 2623 muniremus,
3575 2556 3633 2608 et

1950 2627 2069 2684 sub
2109 2629 2525 2695 interdictione
2578 2633 2978 2693 anathematis
3025 2638 3183 2697 loca.
3213 2656 3326 2697 sua
3353 2642 3633 2707 defende-

1952 2732 2156 2773 remus
2184 2722 2246 2775 et
2290 2720 2833 2793 conﬁrmaremus;
2889 2725 3156 2785 inclinati
3194 2730 3475 2802 precibus
3510 2731 3627 2787 tuis

1953 2804 2311 2875 pradictum
2353 2811 2797 2869 monasterium
2854 2814 3029 2872 tibia
3051 2817 3231 2874 nobis
3257 2824 3625 2889 consecrato,

1956 2901 2530 2976 successoribusque
2560 2905 2696 2972 tuis,
2727 2921 2764 2961 a
2788 2906 2967 2964 nobis
2997 2913 3057 2966 et
3080 2925 3119 2966 a
3150 2912 3367 2968 nostris
3391 2928 3628 2970 succes-

190 3011 329 3050 rum
364 2996 593 3052 Ruﬁnae
624 3002 681 3052 et
712 2998 1000 3054 Secundae
1028 2999 1089 3055 in
1118 3000 1388 3056 mthereis
1426 3001 1665 3057 arcibus
1694 3019 1846 3075 pree-

1961 2985 2194 3083 soribus
2233 2989 2303 3083 in
2346 2996 2706 3065 perpetuum
2735 2995 2903 3052 nulla
2940 2998 3233 3068 pravitate
3286 3000 3630 3058 Simoniaca

182 3083 309 3140 mia
350 3088 406 3140 et
434 3084 868 3142 benedictionis
902 3089 1154 3156 gratiam
1176 3093 1355 3161 atque
1375 3089 1849 3147 misericordiam
1955 3077 2386 3137 ίηίθννθοίθηίθ
2413 3084 2857 3154 consecrandis,
2906 3088 3297 3146 ϐοΠοθάὶωιιο
3326 3094 3385 3147 8t
3409 3092 3628 3148 conﬁr-

179 3187 219 3228 ο.
242 3173 411 3243 justo
433 3173 636 3244 judice
667 3174 920 3230 Domino
944 3177 1064 3231 Deo
1092 3181 1319 3246 nostro,
1346 3177 1652 3251 vitamque
1680 3183 1847 3235 esten

174 3276 329 3319 nam
358 3264 664 3335 percipere
693 3267 749 3319 et
778 3264 1045 3321 invenire
1079 3270 1380 3323 mereatur
1406 3267 1468 3323 in
1494 3268 1713 3325 saecula
1744 3285 1851 3325 sm-

173 3350 479 3409 culorum.
511 3356 722 3409 Amen.

253 3440 553 3513 Scriptum
599 3456 707 3514 per
751 3458 969 3499 manus
1015 3443 1179 3515 Sergi
1210 3444 1501 3502 scriniarii
1547 3452 1605 3505 et
1631 3447 1847 3505 notarii

173 3529 340 3587 sacri
380 3529 566 3586 nostri
608 3530 815 3603 palatii
862 3548 1069 3589 mense
1116 3535 1486 3606 Novembris,
1522 3536 1845 3594 indictione

174 3618 595 3694 suprascripta
627 3636 698 3675 v1.
733 3622 890 3677 Bene
920 3623 1130 3679 valete.

252 3707 607 3766 Benedictus
658 3712 712 3766 S.
744 3710 1116 3768 Fallaritanse
1147 3716 1204 3768 et
1250 3714 1593 3771 Gastellanae
1621 3716 1848 3789 episco-

172 3814 321 3873 pus.
370 3801 490 3870 Ego
519 3799 835 3870 Gregorius
878 3800 932 3856 S.
986 3800 1054 3856 R.
1090 3801 1360 3858 Ecclesiae
1409 3804 1755 3877 designatus
1783 3807 1846 3863 in

170 3887 474 3958 regimine
503 3890 560 3945 S.
582 3889 915 3947 Tudertinm
947 3890 1229 3948 ecclesiae.
1261 3895 1383 3962 Ego
1411 3896 1523 3950 Leo
1554 3895 1848 3953 diaconus

177 3980 240 4035 S.
289 3976 359 4032 R.
411 3977 695 4034 ecclesias.
748 3978 1099 4036 Benedictus
1160 3980 1612 4039 oblationarius.
1667 3987 1848 4042 Bene-

172 4066 380 4123 dictus
409 4066 730 4123 cardinalis
770 4068 920 4125 tituli
966 4070 1203 4145 Equitii.
1250 4070 1465 4128 Bonizo
1513 4073 1847 4147 presbyter,

172 4160 239 4213 et
268 4155 686 4212 vicedominus
715 4159 771 4214 S.
797 4156 1042 4229 Ruﬁnus,
1067 4162 1124 4215 et
1151 4159 1503 4231 designatus
1532 4163 1723 4233 gratia
1748 4165 1851 4221 Dei

171 4246 505 4318 episcopus
533 4250 861 4303 Tuscanen.
890 4251 1015 4319 Ego
1038 4249 1413 4306 Crescentius
1439 4251 1848 4310 subdiaconus

170 4335 259 4391 de
287 4337 517 4435 Joanne
570 4335 646 4437 de
692 4338 982 4437 Romano.
1019 4338 1400 4437 Decernimus
1425 4356 1611 4437 ergo,
1643 4346 1753 4400 etc.
1793 4344 1851 4401 Si
1883 4383 1927 4437 Β

171 4440 325 4497 quae
366 4424 567 4497 igitur,
596 4428 708 4482 etc.
738 4424 979 4482 Cunctis
1008 4431 1232 4499 autem,
1263 4432 1374 4485 etc.
1405 4430 1617 4486 Amen.

971 4517 1059 4572 1V.

178 4603 554 4679 Benedictus
569 4604 658 4659 1X
680 4603 833 4679 bona
851 4607 1122 4679 juraque
1145 4609 1495 4664 monasterii
1516 4609 1856 4670 Casinensis

257 4672 602 4754 conﬁrmat,
633 4696 661 4725 ‹‹
692 4672 868 4754 cuius
909 4672 1142 4754 abbatis
1188 4683 1712 4754 consecrationem,
1756 4686 1849 4742 in-

253 4747 407 4820 quit,
438 4762 632 4818 nuper
661 4762 736 4803 ex
760 4747 914 4805 dono
928 4750 1308 4820 pissimorum
1336 4752 1593 4809 Henrici
1615 4760 1669 4809 et
1692 4747 1853 4812 ’ϐοη-

254 4818 403 4894 radi
456 4820 895 4894 imperatoriam
940 4818 1348 4894 Romanorum
1404 4826 1852 4894 suscepimus.»

254 4890 639 4969 (Clanculum
672 4890 844 4946 editis
876 4892 1057 4969 {mitte
1089 4894 1267 4966 hujus
1307 4890 1591 4969 campus
1617 4899 1851 4969 apposi-

256 4965 386 5018 tam
415 4977 450 5018 α
483 4963 659 5018 verbo
699 4983 727 5011 ‹‹
775 4964 1065 5033 scriptum
1099 4987 1127 5013 ››
1168 4963 1361 5033 ἀερωθ
1390 4963 1486 5024 ad~
1518 4990 1547 5017 «
1574 4963 1850 5028 vice-sima

252 5048 472 5112 nona}:
482 5034 565 5112 ad
592 5034 904 5112 Benedicti
934 5034 1047 5112 Vl!
1046 5036 1081 5088 Ι
1092 5034 1361 5112 tabulam
1379 5036 1587 5112 [supra
1599 5042 1850 5100 Benedi-

252 5109 354 5160 cto
392 5104 1140 5186 V[I[,nan_z.29_]‘pertinere
1158 5122 1239 5186 ea:
1256 5104 1428 5165 Petfi
1451 5104 1845 5186 Regest.n.t8,

250 5180 452 5250 monet
476 5177 731 5250 qattala
746 5177 902 5250 Hist.
924 5177 1128 5233 Casin.
1150 5182 1399 5250 l19,quo
1422 5177 1563 5241 teste
1594 5186 1711 5242 ista
1741 5177 1849 5243 Βεέ

251 5247 485 5303 nedicti
494 5247 529 5303 Ι
529 5247 591 5303 Χ
597 5247 811 5326 charta
825 5247 915 5326 Itis
929 5247 1521 5326 teivnAz'natur'verbis:
1532 5277 1558 5304 ‹‹
1575 5258 1846 5326 Sriptum

244 5333 373 5391 per,
397 5334 643 5376 manum
674 5318 867 5391 Sergii
892 5321 1202 5376 scriniarii
1230 5328 1283 5379 et
1314 5328 1542 5380 notarii
1559 5318 1720 5385 sacri
1745 5345 1849 5386 no-

252 5390 376 5446 stri
399 5392 640 5461 palatii,
672 5390 816 5447 Kal.
836 5392 1010 5464 Julii,
1034 5392 1243 5448 indict.
1264 5408 1338 5451 ιν.
1358 5395 1520 5452 Bene
1549 5400 1784 5472 valete.)
1818 5424 1845 5451 ››

816 5480 1009 5551 (Anno
1043 5484 1224 5554 1038.)

453 5571 814 5641 [Mancinum
845 5570 1090 5628 Butler.
1126 5570 1354 5641 Casia,
1380 5573 1449 5645 ll,
1478 5575 1590 5647 79].

253 5660 601 5716 Bsnomrus
627 5658 947 5732 episcopus
974 5676 1177 5717 servus
1213 5678 1521 5721 servorum
1551 5664 1673 5735 Dei,
1717 5667 1854 5726 cha-

1948 3179 2219 3237 mamus,
2269 3184 2410 3225 cum
2439 3170 2726 3229 omnibus
2772 3174 3060 3245 ecclesiis,
3113 3178 3294 3247 cellis,
3345 3180 3621 3248 castellis,

1950 3256 2065 3309 etc.
2098 3256 2240 3313 Post
2268 3273 2413 3315 vero
2443 3259 2676 3317 obitum
2715 3266 2889 3320 tuum
2920 3280 3105 3323 nemo
3125 3266 3275 3324 inibi
3305 3268 3627 3329 constituat

1956 3340 2263 3414 abbatem,
2304 3346 2420 3403 nisi
2449 3364 2634 3421 quem
2676 3358 3011 3413 conventus
3038 3359 3098 3413 et
3142 3357 3422 3414 voluntas
3462 3374 3626 3415 com-

1956 3431 2159 3489 munis
2186 3434 2440 3493 fratrum
2469 3454 2542 3493 ex
2586 3438 2720 3512 ipsa
2748 3444 3214 3515 congregatione
3259 3446 3538 3518 elegerit;
3568 3452 3627 3505 et
3734 3470 3739 3475 ί

1956 3519 2178 3577 electus
2201 3524 2282 3580 ad
2324 3541 2437 3582 nos
2464 3527 2559 3584 vel
2588 3544 2968 3590 successores
2996 3539 3236 3593 nostros
3264 3551 3625 3594 consecran-

1955 3608 2072 3665 dus
2101 3613 2305 3682 gratis,
2338 3619 2397 3671 et
2440 3616 2568 3673 sine
2593 3619 2786 3691 pretio
2814 3622 3058 3694 veniat;
3107 3625 3277 3698 quod
3305 3626 3354 3683 si
3380 3626 3626 3684 aliunde

1956 3701 2203 3771 venerit,
2235 3703 2330 3760 vel
2358 3704 2440 3762 ab
2481 3706 2599 3763 alio
2627 3708 2832 3782 aliquo
2879 3712 3335 3788 archiepiscopo
3380 3716 3473 3773 vel
3499 3717 3626 3791 epi-

1958 3803 2144 3860 scopo
2189 3796 2640 3852 consecrandus
2703 3799 3002 3872 maluerit,
3058 3808 3201 3860 tunc
3244 3810 3627 3863 consecrator

1956 3879 2015 3931 et
2041 3886 2427 3938 consecratus
2476 3885 2804 3942 anathema
2845 3888 2982 3945 sint.
3022 3891 3105 3947 Et
3146 3892 3336 3961 infra.
3378 3897 3627 3966 Insuper

1955 3968 2288 4038 apostolica
2317 3986 2595 4044 censura,
2628 3990 2736 4031 seu
2764 3974 2952 4032 divini
2972 3977 3185 4048 judicii
3226 3980 3626 4040 obtestatione

1956 4058 2341 4131 praecipimus
2371 4064 2437 4116 ut
2479 4062 2681 4120 nullus
2705 4065 3028 4140 episcopus
3051 4076 3386 4143 praesumat
3412 4072 3475 4130 in
3494 4074 3625 4145 jam

1957 4145 2115 4203 dicto
2169 4150 2557 4225 monasterio,
2605 4153 2702 4209 vel
2756 4154 2819 4210 in
2868 4157 3138 4215 ecclesiis
3178 4160 3293 4221 sibi
3342 4162 3626 4235 subjectis

1959 4236 2333 4295 sacerdotem
2411 4244 2960 4316 excommunicare,
3012 4249 3109 4306 vel
3177 4251 3258 4309 ad
3316 4254 3626 4327 synodum

1958 4341 2309 4399 provocare,
2367 4335 2478 4389 etc.
2536 4333 2595 4391 Si
2624 4335 2761 4408 quis
2807 4342 3032 4410 autem,
3076 4341 3244 4415 quod
3288 4358 3412 4401 non
3459 4348 3628 4417 opta-

1958 4431 2121 4489 mus,
2149 4418 2379 4476 nefario
2405 4436 2559 4478 ausu
2583 4428 3034 4500 prmsumpserit
3058 4429 3189 4487 hac
3215 4447 3354 4504 quea
3382 4448 3420 4488 a
3447 4432 3625 4488 nobis

1957 4505 2038 4561 ad
2059 4505 2299 4563 laudem
2334 4509 2456 4579 Dei,
2487 4527 2600 4584 pro
2628 4514 2946 4573 stabilitate
2985 4517 3117 4588 jam
3145 4518 3289 4575 dicti
3316 4525 3624 4577 monaste-

1959 4592 2030 4649 rii
2058 4598 2281 4654 statuta
2305 4603 2445 4655 sunt
2470 4600 2778 4674 refragari,
2810 4608 2914 4659 aut
2956 4604 3018 4659 in
3046 4621 3413 4682 quocunque
3460 4613 3623 4667 tran-

1960 4684 2179 4759 sgredi,
2212 4686 2359 4749 sciat
2388 4705 2471 4758 se,
2504 4690 2623 4746 nisi
2643 4691 2974 4765 resipuerit,
2996 4695 3397 4754 anathematis
3415 4697 3624 4756 vincu-

1956 4770 2029 4829 lis
2054 4773 2414 4835 innodatum
2445 4781 2503 4835 et
2530 4795 2568 4836 a
2590 4794 2778 4851 regno
2808 4779 2911 4839 Dei
2935 4779 3221 4854 alienum;
3252 4790 3469 4847 etcum
3498 4788 3623 4849 dia-

1956 4862 2100 4921 bolo
2123 4869 2181 4922 et
2208 4867 2336 4937 ejus
2383 4867 2777 4931 atrocissimis
2807 4871 3069 4944 pompis,
3110 4877 3291 4948 atque
3318 4878 3473 4935 luda
3502 4882 3621 4937 tra-

1956 4953 2147 5012 ditore
2181 4955 2415 5012 Domini
2441 4957 2628 5014 nostri
2656 4961 2794 5016 Jesu
2820 4960 3033 5018 Christi
3060 4962 3124 5019 in
3152 4966 3387 5023 internis
3415 4967 3620 5026 incen-

1954 5040 2068 5097 diis
2098 5046 2156 5098 et
2189 5043 2495 5117 suppliciis
2541 5048 3020 5107 concremandus
3068 5051 3141 5109 sit
3181 5053 3523 5128 deputatus.
3550 5062 3622 5114 At

1955 5146 2097 5187 vero
2123 5131 2228 5204 qui
2254 5131 2356 5206 pio
2382 5132 2601 5192 intuitu
2630 5142 3016 5197 conservator
3035 5144 3094 5196 et
3118 5140 3181 5199 in
3200 5145 3485 5203 omnibus
3514 5164 3618 5203 cu-

1955 5220 2221 5279 stodiens
2253 5222 2555 5296 exstiterit,
2606 5226 2789 5298 hujus
2817 5230 3130 5301 apostolici
3151 5233 3423 5307 instituti,
3452 5241 3510 5293 et
3538 5238 3618 5295 ad

1954 5309 2183 5366 cultum
2210 5311 2310 5367 Dei
2338 5314 2818 5388 respicientibus,
2840 5317 3274 5379 benedictionis
3299 5326 3552 5395 gratiam
3582 5341 3621 5385 ι

1954 5399 2512 5462 misericordissimo
2560 5406 2813 5462 Domino
2859 5410 2979 5465 Deo
3026 5415 3255 5483 nostro,
3303 5429 3411 5487 per
3438 5416 3617 5474 inter-

1956 5490 2292 5552 cessionem
2318 5493 2480 5555 beati
2503 5496 2655 5557 Petri
2693 5498 3105 5570 apostolorum
3133 5502 3441 5578 principis,
3467 5511 3527 5564 et
3555 5512 3615 5564 Β.

1957 5580 2320 5639 confessoris
2346 5584 2649 5643 Benedicti
2685 5586 3087 5663 multipliciter
3107 5601 3531 5669 consequatur,
3563 5603 3621 5656 et

1958 5673 2098 5729 vitae
2146 5678 2381 5732 aeterm;
2425 5676 2725 5751 particeps
2771 5695 2901 5736 esse
2955 5688 3273 5743 mereatur.
3322 5687 3619 5763 Scriptum
