4020 6176
298 152 307 157 -
392 132 527 188 1359

1744 123 1879 179 BEN
1885 118 2121 178 EDICTI
2161 123 2227 177 IX
2266 123 2466 179 ΡΔΡΔΞ

3710 142 3835 194 1360

386 272 494 329 per
523 269 776 310 manum
822 249 1106 323 Stephani
1130 247 1595 321 protoscriniarii
1634 250 1855 302 sanctae
1885 244 2043 301 sedis
2071 243 2123 298 Α
2163 245 2237 316 (1)
2287 247 2479 312 Quem
2524 249 2769 321 quidem
2795 256 2855 308 et
2894 252 3179 311 honestas
3228 271 3504 321 morum,
3556 258 3720 315 sicut
3747 277 3835 316 no-

387 343 750 419 apostolicm,
778 355 985 396 mense
1011 338 1188 394 Junio
1208 338 1530 394 indictione
1560 354 1630 391 Vl.

460 435 611 489 Bene
641 430 850 520 valete.
913 518 924 520 _
1513 518 1538 520 _
1709 514 1719 520 ι
1860 513 1871 520 _
2030 509 2042 520 .

458 525 673 577 Datum
705 518 952 575 Kalend.
984 516 1119 572 Julii
1138 532 1245 588 per
1268 531 1487 571 manus
1511 514 1754 570 Bosonis
1779 513 2047 585 episcopi

383 614 608 667 sanctae
627 609 945 665 Tiburtinae
968 606 1266 669 Ecclesite,
1284 611 1341 660 et
1362 604 1798 660 bibliothecarii
1824 606 2045 659 sanctae

382 700 541 756 sedis
584 696 949 771 apostolicae,
1009 710 1172 749 anno
1218 694 1296 749 ab
1348 693 1754 749 incarnatione
1810 690 2046 746 Domini

384 793 541 857 1038,
597 786 979 860 pontiﬁcatus
1036 800 1179 839 vero
1235 783 1445 838 domui
1501 782 1800 838 Benedicti
1847 780 2045 836 octavi

380 894 558 951 papa:
584 874 841 931 sedentis
891 888 1054 929 anno
1088 889 1159 939 v1,
1208 871 1441 943 imperii
1486 886 1628 926 vero
1655 870 1863 925 domni
1893 871 2042 925 Con-

380 966 509 1022 radi
556 962 935 1037 imperatoris
989 965 1398 1016 Romanorum
1455 977 1556 1028 xu,
1609 958 1931 1015 indictione
1961 975 2037 1026 vi,

379 1071 586 1112 mense
608 1053 764 1110 Junii
792 1052 888 1108 die
914 1068 1074 1106 xxxx.

1176 1142 1236 1194 V.

376 1234 734 1290 Benedictus
764 1233 852 1286 IX
877 1232 1170 1300 Poppom‘,
1199 1230 1647 1299 archiepiscopo
1678 1228 2034 1295 Trevirensi,

449 1324 786 1393 adjutorem
807 1322 1024 1376 mittit:
1066 1321 1397 1375 Simeonem
1426 1321 1487 1374 in
1514 1324 1750 1376 sanctos
1774 1318 2034 1375 relatum

448 1415 712 1469 nuntiat.

1016 1501 1209 1569 (Anno
1235 1499 1409 1568 1041).

2160 336 2322 390 mine
2351 336 2593 405 indicat,
2624 345 2682 395 et
2703 356 2891 412 sagax
2939 343 3123 399 animi
3144 343 3550 416 pulchritudo
3576 347 3836 411 decorat.

2155 440 2340 497 quem
2380 427 2517 483 huic
2547 430 2787 499 negotio
2818 432 3196 504 aptissimum
3227 435 3621 505 censuimus,
3663 454 3838 510 quem

2156 514 2259 569 Dei
2282 514 2521 573 ﬁdelem
2552 523 2607 573 et
2630 519 2989 591 prudentem
3020 539 3265 578 servum
3293 525 3738 595 cognovimus,
3756 530 3841 583 cui

2153 608 2211 659 et
2238 606 2458 662 astutia
2487 609 2778 681 serpentis
2806 616 2864 665 et
2885 611 3182 668 columbae
3214 612 3611 686 simplicitas;
3644 616 3722 671 de
3750 635 3839 672 cu-

2146 692 2249 763 jus
2304 696 2764 766 quodammodo
2818 699 2992 755 labiis
3020 700 3218 757 ﬂuunt
3268 702 3486 771 mella,
3516 719 3636 776 pro
3666 712 3835 778 captu

2152 782 2524 840 audientium
2554 786 2807 842 ccelestis
2827 788 3147 844 ambrosia:
3163 790 3351 863 plena
3376 809 3391 855 ;
3423 807 3629 864 quem
3660 809 3699 847 a
3726 810 3836 848 cor-

2152 874 2511 915 n’nrannetrn
2534 874 2690 915 volnt
2711 875 3020 915 Αργίοιηιπι
3038 894 3176 915 cana
3188 880 3469 915 ravimnc
3490 879 3811 915 Ινιηιιι-ιίηηι

2150 874 2293 942 p’ore
2306 877 2511 929 nostro
2534 874 2693 930 velut
2711 875 3024 932 dexterum
3037 880 3471 950 separavimus
3486 879 3833 947 brachium,

2146 958 2548 1032 imprecantes
2598 963 2653 1018 ei
2705 964 2957 1019 salutem
3013 970 3071 1021 et
3120 966 3446 1036 gaudium.
3512 969 3834 1039 Dirigimus

2146 1064 2289 1118 ergo
2316 1050 2487 1106 illum
2523 1057 2586 1108 ut
2613 1052 2917 1109 solatietur
2937 1054 3109 1110 vobis
3136 1055 3200 1110 in
3217 1058 3711 1113 necessitatibus
3744 1076 3832 1113 ve-

2146 1139 2299 1209 stris,
2317 1142 2392 1211 (2)
2425 1146 2548 1196 tam
2578 1142 2797 1199 scilicet
2824 1144 2886 1198 in
2913 1160 3093 1216 opere
3115 1147 3639 1211 consecrationis,
3658 1164 3831 1220 quam

2145 1229 2325 1285 etiam
2352 1230 2414 1285 in
2446 1232 2725 1288 unctione
2755 1234 3256 1303 conﬁrmationis,
3287 1242 3350 1291 et
3376 1237 3427 1290 si
3461 1236 3627 1309 quid
3650 1237 3713 1292 in
3742 1255 3831 1293 ne-

2146 1319 2523 1375 cessitatibus
2570 1321 2717 1385 aliis,
2769 1325 2886 1378 Deo
2914 1322 3173 1392 favente,
3228 1323 3489 1395 valebit,
3525 1341 3647 1397 pro
3674 1326 3834 1381 libita

2143 1413 2352 1464 vestras
2382 1415 2605 1465 sanctae
2652 1410 3032 1466 fraternitatis
3059 1431 3072 1477 ;
3126 1417 3189 1467 ut
3220 1412 3399 1468 illum
3432 1418 3731 1484 tractare,
3761 1416 3833 1470 uti

2142 1496 2333 1569 decet,
2363 1514 2489 1554 non
2510 1498 2838 1555 detrectetis
2886 1500 2981 1555 vel
3010 1500 3431 1569 dissimuletis,
3486 1503 3689 1567 nulla,
3719 1521 3833 1560 cre-

375 1592 739 1665 [Hontheim,
766 1591 924 1645 Hist.
958 1590 1181 1645 Trevir.
1212 1589 1623 1657 diplom.,tom
1648 1588 1687 1654 ἶ,
1710 1602 1850 1659 pag.
1885 1587 2031 1657 376].
2064 1600 2105 1655 Β
2142 1586 2367 1659 dimus,
2426 1588 2831 1644 admonitione
2875 1589 3176 1659 indigetis,
3228 1608 3373 1646 cum
3438 1599 3660 1648 vestra
3682 1592 3833 1650 beni—

446 1686 808 1745 Bexemcrus,
863 1679 1201 1751 episcopus,
1276 1694 1483 1732 servus
1543 1692 1856 1733 servorum
1911 1677 2032 1747 Dei,

374 1776 611 1827 Porrom
642 1785 764 1824 non
794 1773 917 1823 tam
949 1767 1069 1822 suis
1098 1766 1342 1833 meritis,
1374 1782 1561 1837 quam
1608 1765 1810 1821 divino
1840 1766 2033 1822 chari-

373 1864 561 1914 smate
590 1856 967 1912 Trevirorum
1014 1853 1485 1925 archiepiscopo,
1522 1853 1774 1908 salutem
1803 1859 1862 1910 et
1889 1870 2032 1926 apo-

372 1946 644 2002 stolicam
671 1942 1170 1998 benedictionem.

444 2033 707 2106 Sumptis
727 2031 1072 2088 reverentiae
1099 2035 1308 2085 vestrae
1332 2030 1555 2095 litteris,
1578 2034 1635 2086 et
1654 2030 1819 2086 lectis
1849 2036 2028 2104 atque

366 2124 597 2180 relectis
628 2123 689 2177 in
744 2122 868 2177 imo
916 2120 1094 2176 corde
1123 2135 1333 2175 earum
1383 2121 1506 2175 vim
1534 2120 1933 2192 reposuimus,
1965 2126 2030 2177 ut

365 2215 540 2270 vobis
568 2211 906 2286 petentibus
931 2209 1271 2266 desiderata
1294 2208 1783 2277 concederemus,
1801 2226 1947 2265 nam
1966 2209 2030 2265 il-

364 2304 479 2359 lius
525 2302 797 2373 regulam
845 2298 1116 2368 magistri
1166 2314 1279 2353 nos
1328 2302 1580 2370 oportet,
1619 2298 1681 2353 in
1731 2304 2027 2370 quantum

364 2409 717 2467 possumus,
766 2388 1007 2457 imitari,
1056 2387 1159 2459 qui
1204 2404 1265 2442 se
1310 2386 1464 2442 bene
1513 2387 1853 2460 petentibus
1903 2404 2027 2444 non

363 2483 737 2549 obstinatus;
796 2496 857 2535 se
908 2480 970 2534 in
1024 2477 1267 2533 veritate
1318 2477 1727 2549 quaerentibus
1776 2493 1902 2533 non
1939 2482 2028 2535 est

362 2572 795 2646 prolongatus;
854 2585 966 2624 nec
1019 2568 1091 2623 ad
1169 2566 1325 2622 fores
1385 2583 1527 2622 suas
1578 2572 2027 2638 perseveranter

361 2662 743 2735 pulsantibus
790 2659 869 2714 ad
910 2656 1306 2730 aperiendum
1352 2656 1707 2712 retardatur.
1765 2661 1837 2713 At
1889 2673 2024 2729 nos,

362 2752 498 2807 licet
554 2749 778 2806 tardius
802 2763 990 2820 quam
1036 2745 1399 2817 cupivimus,
1451 2744 1529 2798 ad
1564 2760 1783 2800 sonum
1823 2749 2021 2802 tamen

358 2839 595 2912 paginae
625 2842 858 2899 vestrae,
891 2851 1001 2908 pro
1052 2835 1268 2889 aﬁ‘ectu
1318 2832 1776 2905 respondemus,
1826 2851 2023 2907 neque

2142 1677 2384 1747 gnitatis
2414 1677 2553 1733 inde
2580 1679 2652 1733 sit
2679 1678 2980 1749 profusior
3006 1679 3167 1735 unde
3202 1681 3397 1737 etiam
3427 1683 3727 1738 sanctior.
3761 1686 3830 1738 De

2140 1771 2356 1823 caetero
2405 1768 2485 1823 ad
2540 1768 2736 1822 virum
2792 1767 2961 1823 illum
3016 1770 3370 1826 Simeonem
3426 1772 3825 1838 veniendum,

2138 1872 2324 1928 quem
2353 1856 2752 1912 innumerosis
2780 1862 3199 1914 coruscantem
3233 1860 3585 1925 miraculis,
3618 1861 3827 1917 divinis

2135 1945 2575 2018 perfulgentem
2608 1944 2920 2000 virtutibus
2969 1947 3292 2002 ostenditis
3320 1967 3335 2015 ;
3385 1966 3465 2004 ex
3496 1966 3631 2022 quo
3652 1949 3827 2022 liquet

2137 2049 2280 2089 eum
2304 2034 2366 2088 in
2396 2033 2592 2103 fragili
2630 2049 2877 2105 corpore
2909 2034 3265 2090 thesaurum
3297 2036 3631 2107 bajulasse
3660 2039 3822 2110 spiri-

2138 2124 2317 2180 tualis
2347 2124 2573 2193 gratiae,
2602 2128 2666 2178 ut
2692 2139 2813 2178 non
2846 2123 3043 2179 solum
3092 2125 3207 2180 sibi
3246 2126 3601 2198 providerit
3633 2128 3712 2183 ad
3738 2144 3820 2183 sa-

2135 2212 2344 2279 lutem,
2378 2214 2483 2268 sed
2511 2211 2640 2268 aliis
2667 2229 2907 2285 quoque
2933 2217 3113 2285 atque
3143 2213 3278 2269 aliis
3306 2215 3395 2270 ad
3425 2216 3819 2290 multiplicem

2136 2302 2473 2358 sanitatem.
2508 2302 2657 2367 Quia
2684 2301 2861 2370 igitur
2901 2302 2981 2357 ad
3002 2307 3295 2358 aeternam
3342 2303 3527 2360 illam
3574 2322 3813 2361 summm

2134 2389 2427 2446 felicitatis
2452 2390 2906 2463 perpetuitatem
2923 2406 2994 2445 ac
3021 2391 3266 2447 caeleste
3285 2395 3677 2450 consortium
3698 2411 3818 2467 per-

2134 2479 2369 2535 venisse
2398 2479 2675 2547 creditur,
2726 2482 2875 2533 sicut
2924 2495 3106 2552 opere
3154 2482 3485 2550 signorum
3547 2484 3816 2556 frequen-

2132 2567 2250 2623 tius
2277 2568 2581 2641 panditur,
2613 2572 2828 2623 nostra:
2860 2568 3207 2639 apostolica:
3269 2572 3663 2628 auctoritatis
3700 2589 3816 2627 seu.

2134 2657 2336 2725 tentia,
2362 2656 2660 2727 judicium
2690 2656 2875 2711 divini
2915 2656 3124 2711 arbitri
3172 2665 3410 2729 secuta,
3436 2665 3502 2715 et
3548 2661 3815 2733 complu-

2130 2746 2289 2801 rium
2320 2745 2569 2800 fratrum
2596 2750 2935 2801 nostrorum
2968 2761 3224 2802 assensu
3250 2748 3532 2816 suffulta,
3559 2750 3817 2806 decernit

2132 2835 2415 2890 eumdem
2447 2835 2644 2913 virum
2689 2834 2788 2889 Dei
2818 2835 3158 2890 Simeonem
3203 2842 3347 2908 post
3381 2838 3552 2893 hanc
3584 2856 3816 2913 semper

361 2928 523 2984 enim
550 2926 807 2983 facimus
857 2923 1022 2995 quod
1071 2923 1351 2978 volumus
1401 2939 1540 2977 cum
1584 2922 1886 2994 volumus,
1918 2924 2019 2979 sed
2050 2949 2093 3005 ρ
2131 2928 2188 2980 et
2209 2941 2403 2997 usque
2435 2912 2714 2979 sanctum
2743 2924 2962 2979 debere
2992 2926 3318 2991 nominari,
3351 2929 3623 3001 ejusque
3652 2912 3813 2985 nata-

360 3035 500 3074 cum
545 3016 849 3083 divinitus,
888 3019 952 3069 ut
989 3012 1299 3080 faciamus,
1358 3012 1708 3084 accipimus,
1765 3029 2023 3087 quaeque

360 3109 482 3164 suis
557 3104 929 3179 temporibus
997 3119 1260 3175 superna
1323 3101 1637 3175 dispositio
1703 3102 2017 3175 coaptavit.

358 3198 532 3266 Quod
563 3198 740 3268 igitur
769 3193 1121 3250 meministis
1152 3192 1357 3248 sedem
1390 3192 1802 3264 apostolicam,
1826 3193 1921 3249 cui
1949 3209 2022 3248 ex

356 3288 563 3344 divina
587 3284 932 3356 dignatione
962 3282 1375 3355 praesidemus,
1404 3280 1583 3336 totius
1609 3280 2019 3337 ecclesiastica:

322 3375 779 3451 ,pastoralitatis
827 3389 956 3428 esse
1004 3372 1323 3439 refugium,
1378 3374 1439 3428 ut
1489 3371 1640 3425 votis
1680 3371 1890 3425 vestris
1940 3369 2019 3426 ad

352 3483 489 3521 eam
522 3461 1005 3532 confugientibus
1038 3474 1444 3514 annueremus
1476 3459 1701 3513 meritis
1734 3458 2020 3530 amplexi-

354 3554 490 3619 bus,
522 3552 650 3607 haec
693 3552 826 3622 ipsa
856 3548 1041 3603 verba
1086 3547 1471 3615 donavimus,
1514 3547 1739 3618 quippe
1782 3562 1921 3602 cum
1950 3548 2021 3602 sit

353 3640 523 3709 origo
555 3644 610 3695 et
640 3639 1101 3694 fundamentum
1146 3634 1556 3701 ecclesiarum,
1585 3635 1839 3691 Domino
1883 3653 2019 3692 con-

350 3728 677 3785 fessionem
708 3726 857 3782 Petri
883 3724 1072 3780 taliter
1098 3727 1564 3795 compensante:
1602 3725 1687 3777 Tu
1716 3739 1774 3780 es
1801 3726 2017 3781 Petrus

352 3826 407 3877 et
436 3834 618 3889 super
666 3819 823 3875 hanc
852 3820 1085 3886 petram
1115 3813 1418 3882 aediﬁcabo
1447 3814 1772 3869 Ecclesium
1802 3830 2013 3872 meam.

352 3910 612 3981 Dignum
643 3906 821 3981 plane
841 3905 1079 3962 videtur
1106 3908 1168 3959 ut
1187 3902 1384 3959 omnis
1412 3900 1743 3958 Christiana
1762 3902 2017 3961 ﬁdelitas

351 4001 428 4055 ad
459 4016 596 4055 eam
649 4012 1012 4053 concursum
1047 3993 1287 4060 habeat,
1318 3997 1376 4049 et
1422 3992 1551 4065 ipse
1579 3992 1865 4048 omnibus
1892 4010 2017 4050 ma-

350 4105 499 4144 num
530 4087 725 4143 solatii
754 4086 1040 4160 porrigat.
1072 4083 1247 4139 Vobis
1296 4099 1438 4139 vero
1467 4083 1531 4137 in
1551 4098 1877 4152 congressu
1904 4100 2015 4156 po-

351 4177 475 4232 sitis
506 4177 585 4232 ad
608 4176 950 4247 iniquitates
991 4188 1314 4246 pravorum
1361 4171 1679 4228 hominum
1708 4171 2014 4228 debellan-

349 4265 481 4337 das,
514 4280 585 4320 ac
612 4264 853 4335 speciali
884 4262 1085 4329 gladio
1128 4261 1493 4334 puniendas,
1527 4276 1711 4332 quem
1741 4260 1803 4316 in
1832 4261 2013 4318 rebus

348 4355 631 4411 divinitus
704 4351 876 4408 vobis
952 4349 1292 4405 commissae
1374 4349 1519 4405 vicis
1599 4350 2011 4421 coadjutorem

346 4444 665 4519 praesulem
730 4459 768 4498 a
830 4438 1006 4497 nobis
1074 4439 1422 4512 poposcitis,
1478 4455 1617 4494 eum
1671 4439 2005 4510 dirigimus.

417 4608 494 4676 (l)
529 4605 705 4672 Quem
721 4604 957 4677 quidem
981 4602 1328 4677 et‘houestas
1341 4616 1593 4677 morum,
1612 4601 1763 4677 sicut
1794 4616 2005 4677 nomen

343 4670 886 4741 indicat,etc.0uod
912 4674 1078 4729 furrit
1100 4673 1208 4728 viri
1225 4672 1511 4742 hUJlIS,a(1
1544 4670 2003 4739 suffragandum

341 4748 665 4805 Trevirensi
687 4747 1137 4826 archiepiscopo
1161 4761 1198 4800 a
1221 4761 1460 4800 summo
1486 4742 1764 4814 pontiﬁce
1813 4742 2001 4826 missi,

232 4850 233 4853 η
342 4835 810 4894 nomen,q_uaevc
842 4814 1441 4894 conditio,nusqua_m
1474 4829 1828 4894 expressum
1855 4814 1999 4894 legi;

342 4897 472 4957 tur;
506 4884 773 4963 prudens
820 4893 1018 4944 ta,an
1050 4884 1136 4963 est
1160 4892 1225 4963 et_
1246 4884 1423 4963 fariis
1468 4884 1713 4963 suffulta
1743 4884 2000 4963 admini-

339 4963 488 5019 culis
506 4956 864 5031 .conjcctura
908 4958 1293 5031 Papebrochii
1338 4958 1405 5031 in
1441 4956 1586 5013 actis
1632 4960 1727 5031 SS.
1774 4958 1999 5014 mensis

335 5035 493 5091 Junii
527 5027 667 5089 toni.
701 5037 736 5101 Ι,
760 5047 820 5103 p.
844 5034 933 5103 97,
962 5027 1130 5103 HLA,
1156 5046 1295 5103 eum
1330 5028 1507 5103 fuisse
1539 5027 1887 5103 Gratianum
1910 5044 1999 5103 a_r-

338 5073 876 5178 chipresbytei'um,
901 5073 1279 5178 iaudatissim
1291 5117 1388 5155 um
1409 5099 1751 5178 virum,_qui
1780 5099 1996 5178 deinde

338 5172 719 5233 Benedictum
771 5179 825 5229 et
857 5175 1200 5230 Silvestrum
1244 5172 1316 5227 de
1347 5172 1697 5243 pontiﬁcatu
1751 5175 1995 5226 conten-

334 5252 563 5315 dentes,
580 5248 657 5303 ab
680 5246 952 5316 ejusdem
976 5242 1706 5316 usurpationeprudenter
1726 5242 1991 5316 deduxit;

334 5325 391 5376 et
424 5313 683 5395 pontifex
710 5313 971 5395 electus,
1023 5313 1276 5395 ipsemet
1323 5313 1633 5395 dictusest
1677 5313 1991 5395 Gregorius

334 5395 397 5446 Vl
423 5384 439 5457 ξ
469 5392 602 5447 licet
648 5393 859 5461 postea
893 5384 1265 5461 pontiﬁcatui
1319 5384 1577 5454 cesserit,
1612 5384 1755 5461 quia
1786 5385 1984 5440 voluit.

407 5464 477 5534 (2)
538 5457 677 5518 Tam
726 5457 947 5516 sali/ret
981 5461 1041 5513 in.
1067 5473 1271 5534 opere
1305 5457 1785 5534 consecrationis,
1808 5472 1987 5534 quam

334 5526 505 5590 etiam
534 5537 595 5588 in
624 5536 901 5587 unctione
931 5526 1420 5599 conﬁrmationis.
1446 5527 1568 5599 Sub
1598 5527 1867 5599 medium
1888 5526 1988 5582 de-

332 5620 500 5660 mum
532 5604 731 5658 saeculi
756 5620 858 5658 xm
888 5600 1321 5673 archiepiscopi
1352 5605 1408 5655 et
1454 5598 1719 5671 episcopi
1747 5601 1987 5656 Germa-

2129 3013 2270 3075 lem,
2321 3014 2471 3069 sicut
2519 3018 2574 3069 et
2621 3013 2876 3069 aliorum
2922 3020 3274 3072 sanctorum
3318 3019 3811 3075 reverentissime

2130 3103 2382 3175 singulis
2429 3103 2603 3158 annis
2633 3102 2940 3159 celebrari.
2997 3107 3121 3160 Non
3147 3106 3337 3171 enim,
3370 3107 3485 3179 qui
3517 3125 3585 3163 se
3616 3110 3809 3182 ipsum

2128 3190 2535 3260 commendat,
2566 3190 2662 3245 ille
2691 3190 2984 3262 probatus
3009 3196 3114 3259 est,
3152 3192 3262 3248 sed
3290 3210 3488 3266 quem
3521 3197 3810 3251 Dominus

2128 3280 2534 3346 commendat,
2569 3278 2710 3334 dicit
2756 3281 3092 3352 Apostolus.
3146 3281 3470 3349 Glorietur,
3502 3285 3804 3357 laudetur,

2126 3370 2344 3439 vigeat,
2372 3369 2621 3441 placeat,
2656 3367 3005 3440 celebretur,
3053 3376 3293 3426 ametur
3331 3377 3394 3427 et
3421 3373 3679 3440 colatur,
3703 3390 3807 3430 no-

2127 3476 2389 3532 menque
2418 3458 2574 3514 illius
2604 3458 3020 3530 Martyrologio
3045 3459 3373 3527 inseratur;
3395 3463 3520 3533 ipse
3546 3464 3796 3516 interce-

2127 3548 2231 3604 dat
2260 3564 2369 3620 pro
2398 3546 2657 3620 peccatis
2685 3551 2742 3602 et
2769 3546 3145 3616 negligentiis
3175 3550 3397 3604 nostris
3423 3554 3478 3604 et
3505 3550 3791 3604 commis-

2128 3652 2334 3692 sorum
2365 3635 2541 3691 nobis
2570 3634 2734 3708 apud
2758 3634 3293 3692 clementissimam
3312 3636 3503 3705 divini
3527 3638 3801 3694 numinis

2125 3727 2525 3797 majestatem,
2567 3731 2631 3779 ut
2676 3724 2998 3794 mirabilia,
3039 3742 3173 3798 quae
3223 3726 3540 3783 visibiliter
3562 3727 3805 3803 exhibet

2121 3815 2280 3872 circa
2303 3814 2680 3870 inﬁrmorum
2710 3829 2985 3886 corpora,
3010 3814 3073 3870 in
3102 3815 3433 3872 animabus
3460 3819 3694 3874 nostris
3711 3834 3804 3874 oe-

2124 3904 2284 3961 culta
2308 3903 2519 3959 virtute
2546 3903 2862 3973 dignanter
2892 3903 3190 3961 exhibeat.
3218 3905 3442 3962 Valete.

2908 3994 2995 4047 Vl.

2128 4081 2312 4137 Bulla
2329 4080 2798 4137 canonizationis
2811 4079 3166 4137 S.Simeonis
3179 4083 3410 4139 reclusi
3426 4086 3798 4143 Trevirensis

2749 4172 2939 4241 (Anno
2974 4171 3152 4241 1041.)

2452 4259 2787 4329 [Ηοκτειεημ
2820 4259 2922 4314 ubi
2943 4274 3153 4328 supra,
3209 4276 3270 4333 p.
3299 4263 3459 4333 277.]

2192 4351 2528 4404 Bessmcrrs
2558 4346 2897 4421 episcopus,
2920 4363 3127 4404 servus
3159 4364 3487 4407 servorum
3520 4354 3646 4421 Dei,
3677 4370 3797 4409 om-

2117 4436 2298 4493 nibus
2359 4436 2813 4509 archiepicopis,
2871 4436 3189 4510 episcopis,
3253 4441 3690 4499 sacerdotibus
3742 4448 3798 4497 et

2112 4598 2227 4678 nise
2259 4597 2672 4666 suﬂ'raganeos
2699 4596 2979 4678 titulares,
3009 4613 3234 4678 eosque
3257 4600 3620 4678 ordinarios
3652 4622 3797 4678 pan-

2111 4669 2278 4749 latim
2296 4672 2802 4749 ‘assumpserunt;
2853 4668 3104 4749 concilio
3134 4668 3553 4749 Lateraneusi,
3608 4668 3796 4749 gravi-

2111 4740 2227 4796 bus
2277 4741 2352 4821 d_c
2384 4739 2603 4821 causis,
2634 4756 2847 4821 ‘nuper
2888 4739 3379 4821 indulgente,___ut
3408 4745 3519 4821 ubi
3546 4739 3794 4819 publica

2109 4813 2389 4885 negocia,
2415 4810 2714 4885 valetudo,
2742 4810 3115 4885 incursiones
3144 4811 3420 4885 hostiles,
3451 4810 3791 4875 littérarum

2109 4900 2177 4958 ac
2209 4884 2492 4940 doctrinm
2521 4881 2727 4954 inopia
2752 4881 3078 4958 obstarent,
3100 4881 3415 4958 episcopis
3439 4889 3789 4958 adjutorem

2108 4954 2166 5009 in
2198 4961 2429 5026 partem
2460 4953 2743 5026 curarum
2771 4953 3063 5009 asciscere
3093 4953 3183 5026 fas
3211 4953 3577 5015 esset.Unde
3608 4962 3789 5018 Theo-

2104 5023 2435 5113 dericus-1‘1,
2471 5023 2944 5113 archiep.‘Trev.
2978 5025 3273 5113 omnium.
3289 5030 3565 5113 primus,
3593 5049 3785 5113 quan-

2105 5102 2231 5152 tum
2258 5098 2504 5169 quidem
2534 5099 2786 5169 constat,
2806 5096 2963 5169 circa
2992 5112 3223 5169 annum
3255 5096 3417 5167 till,
3452 5096 3780 5160 Henricum

2105 5166 2461 5223 Osiliehsem
2491 5166 2841 5241 episcopum
2864 5166 3141 5241 adhibuit
3162 5166 3658 5241 suifraganeum.
3682 5176 3781 5230 Ita-

2100 5255 2218 5312 que
2250 5256 2360 5312 pro
2389 5244 2444 5294 te
2476 5253 2624 5312 non_
2644 5237 2906 5307 vulgaris
2951 5238 3205 5310 exempli
3256 5237 3506 5299 habent)
3520 5262 3625 5300 um
3668 5250 3775 5306 est,

2100 5307 2266 5383 quod
2291 5312 2417 5381 jam
2449 5307 2667 5383 saeculo
2694 5325 2753 5383 xi
2784 5312 3086 5383 Romanus
3122 5307 3401 5381 pontifex
3435 5314 3773 5372 Trevirensi

2097 5379 2509 5460 archiprzesuli
2541 5379 2893 5460 submiserit
2912 5379 3275 5460 episcopum
3304 5385 3639 5444 titularem.
3672 5388 3769 5460 qui

2097 5470 2237 5509 eum
2266 5456 2345 5527 in
2367 5467 2543 5527 opere
2591 5454 3069 5527 consecrationis,
3122 5457 3177 5507 et
3224 5460 3516 5527 unctione
3559 5454 3769 5527 con/3‘»

2093 5526 2394 5593 motionis,
2423 5525 2677 5594 aliisque
2703 5524 3145 5580 necessitatibus
3177 5525 3451 5593 adjuvet.
