4020 6176
263 207 393 263 1361

1499 203 1856 260 EPISTOLE
1897 206 1982 260 ET
2021 206 2451 263 DIPLOMATA.

3566 209 3703 263 1362

260 332 540 387 universo
570 327 724 385 clero
755 326 1096 399 cunctisque
1134 326 1376 401 populis
1414 330 1539 383 tam
1564 327 1735 397 regni
1764 330 1911 383 Teu-
1945 331 1992 382 Α
2022 327 2315 385 lutatione
2346 330 2838 402 praenotavi'mus,
2859 333 3071 384 notum
3088 327 3182 383 his
3206 326 3416 384 litteris
3440 328 3700 385 facimus

254 421 458 488 tonici,
505 434 688 491 quam
721 418 894 473 etiam
941 432 1446 489 quarumcunque
1474 416 1793 471 nationum
1824 416 1915 472 vel

250 508 618 577 linguarum,
651 506 893 561 salutem
927 505 1343 561 charissimam
1375 522 1515 560 cum
1547 505 1913 562 benedictio-

249 611 327 651 ne
358 594 707 668 apostolica.

325 684 546 741 Divinas
577 686 907 756 majestatis
936 686 1351 742 inenarrabilis
1384 684 1707 741 auctoritas
1753 700 1911 739 sem-

250 789 359 848 per
387 773 810 830 inenarrabilia
850 774 1092 845 faciens,
1122 776 1272 831 sicut
1302 775 1360 830 in
1393 774 1615 830 sanctis
1646 774 1769 829 suis
1799 772 1911 828 mi-

252 862 455 920 rabilis
481 862 858 935 praadicatur.
884 863 967 919 ita
990 868 1047 919 et
1075 864 1357 937 operibus
1378 863 1736 929 declaratur,
1756 861 1913 917 dans

256 951 342 1007 eis
396 950 668 1007 virtutem
715 955 771 1006 et
813 951 1219 1008 fortitudinem
1264 966 1473 1008 curare
1502 966 1748 1006 omnem
1779 949 1912 1004 lan-

254 1054 503 1109 guorem
528 1043 583 1094 et
610 1055 854 1096 omnem
883 1039 1307 1096 inﬁrmitatem.
1352 1039 1523 1106 Quod
1554 1038 1913 1094 donativum

250 1127 383 1200 ipse
442 1130 643 1197 Deus,
680 1127 1077 1201 spiritualium
1122 1128 1421 1184 donorum
1468 1126 1818 1183 distributor
1857 1130 1915 1181 et

250 1221 459 1272 auctor
486 1216 775 1272 militibus
807 1218 950 1283 suis,
984 1233 1247 1289 quorum
1297 1233 1419 1273 non
1470 1221 1557 1273 est
1596 1231 1910 1281 numerus,

247 1303 311 1359 in
335 1303 448 1359 hoc
480 1304 662 1360 etiam
692 1304 923 1361 mortali
953 1321 1225 1377 corpore,
1258 1306 1407 1361 dum
1436 1305 1496 1360 in
1539 1304 1761 1360 saeculo
1810 1303 1913 1358 de-

249 1398 473 1463 gerent,
506 1398 824 1466 propterea
854 1394 1167 1462 concessit,
1202 1399 1265 1450 ut
1290 1398 1345 1451 et
1374 1394 1555 1450 iidem
1586 1393 1699 1467 ipsi
1730 1408 1914 1464 super

250 1497 356 1553 spe
386 1481 601 1537 futurae
649 1484 1051 1539 retributionis
1104 1484 1395 1540 habentes
1439 1484 1629 1540 sancti
1662 1482 1912 1556 Spiritus

246 1570 421 1649 ﬁdele
452 1573 693 1643 pignus,
726 1572 1063 1629 ﬁducialius
1091 1578 1147 1628 et
1176 1573 1385 1629 fortius
1414 1573 1825 1639 inniterentur,
1857 1576 1913 1627 et

2021 417 2173 489 quid
2204 433 2275 473 ex
2302 436 2375 476 ea
2404 436 2466 476 re
2498 419 2928 475 censuerimus.
2966 422 3116 473 Nam
3168 416 3243 485 (4)
3289 416 3537 475 collecta
3593 422 3704 475 Ro-

2022 506 2192 561 mani
2221 508 2411 563 nostri
2438 509 2579 563 cleri
2611 508 2927 580 splendida
2956 505 3344 572 fraternitate,
3379 522 3520 562 cum
3557 524 3700 580 par-

2023 597 2119 649 tus
2152 597 2570 652 sacratissimae
2603 596 2853 666 Virginis
2884 610 3089 651 annuo
3120 610 3368 650 recursu
3399 611 3507 666 per
3534 597 3699 652 hunc

2022 682 2231 739 orbem
2268 685 2547 753 radiaret,
2606 685 2886 741 concordi
2946 683 3374 739 deliberatione
3421 683 3700 739 determi-

2022 772 2331 839 navimus,
2391 780 2448 831 et
2502 775 2621 831 alta
2679 773 2982 829 sententiae
3027 772 3229 827 radice
3278 771 3695 841 fundavimus,

2022 860 2309 916 eumdem
2347 862 2544 918 virum
2589 863 2692 917 Dei
2738 862 3101 923 Simeonem,
3158 875 3343 931 quem
3405 860 3696 915 Dominus

2023 950 2414 1006 commendat
2442 957 2620 1023 atque
2652 950 2888 1022 probat,
2922 946 3358 1017 signiﬁcatione
3386 951 3695 1003 tantarum

2022 1037 2308 1094 virtutum
2344 1041 2672 1095 sanctitatis
2704 1044 2761 1095 et
2786 1039 2989 1108 gratiae
3019 1036 3383 1108 plenum,ab
3404 1036 3692 1091 omnibus

2022 1128 2281 1199 populis,
2320 1129 2593 1184 tribubus
2627 1134 2682 1184 et
2709 1127 2929 1198 linguis
2960 1130 3239 1182 sanctum
3261 1125 3473 1197 procul
3503 1124 3692 1180 dubio

2022 1232 2159 1271 esse
2184 1218 2717 1289 nominandum,ej
2730 1233 2918 1289 usque
2945 1215 3209 1271 natalem
3238 1214 3489 1283 singulis
3516 1214 3693 1270 annis

2020 1310 2425 1362 recurrentem
2475 1307 2702 1378 passim
2753 1306 3096 1361 solemniter
3139 1303 3592 1359 observandum
3636 1307 3694 1358 et

2022 1388 2301 1451 ferialiter
2329 1395 2759 1451 celebrandum
2790 1412 2860 1450 ac
2903 1392 3342 1459 venerandum,
3395 1392 3475 1447 ad
3503 1392 3693 1447 instar

2020 1484 2138 1540 diei
2165 1484 2296 1540 festi
2331 1502 2343 1538 :
2378 1501 2599 1540 nomen
2631 1501 2874 1558 quoque
2895 1484 3084 1556 ipsius
3110 1481 3527 1553 Martyrologio
3549 1498 3690 1536 cuiu

2021 1574 2100 1644 (ὅ)
2130 1573 2432 1629 sociorum
2462 1574 2809 1629 nominibus
2840 1589 2949 1629 suo
2977 1573 3110 1627 loco
3140 1570 3548 1626 inserendum.
3584 1570 3689 1625 Cui

247 1664 475 1728 gentes,
509 1660 709 1716 divina
743 1662 1020 1734 mysteria
1048 1662 1363 1725 intuentes,
1415 1662 1579 1717 omni
1631 1660 1911 1735 supersti-
1944 1683 1982 1736 Β
2022 1662 2328 1717 sententia
2352 1663 2465 1718 hoc
2492 1662 2674 1718 etiam
2703 1662 3178 1729 subdidimus,ut
3197 1658 3475 1732 quisquis
3504 1659 3689 1728 hujus

246 1747 405 1803 tione
430 1750 787 1821 postposita,
822 1750 895 1805 ad
926 1751 1085 1806 viam
1142 1750 1486 1808 Christianae
1537 1751 1799 1806 veritatis
1838 1767 1912 1807 ex

245 1835 458 1893 intimo
488 1839 685 1893 cordis
714 1844 1200 1896 converterentur
1224 1859 1236 1899 :
1270 1840 1418 1896 alios
1460 1856 1620 1907 vero,
1649 1856 1910 1912 quorum

248 1926 517 1982 similiter
566 1928 1193 2001 incomprehensibilis
1245 1934 1331 1984 est
1379 1929 1717 1996 multitudo,
1775 1933 1912 2002 post

248 2014 482 2071 vincula
518 2022 747 2072 tantum
776 2018 993 2084 carnis,
1027 2018 1117 2072 his
1145 2018 1431 2090 operibus
1476 2020 1760 2073 virtutum
1809 2018 1911 2074 do-

249 2104 413 2159 navit
440 2109 618 2178 atque
652 2104 1076 2176 magnificavit,
1112 2112 1196 2178 ut,
1232 2108 1535 2180 corporeis
1572 2108 1801 2163 exuviis
1847 2108 1907 2162 in

250 2192 524 2265 sepulcro
543 2195 770 2266 positis,
805 2199 860 2250 et
889 2195 1178 2251 membris
1219 2196 1279 2251 in
1307 2200 1533 2252 cineres
1563 2212 1632 2252 ac
1677 2196 1908 2252 favillas

247 2280 545 2350 resolutis,
578 2283 965 2340 sentientibus
998 2289 1180 2358 atque
1226 2285 1568 2342 videntibus
1611 2286 1909 2343 mirabilia

247 2368 399 2425 ﬁdes
427 2370 823 2428 inculcaretur
851 2378 908 2429 et
944 2373 1373 2441 cumularetur,
1427 2390 1529 2431 eos
1579 2374 1696 2429 illic
1726 2374 1906 2430 felici-

248 2462 334 2513 ter
361 2458 578 2530 vivere,
612 2461 713 2517 ubi
743 2478 885 2518 vera
911 2468 996 2519 est
1036 2468 1094 2519 et
1136 2468 1360 2519 aeterna
1407 2463 1548 2531 vita,
1597 2464 1676 2519 ad
1720 2479 1907 2535 quam

248 2546 496 2617 nemini,
525 2550 806 2607 accedere
836 2551 989 2622 licet,
1020 2552 1134 2608 nisi
1163 2552 1298 2607 vitae
1347 2551 1692 2624 temporalis
1743 2551 1906 2607 oble-

247 2640 546 2694 ctamenta
595 2655 834 2704 exosus,
894 2642 971 2698 ad
1021 2641 1185 2697 illam
1235 2646 1357 2697 tota
1408 2656 1645 2713 semper
1695 2641 1909 2698 mentis

246 2723 572 2783 intentione
598 2730 871 2801 suspiret,
907 2730 951 2785 si
984 2729 1236 2803 quando
1288 2735 1584 2785 mereatur
1626 2730 1701 2785 de
1742 2746 1907 2803 pere-

249 2813 580 2883 grinatione
610 2818 687 2872 ad
718 2818 998 2890 patriam,
1030 2820 1104 2874 de
1136 2818 1344 2874 exsilio
1371 2819 1446 2874 ad
1474 2819 1908 2892 postliminium

248 2904 531 2960 revocari.
567 2906 748 2977 Igitur
776 2908 1065 2980 quoniam
1098 2908 1324 2964 crebris
1379 2909 1729 2965 nuntiorum
1758 2909 1907 2965 indi-

248 2989 374 3061 ciis,
429 2992 769 3066 crebrisque
808 2995 1138 3052 litterarum
1179 2996 1647 3067 characteribus,
1680 2997 1908 3054 clamor
1935 3033 1977 3087 ο

244 3095 506 3149 magnus
536 3088 924 3157 strepensque
955 3101 1163 3141 rumor
1191 3101 1261 3140 ex
1307 3086 1680 3141 Trevirorum
1730 3086 1906 3158 parti-

242 3166 361 3222 bus
390 3185 581 3242 usque
610 3174 863 3228 Romam
892 3175 969 3229 ad
999 3190 1132 3241 nos,
1161 3176 1412 3246 jamque
1441 3176 1619 3231 etiam
1662 3174 1908 3230 ulterius

244 3258 597 3328 pervolavit,
630 3277 760 3316 esse
792 3262 939 3317 inibi
964 3263 1067 3318 viri
1102 3263 1422 3334 cujusdam
1471 3263 1761 3320 Simeonis
1805 3262 1909 3318 ad-

242 3346 519 3403 mirabile
549 3351 791 3423 co‘rpus,
829 3351 1014 3421 signis
1038 3357 1095 3408 et
1125 3352 1433 3424 prodigiis,
1486 3352 1803 3408 virtutibus
1853 3358 1910 3407 et

242 3435 547 3493 miraculis
576 3438 839 3505 radians,
866 3444 929 3496 ut
958 3440 1046 3496 sol
1076 3440 1323 3496 meridie
1351 3457 1564 3497 sereno
1599 3457 1733 3497 aere
1763 3460 1775 3509 ;
1801 3447 1909 3497 ter-

244 3538 379 3578 ram
412 3525 666 3581 strictius
695 3527 967 3593 osculati,
1005 3529 1323 3584 Dominum
1346 3529 1762 3585 benediximus
1788 3534 1906 3585 toto

244 3612 449 3683 corde,
482 3619 603 3671 tota
630 3622 846 3684 mente,
882 3617 1017 3673 totis
1067 3618 1319 3688 viribus,
1364 3619 1469 3692 qui
1507 3619 1723 3675 nostris
1763 3623 1906 3674 tem-

243 3701 498 3772 poribus
544 3704 881 3776 dignanter,
944 3707 1097 3762 intra
1150 3714 1418 3762 sanctam
1469 3725 1647 3764 suum
1688 3725 1906 3781 corpus

241 3790 593 3862 Ecclesiam,
626 3794 741 3848 hoc
770 3795 1140 3867 praecipuum
1173 3796 1515 3852 membrum
1564 3797 1769 3851 divino
1819 3797 1905 3851 lu-

241 3879 407 3934 mine
434 3881 723 3952 accendit,
758 3888 819 3938 ut
850 3883 923 3938 sit
946 3883 1191 3939 lucerna
1222 3884 1465 3951 ardens,
1495 3884 1689 3956 posita
1726 3900 1905 3956 super

241 3968 697 4037 candelabrum,
752 3988 887 4044 quae
939 3972 1137 4028 luceat
1191 3974 1477 4029 omnibus
1527 3974 1631 4046 qui
1662 3978 1799 4029 sunt
1842 3974 1904 4029 in

237 4058 428 4113 domo
459 4060 689 4116 Domini
722 4063 821 4132 (3).
874 4066 1075 4134 Itaque
1108 4063 1378 4119 conventi
1411 4068 1589 4135 atque
1620 4062 1842 4134 pulsati
1868 4078 1905 4118 a

237 4147 594 4205 charissimo
621 4150 795 4206 fratre
822 4157 1026 4206 nostro
1058 4153 1120 4206 D.
1156 4153 1442 4224 Poppone
1465 4152 1735 4222 ejusdem
1760 4150 1901 4207 Tre-

236 4237 382 4292 viris
413 4240 885 4313 archiepiscopo,
921 4246 1002 4307 ut,
1031 4241 1197 4312 quod
1226 4242 1400 4297 nobis
1454 4242 1649 4297 visum
1700 4241 1904 4297 fuisset

238 4326 317 4380 de
349 4325 744 4384 celebratione
774 4327 1047 4399 ejusdem
1091 4330 1445 4385 sanctissimi
1500 4331 1628 4397 viri,
1675 4330 1903 4387 salubri

238 4415 586 4472 definitione
614 4423 833 4474 nostrae
881 4418 1225 4490 apostolicae
1273 4419 1640 4476 auctoritatis
1691 4424 1905 4476 statue-

238 4519 447 4560 remus
476 4510 654 4578 atque
684 4506 1142 4563 decerneremus
1167 4525 1179 4575 ;
1204 4507 1509 4575 omnibus,
1540 4524 1696 4580 quos
1725 4509 1787 4564 in
1815 4525 1903 4565 sa-

321 4683 395 4752 (3)
434 4684 647 4754 Itaque
676 4686 953 4740 conventi
973 4690 1152 4756 atque
1174 4685 1409 4754 pulsati
1459 4699 1496 4739 a
1522 4685 1903 4756 Wcharissimo

241 4755 445 4825 fratre
465 4760 667 4810 nostra
696 4757 766 4809 D.
805 4755 1105 4825 Poppone.
1140 4756 1328 4813 Multis
1359 4755 1590 4810 saeculis
1633 4756 1761 4812 sola
1802 4774 1904 4812 au-

244 4824 512 4881 ctoritate
543 4826 871 4898 episcopali
895 4824 1286 4898 canonizatio,
1310 4827 1431 4882 sive
1456 4825 1663 4882 relatio
1691 4828 1749 4882 in
1772 4844 1905 4883 san-

245 4901 479 4968 ctorum
534 4896 875 4965 catalogum
933 4896 1131 4953 ﬁebat.
1186 4902 1240 4954 S.
1279 4898 1529 4954 Udalrici
1570 4900 1903 4968 Augustani

244 4966 517 5040 episcopi
548 4968 919 5023 canonizatio
948 4968 1137 5037 (cujus
1168 4968 1436 5050 diploma
1466 4966 1742 5025 exstat—in
1773 4970 1903 5025 Bul-

244 5038 355 5093 lar.
391 5041 536 5096 Matr.
576 5042 741 5094 Rom.
773 5044 917 5094 tom.
954 5043 993 5096 ι.
1026 5054 1082 5096 ῐ).
1110 5043 1197 5096 22.
1232 5040 1368 5095 edit.
1419 5041 1730 5096 Luxemb.)
1782 5058 1903 5096 om-

343 5081 355 5092 .
391 5055 536 5103 mag.
576 5055 741 5094 H0111.
773 5055 917 5094 10m.
956 5055 993 5103 Ι,
1026 5055 1082 5103 p.
1110 5055 1197 5101 22,
1232 5055 1368 5095 θωῐ.
1419 5055 1730 5103 Luxemb.)
1782 5058 1907 5096 om-

247 5044 355 5118 lar.
391 5044 536 5107 Mag.
576 5044 741 5094 Rom.
773 5044 917 5094 tom.
954 5044 993 5103 l,
1026 5054 1082 5118 p.
1110 5044 1197 5101 22,
1232 5044 1368 5095 edit.
1419 5044 1730 5111 Luxemb.)
1782 5058 1905 5096 om-

247 5126 416 5185 nium
448 5112 645 5183 prima
670 5110 853 5185 fuisse
880 5108 1139 5185 creditur
1164 5110 1315 5166 inter
1362 5128 1462 5167 eas
1507 5129 1641 5185 quae
1693 5128 1728 5167 a
1766 5112 1905 5167 sede

248 5181 520 5253 Romana
548 5181 851 5253 postulata
880 5184 936 5237 et
961 5197 1009 5253 a_
1033 5183 1260 5253 Joanne
1314 5185 1398 5236 XV
1442 5181 1546 5238 PP:
1596 5200 1756 5239 anno
1803 5189 1905 5241 993

248 5251 593 5309 solemniter
642 5254 881 5309 decreta
934 5251 1058 5307 fuit.
1117 5251 1243 5308 Vid.
1310 5253 1603 5310 Mabillon.
1656 5261 1797 5311 tom.
1842 5257 1908 5311 ιν

252 5323 467 5379 Annal.
500 5324 794 5380 Benedict.
822 5324 926 5379 lib.
960 5340 997 5389 ι,
1031 5338 1089 5377 n.
1120 5328 1207 5387 77,
1238 5339 1297 5395 p.
1333 5324 1616 5395 82._Hanc
1642 5343 1781 5382 vero
1822 5342 1910 5382 se-

248 5410 456 5483 cunda.
480 5395 732 5483 excepit,
762 5409 1026 5483 presens
1052 5393 1257 5483 nostra
1391 5393 1703 5483 Simeonis.
1730 5399 1909 5483 Pape-

250 5413 456 5476 canta
480 5413 732 5466 excepit,
762 5413 1026 5483 prmaens
1052 5413 1257 5450 nosu'a
1298 5413 1351 5474 δ’.
1391 5413 1703 5451 Simeonis.
1734 5413 1906 5522 rage-

250 5465 535 5591 ﬁit‘ogluus
580 5470 701 5521 Act.
766 5467 862 5523 SS.
924 5466 1147 5520 mensis
1195 5465 1372 5521 Junii.
1428 5470 1570 5519 tom.
1625 5470 1664 5532 Ι,
1704 5484 1764 5539 p.
1854 5473 1906 5535 6,

325 5608 401 5678 (4)
442 5610 712 5666 Collecta
740 5609 999 5664 Romani
1024 5609 1217 5664 nostri
1248 5608 1414 5664 Cleri
1441 5607 1757 5677 splendida
1776 5609 1911 5678 fra-

255 5682 555 5737 ternitate.
601 5680 751 5735 Cum
783 5679 1057 5753 primitus
1104 5696 1139 5736 a
1195 5679 1477 5737 Romanis
1528 5678 1912 5753 pontificibus

1935 4388 1978 4442 Ι)

2020 1758 2243 1809 nostra)
2301 1753 2737 1808 constitutionis
2796 1753 3144 1808 temerarius
3198 1753 3575 1820 contemptor
3632 1752 3689 1804 ct

2021 1843 2363 1898 cervicosus
2391 1843 2723 1911 refragator
2748 1843 3051 1910 exstiterit,
3101 1840 3296 1913 primo
3347 1855 3408 1893 se
3456 1838 3688 1893 noverit

2021 1931 2345 1987 Dominum
2377 1931 2633 2001 graviter
2657 1931 2981 1997 offendere,
3035 1929 3252 1985 deinde
3298 1927 3486 1983 sancti
3528 1925 3686 1980 illius

2019 2020 2375 2093 patrocinia,
2404 2020 2525 2075 imo
2555 2020 2831 2075 omnium
2863 2024 3231 2084 sanctorum,
3264 2031 3525 2088 quorum
3549 2030 3688 2069 con-

2020 2108 2297 2165 tubernio
2328 2107 2683 2181 gratulatur,
2710 2112 3105 2181 nostramque
3148 2107 3223 2161 de
3269 2108 3482 2160 caetero
3540 2119 3686 2174 apo-

2019 2197 2290 2253 stolicam
2321 2196 2664 2252 nullatenus
2696 2196 2914 2252 debere
2960 2195 3439 2252 benedictionem
3478 2207 3706 2263 spera-.

2016 2302 2113 2353 re;
2175 2284 2697 2341 conservatoribus
2747 2300 2820 2340 ea
2875 2282 3279 2355 multipliciter
3327 2279 3565 2335 donatis
3619 2279 3683 2333 in

2017 2373 2223 2429 omnia
2250 2372 2473 2428 saecula
2493 2372 2871 2428 saeculorum.
2902 2375 3116 2436 Amen,
3144 2384 3343 2435 amen,
3372 2382 3572 2423 amen.

2792 2460 2902 2513 VII.

2017 2550 2374 2607 Benedictus
2402 2550 2491 2604 IX
2515 2551 2579 2605 in
2605 2549 2833 2618 synodo
2852 2547 3310 2617 patriarchatus
3357 2545 3681 2601 Gradensis

2088 2641 2493 2710 integritatem
2555 2639 3005 2710 libertatemque
3060 2637 3398 2705 conﬁrmat,
3462 2636 3683 2690 Ursone

2084 2729 2443 2801 patriarcha
2490 2735 2546 2785 et
2605 2729 2916 2784 Dominico
2968 2730 3306 2784 Cantus-eno
3338 2725 3681 2795 populoque

2100 2821 2449 2893 Venetqper
2480 2818 2706 2888 legatos
2732 2818 3089 2886 petentibus.

2643 2908 2841 2974 (Anno
2876 2910 3053 2978 1044).

2438 2997 2654 3067 [MEN51,
2686 2997 2914 3053 Concit.
2946 3000 3077 3067 XIX,
3110 2996 3256 3066 605].

2090 3088 2430 3141 Bsxsmcrus
2457 3086 2797 3157 episcopus,
2831 3102 3039 3141 servus
3072 3099 3384 3141 servorum
3410 3083 3531 3139 Dei.
3568 3085 3676 3138 Ua-

2019 3192 2144 3231 som
2169 3174 2457 3231 Gradensi
2512 3174 2865 3246 patriarchae
2916 3178 3271 3246 perpetuam
3313 3172 3377 3226 in
3423 3171 3677 3226 Domino

2014 3268 2150 3320 Jesu
2183 3264 2409 3321 Christo
2438 3262 2712 3319 salutem.

2090 3354 2248 3409 Sicut
2277 3352 2605 3425 plurimum
2635 3353 2973 3422 gaudemus
3004 3352 3064 3407 in
3097 3351 3369 3417 Domino,
3402 3353 3458 3405 et
3480 3349 3543 3404 in
3572 3348 3677 3404 do-

2015 3458 2095 3499 no
2122 3441 2320 3511 gratiae
2350 3440 2537 3512 ipsius
2570 3440 2917 3512 gloriamur,
2947 3441 2993 3495 si
3018 3443 3226 3495 sancta
3266 3437 3525 3493 Ecclesia
3570 3452 3677 3509 per

2012 3532 2177 3587 bona
2202 3544 2387 3603 opera
2417 3530 2626 3585 crescit
2654 3530 2977 3599 magniﬁce
3021 3533 3077 3584 et
3107 3526 3392 3583 dilatatur
3437 3525 3677 3599 amplis-

2014 3621 2183 3686 sime,
2211 3620 2292 3675 ita
2322 3618 2577 3673 nimium
2610 3618 2915 3688 aﬂlgimur
2943 3623 3001 3675 et
3030 3617 3389 3674 tribulamur
3435 3616 3509 3670 de
3548 3616 3676 3686 ejus

2012 3709 2425 3782 oppressione,
2460 3724 2641 3781 super
2665 3724 2851 3780 quam
2896 3707 3128 3763 crebior
3176 3706 3676 3763 lamentationum

2012 3814 2211 3853 sermo
2239 3798 2502 3870 perlatus
2532 3802 2640 3853 est.
2677 3801 2804 3853 Non
2821 3800 3168 3869 oportuerat
3185 3794 3435 3866 quidem
3456 3792 3533 3848 ab
3560 3789 3674 3844 illis

2010 3886 2233 3958 quibus
2260 3884 2578 3939 sustentari
2608 3888 2787 3955 atque
2818 3881 3101 3937 honorari
3129 3881 3439 3946 debuerat,
3498 3879 3675 3934 tantis

2012 3990 2147 4030 eam
2177 3972 2671 4046 oppressionibus
2701 3972 2966 4038 concuti;
2990 3969 3246 4040 ideoque
3261 3967 3674 4024 necessarium

2012 4066 2210 4128 estut,
2244 4062 2487 4116 remotis
2524 4059 2734 4115 talium
2790 4056 3397 4128 tergiversationibus,
3452 4055 3673 4129 quibus

2004 4167 2312 4207 venenosa
2338 4149 2564 4206 malitia
2594 4149 2843 4204 revelari
2874 4154 2930 4203 et
2970 4146 3285 4203 obscurari
3332 4146 3570 4203 bonitas
3617 4150 3674 4202 et

2011 4240 2226 4296 veritas
2261 4238 2428 4305 solet,
2460 4236 2896 4293 adminiculum
2931 4251 3054 4291 non
3094 4234 3402 4291 modicum
3446 4234 3673 4289 lamen-

2010 4328 2275 4386 tantibus
2298 4329 2455 4398 juste
2482 4326 2882 4399 impendatur,
2918 4329 3098 4398 atque
3125 4325 3204 4381 ab
3231 4322 3563 4397 apostolica
3585 4337 3673 4376 se-

2010 4418 2086 4473 de
2116 4416 2492 4486 suffragetur,
2525 4431 2680 4488 quos
2710 4432 2818 4487 per
2848 4414 3118 4471 divinam
3161 4414 3416 4485 gratiam
3457 4408 3673 4466 Christi

2011 4506 2231 4565 auxilio
2256 4505 2511 4577 dignum
2539 4510 2629 4561 est
2654 4504 2951 4576 adjuvari,
2978 4520 3125 4561 neve
3174 4503 3351 4559 totius
3398 4498 3670 4555 Ecclesiae

2011 4684 2493 4741 canonizationes
2522 4682 2751 4747 ﬁerent,
2782 4695 2886 4735 eas
2917 4692 3042 4732 non
3091 4676 3205 4731 nisi
3237 4672 3670 4747 comprobante

2012 4756 2272 4826 generali
2304 4753 2539 4828 synodo
2567 4743 2806 4828 decerni
2832 4747 3239 4828 consuevisse,
3290 4743 3467 4828 tragit
3510 4743 3671 4800 Chri-

2013 4820 2240 4883 stianus
2275 4820 2473 4897 Lupus
2503 4822 2873 4897 Scholiorum
2902 4825 3046 4897 tom.
3078 4820 3255 4897 lll,_p_.
3304 4821 3428 4897 “$569,
3470 4830 3669 4897 ‘usque

2012 4899 2158 4953 dum
2185 4886 2481 4965 Eugenius
2516 4898 2580 4949 Ill
2600 4893 2845 4965 primus
2877 4890 3003 4965 sine
3033 4886 3281 4965 consilio
3304 4887 3367 4943 in
3399 4886 3529 4965 solo
3559 4886 3669 4965 suo

2013 4956 2364 5025 consistorio
2395 4956 2767 5021 canoniiavit
2808 4964 2863 5019 S.
2898 4962 3221 5016 Henricum
3250 4960 3411 5031 imp._
3447 4958 3522 5012 de
3552 4956 3672 5028 ple-

2012 5039 2280 5096 nitudine
2311 5036 2635 5110 potestatis,
2668 5036 2782 5110 hac
2812 5050 2957 5110 usus
2996 5032 3224 5110 ratione
3252 5029 3672 5110 quodni-{oma—

2011 5128 2105 5167 nm
2156 5100 2425 5164 Ecclesiae
2478 5100 2798 5162 auctOritas
2856 5104 2928 5159 sit
2963 5104 3237 5159 omnium
3273 5100 3670 5157 conciliorum

2016 5181 2496 5237 fundamentum.
2524 5177 2649 5231 Vid.
2678 5176 2908 5231 bullam
2938 5173 3408 5229 canonizationis
3431 5172 3491 5226 in
3520 5169 3667 5225 Bull.

2016 5255 2083 5309 Μ.
2116 5255 2283 5307 Rom.
2318 5251 2430 5305 loc.
2459 5250 2552 5322 cit,
2588 5265 2647 5322 p.
2678 5252 2764 5302 31.
2802 5249 2882 5322 Ei:
2902 5262 3024 5322 quo
3054 5249 3322 5317 tempore
3360 5241 3669 5322 pontiﬁces

2016 5322 2128 5377 sibi
2151 5322 2307 5378 hanc
2332 5317 2745 5394 auctoritatem
2773 5317 3062 5394 privative
3098 5318 3512 5394 reservarunt-5
3547 5318 3672 5369 tan-

2017 5392 2700 5466 demquegeneraliter,_
2718 5384 2799 5466 _et'_
2835 5389 2914 5444 ab
2944 5387 3231 5466 omnibus
3272 5384 3546 5466 Ecclesiis
3577 5400 3669 5439 re-

2019 5456 2201 5537 cepta.
2220 5456 2334 5537 fuit
2364 5456 2844 5537 hmcpontiﬁcia
2889 5459 3231 5537 reservatip,
3286 5456 3670 5537 potissimum

2020 5528 2365 5593 auctoritate
2424 5528 2743 5605 cujusdam
2791 5530 3102 5587 decretalis
3155 5528 3415 5599 Gregorii
3476 5531 3557 5595 IX,
3609 5528 3670 5581 in

2140 5653 2151 5664 .
2190 5613 2238 5675 1,
2265 5624 2323 5674 x,
2352 5609 2436 5663 De
2455 5606 2625 5677 reliq.
2660 5610 2725 5677 et
2740 5610 3001 5660 venerat.
3034 5608 3398 5658 sanctorum.

2020 5626 2089 5665 ca
2140 5653 2151 5664 .
2190 5624 2238 5675 ι,
2265 5624 2323 5674 x,
2352 5624 2436 5663 ue
2455 5624 2625 5677 reuq.
2660 5624 2712 5661 ει
2740 5624 2812 5659 ve.

2092 5624 2166 5753 85)
2208 5680 2298 5737 Sic
2328 5678 2389 5735 in
2418 5676 2812 5759 autographo.
