3988 6182
298 187 431 240 1363

1641 171 2002 231 BENEDICTI
2042 175 2104 229 ΙΧ
2146 177 2357 232 ΡΑΡᾸΞ.

3599 177 3619 230 1
3632 180 3734 234 364

293 305 738 380 perturbatione
767 303 1118 376 imprudens
1148 302 1449 376 praecedat
1475 300 1742 368 intentio,
1794 303 1849 354 et
1877 314 1948 353 ea
1978 301 2025 353 A
2069 299 2538 362 contradictione
2589 302 2716 374 ipse
2763 302 2976 374 suique
3023 317 3398 358 successores
3450 301 3740 358 eamdem

294 414 428 469 quae
458 413 493 452 a
524 394 743 451 sanctis
774 392 1314 465 pradecessoribus
1351 392 1567 448 nostris
1608 395 1664 446 et
1710 386 1951 460 reliquis

297 485 515 542 sanctis
565 483 799 538 dudum
845 482 1081 538 fuerant
1127 481 1445 554 prohibita,
1492 481 1690 536 denuo
1746 476 1954 534 revivi-

300 579 488 630 scant.
519 571 684 628 Sedis
713 587 979 644 namque
1009 575 1231 627 nostra
1279 571 1754 628 consideratione
1799 583 1957 623 com-

298 663 595 736 pellimur,
627 676 697 718 ea
728 677 863 734 qua
893 661 973 717 ad
996 660 1305 717 notionem
1330 666 1599 717 nostram
1629 658 1968 715 emendan~.

298 754 378 809 da
408 756 826 826 pervenerunt,
859 757 1102 824 propter
1129 755 1314 807 Deum
1343 768 1464 807 non
1487 748 1959 822 relinquere,sed

299 843 486 912 digna
535 843 954 898 emendatione
1003 843 1315 912 corrigere.
1374 846 1439 898 Et
1485 842 1532 896 si
1577 836 1960 895 saecularibus

309 930 520 985 officiis
549 929 699 985 ordo
727 933 956 999 suus,et
985 930 1201 986 tradita
1233 945 1270 985 a
1292 929 1625 1000 majoribus
1649 924 1963 997 disciplina

302 1019 600 1076 servanda
629 1022 734 1086 est,
762 1018 896 1091 quis
923 1018 1538 1075 ferat'ecclesiasticos
1595 1017 1835 1073 ordines
1887 1019 1966 1070 te-

302 1108 520 1164 merari
545 1125 612 1164 ac
643 1109 1112 1180 praesumptione
1141 1109 1474 1164 confundi?
1523 1112 1626 1164 aut
1672 1107 1753 1162 ita
1781 1104 1963 1174 negli-

304 1213 441 1268 gere
470 1202 526 1252 et
551 1197 933 1253 emendanda
950 1214 1072 1252 non
1089 1214 1270 1270 opem
1297 1197 1540 1253 ferendo
1566 1194 1964 1268 postponere?

305 1287 682 1358 Quapropter
707 1285 990 1340 omnibus
1015 1287 1070 1341 S.
1105 1286 1202 1340 Dei
1250 1285 1521 1340 Ecclesiae
1571 1284 1703 1338 tiliis
1753 1289 1965 1338 notum

304 1390 432 1430 esse
463 1374 744 1430 volumus
775 1375 940 1447 quod
971 1375 1317 1431 detestabile
1345 1375 1514 1430 nefas
1549 1379 1816 1446 tempore
1864 1388 1968 1427 no-

305 1464 407 1519 stri
437 1464 768 1519 decessoris
796 1464 1042 1520 Joannis
1093 1480 1268 1537 papa
1318 1481 1354 1521 a
1398 1466 1684 1536 Poppone
1730 1463 1968 1532 Foroju-

302 1553 471 1608 liensi
503 1552 776 1624 prasule,
808 1552 1050 1630 diabolo
1083 1553 1391 1624 suadente,
1421 1556 1622 1610 actum
1651 1556 1741 1607 est
1767 1551 1968 1606 adver-

2065 390 2526 460 patriarchalem
2558 392 2763 447 sedem
2794 407 2934 446 cum
2966 391 3258 446 omnibus
3291 391 3412 446 suis
3438 391 3744 464 pertinen-

2068 478 2156 534 tiis
2183 485 2481 555 perpetuis
2509 482 2858 554 possideant
2889 481 3280 554 temporibus.
3303 481 3580 554 Popponi
3595 496 3744 536 vero

2066 570 2380 641 epistolam
2415 571 2651 642 direxit,
2683 574 2748 626 ut
2777 575 2994 627 cuncta
3019 571 3220 627 ablata
3245 571 3360 626 sub
3399 571 3580 626 trium
3610 586 3746 642 per-

2068 675 2356 716 sonarum
2417 665 2796 717 sacramento
2847 661 3135 717 Gradensi
3181 660 3540 717 Patriarcha
3579 661 3746 715 resti-

2069 754 2276 806 tueret.
2313 751 2483 816 Quod
2510 767 2630 806 non
2664 751 2859 806 solum
2881 767 3004 806 non
3026 749 3396 822 adimplevit,
3423 749 3536 805 sed
3558 750 3744 805 etiam

2070 841 2276 893 contra
2307 838 2574 893 divinum
2605 839 2704 910 jus
2735 843 2789 894 et
2815 840 2911 895 SS.
2947 841 3184 894 Patrum
3216 838 3470 906 sancita,
3526 836 3746 908 quibu-

2071 927 2244 984 sdam
2303 928 2616 984 inhoneste
2671 928 2782 984 sibi
2841 928 3310 998 suffragantibus
3351 924 3750 1000 privilegium

2073 1017 2478 1072 fraudulenter
2506 1017 2848 1090 impetravit
2893 1017 2967 1072 de
2999 1017 3314 1074 stabilitate
3368 1033 3493 1071 suae
3551 1015 3753 1072 Eccle-

2074 1106 2193 1175 sia,
2229 1111 2284 1160 et
2311 1107 2627 1162 Gradensis
2650 1106 3087 1178 patriarchatus
3119 1107 3511 1177 subjectione.
3531 1106 3650 1172 Qui
3675 1105 3749 1160 ad

2074 1195 2384 1250 cumulum
2415 1212 2537 1250 sua
2568 1195 2974 1250 damnationis
3003 1195 3232 1251 addens
3259 1211 3509 1268 quoque
3533 1194 3750 1267 iniqui-

2074 1287 2254 1338 tatem
2286 1299 2465 1356 super
2490 1283 2885 1354 iniquitatem,
2914 1289 3121 1339 nostro
3144 1284 3322 1339 etiam
3345 1289 3631 1356 tempore
3655 1283 3755 1338 ite-

2077 1388 2209 1426 rum
2241 1372 2604 1428 Gradensem
2635 1373 2930 1428 civitatem
2961 1373 3160 1428 furtim
3212 1373 3559 1442 ingrediens
3607 1389 3754 1428 cun-

2076 1461 2183 1516 ctis
2204 1460 2609 1517 abominabile
2639 1461 2700 1516 in
2731 1477 2801 1516 ea
2832 1461 3132 1517 commisit
3181 1460 3504 1530 ﬂagitium,
3558 1465 3753 1516 totam

2076 1550 2347 1606 videlicet
2377 1551 2674 1606 civitatem
2705 1567 2842 1606 cum
2882 1550 3143 1605 ecclesiis
3191 1551 3479 1616 incendit,
3535 1550 3756 1606 altaria

307 1659 407 1697 sus
440 1644 732 1697 Ursonem
765 1641 1086 1698 Gradensis
1133 1642 1403 1698 Ecclesiae
1465 1657 1638 1697 nova
1687 1640 1968 1713 Aquileia
1995 1659 2036 1712 Β
2080 1640 2384 1708 confregit,
2417 1641 2728 1695 thesauros
2761 1640 3023 1709 abstulit,
3058 1644 3114 1694 et
3151 1639 3452 1711 quidquid
3497 1638 3578 1696 ab
3613 1640 3752 1709 igne

305 1730 710 1802 patriarcham
740 1748 752 1796 ;
785 1730 1108 1802 praedictus
1163 1730 1413 1802 quidem
1461 1733 1665 1801 Poppo
1713 1729 1972 1784 Graden-

307 1835 437 1875 sem
467 1819 766 1875 civitatem
791 1819 1000 1874 adiens
1029 1819 1438 1875 fraudulenter
1459 1835 1597 1875 eam
1626 1819 1864 1889 invasit,
1887 1820 1972 1873 in-

305 1922 642 1978 vasamque
675 1907 984 1975 gentilium
1031 1923 1199 1961 more
1229 1907 1641 1978 depopulavit,
1694 1907 1973 1962 ecclesias

307 1994 570 2062 violavit,
602 1994 815 2050 altaria
845 1995 1036 2063 fregit,
1056 1997 1368 2051 thesauros
1391 1995 1653 2064 abstulit,
1681 2000 1974 2050 monaste-

306 2084 394 2140 ria
423 2083 732 2152 destruxit,
765 2089 821 2140 et
848 2083 922 2138 de
955 2084 1132 2140 tantis
1161 2100 1283 2139 non
1333 2084 1690 2140 erubescens
1735 2083 1974 2154 ﬂagitiis

305 2175 553 2246 insuper
577 2174 735 2229 hanc
765 2173 1162 2246 apostolicam
1193 2174 1398 2231 sedem
1429 2175 1551 2230 suis
1585 2174 1750 2246 petiit
1794 2174 1974 2230 simu-

307 2263 654 2332 lationibus,
711 2279 967 2335 poscens
1029 2263 1107 2320 ab
1155 2280 1228 2319 ea
1268 2280 1374 2336 per
1423 2280 1564 2320 suos
1594 2264 1835 2319 nuntios
1862 2263 1972 2318 sibi

308 2352 689 2425 privilegium
719 2352 848 2408 ﬁeri
887 2353 1246 2410 nominatim
1296 2354 1369 2408 de
1416 2353 1701 2409 Gradensi
1754 2353 1974 2421 insula,

310 2459 495 2515 quam
525 2442 885 2514 promiserat
905 2443 1065 2512 juste
1097 2446 1154 2498 et
1182 2444 1467 2499 canonice
1499 2460 1569 2499 ac
1599 2460 1706 2516 per
1727 2445 1975 2516 antiqua

309 2530 617 2602 privilegia
646 2532 958 2588 ostendere
992 2532 1070 2588 ad
1101 2549 1162 2587 se
1194 2533 1509 2604 pertinere,
1545 2533 1705 2588 unde
1749 2532 1978 2604 privile-

315 2619 480 2689 gium
508 2620 620 2677 sub
649 2620 750 2676 tali
781 2625 1135 2685 consecutus
1163 2625 1252 2677 est
1278 2626 1500 2689 tenore,
1532 2627 1614 2691 ut,
1650 2622 1700 2677 si
1727 2622 1975 2694 quando

309 2709 384 2766 de
437 2726 508 2766 ea
566 2709 768 2783 aliqua
817 2711 1069 2767 oriretur
1125 2711 1401 2783 quaestio,
1445 2711 1705 2782 sicjuste
1743 2711 1976 2784 absque

310 2798 431 2853 ulla
460 2799 777 2854 occasione
807 2799 885 2854 ad
916 2816 977 2854 se
996 2800 1288 2871 pertinere
1322 2799 1743 2873 comprobaret
1767 2815 1975 2872 quem-

309 2887 643 2942 admodum
670 2888 1042 2958 promiserat.
1066 2889 1237 2953 Quod
1259 2892 1493 2944 tantum
1519 2889 1578 2943 in
1605 2889 1975 2945 contrarium

2079 1727 2385 1794 remansit,
2417 1743 2795 1799 paganorum
2824 1729 2941 1782 ritu
2971 1744 3179 1783 secum
3207 1727 3434 1784 detulit.
3479 1731 3593 1784 Pro
3627 1733 3752 1784 tan-

2083 1819 2141 1870 to
2170 1816 2428 1888 denique
2455 1818 2699 1890 repetito
2731 1817 3042 1886 sacrilegio
3070 1817 3386 1872 Gradensis
3402 1817 3764 1888 patriarcha

2083 1904 2246 1976 apud
2272 1905 2669 1977 apostolicam
2702 1905 2908 1960 sedem
2935 1904 3148 1960 eodem
3169 1905 3750 1974 miitenteinvasore,

2083 2008 2189 2064 per
2219 2010 2360 2048 suas
2404 1994 2626 2049 litteras
2667 1995 3030 2049 lamentatus
3086 1997 3193 2048 est.
3245 1994 3360 2050 Sed
3414 1998 3748 2066 antequam

2084 2099 2120 2138 a
2150 2083 2324 2138 nobis
2356 2084 2430 2139 de
2452 2088 2614 2138 tanto
2646 2089 3014 2139 coerceretur
3036 2100 3209 2152 ausu,
3260 2083 3467 2138 divino
3519 2083 3749 2154 judicio

2085 2171 2209 2227 sine
2241 2173 2615 2228 confessione
2642 2177 2700 2227 et
2722 2173 2939 2228 viatico
2967 2173 3044 2228 ab
3070 2173 3184 2228 hac
3229 2172 3361 2228 luce
3404 2172 3746 2227 subtractus

2085 2267 2188 2316 est.
2223 2262 2493 2318 Tandem
2525 2266 2670 2319 Urso
2701 2263 3018 2318 Gradensis
3056 2262 3398 2334 patriarcha
3441 2279 3555 2319 una
3595 2278 3736 2318 cum

2085 2351 2392 2407 Dominico
2425 2354 2755 2409 Contareno
2786 2351 3000 2407 dilecto
3029 2351 3151 2407 ﬁlio
3180 2356 3406 2418 nostro,
3441 2351 3590 2406 duce
3627 2353 3738 2406 Ve-

2083 2442 2415 2498 neticorum
2446 2441 2568 2497 sive
2601 2442 3084 2508 Dalmaticorum,
3119 2446 3176 2496 et
3207 2441 3436 2514 populo
3467 2442 3746 2510 Venetia,

2083 2532 2258 2588 nobis
2288 2547 2394 2603 per
2424 2547 2565 2587 suos
2592 2531 2948 2604 supplicavit
2976 2531 3224 2601 legatos,
3251 2530 3528 2588 videlicet
3573 2535 3750 2588 Bene-

2084 2621 2312 2676 dictum
2340 2636 2536 2676 vener.
2572 2621 2712 2676 abb.
2750 2622 2846 2677 SS.
2889 2620 3181 2676 Trinitatis
3232 2624 3289 2676 et
3342 2621 3399 2675 S.
3449 2620 3753 2678 Michaelis

2085 2708 2440 2777 Archangeli
2467 2708 2541 2763 de
2569 2707 2890 2773 Brundulo,
2917 2710 3214 2764 Joannem
3241 2710 3755 2778 Stornatum,Gre-

2086 2797 2321 2866 gorium
2352 2795 2654 2867 clericum,
2682 2800 2981 2868 quatenus
3015 2796 3222 2852 omnia
3247 2796 3361 2851 sibi
3391 2814 3645 2870 suaque
3674 2816 3756 2854 se-

2085 2885 2145 2941 di
2174 2885 2442 2955 subjecta
2471 2890 2676 2940 nostra
2702 2884 3146 2940 restituerentur
3174 2885 3530 2940 auctoritate
3563 2891 3624 2941 et
3641 2888 3759 2959 pri-

310 2973 544 3044 accidit,
559 2974 703 3045 quia
734 2991 873 3030 cum
907 2979 1051 3031 Urso
1080 2976 1400 3032 Gradensis
1425 2976 1697 3032 Ecclesia
1729 2978 1976 3049 patriar-
2006 3014 2048 3070 ρ
2084 2974 2364 3044 vilegium
2390 2973 2556 3046 quod
2605 2977 2809 3046 Poppo
2848 2974 2922 3028 de
2953 2973 3270 3029 Gradensis
3311 2973 3588 3030 ecclesia
3619 2977 3757 3032 sub-

311 3061 424 3117 cha
453 3061 716 3134 primum
746 3079 854 3135 per
883 3080 1024 3120 suos
1047 3065 1310 3131 nuntios,
1343 3064 1560 3120 deinde
1612 3081 1720 3137 per
1766 3070 1976 3122 semet-

309 3152 510 3224 ipsum
539 3151 696 3209 hanc
721 3153 1115 3226 apostolicam
1135 3158 1360 3226 peteret
1381 3155 1584 3211 sedem
1608 3155 1687 3211 ad
1716 3171 1978 3229 conque-

307 3240 566 3296 rendum
595 3241 668 3297 de
696 3259 816 3298 suae
845 3242 1002 3300 sedis
1033 3243 1362 3311 invasione,
1414 3243 1576 3300 idem
1625 3247 1830 3318 Poppo
1881 3262 1978 3302 vo-

311 3334 480 3386 catus
511 3331 591 3388 ad
617 3332 1108 3390 satisfaciendum
1140 3333 1296 3390 sicut
1319 3334 1612 3406 promisit,
1637 3351 1758 3391 non
1779 3336 1975 3392 solum

309 3420 512 3477 venire
559 3421 804 3489 distulit,
863 3439 1074 3478 verum
1118 3423 1298 3481 etiam
1327 3423 1682 3496 praedictam
1710 3425 1975 3481 insulam

310 3525 418 3582 per
443 3510 692 3581 antiqua
721 3510 1031 3583 privilegia
1073 3512 1234 3582 juste
1292 3527 1363 3568 ac
1410 3512 1746 3568 secundum
1786 3517 1975 3570 Deum

313 3598 425 3654 sibi
475 3598 788 3670 pertinere,
849 3604 914 3654 ut
956 3600 1334 3671 promiserat,
1385 3601 1696 3658 ostendere
1728 3603 1976 3660 minime

311 3685 520 3758 potuit,
546 3687 693 3758 quin
727 3687 909 3742 etiam
939 3691 1207 3744 tenorem
1255 3689 1548 3761 privilegii
1592 3691 1852 3758 negavit.
1911 3696 1978 3750 Et

311 3775 602 3847 quoniam
633 3792 705 3832 ex
732 3776 824 3832 his
851 3793 986 3849 qua
1012 3777 1308 3850 promisit,-
1353 3778 1500 3834 nihil
1530 3780 1842 3837 ostendere
1873 3799 1974 3838 va-

309 3864 436 3935 luit,
454 3865 832 3937 privilegium
861 3867 1027 3939 quod
1057 3866 1169 3922 sub
1195 3867 1443 3941 prafata
1469 3869 1810 3925 conditione
1836 3888 1976 3928 con-

312 3960 550 4012 secutus
580 3961 685 4024 est,
713 3973 826 4013 suo
852 3961 1054 4014 tenore
1078 3959 1238 4029 juste
1265 3963 1618 4015 evacuatum
1645 3975 1714 4016 ae
1743 3961 1976 4031 regula-

308 4045 448 4101 riter
473 4045 552 4102 ad
580 4047 832 4102 nihilum
861 4053 949 4102 est
972 4047 1303 4104 redactum.
1364 4051 1476 4104 Pro
1512 4050 1627 4105 hac
1673 4050 1970 4122 siquidem

308 4149 372 4188 re
401 4133 562 4189 idem
587 4139 790 4191 noster
818 4135 1102 4192 decessor
1129 4139 1387 4193 JOannes
1439 4153 1602 4210 papa
1645 4153 1971 4209 congrega-

308 4222 392 4277 vit
421 4227 694 4279 sanctam
724 4225 1027 4295 synodum
1052 4226 1114 4280 in
1140 4226 1390 4282 ecclesia
1416 4228 1478 4281 B.
1516 4227 1796 4295 silvestri,
1830 4233 1970 4285 ante

308 4311 480 4382 cujus
509 4313 890 4383 praesentiam
910 4314 1154 4369 veniens
1181 4318 1324 4371 Urso
1347 4316 1661 4372 Gradensis
1695 4317 1965 4374 Ecclesia

305 4401 649 4472 patriarcha
676 4401 752 4458 de
794 4405 950 4458 statu
1000 4419 1122 4458 suae
1176 4405 1650 4478 metropolitana
1703 4407 1968 4464 ecclesia

307 4489 558 4562 ejusque
581 4491 950 4562 pertinentiis
978 4493 1428 4566 quamplurima
1459 4495 1723 4550 ostendit
1739 4496 1967 4566 privile-

305 4578 403 4648 gia
423 4595 459 4635 a
487 4580 704 4635 nostris
731 4582 1208 4638 antecessoribus
1236 4599 1354 4638 suae
1376 4582 1502 4638 sedi
1531 4599 1838 4654 concessa,
1859 4587 1970 4642 sci-

301 4666 438 4724 licet
464 4683 500 4724 a
530 4669 908 4726 sanctissimo
932 4670 1188 4740 Pelagio,
1219 4671 1820 4742 Gregorio,Honorio,
1848 4676 1966 4729 Ste-

301 4758 528 4831 phano,
561 4759 704 4816 item
735 4760 1040 4831 Gregorio,
1071 4761 1282 4827 Leone,
1318 4760 1542 4831 Sergio,
1574 4762 1717 4817 item
1749 4765 1962 4832 Leone,

300 4847 640 4921 Benedicto,
667 4849 952 4915 Adriano,
984 4849 1301 4918 Bonifacio,
1328 4850 1962 4923 Romano,Theodoro,

301 4937 641 5008 Anastasio,
675 4939 925 5009 Joanne,
956 4938 1258 5011 Sylvestro
1279 4944 1336 4996 et
1353 4940 1575 5009 Sergio.
1592 4943 1734 5006 Qua
1759 4943 1964 4999 omnia

299 5031 504 5082 noster
530 5031 874 5083 antecessor
905 5028 1168 5084 studiose
1222 5029 1611 5086 considerans
1662 5030 1967 5088 ﬁrmando

297 5119 498 5173 vetera
525 5125 639 5190 per
662 5118 1018 5190 synodalem
1049 5133 1368 5176 censuram
1401 5119 1514 5176 sub
1541 5120 1729 5176 divini
1752 5122 1964 5192 j'udicii

297 5204 688 5263 obtestatione
714 5206 829 5264 tale
863 5225 1093 5264 novum
1123 5209 1416 5266 construit
1443 5210 1840 5282 privilegium,
1895 5215 1960 5268 ut

294 5294 496 5352 nullus
528 5312 803 5369 unquam
840 5299 912 5372 in,
943 5302 1211 5370 tempore
1255 5299 1610 5372 pradictum
1668 5302 1956 5356 Ursonem

291 5385 697 5456 patriarcham
725 5403 795 5444 ac
827 5397 1200 5445 successores
1231 5404 1372 5445 suos
1419 5389 1493 5445 de
1522 5388 1810 5462 praedicto
1853 5405 1957 5463 pa-

289 5473 614 5533 tri'archatu
645 5476 930 5534 Gradensi
961 5478 1111 5534 sicut
1141 5477 1214 5535 de
1243 5478 1424 5534 rebus
1456 5495 1526 5535 ac
1565 5479 1957 5552 possessioni-

289 5562 406 5618 bus
436 5565 564 5634 ejus
594 5567 923 5640 inquietare
953 5572 1055 5624 aut
1081 5569 1398 5625 molestare
1443 5573 1793 5642 praesumat,
1846 5569 1952 5627 sed

287 5651 490 5725 potius
519 5670 659 5710 cum
679 5673 789 5714 sua
807 5656 1135 5726 integritate
1157 5659 1418 5730 quietus,
1431 5663 1663 5719 remota
1677 5658 1952 5716 omnium

2081 3064 2338 3135 jectione
2395 3067 2602 3119 contra
2643 3062 2914 3118 divinam
2967 3063 3378 3119 auctoritatem
3429 3065 3757 3136 acquisivit

2086 3169 2552 3221 evacuaremus;
2612 3153 2759 3225 quin
2816 3152 2993 3208 etiam
3035 3151 3348 3225 privilegia
3399 3158 3755 3212 nostrorum

2085 3243 2474 3299 decessorum
2505 3241 2709 3314 palam
2737 3245 2976 3296 ostensa
3013 3241 3087 3296 de
3119 3245 3274 3296 statu
3317 3258 3442 3298 sua
3483 3244 3753 3300 ecclesia

2083 3347 2512 3389 renovaremus
2542 3337 2722 3404 atque
2753 3332 3270 3400 contirmaremus,
3303 3333 3428 3388 sive
3453 3333 3530 3388 de
3561 3334 3749 3390 rebus

2085 3427 2263 3495 atque
2291 3421 2771 3495 possessionibus
2811 3421 2902 3476 sui
2933 3421 3384 3493 patriarchatus,
3437 3428 3746 3492 quatenus

2082 3528 2218 3584 qua
2248 3510 2403 3566 infra
2430 3510 2681 3566 Venetia
2712 3510 2807 3565 vel
2833 3510 3012 3567 Italici
3040 3511 3202 3580 regni
3227 3509 3520 3574 ditionem,
3539 3525 3646 3564 seu
3663 3509 3727 3563 in

2083 3601 2368 3656 comitatu
2401 3599 2658 3656 lstriensi
2688 3600 3013 3656 consistere
3067 3604 3397 3664 noscuntur,
3447 3597 3733 3653 videlicet

2083 3695 2148 3746 ut
2175 3690 2380 3746 omnia
2410 3706 2545 3762 qua
2561 3690 2618 3746 in
2640 3690 2925 3757 Rivoalto,
2945 3690 3004 3746 in
3023 3690 3454 3755 Methamauco,
3472 3689 3538 3744 in
3556 3687 3741 3761 Equi-

2081 3779 2180 3847 lio,
2213 3779 2273 3834 in
2302 3779 2524 3845 Pineto,
2579 3779 2641 3833 in
2685 3779 2924 3835 Civitate
2971 3795 3150 3848 nova,
3213 3778 3275 3833 in
3321 3778 3586 3833 conﬁnio
3619 3786 3750 3833 sua

2076 3870 2206 3940 jam
2232 3868 2402 3924 dicta
2431 3868 2680 3924 civitatis
2711 3868 3054 3936 Gradensis,
3088 3884 3195 3923 seu
3223 3867 3493 3933 Ursiano,
3513 3867 3611 3922 vel
3641 3870 3748 3923 Ga-

2077 3961 2263 4030 jazzo,
2293 3959 2354 4014 in
2382 3957 2658 4026 Zemulis,
2690 3958 2912 4030 partim
2936 3960 2997 4013 in
3029 3958 3320 4014 territorio
3347 3957 3660 4030 Aquileia,
3695 3963 3752 4014 et

2080 4047 2141 4102 in
2167 4046 2402 4103 marino
2433 4046 2708 4116 termino,
2740 4046 2800 4102 in
2832 4046 3018 4114 lstria,
3051 4047 3112 4101 in
3142 4050 3439 4115 Tergeste,
3484 4047 3749 4102 Justino—

2080 4137 2223 4210 poli,-
2257 4137 2487 4203 Pirano,
2519 4135 2662 4191 item
2693 4137 2753 4191 in
2806 4135 3043 4192 Civitate
3091 4153 3267 4202 nova,
3310 4137 3745 4192 Parentio.....:

2080 4227 2241 4294 Pola,
2276 4231 2454 4298 atque
2485 4225 2544 4281 in
2577 4225 2824 4281 Castalio
2874 4227 2927 4282 S.
2961 4225 3216 4295 Georgii,
3278 4229 3336 4280 et
3391 4225 3456 4280 in
3498 4225 3748 4298 reliquis

2077 4316 2223 4372 locis
2251 4319 2374 4372 tam
2403 4315 2559 4371 infra
2583 4331 2770 4387 quam
2792 4320 2957 4371 extra
2987 4328 3094 4371 seu
3123 4315 3182 4370 in
3219 4315 3486 4371 Bononia
3508 4316 3604 4371 vel
3634 4319 3745 4371 Ro-

2078 4405 2300 4471 mania,
2327 4408 2630 4473 Ravenna,
2659 4403 2944 4472 Arimino,
2980 4407 3302 4472 Pensauro,
3336 4404 3460 4459 sive
3506 4404 3570 4462 in
3619 4404 3746 4476 qui-

2076 4495 2432 4565 buscunque
2456 4493 2600 4548 locis
2657 4493 2834 4548 ltalici
2859 4493 3046 4562 regni,
3091 4510 3194 4550 seu
3223 4493 3477 4549 Venetia
3513 4493 3746 4549 habere

2077 4601 2146 4640 ac
2176 4583 2482 4656 possidere
2516 4583 2607 4637 sui
2631 4587 3038 4637 antecessores
3064 4582 3174 4637 visi
3197 4587 3352 4650 sunt,
3386 4583 3502 4654 ipsi
3526 4583 3744 4655 suique

2077 4689 2456 4729 successores
2487 4671 2716 4742 absque
2759 4672 3121 4743 cujusquam
3170 4671 3610 4742 contrarietate,
3637 4688 3745 4730 seu

2074 4761 2469 4830 refragatione
2490 4760 2740 4816 retinere
2770 4765 2827 4814 et
2850 4759 3156 4832 poesidere
3181 4759 3533 4832 quivis’sent.
3580 4763 3752 4826 Quo-‘

2073 4867 2206 4906 rum
2237 4849 2619 4924 petitionibus
2651 4849 2773 4905 zelo
2804 4850 3020 4905 domus
3054 4849 3152 4906 Dei
3188 4848 3454 4905 calefacti
3484 4844 3744 4906 libenter

2071 4942 2423 5009 annuentes,
2456 4941 2512 4994 et
2531 4939 2766 5009 justum
2796 4956 2922 4995 esse
2953 4938 3360 5006 decernentes,
3379 4939 3439 4994 in
3465 4933 3745 5008 Romana

2071 5028 2320 5084 ecclesia
2348 5031 2401 5084 S.
2438 5029 2743 5100 synodum
2776 5029 3296 5099 congregavimus.
3329 5028 3741 5084 residentibus

2069 5119 2387 5174 nobiscum
2438 5119 2880 5175 venerabilibus
2957 5119 3273 5198 episcopis,
3345 5119 3738 5191 presbyteris,

2068 5207 2442 5276 diaconibus,
2479 5205 2906 5276 cardinalibus,
2969 5208 3444 5264 subdiaconibus
3491 5211 3739 5280 nostris,

2068 5297 2388 5355 abbatibus
2394 5303 2474 5370 ,et
2495 5314 2757 5370 quorum
2778 5298 3118 5371 aliquorum
3144 5299 3394 5354 nomina
3415 5299 3545 5354 hac
3574 5306 3740 5356 sunt.

2136 5391 2394 5444 Joannes
2420 5388 2835 5444 Lavicanensis
2869 5405 3056 5461 nepos
3085 5393 3285 5444 noster
3313 5389 3661 5463 episcopus,

2135 5477 2432 5533 Tedaldus
2462 5477 2816 5533 Albanensis
2843 5478 3184 5550 episcopus.

2133 5569 2390 5624 Joannes
2419 5567 2758 5623 Portuensis
2788 5570 3127 5642 episcopus.

2131 5661 2389 5716 Joannes
2411 5657 2894 5714 Pranestinensis
2921 5657 3259 5731 episcopus.
