4020 6176
308 344 674 401 Benedictus
705 344 985 402 Ostiensis
1022 345 1362 419 episcopus,

307 434 567 488 Amatus
601 432 953 489 Vellitrensis
988 434 1327 507 episcopus.

303 522 532 577 Bonizo
563 521 1000 577 Tuschanensis
1021 522 1358 595 episcopus.

303 614 438 669 lion
450 614 615 667 estus
649 610 1144 684 Foropopiliensis
1174 612 1512 685 episcopus.

303 700 500 756 Adam
538 700 1139 773 Forosempronensis
1164 701 1503 774 episcopus.

306 788 681 847 Crescentius
717 790 771 844 8.
807 788 1057 846 Buﬂinte
1089 791 1308 847 Eccles.
1342 790 1526 864 episc.

305 879 454 935 Vido
482 879 886 935 Humanensis
918 880 1099 953 episc.

309 969 582 1026 Andreas
605 968 925 1025 Perusinus
946 970 1127 1043 episc.

311 1059 560 1117 Ubertus
595 1061 913 1117 Sasenates
946 1060 1164 1118 Eccles.
1193 1060 1374 1135 episc.

303 1150 613 1206 Arduinus
646 1153 996 1207 Foretranus
1023 1152 1206 1224 episc.

301 1238 644 1296 Teudaldus
678 1241 732 1295 8.
767 1240 1012 1297 Mariani
1041 1240 1222 1313 episc.

300 1332 560 1386 Joannes
594 1330 648 1386 S.
680 1328 1027 1386 Sabinonsis
1059 1330 1212 1387 Eccl.
1245 1329 1426 1403 episc.

297 1418 701 1476 Theudoricus
728 1418 1097 1476 Urbinensis.

297 1506 702 1564 Theudaldus.

299 1594 570 1652 libertus.

1380 256 1387 261 .
1479 213 1851 278 Eptsrous
1890 210 1982 268 ET
2024 211 2445 270 DIPLOMATA.

1936 338 1981 391 Α
2014 334 2307 393 imitando
2332 337 2684 410 praedictam
2716 338 3081 395 Gradensem
3113 338 3442 395 Ecclesiam
3472 353 3682 412 perpe-

3539 219 3677 273 i366

2014 428 2116 481 tua
2144 425 2461 482 stabilitate
2491 426 2965 499 patriarchatum
2991 442 3122 482 esse
3158 427 3487 495 sancim’us,
3548 428 3683 486 tibi-

2011 529 2128 585 que
2150 512 2265 568 illic
2290 514 2654 587 praesidenti,
2714 515 2974 587 quisque
3004 514 3459 571 successoribus
3490 520 3684 576 totum

2010 603 2401 677 melropolitae
2429 607 2608 676 atque
2640 604 2991 677 patriarchae
3022 604 3291 661 oﬂicium
3338 604 3528 663 libere
3580 625 3684 683 pe-

2008 693 2345 761 ragendum
2378 694 2784 762 concedimus,
2818 695 2968 750 etde
2994 686 3283 750 omnibus
3307 697 3527 755 vestris
3556 716 3694 774 pos-

2009 781 2379 837 sessionibus
2425 783 2830 856 praecipiendo
2883 783 3305 839 interdicimus
3370 790 3439 844 ut
3488 790 3692 849 nullus

2005 869 2367 940 patriarcha,
2401 871 2911 944 archiepiscopus,
2942 870 3338 944 praepositus,
3401 876 3693 954 decanus,

2005 957 2444 1028 vicedominus,
2496 960 2639 1028 dux,
2689 962 2977 1033 marchio,
3035 975 3266 1028 comes,
3341 965 3693 1040 vicecomes,

2004 1051 2109 1103 aut
2133 1058 2374 1104 exactor
2400 1049 2652 1121 alicujus
2684 1051 2786 1118 rei,
2809 1066 2921 1106 nec
2950 1049 3105 1106 ullus
3134 1049 3342 1120 judex
3393 1058 3691 1130 publicus,

2003 1136 2098 1191 vel
2118 1137 2368 1208 quilibet
2406 1156 2479 1195 ex
2499 1139 2767 1212 judiciali
2789 1144 3077 1213 potestate
3104 1138 3233 1194 vim
3289 1143 3561 1217 aliquam
3597 1149 3688 1203 vel

2002 1225 2379 1282 invasionem
2403 1228 2615 1284 inferre
2656 1232 3005 1302 praesumat,
3066 1232 3174 1284 aut
3231 1228 3444 1303 aliquo
3496 1235 3683 1291 modo

2002 1315 2344 1373 molestiam
2365 1317 2631 1389 ingerere
2663 1318 2767 1374 tibi
2796 1318 3002 1374 Ursoni
3025 1317 3409 1391 patriarchae,
3442 1322 3676 1392 tuisque

2005 1408 2477 1474 successoribus,
2510 1408 2633 1464 sive
2660 1409 2719 1464 in
2747 1408 3029 1476 ecclesiis,
3082 1413 3139 1463 et
3198 1407 3504 1480 plebibus,
3562 1406 3672 1464 'seu

2001 1497 2379 1553 monasteriis
2412 1501 2525 1554 tua:
2552 1498 2815 1554 ecclesiae
2839 1496 3295 1571 pertinentibus,
3354 1512 3459 1553 seu
3488 1496 3549 1553 in
3581 1497 3669 1554 fa-

2003 1584 2199 1653 miliis,
2229 1586 2288 1641 in
2321 1587 2569 1658 colonis,
2599 1587 2804 1656 servis,
2835 1587 2926 1644 vel
2955 1586 3295 1660 mancipiis,
3330 1602 3400 1642 ac
3423 1585 3666 1658 reliquis

296 1702 648 1759 Benedictus
695 1701 1163 1760 archidiaconus
1205 1704 1260 1759 8.
1292 1704 1355 1759 ηδ
1400 1706 1461 1758 Ε,
1488 1706 1545 1759 et
1572 1700 1893 1758 vicedomi_
1928 1686 1972 1739 Β
2000 1689 2139 1747 quae
2164 1691 2344 1748 super
2364 1676 2637 1747 ejusdem
2690 1676 2954 1733 ecclesiae
3009 1675 3173 1732 terris
3219 1678 3489 1732 manent.
3551 1674 3665 1730 Sed

220 1802 366 1848 nus.

298 1898 444 1969 Ugo.

298 1980 500 2043 Petrus
531 1982 928 2044 cancellarius
958 1990 1178 2044 noster.

264 2167 269 2172 _
298 2088 795 2172 Leo,_Romanus,
826 2084 1218 2160 Crescentius,
1254 2090 1476 2161 Petrus,
1510 2093 1616 2168 qui
1656 2084 1711 2150 et
1740 2080 1893 2151 Man-

220 2168 319 2237 cio
341 2168 576 2250 dicitur,
605 2182 892 2239 diaconos
921 2183 1131 2240 nostri.

291 2291 554 2345 Joannes
578 2289 1075 2346 archicanonicus
1104 2295 1161 2347 et
1185 2289 1555 2363 archipresb.
1586 2290 1890 2348 canonica;

219 2378 279 2435 S.
313 2377 489 2434 Joan.
519 2382 657 2436 ante
685 2381 926 2436 Portam
956 2372 1243 2437 Latinam.

288 2486 551 2541 Joannes
580 2485 903 2542 cardinalis
933 2486 1136 2559 presb.
1169 2487 1319 2544 tituli
1361 2489 1416 2545 S.
1448 2486 1706 2543 Caeciliae.

287 2574 551 2630 Joannes
580 2574 745 2631 card.
771 2574 857 2631 tit;
895 2576 949 2632 S.
982 2576 1228 2632 Martini.

298 2661 562 2718 Joannes
591 2661 757 2719 card.
790 2663 875 2719 tit.
913 2664 968 2720 8.
989 2662 1252 2720 Damasi.

300 2750 553 2808 libertus
590 2752 755 2809 card.
786 2752 870 2809 tit.
899 2754 955 2809 S.
980 2753 1326 2810 Anastasius.

304 2840 582 2897 Martinus
611 2841 776 2898 card.
809 2842 895 2898 tit.
928 2844 982 2899 S;
1016 2844 1271 2899 Savinee.

300 2928 638 2986 Teudaldus
664 2930 1058 2987 Primicerius.

298 3018 647 3076 Benedictus
678 3019 1113 3077 oblationarius
1146 3023 1201 3079 S.
1226 3024 1292 3079 Β.
1326 3024 1388 3079 Ε.

297 3108 652 3166 Benedictus
678 3110 884 3183 presb.
914 3115 972 3167 et
1000 3112 1164 3168 card.
1200 3112 1283 3168 tit.
1318 3110 1621 3184 Sylvestri.

294 3198 505 3254 Petrus
526 3199 690 3255 card.
731 3199 816 3256 tit.
841 3200 898 3256 8.
933 3200 1264 3271 Grisogoni.

299 3286 713 3345 Subdiacones
743 3293 969 3358 autem,
996 3291 1279 3346 Joannes;

294 3375 691 3434 Adelmarius.

296 3468 525 3523 Etrdso.

294 3555 448 3613 Sico.

294 3662 645 3719 Benedictus
676 3664 867 3722 abbas
890 3667 1239 3723 monasterii
1282 3667 1339 3723 S.
1381 3665 1665 3736 Gregorii,
1717 3660 1883 3741 quod

216 3752 440 3808 dicitur
471 3752 669 3810 Clivus
694 3756 919 3812 Scauri.

294 3859 765 3919 Bartholo‘inaeus
820 3879 1022 3920 venor.
1083 3858 1276 3921 abbas
1327 3863 1382 3919 S.
1435 3856 1626 3919 Mariae
1682 3863 1881 3920 Grotta

213 3950 477 4006 Ferrata.

292 4057 643 4115 Benedictus
674 4021 869 4117 abbas
903 4059 1254 4117 monasterii
1286 4061 1343 4117 S.
1377 4058 1590 4127 Mariae,
1622 4073 1757 4131 quae
1782 4075 1882 4115 vo-

209 4150 391 4203 catur
420 4149 477 4205 S.
509 4150 659 4205 Petri
683 4150 761 4207 ad
791 4147 1056 4206 Vmcula.

289 4256 407 4311 Leo
439 4254 634 4313 abbas
662 4258 717 4315 S.
752 4256 917 4314 Pauli
942 4255 1229 4329 Apostoli.

286 4343 573 4415 Georgius
598 4345 790 4402 abbas
823 4348 878 4403 S.
910 4344 1205 4402 Laurentii
1232 4344 1374 4401 foris
1404 4360 1667 4401 murum.

282 4435 545 4490 Joannes
573 4434 766 4493 abbas
799 4436 854 4492 S.
889 4434 1079 4492 Sabae.

282 4523 489 4578 Petrus
515 4522 707 4580 abbas
739 4526 797 4582 S.
829 4525 1016 4581 Mariae
1046 4523 1109 4581 in
1128 4522 1452 4579 Aventino.

285 4611 549 4669 Joannes
571 4612 763 4671 abbas
795 4615 852 4672 S.
880 4613 1071 4671 Roﬁlli
1101 4611 1613 4685 Foropupiiensis.

284 4699 536 4758 Bonizzo
562 4702 756 4759 abbas
780 4703 1129 4761 monasterii
1156 4705 1211 4760 S.
1246 4702 1398 4759 Petri
1422 4700 1664 4758 Perusiit

286 4790 450 4846 Felix
480 4792 673 4849 abbas
705 4794 760 4849 S.
793 4792 993 4849 Blasii.

287 4879 529 4938 Simeon
555 4882 750 4940 abbas
785 4884 839 4941 S.
868 4883 1058 4940 Maria
1088 4883 1150 4939 in
1179 4882 1429 4940 Pallara.

287 4991 355 5045 Et
376 4990 571 5047 caeteri
594 4990 918 5047 nobiscum
939 4989 1263 5046 residentes
1282 4990 1344 5045 in
1365 4989 1593 5060 gremio
1625 4991 1697 5046 8..
1717 4989 1785 5044 R.
1808 4991 1868 5045 Ε.

204 5086 472 5151 quorum
502 5080 929 5137 deliberatione
956 5080 1072 5136 hoc
1128 5079 1496 5152 apostolatus
1547 5078 1733 5136 nostri
1757 5079 1873 5152 pri-

204 5168 497 5239 vilegium
516 5169 645 5227 ﬁeri
669 5170 1045 5227 decrevimus
1076 5167 1181 5225 tibi
1207 5168 1371 5224 fratri
1391 5173 1597 5225 nostro
1626 5182 1871 5225 venera-

205 5256 316 5313 bili
363 5261 511 5316 Ut'so
570 5262 626 5317 S;
662 5258 980 5316 Gradensis
1030 5256 1303 5313 Ecclesiae
1365 5258 1737 5330 patriarchae,
1790 5258 1870 5314 ad

206 5358 398 5420 quem
430 5360 592 5405 nunc
621 5352 897 5405 nostrum
925 5346 1325 5403 convertimus
1354 5359 1695 5403 sermonem
1722 5362 1870 5420 prae-

209 5436 387 5509 cipue
408 5438 487 5494 ob
513 5438 809 5511 justitiam
824 5446 1011 5510 quam
1035 5440 1090 5492 te
1106 5439 1396 5507 tuamque
1419 5433 1744 5490 Ecclesiam
1767 5448 1869 5507 pe-

208 5531 337 5583 tere
374 5527 679 5584 evidenter
727 5526 1029 5597 novimus,
1087 5538 1195 5599 per
1248 5523 1415 5598 quod
1457 5522 1868 5596 apostolorum

208 5615 499 5689 principis
523 5617 693 5685 Petri,
733 5621 791 5673 et
834 5620 1057 5685 nostra,
1116 5615 1288 5686 cujus
1334 5613 1523 5671 vicem
1582 5611 1865 5683 gerimus,

2001 1764 2169 1818 omni
2193 1764 2327 1835 jure
2358 1770 2415 1821 et
2444 1770 2646 1821 tenore
2689 1768 2743 1822 S.
2802 1764 3123 1821 Gradensis
3168 1764 3441 1821 Ecclesiae
3496 1778 3534 1820 a
3562 1778 3665 1836 pa-

2002 1851 2273 1909 triarchis
2304 1870 2465 1910 nunc
2498 1859 2553 1910 et
2576 1870 2813 1927 semper
2842 1853 3067 1910 ibidem
3095 1853 3552 1927 praesidentibus
3597 1852 3663 1906 li-

1998 1940 2163 2009 bere,
2191 1959 2323 2015 quao
2344 1944 2815 2017 praelibavimus,
2859 1943 3090 2015 absque
3116 1943 3293 1998 ullius
3344 1942 3665 1998 infestatio-

2000 2042 2076 2084 ne
2105 2022 2472 2088 retineantur
2501 2046 2570 2088 ac
2600 2028 2891 2106 perpetuo
2906 2031 3040 2103 jure
3071 2020 3515 2105 possideantur.
3548 2028 3663 2085 Pri-

2000 2118 2285 2191 vilegium
2314 2138 2457 2178 vero
2479 2122 2645 2196 quod
2695 2123 2903 2195 Poppo
2961 2121 3383 2194 Forojuliensis
3440 2117 3664 2194 praesul

1998 2210 2075 2266 de
2106 2212 2476 2283 subjectione
2509 2212 2824 2268 Gradensis
2854 2212 3295 2283 patriarchatus
3322 2211 3667 2269 fraudulen-

2000 2305 2086 2357 ter
2116 2301 2192 2356 ab
2222 2302 2335 2357 hac
2363 2303 2502 2358 sede
2546 2306 2904 2358 consecutus
2952 2308 3060 2372 est,
3112 2304 3258 2375 quia
3306 2302 3472 2358 nulla
3513 2300 3660 2356 illud

1998 2389 2291 2446 canonica
2317 2392 2617 2447 munitum
2669 2390 3017 2447 auctoritate
3071 2391 3469 2460 decernimus,
3514 2389 3659 2445 resi-

1997 2479 2269 2536 dentium
2308 2481 2629 2537 nobiscum
2662 2481 3091 2538 venerabilium
3147 2480 3398 2538 fratrum
3452 2484 3657 2537 aucto-

1996 2568 2106 2624 rali
2132 2584 2393 2626 censura
2421 2570 2895 2642 corrrumpendo
2935 2569 3174 2643 penitus
3228 2570 3478 2627 omnino
3524 2584 3658 2626 cor:-

1996 2658 2338 2730 rumpimus
2369 2663 2426 2715 et
2451 2674 2841 2715 evacuamus.
2878 2659 2935 2717 Si
2964 2659 3100 2732 quis
3129 2674 3273 2731 ergo
3314 2663 3658 2716 nostrorum

1998 2762 2441 2817 successorum,
2487 2748 2582 2805 vel
2645 2748 2901 2805 aliorum
2950 2748 3292 2823 aliquorum
3341 2749 3658 2806 hominum

1999 2840 2207 2893 contra
2233 2838 2416 2909 hujus
2445 2843 2660 2895 nostrae
2684 2839 3085 2896 concessionis
3138 2856 3209 2896 ac
3263 2837 3663 2896 conﬁrmatio-

1998 2926 2092 2982 nis
2122 2926 2500 3000 privilegium
2557 2942 2732 2998 agere
2776 2930 3246 3003 prtesumpserit,
3297 2934 3402 2986 aut
3440 2944 3662 3003 praesu-

1997 3016 2301 3072 mentibus
2330 3018 2714 3085 consenserit,
2748 3017 2843 3075 vel
2870 3017 3068 3075 fautor
3093 3018 3400 3091 exstiterit,
3437 3021 3495 3075 et
3535 3032 3661 3075 non

1996 3106 2198 3179 potius
2228 3107 2551 3164 observare
2580 3108 2640 3163 in
2670 3108 2897 3177 integre
2928 3108 3240 3177 studuerit,
3265 3108 3411 3164 sciat
3437 3124 3498 3163 se
3551 3124 3659 3164 au-

1998 3196 2264 3253 ctoritate
2294 3197 2453 3253 beati
2479 3198 2628 3254 Petri
2657 3196 3074 3270 apostolorum
3120 3197 3428 3269 principis,
3460 3201 3517 3253 et
3545 3212 3661 3253 cce-

1996 3284 2193 3341 lorum
2222 3286 2391 3356 regni
2421 3285 2720 3357 clavigeri,
2752 3290 3079 3359 nostroque
3108 3286 3508 3342 anathematis
3535 3286 3662 3343 vin=

1996 3374 2133 3430 culo
2154 3389 2285 3431 esse
2313 3374 2694 3447 innodatum,
2751 3380 2809 3432 et
2855 3392 2891 3433 a
2932 3391 3122 3446 regno
3162 3375 3262 3431 Dei
3308 3375 3654 3445 alienatum,

1996 3467 2176 3535 atque
2194 3478 2333 3520 cum
2364 3464 2609 3521 diabolo
2640 3465 2816 3521 veluti
2846 3468 3257 3535 transgressor
3305 3468 3656 3522 sanctorum

1994 3554 2236 3608 Patrum
2280 3552 2408 3609 sine
2465 3554 2584 3610 tino
2628 3553 3005 3611 damnatum.
3040 3554 3148 3618 Qui
3177 3569 3319 3611 vero
3349 3559 3552 3612 custos
3602 3558 3660 3612 et

1993 3640 2341 3700 observator
2364 3644 2547 3715 hujus
2570 3644 2757 3700 nostri
2786 3643 3080 3717 privilegii
3121 3643 3424 3714 exstiterit,
3478 3645 3659 3702 bene-=

1991 3731 2313 3788 dictionem
2367 3737 2425 3788 et
2475 3733 2730 3802 gratiam
2774 3748 2812 3789 a
2836 3733 3002 3803 justo
3038 3732 3243 3804 judice
3274 3733 3528 3790 Domino
3552 3746 3660 3790 no=

1992 3824 2113 3875 stro
2142 3823 2284 3877 Jesu
2312 3821 2544 3877 Christo
2570 3821 2665 3876 hic
2694 3825 2751 3876 et
2779 3821 2841 3876 in
2867 3825 3156 3876 aeternum
3185 3823 3472 3893 consequi
3526 3837 3655 3877 Ine-'-

1989 3913 2210 3965 reatur.

2063 4015 2359 4088 Scriptum
2389 4022 2497 4087 per
2524 4022 2742 4070 manus
2770 4014 2953 4084 Sergii
2982 4014 3270 4070 scriniarii
3326 4018 3383 4071 et
3438 4015 3654 4072 notarii

1989 4105 2143 4161 sacri
2171 4105 2357 4163 nostri
2381 4103 2796 4161 Lateranensis
2829 4103 3054 4175 palatii,
3086 4106 3292 4160 mense
3322 4101 3504 4177 April.
3558 4108 3650 4162 ln-s

1986 4193 2126 4252 dict.
2161 4206 2258 4252 xu.

2059 4302 2211 4359 Bene
2238 4299 2449 4358 valeto.

1912 4393 1956 4447 Ῑ)
2058 4412 2181 4495 Ego
2208 4398 2466 4465 Joannes
2491 4408 2545 4464 S.
2580 4406 2994 4465 Lavicanensis
3024 4396 3178 4465 Eccl.
3242 4410 3425 4483 episc.
3474 4409 3649 4466 inter-

1985 4497 2070 4553 fui
2094 4502 2151 4553 et
2180 4495 2383 4553 subsc.

2056 4573 2178 4657 Ego
2197 4578 2494 4644 Tedaldus
2520 4572 2879 4644 Albanensis
2911 4574 3061 4644 Eccl.
3095 4586 3278 4658 episc.
3325 4584 3562 4642 interfui
3587 4591 3645 4644 et

1985 4674 2335 4761 subscripsi.

2056 4752 2177 4837 Ego
2204 4754 2464 4824 Joannes
2495 4760 2551 4822 S.
2584 4760 2921 4822 Portuensis
2949 4752 3105 4820 Eccl.
3137 4762 3319 4836 episc.
3346 4764 3539 4821 interf.
3584 4769 3644 4822 et

1984 4856 2218 4914 subscr.

2053 4934 2176 5019 Ego
2194 4948 2452 5003 Joannes
2482 4943 2964 5001 Praenestinensis
2990 4930 3142 5000 Eccl.
3175 4959 3270 5016 ep.
3327 4943 3522 5001 interi.
3580 4948 3641 5003 et

1981 5026 2211 5093 subscr.

2051 5146 2174 5215 Ego
2202 5141 2557 5198 Benedictus
2583 5140 2871 5198 Ostiensis
2900 5140 3081 5214 episc.
3100 5140 3294 5198 interi.
3318 5145 3377 5198 et
3400 5141 3632 5199 subscr.

2051 5236 2173 5304 Ego
2203 5236 2450 5289 Amatne
2477 5230 2831 5288 Vellitrensis
2861 5230 3043 5304 episc.
3083 5230 3277 5287 interi.
3311 5236 3369 5287 et
3396 5231 3630 5289 subscr.

2050 5327 2174 5395 Ego
2204 5322 2461 5379 Bonniao
2481 5321 2878 5379 Tuscanensis
2894 5321 3076 5394 episc.
3094 5320 3287 5377 interi.
3319 5324 3379 5378 et
3398 5320 3630 5378 subscr;

2048 5434 2171 5503 Ego
2226 5430 2525 5487 Honestus
2577 5427 3074 5502 Foropopiliensis
3127 5428 3307 5501 episc.
3340 5427 3532 5484 interi.
3574 5430 3633 5485 et

1977 5522 2206 5580 subscr.

2047 5612 2171 5683 Ego
2200 5611 2393 5669 Adam
2413 5608 3035 5683 Forosemproniensis
3085 5608 3267 5682 episc.
3321 5607 3516 5666 interi.
3572 5606 3630 5665 et

212 5706 565 5764 auctoritate
628 5709 1074 5765 anucessorum
1152 5707 1496 5763 nostrorum
1558 5700 1872 5777 privilegia
1976 5702 2207 5759 subscr.
