3988 6182
361 220 495 273 i367

1219 220 1585 277 BENEDICTI
1626 224 1690 279 IX
1730 221 1943 277 PAPIE
1988 217 2349 275 EPISTOLJE
2389 220 2473 275 ET
2509 220 2926 278 DIPLOMATA.

3656 223 3789 276 1368

421 344 540 412 Ego
566 342 935 397 Crescentius
967 343 1022 399 S.
1053 341 1301 399 Bullinus
1362 344 1514 402 Eccl.
1572 346 1752 421 episc.
1812 344 2004 402 interi.
2041 346 2089 399 A
2118 342 2301 413 Sergii
2322 344 2536 400 notarii
2567 345 2721 401 sacri
2746 344 2936 401 nostri
2965 343 3186 417 palatii,
3221 358 3430 398 mense
3458 342 3650 415 Aprili
3706 343 3793 398 in~

347 435 403 486 et
431 432 665 486 subscr.

420 523 541 589 Ego
568 520 711 574 Vido
746 519 1148 577 Humanensis
1177 523 1358 594 episc.
1392 523 1584 580 interf.
1616 529 1671 583 et
1702 526 1933 583 subscr.

419 610 539 676 Ego
568 607 836 664 Andreas
868 611 1182 678 Perusinus
1212 612 1392 684 episc.
1428 613 1618 670 interf.
1680 620 1737 671 et
1775 615 2004 671 subscr.

418 698 540 766 Ego
574 697 823 753 Ubertus
856 700 1169 756 Sasenates
1192 701 1343 757 Eccl.
1377 702 1559 775 episc.
1594 703 1784 759 interf.
1840 708 1896 759 et
1926 722 2003 762 ss.

421 787 542 853 Ego
573 786 873 841 Arduinus
914 790 1261 845 Feretranus
1291 791 1475 863 episc.
1510 792 1747 848 interfui
1777 797 1831 849 et
1861 793 2005 849 sub-

349 874 582 946 scripsi.

420 965 540 1031 Ego
588 963 971 1020 Theudaldus
1014 970 1068 1020 S.
1137 968 1377 1025 Mariani
1435 970 1620 1043 episc.
1673 972 1911 1029 interfui
1953 978 2010 1030 et

349 1050 579 1107 subscr.

420 1141 539 1207 Ego
565 1142 827 1197 Joannes
880 1144 936 1199 8.
968 1142 1248 1200 Sabinen.
1279 1146 1549 1204 Ecclesiae
1573 1148 2009 1221 episc.interfui

349 1233 406 1283 et
439 1228 669 1284 subscr.

420 1319 540 1386 Ego
568 1318 967 1376 Theudericus
1028 1321 1368 1380 Urbinensis
1422 1325 1607 1398 episc.
1665 1326 1901 1383 interfui
1951 1333 2009 1384 et

348 1406 579 1462 subscr.
804 1414 805 1417 ‘

422 1499 542 1558 Ego
576 1497 929 1553 Benedictus
962 1500 1422 1558 archidiaconus
1451 1506 1506 1561 S.
1541 1508 1603 1561 Β.
1638 1508 1699 1561 Ε.
1753 1511 1809 1561 et
1856 1505 2007 1561 vice-

346 1583 629 1639 dominus
659 1584 899 1644 interfui
928 1593 985 1643 et
1014 1588 1242 1646 subscr.

2119 431 2376 488 dictione
2397 450 2495 489 xu.
2527 433 2743 490 Valete.

2902 526 2984 579 1X.

2118 610 2430 667 Benedicti
2454 612 2551 669 IX
2573 614 2825 682 epistola
2853 614 2935 669 ad
2962 612 3350 668 Adelberlum
3383 611 3795 680 archiepisco-

2584 717 2730 771 pum
2756 702 3287 772 Hamburgensem.

2658 790 2853 862 (Anno
2880 790 3255 859 10124024.)

2357 879 2757 949 [LAPPENBERG,
2788 880 3007 937 Hamb.
3047 879 3317 936 Urkund.
3346 882 3386 946 l,
3420 879 3541 948 71.]

2187 968 2547 1036 BENEDICTUS,
2587 968 2912 1042 episcopus
2938 973 2997 1024 et
3026 983 3233 1024 servus
3283 964 3608 1022 servorum
3667 968 3795 1035 Dei,

2117 1055 2597 1112 reverentissimo
2628 1061 2685 1113 et
2729 1056 3106 1113 sanctissimo
3153 1060 3508 1123 ADELBERTO,
3563 1062 3792 1110 sanctae

2120 1141 2696 1214 Hammaburgensis
2723 1145 2991 1201 Ecclesiae
3029 1144 3337 1217 episcopo,
3371 1143 3786 1216 apostolicam

2116 1230 2615 1290 benedictionem.

2192 1320 2248 1376 Si
2274 1326 2546 1392 pastores
2572 1322 2779 1378 ovium
2802 1322 2988 1379 solem
3010 1323 3267 1396 geluque
3292 1339 3404 1397 pro
3463 1323 3677 1394 gregis
3706 1324 3794 1378 sui

2116 1408 2389 1465 custodia
2417 1409 2513 1465 die
2544 1425 2615 1467 ac
2643 1416 2817 1466 nocte
2840 1412 2989 1467 ferre
3014 1411 3273 1467 contenti
3304 1414 3469 1479 sunt,
3513 1424 3575 1465 et
3616 1416 3683 1464 ut
3720 1427 3795 1465 ne

2114 1515 2237 1571 qua
2258 1515 2330 1554 ex
2351 1501 2434 1555 eis
2464 1506 2568 1556 aut
2614 1502 2871 1557 errando
2926 1507 3149 1574 pereat,
3202 1506 3305 1557 aut
3361 1500 3506 1557 feris
3564 1500 3797 1557 laniata

2118 1588 2417 1644 morsibus
2452 1589 2739 1663 rapiatur,
2767 1592 2956 1647 oculis
2979 1607 3215 1664 semper
3236 1590 3635 1661 vigilantibus
3684 1591 3795 1645 cir-

420 1675 540 1741 Ego
564 1674 825 1730 Joannes
852 1676 1348 1734 archicanonicus
1370 1680 1738 1754 archipresb.
1771 1682 2005 1739 interfui
2034 1695 2079 1749 B
2117 1683 2566 1751 cumspectant:
2596 1684 2827 1751 quanto
2851 1679 3069 1735 sudore
3092 1684 3443 1752 quantaque
3501 1695 3659 1733 cura
3688 1678 3791 1733 de-

346 1764 403 1815 et
432 1762 661 1818 subscr.

1118 1876 1254 1929 VIII.

346 1973 661 2030 Benedicti
680 1990 865 2044 papa:
903 1977 987 2031 VI
1010 1980 1263 2046 epistola
1292 1981 1374 2037 ad
1398 1981 1679 2041 Obertum
1732 1985 2003 2045 abbatem

988 2066 1050 2121 S.
1082 2067 1373 2126 Mim'atis.

955 2174 1154 2244 (Anno
1208 2179 1363 2232 1044.
1383 2177 1400 2249 )

684 2279 976 2351 manum,
1000 2283 1187 2339 Italia
1211 2299 1410 2357 sacra,
1442 2289 1529 2352 Ill,
1558 2286 1673 2357 62.]

420 2386 761 2442 Bsxsmcrus
789 2387 1129 2461 episcopus,
1154 2406 1362 2446 servus
1393 2408 1704 2449 servorum
1743 2396 1863 2464 Dei,
1922 2397 2009 2453 di-

346 2474 499 2530 lecto
532 2475 653 2531 ﬁlio
701 2478 923 2533 Onanro
961 2479 1287 2536 venerabili
1340 2481 1545 2539 abbati
1575 2486 1921 2543 monasterii
1949 2489 2003 2544 S.

349 2563 597 2620 Miniatis
629 2565 963 2635 Florentini,
1014 2569 1259 2642 suisque
1289 2573 1751 2629 successoribus
1800 2591 2009 2649 perpe-

350 2656 519 2708 tuam
550 2653 611 2708 in
642 2656 897 2712 Domino
938 2656 1211 2714 salutem.

419 2741 599 2798 Valde
629 2742 861 2800 bonum
891 2744 1147 2815 videtur,
1193 2747 1244 2803 si
1270 2748 1715 2819 postulantibus
1739 2766 1776 2807 a
1804 2756 2011 2810 nostra

350 2831 683 2902 apostolica
713 2832 852 2888 sede
879 2834 1187 2890 tuitionem
1208 2836 1448 2909 piorum
1476 2838 1769 2908 locorum,
1824 2839 2012 2897 liben-

345 2920 432 2972 ter
453 2919 879 2975 concedamus.
909 2924 991 2978 Tu
1023 2926 1245 2994 autem,
1303 2924 1387 2980 ﬁli
1444 2926 1815 2996 charissime,
1869 2930 2014 3002 quia

346 3004 661 3075 postulasti
693 3022 729 3062 a
762 3006 936 3063 nobis
961 3015 1259 3081 quatenus
1290 3013 1602 3070 munimen
1634 3030 1703 3072 ac
1720 3016 2010 3074 defensio-
2047 3048 2087 3102 C

350 3107 492 3147 nem
549 3094 943 3166 apostolicam
972 3101 1339 3157 monasterio
1372 3103 1425 3158 S.
1460 3103 1728 3175 Miniatis,
1757 3106 1852 3161 cui
1868 3122 2016 3179 pras-

352 3196 480 3237 esse
510 3183 797 3251 meruisti,
856 3185 1200 3257 dignatione
1258 3190 1427 3248 solita
1459 3208 1569 3265 pro
1619 3198 1821 3251 nostro
1866 3212 2016 3269 prte-

354 3275 527 3342 cepto
585 3272 909 3344 daremus;
978 3292 1090 3333 nos
1159 3283 1359 3335 autem
1434 3280 1655 3338 idcirco
1739 3289 2013 3341 sanctum

353 3358 646 3433 piumque
662 3362 1032 3436 judicamus,
1085 3382 1211 3423 non
1262 3383 1484 3440 negare
1535 3370 1847 3441 debemus,
1910 3372 2015 3429 sed

350 3448 659 3507 voluntate
689 3454 1144 3526 promptissima
1174 3457 1396 3528 largiri.
1432 3459 1568 3514 Ideo
1597 3459 1862 3518 inclinati
1885 3478 2017 3534 pre-

351 3536 522 3592 cibus
555 3539 668 3593 tuis
695 3542 1082 3597 concedimus
1104 3548 1230 3599 tam
1267 3546 1371 3601 tibi
1424 3563 1611 3619 quam
1663 3549 1843 3605 etiam
1900 3550 2015 3606 tuis

353 3626 805 3681 successoribus
840 3629 1150 3686 tuitionem
1201 3634 1641 3704 apostolicam;
1706 3638 2016 3709 adjudica-

349 3727 489 3768 mus
517 3728 729 3769 omnes
753 3716 1028 3773 homines
1052 3718 1279 3776 ibidem
1311 3724 1676 3779 monasterio
1698 3725 2019 3783 adversan-

351 3804 459 3870 tes,
491 3806 594 3857 aut
620 3801 861 3861 laesione
894 3805 1241 3865 violentiam
1271 3808 1553 3867 facientes
1585 3811 1645 3867 in
1696 3813 1878 3871 rebus
1929 3816 2017 3890 ip-

353 3888 477 3946 sius
523 3894 871 3950 monasterii
931 3896 999 3966 (f.
1032 3897 1190 3954 deest
1221 3899 1497 3972 aliquid),
1557 3899 1865 3959 facultates
1920 3888 2018 3961 vel

354 3978 725 4038 facturorum
754 3986 1153 4057 praecedentia
1204 3991 1499 4061 tempora,
1524 3993 1591 4046 ut
1636 3991 1837 4048 nullus
1890 4010 2014 4061 rex,

353 4070 553 4126 nullus
581 4071 926 4145 imperator,
952 4075 1151 4131 nullus
1173 4078 1413 4150 praesul,
1445 4079 1645 4136 nullus
1680 4080 1826 4151 dux,
1882 4082 2015 4139 nul-

352 4158 446 4212 lus
479 4161 769 4230 marchio,
803 4163 1005 4220 nullus
1048 4181 1271 4234 comes,
1311 4167 1514 4223 nullus
1570 4170 1928 4241 vicecomes,
1960 4178 2018 4229 et

353 4263 540 4305 Darva
564 4249 731 4305 nulla
763 4266 1022 4322 persona
1043 4254 1269 4327 aliquid
1304 4256 1417 4312 tale
1448 4257 1668 4315 audeat
1688 4276 2015 4332 praesume-

354 4352 440 4405 re,
470 4336 690 4393 scilicet
720 4337 781 4392 in
806 4340 986 4395 rebus
1017 4358 1171 4414 quas
1197 4344 1467 4417 episcopi
1498 4346 1834 4416 Florentini,
1860 4350 2019 4406 vide-

352 4423 491 4479 licet
518 4423 930 4494 lldebrandus,
957 4429 1330 4499 Lambertus,
1358 4436 1413 4489 et
1443 4434 1593 4491 Atho
1645 4435 1762 4508 ipsi
1813 4453 2021 4494 mona-

356 4514 532 4570 sterio
563 4516 988 4587 concesserint,
1018 4523 1122 4574 aut
1150 4518 1249 4575 alii
1286 4520 1563 4577 homines
1591 4539 1701 4596 pro
1751 4541 1860 4582 sua
1890 4527 2018 4583 ani-

354 4619 458 4658 ma
489 4603 816 4673 tribuerint,
844 4606 935 4661 vel
959 4622 1095 4679 quae
1126 4613 1189 4664 tu
1218 4608 1345 4682 ipse
1374 4610 1599 4667 ibidem
1628 4614 2018 4686 acquisivisti,

2117 1763 2334 1820 bemus
2364 1782 2496 1821 esse
2526 1765 2859 1838 pervigiles,
2893 1782 3003 1822 nos
3054 1765 3159 1838 qui
3224 1771 3499 1837 pastores
3553 1768 3792 1831 anima-

2117 1868 2254 1908 rum
2285 1852 2586 1910 dicimur?
2616 1855 3009 1910 Attendamus
3047 1859 3103 1909 et
3132 1858 3479 1927 susceptum
3510 1853 3783 1909 ofﬁcium

2114 1940 2394 1997 exhibere
2420 1958 2563 2013 erga
2594 1943 2929 1999 custodiam
2954 1943 3398 1999 Dominicarum
3419 1942 3639 1998 ovium
3665 1959 3785 2000 non

2116 2045 2448 2101 cessemus,
2492 2046 2568 2087 ne
2622 2030 2684 2087 in
2732 2032 2829 2087 die
2895 2031 3078 2088 divini
3108 2032 3399 2088 examinis
3428 2048 3548 2105 pro
3579 2038 3784 2087 nostra

2114 2118 2344 2175 desidia
2374 2124 2511 2175 ante
2536 2136 2842 2176 summum
2881 2126 3185 2194 pastorem
3223 2120 3604 2191 negligentie
3647 2136 3787 2177 rea-

2117 2211 2213 2264 tus
2237 2208 2550 2265 excruciet.
2587 2208 2751 2264 Unde
2781 2209 2966 2265 modo
2995 2209 3242 2265 honoris
3290 2210 3613 2265 reverentia
3660 2226 3772 2264 su-

2117 2296 2410 2354 blimioris
2461 2297 2614 2355 inter
2665 2303 2907 2354 caeteros
2960 2298 3321 2369 iudicamur.
3394 2297 3770 2368 Legationem

2117 2386 2295 2457 igitur
2328 2391 2383 2443 et
2436 2387 3007 2462 archiepiscopalem
3060 2392 3416 2461 potestatem
3466 2388 3530 2445 in
3572 2389 3784 2445 omnia

2118 2490 2307 2546 regna
2370 2476 2876 2549 septentrionalia,
2925 2492 3113 2548 regna
3165 2480 3471 2533 Danorum
3543 2478 3785 2543 scilicet,

2120 2566 2477 2635 Sueuorum,
2531 2569 2964 2635 Norvenorum,
3023 2565 3507 2622 Hislandicornm
3539 2572 3601 2623 et
3654 2582 3785 2622 om-

2116 2652 2286 2709 nium
2318 2652 2653 2710 insularum
2692 2654 2785 2710 his
2836 2655 3036 2725 regnis
3091 2653 3522 2726 adjamntium,
3585 2655 3696 2710 tibi
3737 2662 3789 2710 et

2117 2742 2401 2798 omnibus
2440 2743 2889 2800 successoribus
2937 2744 3052 2800 tuis
3106 2749 3398 2818 perpetuo
3457 2745 3788 2801 tenendam

2118 2832 2525 2889 concedimus.
2577 2833 2833 2889 Pallium
2888 2850 3131 2907 quoque
3188 2832 3487 2891 sanctitati
3541 2837 3661 2891 tua:
3716 2835 3790 2891 ad

2118 2922 2443 2978 missarum
2482 2922 2774 2980 solemnia
2804 2923 3163 2979 celebranda
3185 2939 3261 2979 ex
3290 2940 3458 2979 more
3489 2926 3791 2980 transmit-

2120 3012 2322 3081 timus,
2349 3011 2515 3085 quod
2541 3011 2645 3068 tibi
2668 3028 2857 3069 non...
2883 3012 3045 3068 aliud
3069 3012 3236 3086 quod
3255 3012 3563 3085 inquietos
3585 3014 3792 3071 ferien-

2118 3101 2229 3157 dos
2260 3118 2296 3158 a
2326 3101 2616 3174 pravitate
2641 3108 3006 3176 compescat.
3038 3101 3240 3158 Viduis
3270 3118 3342 3158 ac
3394 3102 3649 3176 pupillis
3704 3102 3787 3157 in-

2118 3190 2278 3260 juste
2305 3190 2606 3263 oppressis
2645 3190 2913 3247 defensio
2942 3196 3042 3246 tua
3071 3190 3403 3256 subveniat,
3438 3193 3611 3259 Ecce,
3674 3191 3788 3245 fra-

2126 3281 2211 3333 ter
2237 3276 2603 3345 charissime,
2639 3277 2790 3333 inter
2818 3278 3009 3334 multa
3046 3277 3163 3334 alia
3191 3278 3305 3333 ista
3335 3283 3475 3333 sunt
3510 3276 3789 3333 sacerdo—

2121 3366 2207 3436 tii,
2262 3365 2379 3422 ista
2435 3372 2575 3422 sunt
2627 3366 2810 3440 pallii,
2842 3384 2981 3440 qua:
3014 3368 3064 3422 si
3113 3367 3372 3422 studiose
3430 3367 3785 3435 servaveris,

2122 3454 2291 3527 quod
2338 3454 2480 3510 foris
2534 3455 2836 3528 accepisse
2890 3455 3239 3517 ostenderis,
3288 3455 3442 3510 intus
3492 3454 3777 3519 habebis,

2127 3544 2346 3599 Sancta
2374 3543 2624 3599 Trinitas
2650 3542 3076 3600 fraternitatem
3112 3549 3259 3600 tuam
3285 3543 3384 3596 diu
3403 3556 3771 3597 conservare

2123 3631 2800 3707 digneturincolumem,
2830 3640 3008 3706 atque
3035 3638 3171 3706 post
3185 3632 3357 3703 hujus
3382 3629 3589 3686 seaculi
3608 3646 3782 3688 ama-

2123 3718 2449 3777 ritudinem
2486 3722 2560 3778 ad
2596 3726 2950 3795 perpetuam
2980 3721 3161 3778 ducat
3186 3719 3639 3777 beatitudinem.

2199 3812 2345 3867 Data
2373 3825 2480 3882 per
2502 3826 2719 3866 manus
2752 3811 2980 3875 Leonis,
3015 3810 3355 3867 cancellarii
3404 3814 3629 3864 sanctae
3689 3813 3795 3865 Bo-

2126 3913 2323 3955 manae
2354 3898 2651 3966 Ecclesiae,
2682 3899 2739 3955 in
2768 3916 2975 3956 mense
3002 3899 3224 3965 Martio,
3252 3898 3578 3955 indictione
3600 3899 3790 3955 tertia.

2926 3993 2985 4046 X.

2126 4078 2397 4147 Epistula
2449 4078 2752 4148 Popponis
2806 4079 3245 4148 archiepiscopi
3304 4078 3677 4133 Trevirensis
3720 4077 3798 4133 ad

2197 4167 2582 4223 Benedictum
2609 4169 2704 4223 ΙΧ
2742 4183 3035 4224 summum
3082 4168 3430 4237 pontiﬁcem
3479 4183 3598 4236 pro
3655 4168 3798 4223 obti-

2196 4256 2394 4313 nenda
2420 4257 2867 4313 canonizatione
2896 4257 3052 4313 beati
3073 4258 3360 4312 Simeonis
3380 4258 3613 4311 reclusi
3632 4256 3797 4326 apud

2201 4346 2491 4402 Treviros.

2196 4437 2678 4491 BEVERENDISSIMO
2712 4436 2858 4490 Patri
2889 4441 3130 4508 patrum
3182 4437 3374 4507 gratia
3436 4439 3492 4491 et
3549 4436 3795 4491 nomine

2130 4528 2456 4593 BENEDICTO,
2485 4526 2689 4592 Porro,
2720 4524 2855 4581 licet
2883 4525 3188 4595 indignus,
3220 4525 3427 4580 divina
3448 4529 3658 4580 tamen
3678 4524 3795 4580 lar-

2128 4614 2323 4684 giente
2349 4612 2666 4670 clementia
2695 4619 2915 4671 sanctae
2944 4615 3306 4671 Trevirensis
3326 4614 3795 4670 ecclesieeminio

356 4696 413 4748 et
432 4693 654 4749 amodo
681 4696 989 4768 acquirere
1031 4698 1273 4770 poteris,
1304 4704 1628 4757 statuentes
1688 4705 2074 4776 apostolica;
2130 4706 2267 4774 ster,
2300 4719 2439 4758 cum
2469 4702 2647 4759 totius
2674 4703 2920 4759 affectus
2958 4704 3293 4776 dilectione,
3323 4703 3597 4759 debitam
3652 4702 3795 4759 sub-

355 4797 609 4839 censura
640 4788 724 4851 ut,
749 4785 797 4840 si
827 4785 961 4858 quis
1000 4788 1262 4859 publica,
1321 4790 1416 4846 vel
1471 4790 1704 4863 privata
1732 4808 2016 4866 persona,

354 4885 582 4939 magna
611 4872 703 4928 vel
735 4889 921 4946 parva
948 4874 1010 4931 in
1046 4876 1161 4932 illis
1191 4878 1476 4935 omnibus
1505 4880 1687 4936 rebus
1735 4885 1857 4937 tam
1888 4898 2018 4939 mo-

352 4959 575 5016 bilibus
606 4978 792 5035 quam
818 4965 1249 5035 immobilibus,
1281 4968 1517 5042 tuisque
1573 4971 2020 5029 successoribus

352 5049 695 5122 molestare,
718 5051 1068 5125 inquietare,
1096 5060 1199 5112 aut
1227 5056 1302 5113 de
1346 5060 1560 5115 vestris
1590 5060 1874 5117 manibus
1932 5078 2021 5119 ra-

352 5152 495 5210 pere
524 5139 856 5207 tentaverit,
886 5141 959 5198 sit
982 5143 1380 5201 anathematis
1402 5147 1642 5204 vinculo
1671 5149 2016 5219 innodatus,

354 5229 412 5282 et
436 5231 640 5283 nostra
670 5230 1004 5301 apostolica
1040 5232 1461 5292 maledictione
1500 5236 1846 5306 damnatus,
1907 5240 2016 5296 do-

353 5329 465 5371 nec
512 5317 975 5375 satisfactionem
1032 5321 1243 5378 talium
1301 5324 1481 5382 faciat
1528 5327 2012 5385 commissorum.

353 5404 462 5469 Qui
503 5421 644 5461 vero
676 5412 876 5464 custos
909 5409 1309 5468 roborationis
1337 5414 1519 5485 hujus
1550 5420 1767 5473 nostrae
1824 5416 2015 5473 tuitio-

352 5491 468 5559 nis,
494 5494 862 5553 defensionis
888 5498 1481 5576 conﬁrmationisque
1546 5504 1847 5571 exstiterit,
1907 5504 2009 5561 be-

350 5580 751 5641 nedictionem
780 5589 1107 5658 etgratiam
1139 5608 1176 5647 a
1195 5592 1359 5663 justo
1382 5594 1585 5650 Judice
1610 5594 1861 5650 Domino
1886 5596 2007 5650 Deo

350 5672 557 5724 nostro
612 5676 900 5746 consequi
947 5684 1264 5734 mereatur.
1318 5682 1545 5753 Scripta
1596 5698 1706 5755 per
1752 5698 2001 5742 manum

2124 4790 2466 4863 jectionem.

2203 4879 2501 4953 Superiori
2540 4884 2830 4952 tempore,
2883 4896 3042 4947 cum,
3071 4885 3373 4937 annuente
3430 4880 3792 4936 venerandae

2129 4970 2430 5027 memoriae
2459 4968 2708 5025 domino
2732 4972 2979 5035 Joanne,
3013 4970 3073 5025 in
3104 4971 3215 5027 hac
3247 4974 3452 5027 sancta
3482 4968 3629 5023 sede
3656 4985 3795 5041 apo-

2130 5058 2336 5115 stolica
2352 5056 2790 5130 praedecessore
2816 5064 3033 5128 vestro,
3048 5075 3253 5114 amore
3272 5056 3517 5114 visionis
3535 5056 3793 5128 sepulcri

2130 5147 2229 5202 Dei
2245 5145 2504 5201 hominis
2528 5147 2667 5200 Jesu
2694 5146 2924 5209 Christi,
2957 5146 3291 5203 Jerusalem
3326 5144 3634 5219 profectus
3662 5162 3795 5218 per-

2125 5250 2263 5305 egre
2292 5233 2560 5301 fuissem,
2591 5233 2653 5289 in
2685 5234 2925 5305 regione
2960 5241 3165 5291 nostra
3221 5249 3554 5308 pravorum
3604 5234 3795 5289 homi~

2123 5340 2271 5379 num
2291 5322 2656 5395 supercrevit
2673 5322 2981 5396 iniquitas,
3007 5324 3088 5380 ita
3110 5330 3174 5379 ut
3204 5341 3314 5380 nec
3348 5323 3547 5380 adhuc
3579 5338 3799 5378 manus

2121 5412 2353 5485 possint
2380 5412 2458 5467 ab
2487 5411 2747 5485 incoapta
2784 5415 3083 5469 retrahere
3113 5413 3400 5486 nequitia,
3433 5411 3645 5467 omnia
3695 5426 3796 5484 per

2120 5502 2433 5557 circuitum
2463 5501 2806 5574 diripientes
2824 5509 2879 5558 et
2902 5503 3301 5561 devastantes.
3325 5504 3516 5574 Super
3537 5517 3666 5573 quo
3690 5519 3787 5555 sae-

2119 5592 2365 5664 pissime
2392 5591 2747 5663 deprecatus
2779 5607 2913 5647 sum
2954 5592 3167 5648 faciem
3198 5590 3426 5648 domini
3458 5590 3577 5645 mei
3612 5590 3782 5659 regis,

2114 5688 2414 5754 quatenus
2445 5696 2695 5738 manum
2723 5682 2871 5738 mihi
2901 5683 3229 5754 porrigeret
3256 5698 3379 5741 sua
3401 5681 3793 5738 animadveb
