3988 6182
346 189 481 243 1375

1565 177 1777 233 ΕΜΜᾹΞ
1816 175 1975 231 REGI
1983 176 2094 232 NE
2133 175 2537 235 ANGLORUM.

3638 185 3663 236 1
3674 185 3770 237 3'76

343 315 464 368 tem
492 310 573 368 illi
602 310 835 383 placere
862 271 1085 361 nescio.
1116 304 1287 365 Quod
1317 303 1479 360 enim
1504 298 1821 373 cujuslibet
1844 297 1995 371 peri-
2033 307 2078 357 Α
2105 300 2221 357 ciat
2245 320 2258 369 ;
2308 318 2447 357 cum
2478 302 2698 375 pariter
2726 302 3038 359 considero
3066 319 3257 377 quam
3294 305 3569 377 pessime
3600 307 3663 360 in
3697 312 3776 362 ta-

344 401 384 457 ti
413 397 744 472 eloquentis
773 396 847 450 de
880 400 933 450 te
958 394 1147 455 virtus
1188 398 1290 449 tua
1319 391 1683 465 praeeminet,
1716 388 1998 445 omnibus

344 507 381 546 a
404 489 624 562 quibus
668 483 1046 555 cognosceris
1076 484 1208 555 ipso
1238 482 1379 537 solis
1419 481 1631 552 jubare
1662 478 1881 535 clarius
1909 476 2000 532 lu-

344 581 453 633 cet.
486 579 559 630 Te
588 574 765 643 igitur
793 589 938 642 erga
967 588 1063 628 me
1111 571 1265 627 adeo
1306 571 1459 627 bene
1489 570 1765 625 meritam
1796 566 2002 636 magni

342 665 518 732 facio,
550 668 615 720 ut
641 663 819 720 morti
848 661 1180 734 intrepidus
1223 660 1668 729 occumberem,
1700 657 1751 713 si
1776 657 1836 713 in
1875 672 2002 711 rem

345 754 450 811 tibi
478 753 790 827 provenire
816 752 1140 809 crederem.
1173 752 1301 817 Qua
1326 767 1399 806 ex
1435 766 1500 806 re
1530 748 1675 805 mihi
1707 746 1907 813 etiam,
1940 749 2006 801 ut

344 844 644 919 praecipis,
677 842 1032 899 memoriam
1078 857 1278 896 rerum
1309 844 1634 910 gestarum,
1667 852 1888 903 rerum,
1922 835 2007 890 in-

346 950 554 1008 quam,
588 938 689 989 tuo
735 939 1092 1003 tuorumque
1145 931 1355 986 honori
1396 927 1773 987 attinentium
1801 924 2005 981 litteris

346 1022 675 1097 posteritati
705 1021 995 1077 mandare
1027 1019 1249 1089 gestio;
1284 1019 1388 1075 sed
1418 1019 1494 1075 ad
1525 1019 1639 1073 hoc
1662 1014 2004 1071 faciendum

348 1127 446 1169 me
476 1111 621 1167 mihi
674 1109 945 1166 sufﬁcere
985 1125 1165 1181 posse
1196 1109 1425 1165 dubito.
1461 1108 1582 1162 Hoc
1614 1105 1773 1161 enim
1818 1104 1879 1159 in
1912 1101 2004 1158 Hi-

349 1200 531 1258 storia
558 1200 870 1273 proprium
896 1198 1147 1268 exigitur
1168 1202 1233 1253 ut
1257 1197 1422 1253 nullo
1451 1195 1665 1253 erroris
1693 1192 2007 1250 diverticu-

349 1291 408 1347 lo
453 1306 491 1345 a
536 1294 696 1345 recto
722 1288 985 1344 veritatis
1036 1287 1267 1351 tramite
1314 1285 1676 1351 declinetur;
1717 1281 2006 1355 quoniam

352 1396 492 1436 cum
538 1377 673 1452 quis
716 1378 971 1449 alicujus
1024 1381 1193 1448 gesta
1239 1376 1526 1439 scribens,
1578 1372 1807 1429 veritati
1858 1369 2010 1425 falsa

352 1468 635 1542 quaedam
684 1483 788 1522 seu
835 1466 1113 1535 errando,
1143 1465 1266 1521 sive
1304 1466 1392 1535 (ut
1439 1479 1597 1535 saepe
1627 1462 1714 1533 fit)
1763 1464 2009 1516 ornatus

354 1558 544 1628 gratia
574 1556 880 1618 interserit,
912 1556 1176 1628 profecto
1206 1554 1384 1609 unius
1429 1558 1659 1608 tantum
1703 1553 2010 1621 comperta

354 1645 714 1703 admistione
764 1643 1059 1699 mendacii
1104 1642 1340 1699 auditor
1382 1641 1540 1697 facta
1589 1640 1748 1695 velut
1798 1638 2012 1693 infecta

356 1735 538 1791 ducit.
575 1734 737 1791 Unde
785 1734 1075 1789 historicis
1115 1747 1482 1803 magnopere
1513 1728 1851 1784 cavendum
1884 1742 2011 1781 esse

356 1839 573 1880 censeo
617 1839 711 1887 ne,
763 1822 987 1877 veritati
1036 1820 1408 1893 quibusdam
1458 1819 1611 1875 falso
1655 1815 2012 1889 interpositis

358 1913 789 1973 contraeundo,
822 1927 1043 1965 nomen
1091 1910 1271 1965 etiam
1320 1909 1531 1980 perdat
1572 1907 1736 1979 quod
1789 1905 2016 1960 videtur

358 2002 581 2057 habere
611 2018 683 2056 ex
714 2000 930 2056 ofﬁcio.
964 2004 1074 2055 Res
1115 2000 1276 2055 enim
1326 1998 1574 2062 veritati,
1610 1996 1828 2052 veritas
1872 2010 2018 2066 quo-

360 2106 478 2164 que
528 2090 712 2145 fidem
757 2090 894 2145 facit
945 2093 1047 2146 rei.
1079 2091 1213 2144 Haec
1265 2104 1502 2144 mecum
1544 2086 1781 2158 aliaque
1812 2084 2019 2154 hujus-

362 2180 529 2237 modi
554 2184 886 2251 reputante,
908 2178 1094 2234 rubor
1121 2178 1393 2233 animum
1415 2177 1799 2231 vehementer
1820 2189 2017 2228 excru-

1212 2324 1540 2337 —-—_——.

2104 389 2262 446 libus
2319 408 2450 447 sese
2508 393 2775 448 humana
2827 394 3197 450 consuetudo
3254 394 3502 450 habeat.
3559 395 3776 451 Videas

2106 482 2267 537 enim
2297 482 2512 555 aliquis
2540 484 2891 556 quempiam
2941 501 3050 557 pro
3081 486 3480 558 exprimenda
3512 487 3603 543 rei
3633 487 3778 542 veri-

2108 574 2225 626 tate
2270 568 2468 626 verbis
2516 571 2945 641 indulgentem,
2975 589 3143 629 vanae
3196 574 3593 647 loquacitatis
3638 591 3780 630 eum

2109 659 2468 716 mordaciter
2490 661 2833 732 redarguit;
2867 662 3051 719 alium
3081 679 3222 719 vero
3266 680 3455 738 quem
3488 664 3621 719 dixi
3650 663 3781 719 bla-

2110 748 2447 822 spbemiam
2505 749 2829 819 fugientem
2883 756 2938 807 et
2992 769 3166 825 aequo
3217 753 3663 808 modestiorem
3724 752 3781 808 in

2110 838 2470 909 narratione,
2502 856 2640 895 cum
2688 846 2893 912 operta
2938 842 3242 898 denudare
3290 842 3541 910 debeat,
3576 846 3783 915 aperta

2110 928 2439 985 occuluisse
2465 929 2622 984 dicit.
2643 930 2765 986 Tali
2784 931 2982 1004 itaque
3009 933 3286 1002 angustia
3311 932 3781 1005 circumseptus,

2111 1019 2189 1075 ab
2217 1018 2618 1074 inridentibus
2649 1019 2872 1092 loquax
2900 1020 3016 1076 dici
3047 1021 3246 1086 timeo,
3276 1021 3343 1087 si,
3379 1020 3669 1090 neglecta
3692 1036 3783 1075 ve-

2111 1108 2344 1160 nustate
2376 1104 2734 1178 dictaminis,
2761 1108 3073 1163 Historiam
3106 1109 3443 1182 scripturus
3468 1108 3781 1181 multiplici

2112 1191 2451 1247 narratione
2480 1210 2624 1248 usus
2656 1194 2842 1251 fuero.
2877 1198 3173 1261 Quoniam
3213 1214 3376 1263 vero,
3413 1197 3574 1269 quin
3604 1198 3783 1268 scrip-

2114 1285 2280 1336 turus
2311 1281 2424 1336 sim
2454 1283 2707 1339 evadere
2733 1301 2829 1340 me
2859 1301 2983 1340 non
3013 1302 3190 1359 posse
3220 1286 3422 1357 video,
3460 1302 3665 1341 unum
3692 1285 3787 1339 ho-

2113 1387 2247 1426 rum
2296 1387 2432 1443 quae
2479 1389 2823 1445 proponam
2880 1375 3225 1444 eligendum
3277 1392 3412 1431 esse
3466 1380 3785 1442 autumno,

2118 1460 2337 1516 scilicet
2367 1466 2469 1516 aut
2493 1461 2669 1518 variis
2694 1463 2935 1534 judiciis
2964 1465 3282 1520 hominum
3315 1464 3673 1535 subiacere,
3696 1470 3789 1519 aut

2116 1549 2190 1604 de
2238 1550 2332 1605 his
2379 1566 2515 1621 quas
2566 1552 2709 1607 mihi
2751 1568 2787 1607 a
2836 1557 2910 1622 te,
2942 1552 3191 1608 domina
3218 1554 3456 1623 regina,
3489 1560 3790 1627 prmeepta

2050 1659 2092 1710 Β
2121 1644 2276 1704 sunt,
2309 1640 2749 1712 praeripientem
2793 1642 3152 1713 negligenda
3182 1643 3620 1699 conticescere.
3655 1642 3790 1698 Malo

2119 1727 2319 1798 itaque
2347 1745 2383 1783 a
2403 1728 2771 1800 quibusdam
2792 1730 2867 1785 de
2887 1730 3245 1802 loquacitate
3270 1731 3594 1799 redargui,
3611 1746 3790 1802 quam

2122 1816 2428 1871 veritatem
2462 1817 2723 1872 maxime
2753 1818 3159 1874 memorabilis
3196 1818 3280 1874 rei
3309 1835 3422 1892 per
3453 1835 3559 1875 me
3604 1820 3791 1874 omni-

2125 1904 2239 1958 bus
2265 1904 2568 1960 oecultari.
2604 1905 2893 1971 Quocirca
2940 1905 3252 1976 jubentem
3293 1908 3629 1963 dominam
3675 1923 3793 1961 ma-

2127 1993 2227 2060 gni
2269 1992 2558 2064 pendens,
2592 1994 2748 2049 hanc
2800 1994 2947 2050 mihi
2994 1994 3143 2065 elegi
3191 1996 3377 2066 viam,
3410 1995 3793 2051 excusabiles

2125 2082 2408 2153 deinceps
2438 2084 2788 2139 occasiones
2829 2083 3221 2157 posthabens,
3251 2085 3393 2142 hinc
3426 2085 3791 2141 narrationis

2128 2187 2239 2225 con
2248 2171 2566 2227 textionem
2597 2172 2835 2229 faciam.

1745 2454 2309 2543 liGUMENTi
2329 2455 2340 2465 ’
2359 2457 2474 2542 Μ.

380 2652 385 2655 ⁷
439 2644 725 2705 Fortasse,
759 2658 796 2696 ο
826 2640 1026 2705 lector,
1071 2638 1362 2708 ambiges,
1415 2653 1630 2710 meque
1676 2636 2025 2709 scriptorem
2065 2638 2105 2691 C
2137 2651 2439 2691 summam
2459 2640 2887 2713 complectitur.
2906 2640 3076 2707 Quod
3093 2655 3225 2696 esse
3255 2655 3508 2695 mecum
3543 2640 3801 2695 sentiens

367 2730 581 2786 erroris
614 2735 717 2785 aut
746 2729 990 2785 inscitiae
1035 2727 1381 2795 redargues,
1413 2741 1520 2781 cur
1547 2726 1605 2780 in
1636 2726 1817 2796 hujus
1846 2722 2024 2778 libelli

367 2819 560 2891 capite
613 2822 780 2873 actus
829 2816 1159 2888 laudesque
1213 2814 1412 2871 Sueini
1461 2813 1824 2869 serenissimi
1869 2811 2025 2879 regis

366 2905 919 2979 promulgaverim,
985 2920 1123 2959 cum
1185 2904 1245 2958 in
1313 2904 1719 2975 suprascripta
1780 2898 2029 2973 epistola

367 2995 570 3066 ipsum
603 2993 957 3049 codicellum
1004 2992 1169 3048 laudi
1212 2993 1393 3061 hujus
1444 2992 1704 3047 dominae
1748 3007 1843 3046 me
1889 3006 2026 3062 spo-

369 3083 686 3156 ponderim
734 3082 1051 3137 facturum.
1088 3081 1258 3147 Quod
1290 3081 1368 3137 ita
1411 3097 1539 3137 esse
1588 3080 1714 3152 ipse
1745 3079 2026 3141 fatebere,

370 3187 589 3244 meque
619 3171 697 3226 ab
727 3170 856 3241 ejus
891 3169 1174 3225 laudibus
1207 3185 1509 3241 nusquam
1537 3168 1795 3240 accipies
1825 3166 2028 3222 devia-

369 3277 455 3333 re,
484 3261 535 3317 si
564 3261 760 3334 prima
791 3260 1023 3331 mediis,
1057 3264 1235 3332 atque
1281 3260 1329 3313 si
1374 3259 1594 3315 extima
1632 3259 1833 3327 sagaci
1864 3272 2029 3313 more

370 3350 643 3407 conferas
676 3349 900 3422 primis.
926 3354 1115 3421 Atque
1149 3354 1211 3402 ut
1240 3348 1316 3403 ad
1340 3348 1452 3403 hoc
1481 3347 1835 3403 intuendum
1867 3344 2032 3401 nulla

370 3440 585 3497 erroris
609 3438 952 3511 impediaris
982 3437 1221 3506 nebula,
1256 3453 1291 3492 a
1325 3437 1621 3491 similibus
1650 3441 1829 3508 atque
1869 3453 1903 3489 a
1934 3450 2032 3507 pe-

370 3529 531 3583 nitus
588 3529 743 3581 veris
799 3528 912 3580 hoc
967 3525 1068 3579 tibi
1120 3526 1346 3580 habeas
1395 3527 1718 3580 theorema.
1766 3524 2030 3592 .Eneida,

371 3614 775 3685 conscriptam
806 3630 839 3668 a
863 3613 1096 3679 Virgilio
1124 3613 1260 3683 quis
1290 3614 1506 3684 poterit
1531 3613 1780 3667 inficiari
1812 3613 2031 3682 ubique

371 3702 655 3760 laudibus
703 3701 1064 3777 respondere
1124 3701 1451 3767 Octaviani,
1494 3717 1630 3755 cum
1684 3716 1837 3774 pene
1887 3700 2033 3755 nihil

374 3795 479 3848 aut
504 3790 681 3863 plane
711 3805 927 3862 parum
957 3788 1086 3857 ejus
1117 3789 1341 3843 mentio
1371 3787 1642 3844 videatur
1674 3788 2033 3843 nominatim

374 3880 687 3937 interseri?
731 3877 1153 3962 Animadverte
1197 3877 1375 3947 igitur
1424 3876 1665 3932 laudem
1694 3893 1803 3931 suo
1834 3880 2035 3945 generi

2136 2723 2217 2778 sic
2258 2726 2484 2796 collige.
2521 2728 2773 2785 Sueinus
2824 2745 2927 2785 rex
2976 2733 3298 2797 Danorum,
3348 2728 3577 2784 virtute
3626 2728 3802 2783 armi-

2137 2831 2285 2885 sque
2316 2815 2546 2887 pollens
2576 2821 2631 2873 et
2662 2818 2929 2889 consilio,
2962 2818 3281 2887 Anglicum
3305 2832 3576 2886 regnum
3609 2817 3672 2870 vi
3706 2832 3803 2871 suo

2137 2903 2480 2973 subjugavit
2530 2906 2803 2979 imperio,
2859 2908 3241 2979 moriensque
3297 2906 3585 2977 ejusdem
3645 2907 3804 2973 regni

2138 2992 2468 3046 Cnutonem
2516 2991 2705 3048 ﬁlium
2733 3010 3142 3051 successorem
3177 3009 3308 3050 esse
3333 2994 3678 3050 constituit.
3718 2993 3803 3047 Hic

2136 3082 2524 3153 postmodum
2556 3084 2783 3140 eisdem
2805 3085 3009 3155 Anglis
3049 3090 3260 3142 contra
3287 3102 3353 3141 se
3382 3084 3803 3145 sentientibus.

2139 3175 2317 3241 atque
2361 3171 2571 3227 acriter
2620 3172 2741 3228 vim
2798 3174 3177 3230 instrumenti
3220 3173 3281 3229 vi
3323 3189 3575 3246 quoque
3632 3188 3805 3244 repu-

2141 3259 2485 3329 gnantibus,
2518 3261 2706 3319 multa
2746 3262 2995 3320 confecit
3046 3262 3246 3329 bella;
3297 3269 3354 3318 et
3398 3262 3662 3317 fortasse
3712 3262 3805 3315 vix

2139 3354 2242 3405 aut
2267 3365 2583 3423 nunquam
2630 3352 2891 3409 bellandi
2939 3353 3175 3409 adesset
3200 3352 3355 3421 ﬁnis,
3385 3352 3503 3407 nisi
3554 3351 3805 3406 tandem

2140 3440 2320 3509 hujus
2348 3441 2737 3497 nobilissimae
2771 3443 2991 3512 reginae
3016 3443 3205 3513 jugali
3232 3441 3440 3514 copula
3468 3442 3796 3512 potiretur,

2141 3528 2373 3584 favente
2400 3531 2588 3599 gratia
2622 3531 2958 3587 Salvatoris.
2996 3531 3198 3587 Vivens
3218 3529 3407 3585 adhuc
3433 3528 3509 3583 de
3542 3528 3660 3582 hac
3684 3542 3790 3581 ea-

2140 3620 2279 3674 dem
2340 3619 2545 3687 regina
2611 3624 2886 3693 suscepto
2949 3620 3095 3689 filio,
3150 3617 3477 3674 Hardecnut
3539 3615 3798 3683 scilicet,

2141 3707 2435 3780 quidquid
2467 3725 2589 3763 sua:
2614 3708 2866 3781 parebat
2888 3708 3094 3764 ditioni
3124 3706 3381 3764 tradidit.
3413 3705 3550 3774 Qui,
3581 3704 3807 3760 defun-

2143 3802 2236 3853 cto
2269 3801 2453 3868 patre,
2488 3796 2746 3866 Anglicis
2777 3796 2993 3852 absens
3018 3802 3161 3853 erat.
3198 3799 3468 3865 Regnum
3500 3793 3810 3865 siquidem

2147 3889 2448 3942 Danorum
2478 3890 2906 3958 procuraturus
2932 3886 3097 3941 ierat.
3132 3887 3277 3951 Quae
3318 3882 3599 3939 absentia
3628 3882 3813 3954 impe.

374 3971 696 4044 ascriptam
739 3968 927 4041 ipsius
967 3968 1166 4024 decori
1211 3966 1598 4033 claritudinis,
1634 3967 2033 4039 claritatisque
2072 3988 2115 4040 ι)
2145 3975 2215 4029 ι’ίί
2240 3975 2330 4029 sui
2360 3974 2508 4029 fines
2538 3974 2862 4031 invadendi
2892 3975 3112 4046 injusto
3141 3973 3451 4047 pervasori
3476 3972 3693 4027 locum
3717 3971 3813 4026 de-

375 4061 438 4115 in
494 4059 781 4114 omnibus
838 4056 1151 4112 nobilitare
1203 4056 1475 4127 gloriam.
1511 4057 1653 4121 Quis
1703 4062 1901 4110 autem
1944 4054 2037 4110 hic

375 4152 553 4214 neget
578 4143 860 4200 laudibus
889 4145 1108 4213 regina:
1139 4145 1299 4199 hunc
1345 4160 1451 4216 per
1480 4143 1684 4199 omnia
1709 4143 2035 4215 responde-

377 4248 440 4287 re
466 4231 756 4299 codicem,
786 4249 921 4286 cum
954 4248 1075 4287 non
1122 4232 1307 4287 modo
1338 4233 1411 4287 ad
1456 4234 1584 4301 ejus
1616 4231 1867 4297 gloriam
1896 4231 2033 4285 scri-

376 4320 572 4385 batur,
602 4335 813 4373 verum
844 4320 1021 4374 etiam
1052 4321 1183 4390 ejus
1226 4321 1556 4376 maximam
1582 4321 1853 4376 videatur
1882 4319 2033 4374 obti-

378 4424 518 4466 nere
542 4413 773 4481 partem
791 4408 818 4463 ?
848 4407 914 4462 ld
945 4407 1045 4462 tibi
1079 4408 1127 4462 si
1158 4408 1472 4479 probabile
1492 4426 1611 4464 non
1644 4409 1896 4475 videtur,
1921 4409 2037 4464 evi-

379 4497 540 4554 denti
590 4496 830 4554 alterius
880 4496 965 4551 rei
1012 4495 1231 4552 indicio
1284 4497 1671 4570 approbetur.
1706 4500 1864 4553 Nosti
1894 4514 2038 4570 quo-

377 4588 565 4657 niam,
594 4586 938 4659 ubicunque
988 4585 1294 4657 gyraveris
1345 4585 1655 4652 circulum,
1689 4587 1885 4659 primo
1914 4604 2040 4642 om-

378 4676 549 4731 nium
594 4673 801 4747 procul
853 4673 1039 4730 dubio
1086 4672 1449 4746 principium
1505 4672 1684 4729 facies
1732 4690 1860 4729 esse
1890 4690 2041 4746 pun-

380 4769 563 4830 ctum,
596 4764 799 4836 sicque
837 4767 1029 4818 rotato
1072 4762 1465 4818 continuatim
1524 4762 1668 4819 orbe
1724 4762 2041 4819 reducetur

381 4851 655 4919 circulus,
684 4867 807 4924 quo
855 4852 1107 4907 reductu
1154 4851 1233 4907 ad
1277 4867 1454 4907 suum
1502 4851 1862 4924 principium
1911 4852 2040 4922 ejus

378 4941 587 5011 ﬁgurae
612 4940 993 4996 continuatur
1017 4939 1298 4996 ambitus.
1327 4940 1515 4997 Simili
1537 4940 1715 5011 igitur
1737 4940 2043 4996 continua-

378 5031 538 5088 tione
564 5030 696 5086 laus
724 5029 946 5100 reginae
977 5028 1159 5085 claret
1183 5028 1245 5084 in
1274 5029 1503 5101 primis,
1529 5030 1590 5085 in
1619 5029 1831 5087 mediis
1856 5030 2039 5099 viget,

379 5120 443 5176 in
489 5119 712 5175 ultimis
764 5119 1076 5188 invenitur,
1109 5134 1479 5192 omnemque
1528 5136 1777 5192 prorsus
1817 5119 2039 5176 codicis

2148 4063 2249 4118 dit.
2285 4062 2392 4129 Qui
2421 4068 2666 4135 accepto
2688 4079 2895 4133 regno,
2914 4062 3153 4119 fratrem
3182 4063 3339 4131 regis
3368 4060 3814 4116 nefandissima

2142 4150 2477 4223 proditione
2507 4151 2818 4206 interemit.
2852 4151 2965 4207 Sed
3011 4150 3219 4206 divina
3269 4148 3414 4204 ultio
3455 4148 3812 4215 subsecuta,

2144 4240 2519 4313 impiumque
2572 4239 2933 4311 percutiens,
2988 4254 3244 4308 regnum
3321 4238 3419 4293 cui
3474 4236 3813 4292 debebatur

2143 4327 2412 4384 restituit.
2448 4329 2789 4384 Hardecnut
2815 4327 3038 4401 itaque,
3071 4331 3311 4398 recepto
3341 4341 3563 4396 regno,
3599 4330 3809 4380 mater-

2144 4421 2235 4476 nis
2285 4436 2389 4492 per
2419 4419 2623 4474 omnia
2666 4433 2885 4491 parens
2930 4415 3211 4484 consiliis,
3242 4415 3483 4471 divitias
3517 4414 3814 4486 ampliari-

2145 4510 2224 4564 do
2255 4524 2508 4578 regnum
2536 4506 2921 4580 imperialiter
2951 4505 3222 4562 obtinuit.
3260 4507 3411 4561 Usus
3450 4503 3609 4575 quin
3640 4504 3818 4559 etiam

2146 4597 2385 4669 egregia
2431 4594 2778 4651 liberalitate
2822 4594 3007 4661 fratri,
3042 4598 3246 4667 utpote
3293 4591 3578 4657 decebat,
3611 4606 3818 4647 secum

2145 4687 2314 4756 regni
2357 4686 2541 4742 decus
2603 4689 2781 4756 atque
2825 4683 3062 4740 divitias
3109 4681 3448 4755 impertivit.
3505 4680 3614 4736 His
3657 4680 3819 4735 enim

2150 4774 2604 4843 animadversis,
2640 4790 2675 4828 ο
2704 4773 2907 4841 lector,
2942 4772 3242 4845 vigilique,
3276 4770 3400 4826 imo
3443 4770 3634 4825 etiam
3687 4786 3818 4842 per-

2149 4864 2369 4939 spicaci
2420 4862 2595 4919 oculo
2648 4861 2864 4917 mentis
2914 4864 3282 4933 perscrutato
3332 4862 3517 4924 textu,
3554 4857 3819 4923 intellige

2149 4957 2329 5027 hujus
2360 4952 2539 5009 libelli
2569 4951 2781 5007 seriem
2810 4967 2917 5023 per
2946 4950 3151 5007 omnia
3176 4947 3396 5019 regina!
3426 4950 3667 5003 Emmte
3699 4947 3820 5002 lau-

2150 5045 2328 5100 dibus
2356 5040 2738 5115 respondere.

1637 5385 1973 5472 LIBER
2064 5379 2525 5471 PRIMUS.

454 5566 676 5635 Regem
697 5566 1004 5620 Danornm
1015 5562 1867 5635 Sueinum,inquam,veridica
1885 5579 2045 5619 com-

384 5651 513 5725 peri
535 5652 825 5709 relatione
851 5651 1126 5710 omnium
1153 5651 1247 5707 sui
1275 5652 1561 5726 temporis
1609 5667 1819 5722 regum
1861 5652 2045 5707 ferme

2154 5561 2699 5619 fortunatissimum
2719 5557 3033 5625 exstitisse,
3057 5555 3209 5612 adeo
3225 5558 3290 5611 ut
3310 5551 3497 5626 (quod
3517 5567 3663 5607 raro
3686 5565 3816 5606 con-

2157 5652 2381 5721 tingere
2413 5648 2584 5717 solet)
2612 5646 2919 5721 principiis
2946 5644 3238 5713 felicibus,
3267 5642 3605 5701 secundum
3632 5642 3819 5708 Deum
