4020 6176
186 150 331 203 13⁵77

1546 140 1937 206 ΕΝΟΟΜΙΠΜ.
1981 180 2050 190 -
2091 146 2217 207 LIB.
2260 144 2301 206 Ι.

3509 146 3647 215 1378

185 274 248 327 et
271 270 597 337 saeculum,
634 269 820 326 multo
850 269 1075 326 felicior
1098 270 1488 343 responderet
1514 272 1724 327 exitus.
1770 270 1870 327 ilic
1902 279 1949 329 Α
1986 268 2389 345 quadraginta
2418 272 2727 345 puppibus
2756 291 2912 348 quas
2942 293 3148 333 secum
3184 266 3352 336 duxit
3384 286 3648 353 onustas

187 361 463 433 denique
496 377 533 416 a
583 359 990 425 nobilissimis,
1055 361 1220 433 quod
1269 360 1534 433 primum
1583 366 1671 417 est
1722 361 1874 416 inter

184 449 502 513 homines,
546 449 718 504 duxit
746 448 1056 518 originem,
1082 466 1499 522 magnumque
1545 450 1658 506 sibi
1687 449 1873 504 decus

186 538 543 595 secundum
574 532 862 595 sacculum
892 541 1122 613 peperit
1151 540 1388 614 imperii
1417 542 1583 612 quod
1613 540 1873 597 admini-

187 628 424 685 strabat
448 629 746 697 regimen.
776 631 1026 685 Tantam
1056 631 1273 687 deinde
1304 630 1384 686 illi
1418 631 1671 701 gratiam
1720 630 1872 686 divi-

189 736 271 776 na
300 719 607 775 concessit
636 718 840 785 virtus,
874 723 939 774 ut
963 720 1143 775 etiam
1175 719 1464 793 puerulus
1494 721 1703 777 intimo
1734 720 1875 775 affe-

193 813 295 864 ctu
325 807 677 877 diligeretur
704 806 783 862 ab
813 808 1098 864 omnibus
1146 813 1379 865 tantum
1429 809 1579 881 patri
1628 810 1875 882 proprio

197 898 451 965 invisus,
486 897 651 953 nulla
681 897 797 953 hoc
827 904 1203 970 promerente
1252 899 1463 971 puerili
1515 899 1713 973 culpa,
1767 900 1875 955 sed

197 987 330 1044 sola
363 987 640 1042 turbante
666 985 911 1042 invidia.
947 988 1054 1053 Qui
1085 987 1275 1044 factus
1302 988 1557 1059 juvenis,
1580 988 1642 1043 in
1668 1005 1874 1045 amore

196 1075 470 1148 quotidie
496 1075 805 1132 crescebat
825 1076 1054 1149 populi,
1104 1078 1264 1133 unde
1313 1078 1506 1145 magis
1556 1077 1875 1150 magisque

197 1165 424 1221 invidia
448 1166 791 1236 augebatur
813 1166 997 1239 patri:
1019 1166 1172 1222 adeo
1205 1171 1268 1223 ut
1297 1183 1436 1222 eum
1472 1183 1508 1223 a
1532 1168 1725 1240 patria
1750 1184 1873 1223 non

191 1254 324 1324 jam
351 1253 721 1323 clanculum,
756 1253 865 1309 sed
895 1255 1099 1327 palam
1129 1255 1305 1311 vellet
1353 1256 1665 1329 expellere,
1709 1257 1875 1326 jure-

194 1342 589 1417 jurandoque
615 1360 888 1400 asserens
918 1360 1057 1400 eum
1080 1350 1217 1418 post
1248 1362 1309 1401 se
1340 1350 1733 1416 regnaturum
1751 1362 1875 1401 non

201 1450 350 1491 esse.
388 1434 557 1490 Unde
579 1434 794 1491 dolens
826 1436 1138 1505 exercitus,
1169 1436 1372 1493 relicto
1402 1443 1590 1509 patre.
1611 1438 1879 1494 haerebat

199 1521 325 1578 ﬁlio
355 1527 414 1578 et
443 1539 588 1578 eum
626 1523 980 1579 defensabat
1029 1524 1257 1581 sedulo.
1309 1527 1499 1597 Hujus
1554 1526 1633 1581 rei
1685 1526 1877 1595 gratia

1984 360 2059 417 de
2088 363 2393 430 Danorum
2422 360 2812 419 bellatoribus
2841 365 3072 437 primis.
3128 370 3257 423 Non
3301 372 3422 424 tam
3469 386 3649 439 grave

1984 451 2268 507 dominus
2289 455 2491 507 noster
2519 453 2782 524 patiatur
2823 455 3229 528 dispendium,
3289 458 3389 514 sed
3439 459 3649 516 abiens

1984 541 2325 614 cupientem
2355 540 2537 596 ducat
2565 543 2911 613 exercitum,
2960 550 3017 599 et
3064 545 3143 601 illi
3172 547 3407 603 Turchil
3438 552 3649 604 contu-

1984 647 2219 687 macem
2250 630 2633 703 acquiremus
2662 649 2800 687 cum
2827 634 2949 689 suis
2981 634 3358 703 satellitibus,
3390 636 3473 693 eis
3502 653 3653 710 quo-

1983 736 2101 794 que
2132 718 2456 775 frederatos
2482 721 2706 789 Anglos
2756 739 2895 778 cum
2945 723 3229 779 omnibus
3281 742 3491 781 eorum
3518 741 3657 791 pos-

1986 806 2375 864 sessionibus.
2411 807 2642 864 Scimus
2670 810 2829 865 enim
2861 811 2966 866 diu
2995 828 3097 867 eos
3137 828 3259 867 non
3294 829 3471 885 posse
3515 814 3655 871 resi-

1986 903 2158 967 stere,
2191 897 2337 969 quia
2376 902 2668 954 nostrates
2694 900 2804 955 viri
2835 901 2914 956 ad
2939 917 3049 957 nos
3080 902 3422 958 transibunt
3457 902 3650 960 facile.

1984 986 2157 1053 Quod
2189 986 2238 1041 si
2268 1000 2372 1041 eos
2404 986 2554 1043 velle
2580 990 2911 1061 contigerit,
2942 1007 3045 1047 rex
3089 991 3226 1047 duci
3285 1007 3398 1047 suo
3449 993 3655 1047 Danis-

1985 1093 2103 1149 que
2127 1090 2411 1149 parcens,
2446 1092 2549 1132 eos
2598 1077 2931 1134 honoribus
2976 1078 3306 1152 ampliabit.
3365 1078 3423 1136 Si
3451 1084 3656 1137 autem

1984 1164 2264 1232 noluerit,
2295 1180 2477 1235 quem
2509 1165 2836 1238 despexere
2865 1167 3135 1227 sentient.
3168 1170 3284 1223 Hac
3315 1168 3533 1240 illaque
3553 1184 3658 1241 pa-

1984 1255 2096 1310 tria
2155 1253 2371 1326 privati
2440 1253 2592 1311 inter
2660 1256 2887 1328 primos
2950 1257 3153 1312 hostes
3222 1257 3378 1326 regis
3441 1274 3657 1330 ptrnas

1985 1343 2170 1399 luent.
2218 1366 2245 1392 ››

2060 1432 2249 1502 Hujus
2280 1433 2363 1488 rei
2395 1433 2875 1490 adhortationem
2904 1452 3005 1491 rex
3039 1435 3141 1490 ubi
3166 1435 3656 1507 audiit,primum

1988 1537 2197 1576 secum
2230 1521 2433 1578 mirari
2463 1538 2585 1578 non
2616 1524 2994 1581 mediocriter
3042 1524 3238 1597 ccepit,
3258 1514 3271 1533 ’
3298 1525 3442 1597 quia
3488 1524 3657 1597 quod

203 1612 680 1683 congrediuntur
708 1611 770 1668 in
798 1613 1024 1686 praelio,
1057 1614 1117 1669 in
1138 1630 1262 1687 quo
1306 1615 1652 1671 vulneratus
1700 1615 1875 1685 fuga-
1908 1626 1951 1677 Β
1990 1611 2120 1682 ipso
2152 1611 2257 1666 diu
2280 1612 2680 1669 dissimulanti
2711 1614 3045 1686 celantique
3074 1614 3134 1669 in
3174 1618 3437 1670 mentem
3483 1630 3657 1670 vene-

205 1704 424 1773 tusque
450 1704 624 1772 pater
652 1701 731 1756 ad
764 1700 1004 1758 Sclavos
1035 1701 1203 1771 fugit,
1263 1707 1319 1759 et
1365 1719 1485 1758 non
1521 1704 1712 1760 multo
1740 1708 1879 1776 post

206 1789 290 1845 ibi
316 1789 482 1856 obiit,
512 1793 570 1844 et
601 1789 779 1846 Suein
810 1790 939 1861 ejus
970 1790 1185 1847 solium
1216 1792 1412 1864 quiete
1442 1793 1646 1848 tanuit.
1680 1794 1877 1858 Quam

211 1883 448 1933 strenue
476 1893 620 1933 vero
646 1878 1090 1952 prudenterque
1138 1880 1376 1936 interim
1425 1881 1733 1937 saecularia
1785 1881 1877 1935 di-

214 1966 509 2039 sposuerit
536 1967 800 2037 negotia,
833 1968 1040 2039 paucis
1070 1968 1214 2025 libet
1257 1970 1335 2025 ad
1386 1970 1741 2026 memoriam
1788 1986 1876 2025 re-

215 2056 454 2127 ducere,
485 2061 786 2128 quatenus
816 2058 907 2113 his
935 2058 1295 2131 interpositis
1347 2061 1576 2117 facilius
1634 2060 1705 2115 sit
1746 2076 1878 2129 gra-

214 2144 401 2201 datim
432 2161 538 2217 per
575 2146 704 2202 haec
734 2146 811 2203 ad
840 2147 1267 2220 subsequentia
1294 2150 1677 2207 descendere.
1712 2150 1879 2205 Deni-

213 2249 330 2306 que
361 2250 499 2289 cum
526 2234 692 2291 nullo
716 2235 979 2292 hostium
1004 2237 1246 2294 incursu
1279 2240 1543 2313 trepidus
1569 2255 1781 2312 pacem
1816 2239 1876 2293 in

214 2324 528 2379 securitate
558 2328 779 2394 ageret,
820 2326 1065 2398 periculi
1110 2343 1347 2401 semper
1387 2329 1550 2385 velut
1605 2328 1879 2384 instantis

214 2417 489 2469 metuens
520 2414 583 2469 in
603 2414 810 2470 castris
839 2415 1096 2483 vivebat,
1129 2417 1295 2489 quod
1322 2417 1680 2487 hostibus,si
1709 2417 1879 2472 ades-

215 2508 367 2570 sent,
399 2502 740 2559 nullatenus
786 2503 1038 2560 fortasse
1090 2506 1404 2572 resisteret,
1438 2506 1703 2579 nihilque
1758 2506 1879 2560 suis

213 2607 353 2663 quze
377 2590 535 2647 bello
567 2592 905 2649 necessaria
934 2593 1125 2649 forent
1168 2596 1572 2668 prteparando
1616 2594 1880 2667 patieba-

218 2683 315 2735 tur
342 2680 580 2749 remitti,
609 2681 829 2737 scilicet
856 2698 932 2738 ne
956 2698 1063 2755 per
1088 2682 1297 2750 otium,
1339 2691 1401 2739 ut
1446 2684 1689 2750 assoles,
1742 2683 1876 2738 viri-

217 2767 308 2823 les
335 2768 738 2826 emollirentur
767 2770 972 2826 animi.
1006 2771 1242 2828 Nullum
1288 2777 1489 2829 tamen
1541 2773 1693 2829 adeo
1731 2771 1882 2827 (ἲίΗί-

224 2857 334 2913 cile
385 2857 649 2915 invenire
708 2863 942 2932 poterat
990 2862 1299 2932 negotium
1350 2863 1427 2917 ad
1471 2863 1636 2936 quod
1666 2861 1882 2917 invitos

1990 1705 2099 1765 rat,
2123 1700 2330 1756 itidem
2364 1701 2651 1757 militibus
2680 1703 3104 1772 cogitationem
3152 1704 3283 1775 ejus
3336 1703 3658 1774 ignoranti-

1987 1788 2102 1843 bus
2134 1790 2339 1845 animo
2375 1791 2628 1848 sederat.
2656 1793 2952 1848 Accersito
2980 1792 3180 1865 itaque
3240 1795 3507 1849 Cnutone
3533 1792 3656 1848 ﬁlio

1990 1894 2102 1932 suo
2136 1879 2386 1949 majore,
2420 1881 2566 1952 quid
2598 1881 2709 1936 sibi
2737 1898 2917 1953 super
2941 1882 3053 1937 hoc
3084 1882 3303 1951 negotii
3335 1882 3654 1947 videretur,

1988 1983 2160 2023 orsus
2182 1972 2271 2023 est
2290 1969 2609 2040 inquirere.
2648 1971 2969 2043 lnquisitus
2997 1977 3201 2027 autem
3252 1970 3348 2026 ille
3398 1988 3433 2028 a
3464 1975 3656 2044 patre,

1988 2061 2263 2112 metuens
2314 2074 2391 2113 ne
2445 2060 2904 2128 redargueretur
2959 2060 3006 2115 si
3066 2060 3285 2132 placito
3341 2058 3661 2115 contrairet

1990 2146 2205 2201 tecbna
2260 2148 2577 2211 socordiae,
2629 2164 2753 2203 non
2791 2152 3026 2203 tantum
3057 2154 3276 2204 terram
3310 2148 3658 2204 adeundam

1989 2248 2121 2288 esse
2149 2235 2470 2306 approbat,
2522 2252 2729 2291 verum
2770 2236 2947 2290 etiam
2978 2236 3219 2306 instigat
3266 2237 3658 2307 hortaturque

1987 2337 2063 2377 ne
2094 2337 2265 2377 mora
2297 2322 2418 2378 ulla
2444 2324 2775 2396 inemptum
2804 2324 3082 2379 detineat.
3114 2328 3266 2393 Ergo
3291 2341 3394 2380 rex
3423 2322 3661 2380 consul-

1988 2415 2051 2465 tu
2082 2411 2444 2482 optimatum
2486 2412 2779 2479 ﬁrmatus,
2817 2413 3192 2486 militumque
3242 2412 3660 2470 benevolentia

1987 2500 2435 2566 ﬁsus,classem
2468 2518 2859 2558 numerosam
2879 2504 3063 2575 jussit
3091 2507 3289 2578 parari
3339 2510 3395 2560 et
3430 2504 3659 2560 univer-

1989 2605 2119 2643 sam
2152 2589 2426 2645 militiam
2458 2594 2765 2646 Danorum
2805 2592 3072 2665 undique
3118 2594 3369 2657 moneri,
3427 2597 3491 2648 ut
3546 2597 3661 2648 sta-

1990 2683 2114 2734 tuto
2144 2678 2239 2733 die
2270 2684 2507 2734 armata
2559 2680 2796 2737 adesset
2847 2687 2904 2738 et
2951 2683 3106 2752 regis
3151 2683 3508 2739 sententiam
3549 2698 3658 2738 au-

1990 2767 2182 2835 diens,
2210 2785 2469 2841 quaeque
2502 2769 2937 2842 imperarentur
2958 2772 3346 2829 devotissime
3377 2773 3657 2845 expleret.

1994 2859 2276 2911 Cursores
2309 2873 2451 2912 mox
2486 2860 2808 2930 provinciae
2842 2878 2914 2917 ex
2931 2862 3104 2932 jussu
3134 2862 3361 2918 domini
3393 2861 3483 2917 sui
3514 2877 3661 2917 cun-

223 2946 559 3020 impulisset
581 2948 820 3018 milites,
846 2966 1001 3022 quos
1042 2950 1231 3006 multa
1255 2951 1483 3008 liberali
1528 2951 1881 3007 muniﬁcen-
1914 2972 1955 3025 C
1994 2950 2151 3000 ctam
2182 2953 2515 3019 pergyrant
2542 2950 2872 3020 regionem,
2904 2951 3172 3024 quietam
3205 2967 3447 3025 quoque
3497 2968 3663 3007 com-

224 3036 308 3092 tia
338 3036 451 3092 sibi
480 3036 703 3094 fecerat
726 3038 1021 3094 obnoxios
1051 3043 1109 3095 et
1134 3039 1359 3097 ﬁdeles.
1395 3042 1607 3113 Atque,
1634 3046 1700 3095 ut
1730 3040 1884 3096 scias

224 3130 490 3198 quantus
521 3143 772 3182 suorum
798 3127 971 3183 fuerit
1008 3128 1067 3183 in
1089 3129 1432 3199 praecordiis
1459 3129 1727 3200 affectus,
1776 3145 1886 3201 pro

226 3218 389 3269 certo
442 3213 742 3270 afﬁrmare
798 3215 1036 3271 valeam
1089 3216 1253 3289 quod
1319 3217 1517 3274 nullus
1570 3217 1887 3273 formidine

224 3303 437 3359 mortis
465 3304 799 3376 periculum
828 3305 1142 3374 refugeret,
1176 3306 1427 3379 ejusque
1467 3323 1576 3379 pro
1606 3306 1888 3361 fidelitate

223 3393 501 3449 hostibus
531 3394 860 3451 innumeris
886 3395 1069 3461 solus,
1105 3396 1348 3451 armatis
1375 3397 1571 3460 etiam,
1606 3395 1888 3453 manibus

228 3482 411 3537 nudis
442 3482 873 3555 imperterritus
903 3485 1319 3551 occurreret,si
1344 3486 1625 3541 euntibus
1654 3490 1889 3542 tantum

226 3572 430 3641 regale
457 3577 1014 3645 praemonstraretur
1047 3574 1307 3643 signum.
1358 3576 1431 3630 At
1455 3590 1529 3631 ne
1559 3592 1656 3630 me
1687 3574 1892 3630 credat

230 3661 449 3733 aliquis
480 3661 603 3717 haec
636 3661 786 3718 falsa
813 3662 1099 3731 ﬁngendo
1126 3663 1377 3735 alicujus
1426 3664 1649 3720 amoris
1699 3664 1888 3735 gratia

231 3750 580 3823 compilare,
613 3757 768 3808 recte
796 3752 1293 3809 animadvertenti
1308 3753 1367 3809 in
1389 3753 1893 3826 subsequentibus

229 3839 459 3914 patebit
489 3845 688 3897 utrum
718 3858 861 3897 vera
888 3841 1139 3897 dixerim
1179 3858 1256 3898 an
1288 3841 1550 3898 minime.
1604 3842 1895 3898 Omnibus

233 3929 399 3987 enim
429 3930 612 4003 liquet
636 3930 846 4003 procul
873 3930 1061 3986 dubio
1084 3931 1376 4003 quoniam
1403 3930 1791 3987 humanitatis
1816 3931 1896 3987 ita

233 4036 371 4076 sese
399 4019 618 4077 habeat
643 4020 1034 4087 consuetudo,
1086 4022 1151 4075 ut
1194 4020 1546 4093 plerumque
1597 4036 1668 4075 ex
1717 4019 1896 4075 rebus

231 4123 526 4183 prospere
582 4108 971 4164 redeuntibus
1020 4112 1247 4164 mentes
1302 4109 1688 4181 quorundam
1762 4108 1897 4181 plus

234 4210 413 4266 sequo
439 4196 695 4265 exagitet
718 4197 1145 4265 cogitationum
1175 4202 1375 4264 aestus,
1411 4200 1589 4269 atque
1611 4213 1681 4252 ex
1711 4195 1923 4253 nimia‘

234 4285 303 4341 in
334 4284 453 4341 otio
477 4285 715 4341 licentia
739 4285 1171 4356 aggrediuntur
1200 4285 1384 4358 aliqui
1412 4285 1579 4358 quod
1610 4285 1709 4340 vix
1733 4286 1894 4355 cogi-

239 4378 389 4442 tare,
422 4375 647 4431 nedum
676 4375 890 4441 facere,
931 4375 1157 4431 audent
1184 4375 1241 4429 in
1286 4374 1636 4430 adversitate
1680 4375 1892 4446 posita.

238 4469 328 4520 ita
357 4464 533 4520 etiam
561 4464 849 4537 praelibati
880 4464 1033 4535 regis
1064 4463 1370 4528 militibus,
1404 4480 1543 4520 cum
1591 4464 1900 4538 incompo-

238 4554 369 4611 sitae
399 4553 564 4626 pacis
589 4552 972 4610 diuturnitate
1005 4558 1219 4610 cuncta
1246 4552 1563 4609 cessissent
1590 4570 1896 4626 prospere,

238 4642 421 4699 ﬁrma
453 4643 543 4699 sui
597 4658 708 4715 pro
755 4642 1079 4699 benefactis
1107 4642 1336 4698 domini
1372 4640 1531 4697 fretis
1563 4642 1899 4713 stabilitate,

237 4732 459 4789 eadem
500 4732 615 4806 ipsi
645 4732 889 4802 agitanti
932 4732 1154 4803 placuit
1185 4731 1419 4787 studere
1451 4734 1666 4786 terram
1698 4732 1899 4798 Angli-

236 4839 382 4879 cam
432 4821 776 4877 invadendo
824 4826 977 4876 sorte
1038 4821 1246 4878 bellica
1292 4820 1524 4894 imperii
1552 4820 1643 4875 sui
1680 4820 1903 4877 ﬁnibus

238 4912 524 4983 adjicere.
562 4933 590 4960 ‹‹
624 4909 1191 4981 Turchil,inquiunt,
1216 4909 1494 4983 princeps
1520 4909 1736 4965 militiae
1766 4914 1900 4977 tuae,

237 5000 491 5058 domine
548 5015 653 5055 rex
685 5043 698 5067 ,
760 4998 993 5054 licentia
1049 5014 1084 5052 a
1137 5002 1192 5052 te
1249 5002 1538 5070 accepta,
1619 4998 1763 5055 abiit
1842 5005 1906 5055 ut

240 5090 491 5145 fratrem
546 5104 724 5143 suum
772 5085 919 5141 inibi
968 5084 1339 5141 interfectum
1394 5086 1796 5155 ulcisceretur,
1828 5092 1901 5153 et,

241 5193 538 5247 magnam
569 5181 800 5249 partem
839 5174 1127 5230 exercitus
1172 5172 1253 5227 tui
1308 5173 1634 5245 abducens,
1698 5176 1906 5233 vicisse

243 5283 313 5323 se
340 5282 440 5335 gat
464 5270 590 5327 det;
623 5270 679 5321 et
710 5280 869 5319 nunc
900 5262 1292 5319 meridianam
1327 5266 1558 5334 partem
1588 5264 1907 5336 provinciae

243 5356 440 5411 victor
467 5355 714 5423 obtinet,
764 5370 833 5410 ac
865 5352 1094 5409 mavult
1140 5351 1220 5406 ibi
1269 5350 1436 5407 exsul
1483 5351 1729 5420 degens,
1764 5353 1908 5407 ami-

247 5461 480 5519 cusque
506 5444 696 5501 factus
728 5442 1075 5512 Anglorum,
1102 5456 1256 5513 quos
1287 5444 1388 5495 tua
1416 5455 1603 5495 manu
1634 5440 1770 5495 vicit
1790 5441 1911 5510 glo-

248 5536 413 5605 riari,
444 5552 631 5609 quam
657 5532 980 5590 exercitum
1008 5531 1298 5587 reducens
1330 5529 1432 5585 tibi
1459 5528 1657 5595 subdi,
1688 5529 1911 5603 tibique

248 5626 565 5686 victoriam
618 5623 855 5691 ascribi.
938 5624 1005 5678 Et
1050 5636 1211 5680 nunc
1238 5619 1595 5701 fraudamur
1642 5617 1815 5677 sociis
1857 5625 1915 5677 et

1994 3034 2405 3091 monefaciunt
2459 3042 2721 3106 gentem,
2783 3056 2858 3095 ne
2909 3040 3047 3112 quis
3089 3058 3163 3097 ex
3215 3045 3376 3097 tanto
3406 3040 3665 3097 exercitu

1995 3122 2246 3185 deesset,
2282 3124 2429 3196 quin
2455 3127 2655 3181 omnis
2686 3128 2940 3185 bellator
2970 3135 3137 3186 terrae
3169 3135 3269 3186 aut
3309 3129 3461 3186 iram
3509 3129 3666 3199 regis

1996 3212 2345 3283 incurreret,
2379 3220 2483 3270 aut
2504 3216 2765 3284 jussioni
2799 3219 2930 3289 ejus
2978 3219 3307 3275 advolaret.
3365 3219 3517 3286 Quid
3574 3235 3665 3275 er-

2000 3317 2077 3371 go
2108 3302 2135 3355 ?
2166 3302 2410 3374 Absque
2441 3306 2913 3363 contradictione
2958 3308 3326 3375 adunantur,
3374 3308 3667 3364 instructi-

1999 3406 2117 3463 que
2138 3391 2322 3445 armis
2347 3390 2575 3447 bellicis
2607 3395 2901 3464 gregatim
2934 3398 3055 3467 regi
3079 3414 3188 3452 suo
3206 3401 3665 3469 praesentantur,

2002 3484 2365 3536 ostentantes
2396 3496 2461 3535 se
2490 3487 2734 3554 paratos
2766 3484 2842 3539 ad
2860 3485 3193 3557 periculum
3214 3492 3271 3543 et
3291 3487 3369 3543 ad
3390 3490 3665 3555 mortem,

2007 3569 2057 3624 si
2082 3573 2316 3626 tantum
2345 3568 2576 3626 domini
2607 3572 2699 3628 sui
2724 3580 2952 3645 queant
2974 3576 3258 3647 perficere
3278 3575 3666 3633 voluntatem.

2007 3661 2127 3715 Rex
2153 3662 2355 3714 autem
2381 3659 2588 3715 videns
2630 3663 2928 3735 populum
2968 3665 3491 3733 innumerabilem,
3523 3681 3670 3723 voce

2006 3748 2378 3820 prteconaria
2415 3749 2595 3819 jussit
2624 3768 2797 3807 suam
2845 3754 3111 3824 pateﬁeri
3162 3755 3549 3822 voluntatem,
3606 3770 3670 3811 se

2005 3835 2155 3892 velle
2182 3836 2402 3891 scilicet
2449 3837 2708 3893 classem
2757 3840 3079 3895 adversum
3138 3842 3360 3912 Anglos
3412 3859 3668 3909 armare,

2004 3922 2335 3996 ditionique
2366 3940 2490 3979 sua:
2520 3941 2764 3981 omnem
2797 3927 2954 3983 hanc
2984 3929 3244 4001 patriam
3270 3929 3426 3985 ferro
3442 3930 3670 3986 dolisve

2007 4011 2320 4082 subjicere.
2356 4013 2528 4077 Quod
2563 4013 2660 4068 ubi
2694 4016 2979 4071 omnibus
3008 4016 3203 4073 visum
3223 4020 3378 4072 esset
3400 4017 3673 4074 laudabi-

2005 4101 2078 4168 le,
2112 4101 2287 4171 elegit
2314 4100 2582 4174 primum
2606 4103 2712 4175 qui
2741 4119 2996 4174 regnum
3025 4123 3202 4161 suum
3240 4105 3528 4163 deberent
3570 4123 3672 4164 cu-

2008 4191 2249 4259 stodire,
2280 4207 2376 4259 ne,
2410 4191 2560 4247 dum
2586 4192 2852 4249 alienum
2884 4194 3120 4250 incaute
3152 4201 3476 4268 appeteret,
3524 4196 3672 4253 illud

2008 4281 2173 4354 quod
2203 4297 2450 4336 securus
2480 4281 2721 4337 tenebat
2749 4282 3045 4340 amitteret
3073 4288 3129 4339 et
3156 4284 3419 4340 intentus
3436 4286 3497 4341 in
3514 4290 3672 4342 utro-

2009 4385 2128 4443 que
2156 4369 2347 4424 neutri
2378 4368 2720 4443 imperaret.
2737 4371 3012 4428 Habebat
3031 4373 3192 4429 enim
3214 4373 3368 4428 ﬁlios
3384 4374 3539 4429 duos
3559 4373 3670 4429 bo-

2006 4474 2098 4513 nae
2129 4457 2367 4526 indolis,
2421 4475 2496 4515 ex
2545 4459 2768 4532 quibus
2820 4460 3289 4533 primogenitum
3339 4477 3451 4516 suo
3474 4462 3673 4531 junxit

2009 4547 2337 4616 comitatui,
2384 4538 2531 4606 natu
2583 4565 2725 4605 vero
2776 4549 3071 4605 minorem
3117 4547 3379 4622 praefecit
3406 4548 3672 4605 universi

2008 4637 2175 4707 regni
2200 4637 2554 4707 dominatui,
2580 4638 2867 4708 adjuncta
2894 4638 2947 4692 ei
2969 4638 3144 4709 copia
3164 4636 3424 4704 militari,
3439 4638 3673 4710 paucis-

2010 4743 2127 4800 que
2152 4726 2480 4800 primatum
2508 4727 2613 4800 qui
2643 4726 2961 4799 puerulum
2988 4726 3281 4797 sagaciter
3301 4726 3673 4783 instituerent

2012 4820 2068 4873 et
2095 4816 2198 4889 qui
2222 4815 2360 4872 huic
2390 4815 2652 4871 consiliis
2683 4814 2989 4887 armisque
3021 4830 3132 4886 pro
3162 4830 3336 4870 muro
3361 4818 3577 4871 essent.

2083 4904 2375 4963 Omnibus
2401 4919 2541 4973 ergo
2571 4904 2677 4959 rite
2708 4902 3039 4975 dispositis,
3088 4904 3386 4960 recensuit
3427 4904 3674 4962 comites

2011 4992 2423 5067 expeditionis,
2453 4992 2776 5064 relictoque
2808 4992 3038 5047 minore
3070 4991 3189 5047 tilio
3237 5008 3347 5048 suo
3398 4992 3461 5048 in
3508 4993 3669 5062 sede,

2013 5083 2157 5141 adiit
2182 5081 2489 5151 navigium
2512 5081 2763 5137 vallatus
2794 5085 3028 5137 armato
3058 5080 3262 5137 milite.
3321 5085 3434 5138 Nec
3476 5098 3670 5151 mora,

2014 5173 2385 5229 concurritur
2417 5171 2682 5245 undique
2710 5170 2788 5225 ad
2816 5170 3032 5239 littora,
3081 5170 3492 5227 circumfertur
3534 5189 3675 5245 pas-

2015 5262 2127 5317 sim
2158 5277 2466 5317 armorum
2489 5276 2660 5330 seges
2688 5259 3035 5329 multigena.
3063 5260 3375 5331 Aggregati
3430 5261 3675 5318 tandem

2019 5353 2254 5407 turritas
2284 5350 2617 5407 ascendunt
2648 5366 2901 5423 puppes,
2918 5351 3110 5406 aeratis
3127 5349 3330 5406 rostris
3350 5349 3538 5406 duces
3561 5349 3677 5405 sin-

2019 5440 2190 5512 gulos
2219 5439 2561 5496 videntibus
2594 5438 3090 5495 discriminantes.
3152 5438 3295 5494 Hinc
3342 5437 3502 5495 enim
3551 5442 3679 5495 erat

2018 5546 2256 5587 cernere
2286 5528 2488 5584 leones
2541 5544 2690 5584 auro
2737 5527 2939 5584 fusiles
2964 5528 3025 5584 in
3051 5526 3377 5601 puppibus,
3400 5528 3539 5585 hinc
3568 5543 3677 5585 au-

2020 5625 2140 5679 tem
2168 5618 2439 5678 volucres
2474 5618 2538 5676 in
2563 5618 2816 5677 summis
2860 5618 3037 5676 malis
3080 5616 3383 5676 venientes
3444 5626 3679 5677 austros
