3988 6182
397 175 532 244 i379

1636 169 1848 230 EMME
1884 166 2163 230 HEGINE
2200 165 2607 226 ANGLORUM.

395 295 519 366 suis
548 295 855 368 signantes
889 292 1182 361 ver-sibus,
1235 295 1337 354 aut
1380 291 1673 349 dracones
1719 291 1917 354 varios
1941 291 2054 348 mi-
2093 294 2139 352 Α
2168 291 2490 364 quentibus
2517 295 2820 364 praestant.
2853 293 2936 346 Ita
2956 305 3059 345 rex
3087 303 3161 344 ex
3187 287 3402 343 aﬂectu
3435 288 3642 360 primo
3691 306 3820 362 pre

393 389 607 454 nantes
627 382 906 454 incendia
936 381 1012 438 de
1044 380 1314 438 naribus.
1332 380 1492 438 illinc
1523 381 1798 438 homines
1826 381 1899 436 de
1927 381 2060 438 soli-

393 474 474 540 do
503 489 652 543 auro
685 475 1008 541 argentove
1035 470 1265 541 rutilos,
1293 470 1439 526 vivis
1455 471 1912 542 quodammodo
1935 487 2058 528 non

341 585 346 589 λ
393 563 675 636 impares,
704 565 885 633 atque
915 558 1074 616 illinc
1105 565 1308 618 tauros
1335 559 1541 616 erectis
1575 576 1819 616 sursum
1869 559 2055 627 collis,

392 648 806 722 protensisque
836 648 1128 719 cruribus,
1161 648 1428 718 mugitus
1479 664 1811 720 cursusque
1855 647 2058 704 viven-

393 739 542 802 tium
573 738 944 804 simulantes.
1000 738 1236 796 Videres
1288 754 1531 811 quoque
1580 737 1899 810 delphinos
1940 737 2056 794 ele-

393 833 516 888 ctro
547 828 732 902 fusos,
762 834 1144 900 veteremque
1175 832 1646 886 rememorantes
1681 827 1951 886 fabulam
1983 827 2057 882 de

392 916 607 976 eodem
635 915 877 985 metallo
906 921 1247 980 centauros.
1284 917 1567 986 Ejusdem
1616 921 1902 988 praeterea
1945 933 2056 972 cte-

391 1005 599 1070 laturte
626 1006 815 1066 multa
844 1006 946 1065 tibi
977 1007 1239 1064 dicerem
1280 1006 1562 1075 insignia,
1625 1006 1672 1061 si
1717 1023 1839 1063 non
1884 1023 2056 1066 mon-

395 1099 676 1164 strorum,
701 1111 836 1167 quae
868 1094 1101 1166 sculpta
1121 1095 1376 1166 inerant,
1396 1111 1492 1152 me
1513 1095 1762 1151 laterent
1787 1095 2052 1152 nomina.

394 1185 508 1254 Sed
559 1184 707 1260 quid
759 1199 921 1240 nunc
951 1184 1054 1240 tibi
1086 1184 1272 1240 latera
1314 1185 1653 1241 carinarum
1703 1200 2056 1248 memorem,

392 1289 517 1345 non
577 1273 763 1336 modo
823 1273 1113 1330 ornatitiis
1161 1274 1399 1346 depicta
1469 1274 1790 1342 coloribus,
1850 1291 2056 1332 verum

394 1363 571 1419 etiam
622 1363 817 1419 aureis
870 1363 1286 1436 argenteisque
1337 1381 1549 1437 aspera
1591 1364 1824 1434 signis?
1878 1364 2057 1432 Regia

391 1468 636 1527 quoque
687 1453 908 1525 puppis
969 1458 1132 1512 tanto
1188 1453 1630 1524 pulchritudine
1688 1453 1779 1508 sui
1834 1454 2056 1509 caeteris

390 1541 735 1614 prtestabat,
769 1547 997 1614 quanto
1029 1559 1132 1600 rex
1162 1559 1284 1598 suae
1313 1542 1616 1612 dignitatis
1647 1543 1875 1601 honore
1903 1542 2055 1598 mili-

395 1635 479 1690 tes
505 1631 912 1700 antecedebat.
947 1634 1024 1692 De
1049 1647 1172 1706 qua
1196 1631 1408 1688 melius
1439 1637 1526 1687 est
1543 1637 1607 1688 ut
1633 1631 2055 1704 sileam,quam

393 1736 504 1792 pro
557 1720 972 1792 magnitudine
1031 1721 1123 1778 sui
1179 1737 1376 1792 pauca
1416 1721 1635 1778 dicam.
1683 1721 1802 1778 Tali
1849 1722 2050 1794 itaque

392 1808 523 1870 freti
552 1809 764 1872 classe,
799 1810 942 1870 dato
971 1809 1143 1880 signo
1165 1814 1406 1882 repente
1438 1811 1766 1880 gaudentes
1806 1810 2050 1878 abeunt,

393 1903 592 1972 atque,
620 1903 686 1954 ut
708 1899 858 1968 jussi
891 1904 1078 1966 erant,
1107 1915 1247 1970 pars
1275 1905 1428 1965 ante,
1463 1916 1604 1972 pars
1635 1906 1809 1970 retro,
1857 1917 2054 1972 aequa-

393 1986 467 2042 tis
501 1991 700 2044 tamen
729 1987 953 2054 rostris,
985 1987 1163 2056 regite
1194 1987 1384 2059 puppi
1409 2004 1470 2044 se
1489 1988 1935 2046 circumferunt.
1955 1989 2053 2044 Hic

393 2074 624 2140 videres
653 2073 876 2132 crebris
909 2075 1095 2132 tonsis
1127 2076 1440 2134 verberata
1468 2077 1584 2133 late
1616 2094 1899 2150 spumare
1944 2094 2052 2134 ow-

390 2163 544 2232 rula,
594 2163 938 2236 metallique
982 2181 1403 2236 repercussum
1444 2165 1669 2234 fulgore
1719 2167 1905 2222 solem
1945 2167 2052 2223 du-

391 2252 574 2326 plices
602 2253 804 2322 radios
831 2254 1150 2310 extendere
1181 2254 1240 2310 in
1266 2270 1424 2311 aera.
1461 2255 1613 2320 Quid
1645 2256 1818 2328 plura
1839 2257 1865 2310 ἰ)
1900 2255 2053 2312 Tan-

389 2340 532 2412 dem
558 2357 680 2413 quo
708 2340 1101 2398 intendebant
1123 2342 1309 2400 animi
1336 2343 1781 2416 appropiabant
1805 2344 2050 2411 ﬁnibus,

393 2446 533 2500 eum
586 2430 872 2486 ﬁnitimos
920 2431 1073 2487 mari
1142 2432 1472 2504 patrieuses
1519 2433 1649 2503 ejus
1698 2433 1781 2488 rei
1821 2433 2054 2489 sinister

391 2519 717 2584 commovit
764 2519 1028 2578 nuntius.
1081 2525 1194 2575 Nec
1247 2537 1438 2590 mora,
1493 2539 1616 2592 quo
1648 2523 1813 2593 regia
1844 2523 2052 2579 classis

386 2607 690 2674 anchoras
715 2607 859 2678 ﬁxit,
891 2608 1100 2666 incolae
1127 2609 1256 2680 ejus
1275 2609 1391 2672 loci
1421 2615 1788 2666 concurrunt
1817 2611 1894 2667 ad
1922 2627 2055 2682 por-

393 2700 537 2764 tam,
563 2697 882 2771 potentiori
909 2714 971 2754 se
1001 2699 1218 2756 frustra
1250 2700 1441 2770 parati
1467 2699 1787 2756 defendere
1824 2699 2051 2757 intran-

392 2785 453 2844 di
501 2786 751 2850 aditum.
817 2787 1079 2859 Denique
1124 2788 1339 2846 relictis
1364 2789 1624 2846 navibus
1654 2789 1800 2858 regii
1838 2789 2052 2846 milites

393 2875 472 2937 ad
493 2880 711 2936 terram
733 2880 970 2946 exeunt,
995 2880 1049 2933 et
1079 2877 1338 2948 pedestri
1371 2893 1588 2948 pugnae
1615 2877 1894 2950 intrepidi
1924 2894 2051 2934 sese

2164 381 2243 436 lio
2267 398 2431 447 usus,
2465 381 2842 453 adjacentem
2867 378 3173 448 regionem
3205 376 3460 445 invadit,
3494 376 3651 434 fusis
3677 377 3825 448 fuga-

2167 470 2358 542 tisque
2389 470 2683 528 hostibus.
2717 472 2878 524 Tunc
2908 468 3005 524 tali
3050 483 3334 522 successu
3364 466 3567 521 factus
3617 468 3828 523 auden-

2165 559 2293 626 tior,
2328 560 2406 616 ad
2435 576 2619 616 naves
2643 559 2794 615 redit
2823 564 2879 615 et
2907 558 3166 630 reliquos
3190 561 3423 630 portus,
3477 557 3588 628 qui
3635 558 3826 629 plures

2165 667 2297 708 eam
2333 655 2547 708 terram
2580 651 2844 719 cingunt,
2878 649 3089 705 eadem
3114 650 3344 703 ratione
3397 647 3663 702 invadit.
3713 651 3829 703 Pos-

2167 744 2353 794 tremo
2383 739 2722 795 universam
2747 738 3004 810 patriam
3028 742 3186 792 tanto
3217 736 3427 791 labore
3461 735 3825 808 perdomuit.

2165 834 2247 894 ut,
2282 829 2327 884 si
2351 829 2486 900 quis
2513 845 2758 884 omnem
2784 828 3095 883 historiam
3126 828 3255 897 ejus
3288 825 3368 880 ad
3411 825 3678 897 plenum
3708 843 3829 899 per-

2165 933 2398 974 currere
2430 917 2587 988 velit,
2617 934 2739 974 non
2771 917 3079 973 modicum
3127 915 3430 970 auditores
3478 914 3760 984 fatigabit
3785 923 3830 971 et

2165 1006 2400 1062 sibimet
2431 1007 2684 1077 injurius
2729 1007 2856 1073 erit,
2909 1006 3078 1075 dum,
3134 1010 3196 1059 ut
3225 1003 3429 1075 voluit,
3461 1005 3684 1060 omnia
3712 1021 3827 1076 per-

2166 1097 2448 1166 stringere
2481 1096 2728 1152 minime
2760 1095 2995 1152 valebit.
3028 1099 3097 1149 At
3127 1110 3258 1164 ego,
3313 1094 3443 1149 haec
3496 1093 3678 1149 alteri
3707 1111 3826 1152 nar-

2164 1185 2354 1242 randa
2387 1185 2750 1257 relinquens,
2805 1183 3106 1253 tangendo
3162 1183 3410 1239 transire
3448 1184 3747 1255 percupio
3779 1189 3826 1239 et

2165 1276 2240 1332 ad
2287 1275 2404 1330 alia
2436 1274 2794 1344 festinando,
2852 1273 3073 1345 stylum
3126 1271 3450 1345 applicaho
3503 1271 3591 1327 ad
3648 1273 3824 1328 Sueini

2164 1364 2417 1432 obitum,
2458 1368 2519 1419 ut
2543 1363 2735 1420 festivi
2779 1363 2935 1432 regis
2983 1362 3266 1417 Cnutonis
3309 1361 3482 1430 regni
3534 1360 3822 1419 elucidare

2163 1471 2383 1527 queam
2434 1453 2764 1509 exordium.
2819 1456 3091 1524 Namque
3147 1451 3252 1506 ubi
3292 1451 3425 1521 jam
3475 1451 3822 1524 smpedietns

2164 1561 2265 1600 rex
2293 1548 2414 1600 tota
2435 1542 2765 1612 Anglorum
2796 1541 2989 1614 patria
3017 1545 3102 1596 est
3133 1540 3606 1608 inthronisatus,
3649 1545 3704 1596 et
3740 1539 3822 1595 ubi

2095 1649 2137 1701 Β
2162 1635 2289 1705 jam
2320 1648 2472 1705 pene
2503 1631 2584 1688 illi
2615 1648 2794 1688 nemo
2825 1629 3049 1697 restitit,
3082 1647 3277 1702 pauco
3306 1630 3658 1702 supervixit
3697 1637 3822 1684 tem-

2162 1739 2328 1795 pore,
2351 1722 2456 1778 sed
2488 1726 2688 1778 tamen
2718 1719 2866 1776 illud
2892 1718 3190 1775 tantillum
3207 1718 3490 1787 gloriose.
3509 1720 3821 1775 Praeseicas

2159 1813 2338 1882 igitur
2367 1809 2825 1868 dissolutionem
2859 1807 2950 1864 sui
2981 1807 3246 1880 corporis
3270 1808 3627 1872 imminere,
3651 1807 3819 1862 ﬁlia

2163 1917 2341 1956 suum
2385 1903 2740 1969 Cnutonem,
2771 1913 2956 1970 quem
3005 1912 3209 1952 secum
3263 1896 3503 1961 habuit,
3560 1897 3816 1963 advocat,

2164 2005 2291 2044 sese
2321 1989 2477 2044 viam
2512 1986 2803 2042 universm
2835 1985 3029 2040 carnis
3065 1983 3543 2053 ingrediendum
3592 1985 3815 2042 indicet.

2163 2075 2266 2131 Cui
2297 2075 2442 2130 dum
2484 2076 2674 2132 multa
2711 2075 2785 2130 de
2813 2075 2982 2144 regni
3027 2073 3465 2145 gubernaculo,
3527 2073 3814 2146 multaque

2157 2166 2495 2222 hortaretur
2520 2165 2594 2221 de
2625 2165 3080 2222 Christianitatis
3109 2164 3469 2232 studio,Deo
3491 2164 3723 2232 gratias,
3741 2163 3812 2218 illi

2163 2255 2425 2312 virorum
2477 2254 2834 2322 dignissimo
2893 2259 3194 2326 sceptrum
3262 2254 3565 2308 commisit
3600 2252 3806 2321 regale.

2164 2345 2352 2415 Hujus
2382 2345 2463 2400 rei
2493 2345 2648 2402 facto
2680 2344 2942 2402 maxime
2972 2343 3138 2408 Dani,
3156 2342 3385 2415 quibus
3400 2343 3655 2411 legitime
3673 2359 3811 2414 pra-

2161 2450 2288 2489 esse
2319 2434 2546 2503 debuit,
2577 2433 2793 2500 favent,
2826 2449 3086 2506 eumque
3130 2438 3298 2506 patre
3347 2431 3559 2487 adhuc
3599 2432 3813 2487 vivente

2161 2539 2365 2592 regem
2395 2540 2578 2595 super
2604 2539 2665 2579 se
2695 2522 2971 2578 constitui
3006 2521 3291 2591 gaudent.
3345 2525 3469 2576 Hoc
3522 2522 3608 2576 ita
3657 2520 3811 2584 facto,

2159 2617 2329 2685 pater
2357 2618 2487 2669 orat
2514 2612 2705 2670 ﬁlium
2738 2617 2820 2678 ut,
2848 2613 2896 2668 si
2921 2611 3169 2685 quando
3209 2611 3539 2666 nativitatis
3569 2627 3688 2665 sua:
3731 2625 3810 2666 re-

2160 2701 2310 2758 diret
2326 2702 2404 2758 ad
2421 2706 2660 2768 terram,
2676 2717 2898 2773 corpus
2917 2705 3232 2773 paternum
3249 2705 3592 2772 reportaret
3605 2715 3808 2764 secum,

2160 2808 2309 2846 neve
2338 2795 2638 2863 pateretur
2669 2807 2730 2846 se
2756 2790 3158 2858 alienigenam
3199 2789 3262 2844 in
3312 2789 3579 2844 externis
3637 2793 3812 2843 nimu-

2158 2880 2266 2936 lari
2299 2879 2482 2936 terris.
2520 2882 2772 2935 Noverat
2800 2877 2960 2934 enim
2983 2877 3127 2950 quia
3154 2894 3266 2950 pro
3296 2876 3617 2934 invasione
3661 2875 3810 2945 regni

392 2963 730 3034 accingunt.
766 2967 972 3022 Hostes
1005 2966 1199 3037 primo
1221 2967 1447 3022 duriter
1478 2973 1684 3023 contra
1715 2967 2048 3025 resistentes
2089 3010 2128 3038 ρ
2160 2968 2272 3024 illis
2302 2983 2516 3024 exosus
2548 2972 2674 3022 erat
2701 2966 2956 3038 populis.
2991 2969 3102 3021 Nec
3134 2965 3323 3022 multo
3354 2970 3494 3037 post
3522 2969 3812 3038 postrema

391 3052 699 3126 dimicant,
731 3058 940 3127 postea
990 3071 1131 3114 vero
1172 3055 1414 3127 periculi
1446 3056 1763 3114 formidine
1792 3058 1950 3114 versi
1988 3058 2050 3114 in
2093 3052 2129 3064 ν
2159 3062 2384 3114 naturae
2412 3055 2692 3128 persolvit
2721 3055 2943 3120 debita,
2977 3055 3245 3111 animam
3293 3054 3658 3112 remittendo
3704 3070 3807 3110 cup

389 3140 617 3213 fugam,
671 3142 983 3200 sauciandi
1033 3142 1464 3216 occidendique
1541 3146 1779 3216 copiam
1853 3162 2050 3218 perse-

2155 3146 2424 3216 lestibus,
2450 3149 2618 3202 terra:
2645 3149 2848 3202 autem
2875 3144 3185 3200 reddendo
3216 3143 3513 3200 membra.

1595 3420 1934 3508 LIBER
2009 3419 2598 3508 SECUNDUS.

457 3597 683 3652 Mortuo
728 3599 918 3667 patre,
982 3600 1170 3654 Cnuto
1219 3598 1386 3666 regni
1428 3604 1601 3670 parat
1644 3601 1893 3655 retinere
1920 3617 2045 3654 sce-

383 3687 609 3754 ptrum,
641 3683 747 3738 sed
771 3684 849 3740 ad
895 3684 1008 3739 hoc
1056 3684 1303 3740 minime
1339 3685 1608 3742 sufﬁcere
1659 3688 1868 3759 potuit,
1902 3689 2044 3743 deti-

385 3770 574 3838 ciente
603 3771 778 3842 copia
805 3770 1093 3828 ﬁdelium.
1141 3773 1315 3842 Angli
1369 3774 1687 3846 siquidem,
1746 3791 2044 3832 memores

383 3859 550 3934 quod
575 3864 743 3933 pater
768 3862 897 3932 ejus
940 3861 1159 3933 injuste
1188 3878 1328 3919 suos
1371 3862 1690 3920 invasisset
1737 3865 1910 3934 fines,
1966 3866 2047 3922 ad

383 3949 806 4024 expellendum
837 3968 998 4018 eum,
1027 3957 1092 4008 ut
1115 3957 1252 4024 pote
1279 3952 1384 4026 qui
1422 3953 1660 4024 juvenis
1709 3959 1852 4026 erat,
1879 3955 2046 4011 omni

380 4041 551 4111 regni
579 4040 798 4112 pariter
827 4041 1195 4112 collegerunt
1222 4042 1400 4098 vires.
1428 4045 1556 4108 Quo
1587 4049 1894 4117 comperto
1917 4061 2041 4114 rex,

384 4129 541 4192 clam
569 4145 676 4201 per
704 4130 910 4188 ﬁdeles
940 4131 1169 4188 amicos
1192 4136 1428 4204 reperto
1471 4133 1714 4189 honoris
1763 4135 1851 4190 sui
1896 4151 2038 4190 con-

383 4217 531 4285 sitio,
585 4217 826 4275 classim
879 4219 990 4277 sibi
1049 4222 1375 4292 praeparari
1418 4223 1627 4293 jubet;
1695 4239 1816 4279 non
1872 4224 2039 4296 quod

2154 3601 2441 3656 micantes
2469 3604 2676 3655 contra
2716 3597 3033 3654 dominum
3079 3613 3244 3653 suum
3287 3595 3481 3651 hostes
3509 3595 3799 3652 incautos

2154 3706 2188 3744 a
2219 3695 2382 3758 tergo
2412 3689 2682 3744 caederet.
2717 3688 2896 3758 Cujus
2925 3687 3008 3742 rei
3030 3691 3195 3759 patet
3214 3685 3419 3740 veritas
3444 3699 3516 3738 ex
3539 3700 3612 3739 eo
3640 3684 3818 3757 quod

2153 3795 2356 3834 secum
2382 3777 2717 3834 maximam
2747 3781 2978 3849 partem
3019 3776 3275 3831 militum
3325 3773 3584 3842 retinuit,
3630 3774 3818 3848 quod-

2153 3884 2269 3940 que
2294 3884 2396 3924 rex
2425 3883 2546 3923 non
2576 3867 2836 3939 amplius
2855 3882 3042 3938 quam
3067 3865 3379 3936 sexaginta
3397 3880 3585 3920 naves
3610 3880 3813 3921 secum

2153 3957 2318 4014 abire
2349 3957 2638 4030 permisit.

2225 4049 2512 4118 Prospero
2541 4045 2744 4117 itaque
2765 4060 2948 4100 cursu
2977 4059 3081 4099 rex
3109 4041 3341 4098 natales
3369 4041 3450 4098 ad
3478 4042 3642 4100 ﬁnes
3668 4045 3816 4115 [per-

2149 4135 2326 4190 venit.
2361 4137 2456 4189 En.
2495 4135 2581 4204 Ρ.)
2628 4149 2764 4189 cum
2817 4132 3175 4188 mirarentur
3213 4147 3429 4187 omnes
3486 4132 3814 4190 solitarium

2146 4224 2403 4279 reditum
2433 4223 2484 4294 ej
2496 4240 2582 4290 us,
2610 4227 2907 4296 quantum
2937 4222 3014 4277 ad
3039 4237 3264 4291 regem,
3283 4221 3442 4293 patri
3477 4227 3667 4279 antea
3691 4223 3815 4277 tide-

382 4320 628 4377 asperos
663 4311 905 4369 eventus
952 4308 1091 4364 belli
1123 4311 1448 4366 metuendo
1505 4311 1753 4381 fugeret,
1812 4312 1918 4367 sed
1979 4318 2039 4368 ut
2079 4360 2118 4383 n
2149 4313 2256 4368 les.
2311 4311 2550 4367 Haraldi
2581 4312 2735 4383 regis
2765 4311 2963 4367 subito
3010 4309 3329 4383 complevit
3359 4310 3641 4367 volitans
3672 4311 3812 4366 fama

380 4395 623 4454 fratrem
683 4410 862 4456 suum
910 4395 1257 4468 Haraldum,
1315 4415 1518 4469 regem
1578 4401 1796 4458 scilicet
1850 4405 2039 4457 Dano-

379 4501 537 4553 rum,
593 4501 774 4559 super
827 4484 928 4544 tali
984 4487 1224 4556 negotio
1281 4489 1632 4547 consuleret.
1666 4495 1915 4549 Paterna
1934 4493 2040 4549 ita-

379 4591 498 4647 que
547 4575 738 4634 classe
787 4574 1058 4648 repetita,
1089 4575 1540 4650 instauratoque
1568 4581 1811 4650 remige,
1845 4581 2035 4637 ventis

380 4664 652 4737 marique
681 4664 906 4736 regalia
930 4664 1228 4722 commisit
1251 4666 1523 4735 carbasa,
1551 4669 1657 4723 sed
1689 4673 1887 4725 tamen
1913 4687 2037 4726 non

381 4769 626 4814 omnem
673 4753 947 4812 militiam
994 4769 1199 4812 secum
1243 4755 1497 4823 reduxit,
1529 4774 1665 4830 quae
1705 4774 1842 4813 eum
1869 4763 2036 4830 patre

381 4860 491 4900 suo
547 4860 874 4916 secumque
927 4844 1184 4917 patriam
1237 4845 1515 4902 introivit.
1560 4851 1705 4903 Nam
1737 4849 2033 4919 Thurchil,

379 4950 564 5008 quem
591 4933 924 5007 principem
951 4933 1174 4990 militiae
1212 4935 1616 5007 praediximus,
1679 4941 1833 4992 terra
1869 4937 2035 5010 quod

379 5027 534 5080 esset
585 5022 815 5094 optima
868 5022 1160 5095 inspecto,
1214 5023 1428 5080 maluit
1470 5025 1812 5082 conversari
1850 5026 2034 5080 vitam

379 5113 549 5172 fertili
606 5112 818 5185 patria,
878 5127 1016 5169 cum
1063 5111 1466 5184 patriensibus
1522 5131 1671 5186 pace
1726 5115 1995 5172 confecta
2019 5160 2032 5185 ,

376 5219 565 5274 quam
609 5200 772 5258 velut
813 5199 1096 5271 expulsus
1149 5199 1396 5257 demum
1432 5201 1622 5258 redire
1662 5203 1740 5260 ad
1770 5203 2032 5276 propria.

379 5295 466 5361 Et,
497 5297 562 5350 ut
589 5291 758 5350 aiunt
793 5289 1063 5361 quidam,
1113 5289 1229 5346 hoc
1284 5306 1407 5346 non
1461 5291 1602 5348 facit
1648 5293 2034 5365 despiciendo

376 5381 714 5449 dominum,
773 5379 880 5436 sed
932 5379 1035 5447 uti,
1091 5395 1230 5435 cum
1277 5380 1595 5452 resumptis
1652 5381 1876 5437 viribus
1923 5382 2036 5439 fra-

377 5473 600 5545 trisque
658 5471 880 5530 auxilio
928 5469 1239 5542 repedaret
1303 5471 1381 5527 ad
1448 5471 1875 5528 debellandum
1950 5489 2035 5527 re-

378 5575 586 5631 gnum,
619 5566 722 5620 aut
747 5561 1062 5634 optimates
1095 5560 1264 5631 regni
1289 5560 1538 5618 consilio
1590 5579 1701 5618 suo
1747 5563 1826 5619 ad
1869 5563 2034 5620 dedi-

376 5650 601 5710 tionem
623 5653 901 5718 ﬂecteret,
932 5654 1038 5708 aut
1063 5649 1114 5706 si
1137 5649 1199 5707 id
1223 5667 1441 5723 parum
1479 5653 1889 5724 processisset,
1941 5652 2032 5708 di-

2150 4400 2390 4474 palatia,
2425 4402 2667 4457 fratrem
2697 4402 2826 4471 ejus
2857 4401 3172 4471 majorem,
3204 4399 3559 4455 Cnutonem
3590 4399 3812 4462 scilicet,

2145 4507 2256 4547 sua
2284 4491 2596 4547 advenisse
2625 4491 2839 4546 littora.
2874 4490 3110 4547 Miratur
3152 4505 3254 4544 rex
3297 4489 3643 4563 omnisque
3683 4485 3821 4561 pari-

2145 4585 2230 4637 ter
2259 4581 2567 4649 exercitus,
2603 4585 2781 4653 atque
2807 4581 3004 4636 adhuc
3025 4579 3212 4635 nescii
3232 4579 3425 4634 duros
3455 4580 3664 4652 ipsius
3689 4596 3824 4652 pro.

2143 4671 2426 4741 sagibant
2453 4687 2649 4726 casus.
2698 4669 2878 4740 Igitur
2929 4686 2966 4724 a
3012 4669 3194 4724 latere
3242 4669 3401 4738 regis
3436 4670 3674 4726 milites
3704 4667 3826 4724 diri-

2145 4765 2365 4830 guntur
2411 4760 2641 4830 delecti,
2689 4759 3002 4832 paratique
3054 4759 3117 4815 in
3158 4775 3494 4814 occursum
3528 4757 3824 4816 transmit-

2143 4850 2348 4905 tuntur
2381 4849 2540 4922 equi,
2584 4849 2898 4906 Fraternus
2929 4848 3223 4921 siquidem
3254 4863 3434 4903 amor
3466 4849 3676 4905 fratris
3703 4861 3824 4903 eum

2142 4937 2424 4994 movebat
2452 4938 2734 4994 inservire
2763 4936 2982 4998 decori.
3037 4939 3309 5009 Cumque
3351 4937 3620 4994 tandem
3652 4937 3822 4992 hono-

2141 5028 2324 5098 ritice,
2372 5032 2573 5100 utpote
2629 5043 2834 5098 regem
2885 5026 3075 5096 decet,
3120 5026 3383 5082 fraterna
3450 5027 3822 5082 subintraret

2139 5117 2368 5186 limina,
2401 5118 2579 5173 frater
2607 5117 2736 5190 ipse
2788 5117 2849 5172 in
2895 5116 3092 5190 primo
3150 5115 3319 5171 aditu
3358 5116 3664 5184 occurrit,
3709 5129 3820 5170 iuu-

2142 5210 2363 5278 tuoque
2379 5206 2767 5262 brachiorum
2791 5205 3168 5261 connexione
3193 5204 3418 5277 pressis
3436 5204 3815 5278 corporibus.

2142 5295 2254 5350 sibi
2276 5296 2532 5352 invicem
2557 5296 2657 5369 pia
2684 5312 2873 5368 quam
2905 5311 3066 5367 saepe
3105 5291 3377 5364 deﬁgunt
3402 5294 3656 5350 oscula.
3707 5290 3816 5351 Coi-

2138 5385 2266 5440 lum
2294 5386 2600 5459 utriusque
2627 5385 2845 5459 partim
2872 5401 2984 5457 pro
3030 5400 3256 5454 amore,
3305 5385 3674 5458 partimque
3720 5395 3813 5455 pro

2141 5475 2326 5546 patris
2388 5481 2576 5530 morte
2651 5474 2797 5529 fusae
2878 5472 3248 5528 madefacere
3315 5471 3654 5543 lacrymae;
3705 5470 3813 5544 qui-

2140 5565 2256 5621 bus
2279 5565 2375 5621 vix
2404 5565 2706 5622 exstinctis
2735 5562 2924 5619 multo
2939 5561 3346 5618 refocillantur
3364 5561 3694 5620 aﬂ'amine.
3723 5559 3808 5617 [ibi

2141 5654 2290 5710 dum
2319 5655 2576 5727 quisque
2614 5656 2916 5711 fortunam
2964 5652 3159 5709 fratris
3210 5651 3645 5723 inquii-areret,
3693 5662 3808 5724 pn-
