4020 6176
206 142 328 201 "Ol

1574 123 1967 184 ENCOMIUM.
1995 155 2068 169 -—
2095 130 2224 189 LIB.
2258 137 2325 191 ll.

3535 149 3677 205 i382

198 268 399 345 prium
424 274 679 339 quoque
707 255 1116 333 patefaceret;
1149 257 1364 327 Cnuto,
1388 256 1493 331 qui
1519 257 1673 312 natu
1703 251 1904 345 major
1933 255 1984 310 Α
2019 274 2169 316 cere.
2204 260 2378 327 Quod
2402 262 2507 319 ubi
2536 280 2893 324 concessum
2948 273 3055 340 est,
3105 271 3393 335 ascendit,
3448 272 3684 345 miseri-

197 340 413 425 fuerat,
450 354 537 410 sic
566 347 897 407 Haraldum
928 345 1175 403 fratrem
1209 346 1557 420 alloquitur:
1588 364 1619 393 «
1644 340 1899 409 Adveni,

195 448 396 517 frater,
453 440 683 517 partim
737 451 925 493 causa
981 434 1067 493 tui
1125 436 1374 505 amoris,
1406 437 1633 509 partim
1664 447 1809 487 vero
1840 434 1905 487 ut

192 535 569 594 declinarem
639 525 1050 600 improvisam
1113 527 1516 583 temeritatem
1598 520 1907 579 barbarici

192 624 411 684 furoris
443 641 456 691 ;
488 635 617 677 non
643 623 850 675 tamen
879 621 1163 697 metuens
1205 616 1533 684 bellorum,
1563 627 1706 689 quae
1752 627 1906 666 meae

190 717 464 785 repetam
498 708 725 781 gloriae,
762 705 871 761 sed
894 709 961 761 ut
988 709 1094 763 tuo
1121 705 1412 777 consultu
1449 705 1727 769 edoctus,
1750 716 1907 774 pras-

193 793 473 876 sidioque
503 797 807 864 suffultus,
841 794 1091 852 redeam
1123 800 1328 852 certus
1359 793 1642 851 victoriae.
1675 794 1775 847 Est
1796 805 1905 846 au-

194 901 315 967 tem
344 893 636 968 primum,
669 886 841 960 quod
862 885 1013 941 mihi
1044 885 1250 954 facies,
1277 885 1329 940 si
1359 900 1489 939 non
1523 881 1731 955 gloriae
1754 896 1903 937 meae

196 976 457 1051 invides,
511 984 575 1035 ut
631 970 867 1033 dividas
911 990 1157 1031 mecum
1208 989 1482 1044 regnum
1567 973 1901 1039 Danorum,

195 1054 400 1132 meam
454 1069 679 1127 scilicet
742 1065 1181 1133 hiereditatem,
1238 1079 1438 1137 quam
1505 1062 1673 1119 solus
1713 1065 1899 1131 tenes,

193 1162 412 1221 deinde
444 1173 701 1231 regnum
730 1154 1090 1225 Anglorum,
1130 1154 1181 1210 si
1208 1152 1539 1210 communi
1579 1166 1770 1225 opera
1798 1167 1905 1224 po-

195 1252 445 1310 terimus
465 1253 686 1305 nostrae
717 1243 1049 1301 hzereditati
1098 1242 1383 1314 adjicere.
1422 1242 1627 1297 Unum
1677 1240 1900 1295 horum

195 1340 611 1416 quodcunque
638 1332 884 1405 elegeris
925 1330 1179 1389 feliciter
1208 1332 1438 1400 teneto,
1470 1334 1530 1386 et
1565 1346 1679 1400 ego
1734 1329 1895 1385 aliud

196 1429 470 1487 similiter
498 1424 736 1483 tenebo.
768 1421 957 1493 Hujus
987 1421 1077 1476 rei
1115 1420 1309 1491 gratia
1348 1422 1555 1475 tecum
1586 1418 1895 1488 hiemabo,

195 1525 265 1580 ut
288 1527 531 1594 tempus
564 1521 666 1573 tuo
698 1512 952 1569 sufﬁciat
980 1512 1241 1567 consilio
1268 1514 1345 1581 et,
1378 1514 1446 1566 ut
1491 1509 1753 1585 expedit,
1803 1526 1895 1565 re-

2015 349 2404 423 eordiamque
2429 351 2660 409 domini
2688 356 2780 412 sui
2810 358 3108 431 quaesivit,
3136 363 3198 417 et
3243 359 3325 416 illi
3355 344 3545 435 multo
3599 344 3684 419 la-

2013 437 2160 494 bore
2209 440 2582 520 conciliatus,
2630 443 2733 501 dat
2784 444 2924 503 ﬁdei
2977 454 3422 523 sacramentum
3481 467 3544 507 se

2017 527 2301 617 deinceps
2326 528 2578 587 ﬁdeliter
2594 532 3132 594 serviturum.Cum
3160 553 3284 612 quo
3310 555 3524 611 mense
3543 539 3683 617 plus

2016 615 2245 688 integro
2276 624 2568 692 moratur,
2598 626 2655 678 et
2683 627 2749 678 ut
2774 624 2853 693 ad
2881 625 3106 695 Anglos
3151 628 3359 684 redeat
3387 615 3681 698 hortatur,

2016 705 2223 762 dicens
2255 723 2395 763 eum
2420 708 2627 773 leviter
2663 711 2798 768 illos
2829 728 3006 789 posse
3064 732 3372 793 superare,
3422 734 3687 803 quorum

2014 795 2167 852 ﬁnes
2196 796 2375 867 longe
2396 797 2634 883 lateque
2656 801 3106 885 notiﬁcarentur
3134 805 3418 878 utrisque.
3436 795 3685 863 Praeser-

2013 885 2121 942 tim
2151 886 2353 943 aiebat
2370 905 2447 979 se
2474 880 2715 960 triginta
2751 880 2938 949 naves
2997 894 3059 950 in
3114 893 3449 966 Anglorum
3493 896 3688 979 patria

2014 992 2155 1032 cum
2188 977 2450 1033 exercitu
2488 979 2781 1038 ﬁdissimo
2838 982 3169 1059 reliquisse,
3225 985 3329 1057 qui
3382 977 3687 1045 venientes

2015 1066 2391 1139 susciperent
2412 1067 2763 1139 honor;ﬁce,
2788 1071 3174 1147 lucerentque
3204 1068 3311 1147 per
3326 1074 3476 1130 ﬁnes
3506 1075 3685 1147 totius

2010 1156 2243 1229 patriis.
2278 1159 2439 1213 Tunc
2460 1175 2561 1215 rex
2590 1160 2929 1219 valedicens
2963 1163 3141 1219 matri
3166 1167 3223 1219 et
3276 1162 3463 1241 fratri,
3521 1165 3691 1239 curvi

2008 1244 2223 1302 littoris
2255 1247 2488 1320 repetiit
2513 1250 2796 1319 conﬁnia,
2819 1268 2943 1327 qua
2967 1252 3099 1335 jam
3147 1252 3523 1315 adunaverat
3573 1255 3688 1329 du-

2006 1339 2327 1391 centarum
2366 1338 2612 1395 navium
2638 1340 2911 1415 speciosa
2952 1342 3317 1419 spectacula.
3382 1346 3532 1399 Nam
3590 1343 3687 1417 hic

2005 1427 2134 1478 erat
2166 1427 2337 1480 tanta
2357 1441 2667 1501 armorum
2694 1430 2888 1504 copia,
2922 1434 2986 1487 ut
3023 1448 3146 1501 una
3174 1448 3385 1504 earum
3417 1432 3686 1507 navium,

2006 1511 2057 1566 si
2088 1513 2382 1570 omnibus
2438 1518 2682 1594 reliquis
2730 1520 3105 1589 defecissent,
3154 1520 3451 1578 sufﬁceret
3497 1521 3690 1595 abun-

200 1615 494 1686 parentur
513 1621 701 1663 naves
735 1607 789 1660 et
818 1600 1141 1669 exercitus,
1173 1617 1251 1657 ne
1278 1599 1569 1657 deﬁciant
1612 1615 1894 1656 necessa-
1927 1609 1969 1664 B
2005 1599 2371 1661 dantissime
2405 1606 2539 1665 tela.
2571 1611 2753 1679 Erant
2795 1614 2997 1666 autem
3044 1608 3126 1665 ibi
3166 1615 3474 1681 scutorum
3522 1616 3692 1685 tanta

200 1702 313 1770 ria,
341 1700 494 1755 dum
523 1710 743 1770 pugnae
768 1689 1059 1761 ingruerit
1095 1694 1360 1764 tempus.
1381 1688 1666 1745 Thurchil
1689 1691 1896 1755 noster

200 1806 317 1847 nos
369 1782 787 1858 relinquendo,
839 1785 906 1836 ut
953 1782 1222 1853 patrem,
1278 1779 1341 1834 in
1400 1781 1559 1834 terra
1590 1775 1814 1833 resedit
1840 1777 1897 1833 et

203 1893 499 1950 magnam
530 1877 764 1948 partem
795 1869 1049 1926 navium
1110 1871 1465 1924 nostrarum
1519 1866 1783 1937 retinuit,
1833 1868 1899 1920 ut

204 1985 366 2040 reor,
392 1958 567 2023 nobis
598 1960 979 2020 adversarius
1007 1957 1140 2026 erit,
1171 1957 1281 2013 sed
1312 1960 1521 2013 tamen
1564 1971 1690 2012 non
1744 1971 1895 2029 prae-

210 2056 451 2116 valebit.
488 2079 516 2106 ››

286 2143 578 2203 Haraldus
608 2157 734 2210 rex,
765 2137 972 2196 audito
1016 2135 1185 2209 quod
1247 2134 1460 2206 noluit,
1515 2133 1609 2189 his
1649 2132 1901 2191 fratrem

210 2234 414 2293 verbis
443 2232 674 2305 excepit
707 2247 719 2285 :
754 2252 781 2280 ‹‹
815 2226 1082 2295 Gaudeo,
1117 2224 1321 2296 frater,
1355 2225 1430 2280 de
1462 2229 1566 2279 tuo
1607 2222 1899 2292 adventu,

210 2325 538 2407 habeoque
569 2319 788 2393 gratias
815 2316 920 2407 tibi
956 2314 1135 2407 quod
1154 2331 1253 2407 me
1308 2313 1597 2407 visitasti;
1647 2311 1762 2368 sed
1818 2314 1906 2407 est

216 2429 403 2485 grave
432 2399 641 2468 auditu
684 2406 852 2482 quod
906 2403 1171 2477 loqueris
1220 2404 1296 2459 de
1354 2401 1649 2458 divisione
1704 2399 1900 2471 regni.

217 2503 642 2560 Haereditatem
671 2514 860 2572 quam
889 2494 1037 2551 mihi
1062 2497 1254 2567 pater,
1282 2498 1337 2550 te
1370 2492 1682 2558 laudante,
1718 2490 1904 2546 tradi-

220 2592 330 2666 dit,
358 2590 676 2665 guberno;
710 2592 773 2647 tu
798 2600 941 2642 vero
977 2584 1136 2640 hanc
1189 2582 1488 2654 majorem
1542 2580 1595 2637 si
1646 2579 1906 2636 amisisti

222 2680 425 2750 doleo,
459 2686 635 2754 teque
662 2678 876 2749 juvare
908 2677 1156 2746 paratus
1177 2687 1435 2743 regnum
1455 2685 1661 2727 meum
1693 2667 1905 2741 partiri

223 2787 353 2843 non
374 2767 760 2839 sustinebo.»
796 2764 920 2821 Hoc
958 2764 1147 2821 Cnuto
1202 2760 1477 2829 audiens,
1533 2758 1905 2832 fratremque

224 2865 387 2933 recte
413 2860 683 2923 locutum
711 2855 885 2913 tacite
924 2851 1308 2926 perpendens
1342 2869 1355 2908 :
1417 2873 1445 2903 α
1478 2850 1602 2906 Hoc
1631 2853 1906 2922 tempore

229 2949 310 3021 de
339 2949 451 3017 hnc
480 2947 788 3017 sileamus,
814 2942 1028 3017 inquit.
1084 2944 1239 3001 Deus
1293 2940 1456 3001 enim
1507 2937 1727 2996 rectius
1784 2938 1903 2994 for-
1944 2968 1983 3024 ο

228 3045 390 3111 tasse
410 3038 524 3107 hoc
556 3034 720 3097 solus
758 3031 1114 3089 ordinavit.»
1170 3029 1409 3087 Talibus
1435 3028 1685 3100 aliisque
1714 3026 1907 3084 diver-

226 3129 315 3197 sis
342 3124 726 3193 sermonibus
753 3122 1185 3194 colloquentes,
1217 3118 1625 3191 conviviisque
1687 3116 1904 3186 regali-

224 3218 352 3289 bus
381 3216 794 3283 convivantes,
827 3211 1138 3284 aliquanto
1168 3214 1438 3282 tempore
1461 3206 1643 3265 simul
1662 3222 1904 3265 manse-

222 3310 396 3377 runt,
420 3308 480 3363 et
504 3319 690 3365 navas
718 3301 1105 3365 meliorantes
1146 3298 1473 3357 exercitum
1532 3300 1905 3354 restaurave-

220 3398 393 3467 runt,
424 3393 642 3463 Pariter
670 3408 815 3456 rere
846 3390 1227 3451 Sclavoniam
1243 3387 1540 3459 adierunt,
1566 3390 1624 3445 et
1649 3388 1907 3447 matrem

230 3501 437 3554 suam,
468 3500 604 3557 quae
635 3482 753 3541 illic
780 3480 1155 3548 morabatur,
1176 3478 1564 3539 reduxerunt.

314 3575 543 3641 interea
561 3570 847 3644 quaedam
867 3574 1285 3641 matronarum
1299 3566 1683 3639 Anglicarum
1700 3563 1906 3621 navim

386 3661 523 3718 fecit
554 3660 780 3734 parari,
813 3664 873 3716 et
902 3663 1218 3733 assumpto
1249 3672 1497 3729 corpore
1533 3653 1731 3715 Sueini
1748 3652 1907 3731 regis

228 3767 351 3817 sua
378 3751 439 3821 in
467 3750 663 3824 patria
688 3748 927 3823 sepulti,
958 3748 1183 3821 illoque
1217 3744 1594 3813 aromatibus
1642 3741 1902 3810 condito,

223 3839 553 3915 palliisque
582 3837 796 3906 velato,
838 3853 1007 3897 mare
1055 3835 1223 3906 adiit,
1276 3838 1333 3895 et
1384 3846 1678 3908 prospero
1725 3846 1907 3889 cursu

230 3929 496 4005 appulsa
518 3928 605 3991 ad
630 3932 842 4001 portus
866 3931 1174 3985 Danorum
1198 3922 1488 3998 parvenit.
1514 3921 1739 3983 Mittens
1761 3935 1904 3991 ergo

228 4018 505 4092 utrisque
533 4017 816 4081 fratribus
838 4014 1403 4087 nuntium,mandat
1431 4027 1654 4085 corpus
1684 4009 1905 4067 adesse

230 4112 581 4184 paternum,
613 4110 678 4171 ut
698 4108 813 4167 hoc
838 4108 1141 4165 maturent
1180 4103 1501 4176 suscipere,
1553 4098 1905 4170 tumuloque

230 4196 407 4271 «1ωά
438 4196 549 4261 sibi
578 4199 1022 4270 praeparaverat
1052 4194 1273 4255 locare.
1306 4192 1389 4251 llli
1418 4190 1642 4249 hilares
1660 4187 1901 4255 adsunt,

230 4284 566 4343 honoriﬁce
607 4301 826 4358 corpus
883 4284 1236 4357 suspiciunt,
1294 4277 1905 4349 honoriﬁcentiusque

232 4372 389 4431 illud
427 4374 489 4429 in
518 4372 885 4431 monasterio
911 4373 971 4429 in
998 4373 1227 4428 honore
1258 4374 1479 4427 sanctae
1501 4366 1795 4425 Trinitatis
1820 4364 1905 4433 ab

234 4463 455 4522 eodem
480 4480 621 4536 rege
652 4466 1014 4535 constructo,
1047 4462 1110 4518 in
1137 4460 1411 4533 sepulcro
1457 4456 1625 4530 quod
1656 4455 1769 4511 sibi
1801 4470 1904 4529 pa*

231 4556 477 4611 raverat
499 4552 851 4623 recondunt.
876 4554 1005 4619 Quo
1050 4549 1336 4625 perfecto,
1386 4548 1635 4621 jamque
1683 4560 1904 4618 appro-

230 4643 443 4717 piante
475 4642 600 4700 sole
629 4641 833 4699 aestivo
892 4639 1184 4697 accelerat
1237 4641 1447 4706 Cnuto,
1500 4634 1904 4706 redintegrato

233 4733 521 4804 exercitu,
570 4732 785 4801 redire,
845 4748 1110 4805 suasque
1165 4729 1417 4801 injurias
1450 4726 1769 4783 vindicare.
1834 4726 1907 4781 At

233 4822 322 4909 illi
356 4822 510 4879 circa
532 4820 730 4879 littora
773 4820 1189 4879 deambulanti
1246 4819 1445 4875 subito
1498 4818 1907 4909 apparescunt

231 4902 497 4971 carbasa
520 4929 644 4969 non
676 4911 865 4969 multa
892 4911 955 4966 in
998 4910 1197 4966 medio
1254 4909 1426 4966 mari.
1470 4911 1621 4965 Nam
1673 4902 1907 4973 Turchil

230 5019 477 5073 memor
501 5002 670 5078 quod
702 5002 920 5073 sueino
950 5000 1189 5067 fecerat,
1218 5002 1275 5055 et
1301 4997 1469 5073 quod
1499 5000 1640 5053 tunc
1670 4995 1731 5052 in
1750 5000 1907 5051 terra

235 5091 491 5163 Anglica
522 5091 755 5165 absque
779 5088 1019 5163 licentia
1056 5086 1285 5145 domini
1331 5088 1423 5143 sui
1476 5084 1763 5144 Cnutonis
1813 5083 1904 5140 in-

236 5182 512 5255 consulte
532 5185 928 5248 remanserat,
957 5195 1095 5235 cum
1124 5192 1339 5233 novem
1368 5175 1628 5232 navibus
1665 5190 1905 5232 earum-

235 5286 361 5346 que
392 5270 652 5345 exercitu
680 5270 998 5326 dominum
1032 5282 1210 5322 suum
1247 5264 1579 5338 requisivit,
1604 5269 1668 5321 ut
1692 5264 1745 5320 ei
1795 5279 1904 5338 pa-

237 5360 521 5435 tefaceret
548 5360 692 5438 quia
714 5376 838 5416 non
868 5362 1076 5415 contra
1129 5357 1258 5428 ejus
1319 5354 1572 5411 salutem
1633 5369 1693 5408 se
1742 5369 1904 5409 rece-

236 5452 423 5519 dente
473 5450 847 5523 remanserit.
899 5447 1005 5523 Qui
1078 5446 1323 5503 veniens
1360 5460 1484 5501 non
1523 5443 1906 5518 praesumpsit

235 5542 443 5617 littora
470 5541 736 5623 injussus
771 5539 992 5606 subire,
1027 5536 1133 5593 sed
1159 5536 1360 5610 ejectis
1402 5532 1702 5623 anchoris,
1756 5548 1905 5623 prae-

239 5619 538 5702 missique
594 5628 839 5701 nuntiis,
890 5625 1083 5701 poscit
1137 5640 1200 5682 se
1249 5627 1460 5697 portus
1485 5619 1908 5678 subintrareli-

2008 1704 2263 1761 genera,
2293 1700 2358 1751 ut
2410 1699 2681 1755 crederes
2730 1700 2943 1757 adesse
2994 1700 3266 1757 omnium
3319 1702 3685 1779 populorum

2008 1781 2288 1850 agmina.
2318 1787 2537 1843 Tantus
2557 1805 2801 1862 quoque
2829 1790 3009 1846 decor
3027 1791 3218 1847 inerat
3261 1791 3592 1867 puppibus,
3625 1797 3691 1857 ut

2008 1869 2379 1930 intuentium
2410 1875 2701 1932 hebetatis
2745 1878 3097 1949 luminibus,
3140 1879 3440 1945 ﬂammeae
3488 1880 3688 1953 magis

2008 1974 2198 2032 quam
2233 1962 2427 2035 igneae
2459 1966 2802 2023 viderentur
2827 1984 2863 2024 a
2913 1967 3091 2041 longe
3151 1969 3600 2043 aspicientibus.
3634 1968 3692 2043 Si

2009 2047 2265 2117 quando
2316 2049 2477 2105 enim
2510 2050 2601 2107 sol
2622 2051 2735 2107 illis
2762 2051 2948 2126 jubar
2993 2052 3323 2110 immiscuit
3352 2053 3688 2127 radiorum,

2009 2134 2151 2191 hinc
2177 2138 2553 2215 resplenduit
2581 2132 2778 2214 fulgor
2806 2159 3136 2213 armorum,
3158 2143 3317 2200 illinc
3350 2160 3489 2217 vero
3519 2143 3691 2215 ﬂam-

2008 2241 2113 2281 ma
2138 2226 2613 2300 dependentium
2636 2229 3007 2304 clypeorum.
3049 2232 3313 2288 Ardebat
3366 2249 3586 2289 aurum
3625 2232 3689 2303 in

2010 2316 2258 2385 nostris,
2317 2318 2586 2388 fulgebat
2617 2335 2861 2399 quoque
2886 2324 3203 2393 argentum
3251 2321 3312 2376 in
3369 2321 3551 2377 variis
3582 2336 3688 2389 na-

2010 2404 2176 2460 vium
2206 2404 2437 2475 ﬁguris.
2467 2411 2688 2464 Tantus
2720 2408 3017 2482 siquidem
3045 2408 3250 2465 classis
3281 2415 3409 2466 erat
3430 2424 3687 2484 appara..-

2012 2496 2132 2565 tus,
2172 2498 2274 2583 ut,
2305 2495 2355 2551 si
2404 2512 2593 2569 quam
2646 2501 2886 2568 gentem
2940 2498 3070 2570 ejus
3107 2497 3285 2554 vellet
3332 2513 3683 2583 expugnare

2012 2582 2323 2652 Dominus,
2376 2601 2565 2641 naves
2626 2590 2860 2643 tantum
2934 2587 3312 2644 adversarios
3376 2582 3682 2659 terrerent,

2010 2671 2372 2744 priusquam
2403 2689 2613 2747 earum
2652 2673 2971 2731 bellatores
3011 2690 3284 2748 pugnam
3340 2674 3527 2747 ullam
3582 2691 3680 2731 ca-

2011 2765 2339 2834 pesserent.
2376 2766 2525 2819 Nam
2556 2764 2692 2838 quis
2724 2764 3091 2821 contrarium
3129 2764 3332 2820 leones
3385 2764 3516 2823 auri
3572 2762 3683 2818 ful-

2014 2866 2154 2921 gore
2179 2852 2494 2920 terribiles,
2516 2854 2653 2927 quis
2692 2853 3029 2911 metallinos
3069 2852 3425 2926 [metallicos
3454 2853 3525 2926 ?]
3578 2853 3684 2923 ho-

2012 2940 2205 2996 mines
2228 2956 2416 2998 aureo
2446 2942 2637 3000 fronte
2667 2943 2953 3011 minaces,
2982 2942 3114 3016 quis
3135 2942 3431 3015 dracones
3459 2941 3682 3017 obryzo

2015 3030 2314 3097 ardentes,
2346 3033 2483 3106 quis
2505 3038 2706 3090 tauros
2758 3020 3133 3099 radiantibus
3191 3048 3341 3088 auro
3396 3030 3682 3107 cornibus

2013 3136 2224 3178 necem
2255 3120 2619 3180 intentantes
2648 3123 2711 3179 in
2734 3122 3046 3209 puppibus
3084 3123 3393 3205 aspiceret,
3419 3128 3476 3177 et
3516 3122 3682 3180 nullo

2012 3213 2178 3266 metu
2205 3226 2411 3281 regem
2437 3215 2617 3268 tantae
2666 3210 2853 3287 copiae
2910 3210 3316 3273 formidaret?
3368 3212 3677 3283 Praeterea,

2011 3298 2074 3355 in
2100 3302 2266 3355 tanta
2294 3299 2673 3372 expeditione
2727 3299 2930 3356 nullus
2985 3296 3398 3355 inveniebatur
3450 3314 3680 3371 servus,

2015 3386 2217 3443 nullus
2249 3403 2322 3444 ex
2349 3404 2519 3445 servo
2547 3388 2819 3461 libertus,
2874 3387 3079 3461 nullus
3124 3386 3423 3477 ignobilis,
3482 3387 3682 3444 nullus

2017 3475 2190 3535 senili
2218 3479 2451 3531 aetatate
2472 3475 2706 3535 debilis.
2750 3478 2971 3534 Omnes
2993 3475 3155 3532 enim
3211 3475 3382 3532 erant
3424 3476 3679 3547 nobiles,

2016 3581 2226 3623 omnes
2255 3565 2445 3645 plenae
2472 3564 2659 3623 aetatis
2684 3564 2899 3622 robore
2939 3564 3229 3631 valentes,
3257 3581 3468 3622 omnes
3498 3565 3681 3623 cuivis

2013 3666 2233 3725 pugnae
2262 3652 2406 3709 satis
2438 3652 2695 3725 habiles,
2726 3668 2941 3709 omnes
2998 3657 3176 3709 tanta;
3222 3653 3565 3722 velocitatis,
3618 3658 3685 3713 ut

2014 3741 2325 3815 despectui
2352 3742 2436 3798 eis
2468 3747 2667 3799 essent
2696 3742 3092 3817 equitantium
3120 3742 3520 3817 pernicitates.

2085 3829 2237 3887 Talis
2266 3830 2465 3903 itaque
2494 3831 2731 3886 milities
2755 3829 3041 3885 fastuosis
3067 3820 3295 3886 scansis
3325 3832 3553 3903 ratibus
3590 3832 3682 3888 in-

2013 3921 2128 3973 trat
2148 3918 2426 3991 pelagus,
2456 3919 2665 3974 solutis
2691 3935 2727 3987 a
2755 3917 2950 3974 littore
2979 3918 3258 3989 anchoris
3312 3924 3367 3975 et
3412 3920 3680 3989 funibus,

2017 4007 2235 4081 talique
2266 4007 2443 4062 verrit
2461 4006 2693 4081 impetu
2736 4007 2971 4073 ﬂuctus,
3032 4010 3096 4069 ut
3151 4006 3321 4062 alatis
3372 4008 3682 4089 puppibus

2013 4096 2171 4153 hanc
2198 4094 2585 4169 supervolare
2618 4094 2814 4153 undas
2834 4098 3102 4168 putares,
3153 4093 3249 4150 vix
3311 4099 3478 4153 tanto
3527 4097 3682 4171 mari

2015 4183 2388 4240 rudentibus.
2422 4182 2657 4254 Regalis
2680 4185 2881 4239 autem
2908 4181 3079 4238 navis
3110 4182 3356 4263 reliquis
3403 4188 3531 4249 erat
3573 4186 3681 4243 ho-

2014 4291 2128 4343 nor
2156 4278 2211 4330 et
2237 4273 2505 4343 intentio,
2538 4273 2683 4347 quia
2712 4272 2878 4329 nulla
2908 4271 3037 4328 aliis
3075 4272 3268 4330 inerat
3320 4274 3508 4349 optio,
3563 4275 3680 4347 nisi

2017 4367 2249 4420 tantum
2270 4366 2337 4421 ut
2360 4361 2516 4433 regis
2543 4361 2636 4417 sui
2658 4361 2819 4418 faces
2866 4360 3225 4434 ampliarent
3273 4366 3397 4419 toto
3456 4363 3675 4420 studio.

2017 4451 2413 4525 Exspectabili
2442 4450 2643 4524 itaque
2682 4450 2912 4521 ordine,
2962 4448 3111 4507 ﬂatu
3158 4451 3443 4519 secundo,
3493 4451 3678 4521 Sand-

2015 4540 2218 4611 huich,
2247 4540 2351 4615 qui
2382 4544 2471 4597 est
2491 4539 2766 4609 omnium
2797 4538 3127 4611 Anglorum
3172 4542 3460 4613 portuum
3491 4539 3680 4595 famo-

2019 4630 2310 4701 sissnmus,
2345 4633 2484 4686 sunt
2508 4628 2767 4705 appulsi,
2814 4627 3135 4700 ejectisque
3165 4626 3463 4695 anchoris,
3492 4627 3675 4684 bacu-

2014 4720 2087 4776 lis
2119 4720 2524 4795 exploratores
2549 4735 2611 4774 se
2639 4716 2869 4774 dedunt
2892 4714 3089 4783 littori,
3121 4718 3176 4771 et
3234 4715 3512 4773 citissime
3542 4716 3676 4772 ﬁni-

2016 4810 2163 4871 tima
2203 4809 2407 4866 tellure
2430 4807 2758 4883 explorata,
2794 4803 2873 4860 ad
2901 4806 3044 4861 nota
3072 4808 3387 4875 recurrunt
3414 4804 3674 4879 navigia,

2014 4901 2261 4974 regique
2292 4899 2534 4955 edicunt
2562 4896 2772 4952 adesse
2824 4892 3226 4949 resistentium
3276 4898 3490 4969 parata
3539 4894 3675 4952 mil-

2015 4992 2114 5048 lia.
2149 4989 2482 5048 Patrienses
2523 4986 2683 5042 enim
2714 4984 2840 5055 regi
2894 4983 3195 5059 Danisque
3243 4983 3676 5043 ferventissime

2016 5079 2305 5137 rebellare
2335 5076 2636 5143 ardentes,
2669 5090 2821 5148 quas
2843 5072 2956 5129 sibi
2999 5073 3075 5129 ad
3119 5073 3346 5131 luctam
3404 5075 3675 5131 sufﬁcere

2017 5168 2363 5237 credebant,
2419 5164 2835 5221 adunaverant
2876 5161 3232 5236 phalanges,
3300 5163 3674 5239 conglobati-

2016 5275 2134 5333 que
2165 5257 2227 5312 in
2259 5270 2446 5312 unum
2470 5251 2794 5326 conspirati
2822 5249 3252 5320 advolitabant,
3295 5252 3518 5308 dextris
3570 5268 3674 5311 no-

2016 5345 2227 5401 bilium
2256 5341 2547 5399 morituri.
2571 5344 2732 5413 Tunc
2756 5339 2991 5397 Turchil
3047 5345 3283 5414 tempus
3312 5341 3551 5397 intuens
3580 5341 3671 5411 in-

2020 5440 2176 5493 stare
2205 5450 2329 5508 quo
2367 5432 2714 5494 ﬁdelitatem
2752 5447 2927 5505 suam
2970 5430 3219 5488 domino
3271 5420 3381 5487 suo
3436 5431 3674 5503 valebat

2018 5526 2356 5600 patefacere
2386 5542 2399 5579 :
2434 5546 2461 5572 «
2494 5525 2640 5593 Ego,
2665 5521 2878 5597 inquit,
2900 5521 3016 5578 hoc
3064 5525 3367 5591 certamen
3421 5521 3671 5597 domino

2014 5634 2153 5675 meo
2167 5613 2468 5674 accurabo
2479 5629 2619 5670 cum
2646 5611 2798 5669 meis
2815 5611 3108 5683 evincere,
3119 5629 3229 5669 nec
3250 5628 3453 5684 regem
3464 5629 3672 5671 meum
