4020 6176
414 14 548 91 i333

1622 31 1768 87 eum
1795 28 1841 83 E
1878 8 2166 83 ΒΕΕΙΝΕ
2204 15 2611 84 ANGLORUM.

3707 34 3839 89 1314

409 157 489 214 ad
543 156 918 226 bellandum,
979 159 1181 227 utpote
1221 155 1506 225 juvenem
1534 152 2060 218 ferventissimum,
2103 155 2150 206 Α
2180 149 2334 206 liber
2366 152 2617 208 Cnutoni
2642 153 2943 224 ingressus
2972 156 3202 226 pateret
3237 156 3297 207 et
3326 151 3571 225 utrique
3626 158 3840 228 populo

409 246 549 303 huic
578 246 814 302 misceri
839 244 1066 317 partiar
1085 259 1326 317 pugnae.
1361 247 1508 299 Nam
1541 244 1589 299 si
1630 244 1820 299 victor
1877 242 2064 307 fuero,

410 337 535 406 regi
556 335 667 407 ipsi
698 331 1191 404 triumphabo;si
1217 338 1416 388 autem
1438 333 1731 402 cecidero,
1785 332 1907 387 sive
1959 335 2069 385 ter-

408 439 553 493 gum
569 421 812 487 dedero,
839 436 961 476 non
984 420 1190 489 Anglis
1216 421 1417 490 gloriae
1448 421 1555 477 erit
1577 421 1763 487 adeo;
1796 419 1939 493 quia
1964 435 2067 473 rex

408 511 719 583 supererit,
750 510 937 582 quiet
965 509 1232 582 praelium
1290 510 1651 566 restaurabit
1702 514 1759 565 et
1812 509 2067 563 fortasse

405 599 592 656 victor
622 616 789 656 meas
814 599 1066 670 injurias
1096 598 1477 655 vindicabit.»
1510 600 1633 653 Hoc
1665 598 1891 653 dictum
1923 613 2063 652 cum

406 705 566 746 sanae
591 689 804 744 mentis
821 705 951 744 esse
976 688 1270 744 videretur
1284 689 1588 758 omnibus,
1609 694 1908 744 annuente
1930 703 2067 756 rege

406 777 676 834 ascendit
690 794 829 833 cum
859 778 983 832 suis
1010 794 1041 833 e
1062 777 1335 842 navibus,
1361 777 1622 847 dirigens
1650 776 1839 832 aciem
1860 782 2067 832 contra

405 867 735 937 Anglorum
783 867 1099 938 impetum,
1158 866 1263 939 qui
1314 871 1453 921 tunc
1500 866 1559 921 in
1590 866 1722 921 loco
1751 867 2064 922 Seorastan

407 955 567 1011 dicto
598 956 787 1012 fuerat
819 955 1651 1025 congregatusuuadraginta
1675 956 1935 1028 denique
1964 971 2068 1010 na-

405 1044 574 1099 vium
603 1049 660 1100 et
687 1061 757 1100 eo
788 1044 1068 1117 amplius,
1106 1049 1408 1100 Danorum
1438 1045 1730 1100 exercitus
1786 1045 2066 1101 ascende-

405 1137 517 1200 rat,
552 1133 657 1189 sed
684 1133 883 1189 adhuc
908 1132 1003 1189 hic
1033 1149 1324 1188 numerus
1347 1132 1649 1188 medietati
1666 1132 1929 1188 hostium
1962 1132 2067 1188 mi-

405 1222 567 1278 nime
596 1238 708 1294 par
738 1222 947 1278 fuerat.
968 1225 1038 1276 At
1066 1222 1190 1277 dux
1220 1238 1430 1278 eorum
1459 1222 1654 1295 magis
1679 1222 1830 1278 ﬁsus
1854 1223 2063 1278 virtute

406 1326 590 1383 quam
610 1310 1228 1377 multitudine,omnes
1244 1327 1534 1375 rumpens
1550 1311 1838 1381 morulas,
1861 1311 2031 1367 classi
2039 1343 2063 1353 -

406 1414 477 1454 ca
492 1397 1066 1469 insonuit,gradiens
1083 1399 1144 1454 in
1163 1399 1358 1472 prima
1384 1398 1882 1469 fronte,et,mente
1913 1416 2065 1454 sem-

2180 239 2455 295 eonfecta
2509 257 2656 313 pace
2705 242 3011 314 paulisper
3080 241 3384 313 respirare
3438 242 3624 314 copia
3681 253 3843 301 esset.

2183 327 2359 391 Quod
2380 332 2437 383 et
2464 329 2685 386 factum
2711 334 2817 387 est.
2867 333 3013 386 Nam
3043 328 3231 396 cives,
3255 345 3369 384 suo
3399 328 3746 385 honoriﬁce
3776 348 3847 387 se-

2180 414 2352 487 pulto
2378 417 2664 491 principe,
2696 419 2960 494 initoque
2984 417 3217 475 salubri
3242 417 3525 487 consilio,
3549 418 3851 488 elegerunt

2177 503 2573 562 internuntios
2604 508 2852 575 mittere,
2880 512 2938 564 et
2963 507 3090 578 regi
3113 507 3343 581 placita
3400 508 3734 575 mandare,
3776 510 3851 564 vi-

2177 591 2392 650 delicet
2418 599 2479 651 ut
2511 596 2815 653 dexteram
2846 597 2959 653 illis
2990 597 3163 653 daret
3213 602 3273 653 et
3323 596 3647 652 civitatem
3705 599 3851 669 paci-

2175 679 2289 735 ﬁce
2322 683 2664 756 susciperet.
2735 685 2858 740 Hoc
2906 685 3009 741 ubi
3065 684 3327 741 Cnutoni
3366 683 3523 740 satis
3562 683 3855 742 videretur

2176 770 2491 841 probabile
2532 772 2706 836 facto,
2760 773 2954 829 fcedus
3019 772 3337 829 ﬁrmatum
3389 777 3514 839 est,
3564 772 3855 843 ingressui
3968 792 3969 797 π

2174 860 2308 930 ejus
2363 861 2458 917 die
2507 863 2844 919 constituto.
2891 865 2967 919 At
3022 878 3169 936 pars
3223 862 3541 919 interioris
3568 862 3851 919 exercitus

2176 965 2454 1020 sprevere
2486 957 2771 1008 statutum
2795 952 3037 1020 civium,
3065 952 3476 1025 latenterque,
3530 956 3723 1008 nocte
3770 952 3855 1009 illa

2174 1038 2350 1109 cujus
2384 1041 2656 1113 sequenti
2683 1041 2778 1097 die
2803 1041 3114 1113 ingressus
3138 1046 3232 1098 est
3258 1056 3388 1108 rex,
3417 1057 3576 1097 cum
3612 1039 3743 1097 ﬁlio
3766 1040 3857 1097 de-

2174 1125 2359 1183 functi
2384 1129 2670 1202 principis
2693 1130 2916 1200 egressi
2941 1135 3081 1186 sunt
3128 1130 3471 1197 civitatem,
3526 1134 3601 1184 ut
3651 1134 3857 1202 expeti.

2172 1221 2377 1272 rentur
2405 1234 2615 1273 rursus
2641 1218 2884 1275 collecta
2908 1218 3341 1276 innumerabili
3374 1234 3585 1274 manu
3620 1219 3675 1273 si
3730 1218 3855 1275 forte

2173 1321 2210 1361 a
2234 1305 2457 1361 ﬁnibus
2490 1307 2618 1362 suis
2659 1308 2927 1364 valerent
2975 1324 3179 1364 arcere
3217 1307 3596 1378 ingressum
3647 1323 3853 1377 regem.

2174 1396 2289 1448 Nec
2319 1394 2692 1466 quieverunt,-
2723 1411 3044 1470 quousque
3066 1411 3285 1452 omnes
3298 1411 3471 1469 pene
3494 1395 3733 1466 Anglos
3762 1396 3856 1450 sibi

404 1503 513 1560 per
539 1487 639 1544 Dei
667 1487 955 1545 auxilium
990 1505 1266 1559 exorans,
1302 1504 1559 1562 quaeque
1580 1489 1760 1544 obvia
1806 1489 2066 1546 metebat
2093 1508 2136 1561 Β
2174 1483 2370 1553 magis
2420 1485 2619 1540 adhuc
2693 1485 2949 1541 acclives
3002 1502 3191 1559 quam
3277 1486 3561 1543 Cnutoni
3631 1486 3858 1555 congio-

406 1577 713 1633 mueronis
742 1577 887 1633 acie.
935 1577 1106 1647 Angli
1148 1594 1288 1633 vero
1309 1578 1368 1633 in
1400 1577 1610 1651 primis
1632 1577 1903 1634 fortiores
1934 1578 2063 1635 dira

405 1666 568 1722 caede
595 1668 792 1722 Danos
822 1667 1273 1732 obtruncarunt,
1300 1667 1361 1722 in
1395 1672 1623 1723 tantum
1646 1671 1710 1723 ut
1739 1682 1892 1740 pene
1942 1668 2061 1723 vic-

405 1756 620 1812 toriam
645 1756 847 1828 adepti
876 1756 1249 1812 adversarios
1289 1758 1492 1826 fugere
1522 1761 1822 1828 cogerent,
1860 1758 1909 1813 si
1942 1775 2062 1814 non

405 1843 575 1899 ducis
599 1844 864 1916 alloquio
890 1845 1098 1899 retenti
1138 1862 1555 1918 memoresque
1588 1847 1816 1902 virtutis
1857 1848 2063 1918 fugam

405 1931 841 1987 erubescerent.
874 1936 1142 2005 Namque
1174 1934 1553 1990 memorabat
1578 1934 1673 1990 ille
1712 1936 1924 1991 abesse
1955 1937 2063 1992 dif-

404 2019 659 2090 fugium,
691 2020 753 2076 in
784 2026 939 2076 terra
968 2021 1188 2078 scilicet
1210 2023 1433 2089 hostes,
1467 2028 1523 2078 et
1560 2039 1597 2078 a
1648 2023 1838 2079 littore
1881 2024 2061 2094 longe

403 2114 666 2166 remotas
692 2126 928 2183 puppes
953 2129 965 2177 ;
1000 2111 1277 2184 ideoque,
1304 2111 1351 2166 si
1381 2128 1500 2167 non
1530 2112 1853 2183 vincerent,
1894 2114 2062 2187 quod

403 2198 624 2270 pariter
653 2199 1010 2255 occumbere
1039 2199 1346 2256 deberent.
1382 2201 1545 2257 Unde
1568 2201 1648 2256 illi
1669 2202 2063 2259 animosiores

402 2286 615 2356 effecti,
646 2287 708 2344 in
735 2288 940 2360 praelio
971 2288 1128 2345 illico
1159 2289 1547 2346 manifestant
1592 2307 1778 2363 quam
1826 2293 2061 2364 pericu-

400 2375 537 2432 losa
560 2376 635 2433 sit
660 2376 1344 2450 desperatio.Enimvero
1381 2379 1455 2434 de
1486 2379 1716 2448 refugio
1739 2380 1893 2449 fugae
1924 2381 2060 2437 des-

402 2465 593 2537 perati
620 2466 766 2523 tanti
794 2467 995 2522 hostes
1016 2467 1370 2524 debacchati
1393 2473 1533 2524 sunt
1561 2468 1821 2538 insania,
1855 2474 1919 2525 ut
1938 2487 2060 2525 non

401 2558 639 2611 tantum
684 2560 1061 2613 mortuorum
1118 2558 1418 2630 aspiceres
1473 2574 1728 2631 corpora
1761 2559 2059 2631 cadentia,

400 2660 613 2700 verum
642 2644 818 2701 etiam
863 2646 1136 2702 vivorum
1159 2646 1308 2702 ictus
1355 2646 1737 2704 declinanlia.
1795 2648 2059 2704 Tandem

402 2748 548 2802 ergo
586 2733 755 2805 potiti
780 2738 989 2806 optata
1018 2734 1281 2806 victoria,
1330 2751 1578 2790 suorum
1636 2752 1773 2808 quae
1804 2737 2059 2809 reperire

400 2824 698 2892 poterant,
748 2822 1134 2878 tumulabant
1177 2822 1473 2879 membra.
1540 2824 1631 2880 Ab
1702 2825 2059 2881 adversariis

400 2923 646 2980 quoque
674 2908 1018 2981 diripientes
1050 2911 1257 2983 spolia,
1311 2916 1702 2982 revertuntur,
1761 2918 1817 2968 et
1854 2913 1933 2968 ad
1971 2915 2061 2985 ja-

401 2999 635 3052 centem
664 2996 974 3067 regionem
1001 2998 1412 3056 invadendam
1466 3000 1881 3071 accinguntur.
1937 3003 2058 3058 Hoc

399 3079 665 3153 primum
685 3081 871 3138 decus
897 3082 1174 3139 Thurchil
1200 3083 1386 3140 armis
1426 3084 1711 3140 Cnutonis
1762 3086 1949 3156 auxit,
2004 3091 2060 3142 et

399 3186 693 3241 magnam
717 3175 952 3246 partem
983 3172 1190 3246 patriae
1212 3189 1322 3246 pro
1352 3174 1467 3230 hoc
1497 3175 1885 3247 postmodum
1920 3191 2058 3249 pro-

397 3260 634 3317 meruit.

469 3354 542 3406 At
566 3355 708 3407 tunc
731 3351 813 3408 ad
841 3350 1160 3408 dominum
1189 3368 1520 3424 regressus,
1554 3354 1605 3409 ei
1627 3359 1685 3410 et
1716 3354 1891 3409 sociis
1918 3369 2060 3411 suos

398 3438 623 3495 indicat
650 3444 920 3513 eventus,
946 3442 1207 3515 facitque
1264 3460 1366 3498 eos
1423 3442 1628 3515 spoliis
1685 3460 1819 3516 quae
1868 3443 2062 3500 attulit

399 3526 769 3583 ardentiores
790 3528 866 3584 ad
894 3544 1188 3601 pugnam,
1222 3531 1526 3586 manubiis
1552 3531 1723 3586 laetus
1754 3536 1812 3588 et
1838 3532 2057 3605 palmae

399 3614 799 3672 successibus.
844 3618 973 3683 Quo
1023 3618 1298 3691 exemplo
1350 3619 1477 3674 Eric
1534 3619 1786 3691 quidam
1825 3621 1949 3675 dux
2003 3626 2060 3677 et

397 3702 678 3778 princeps
707 3705 1033 3779 provinciae
1062 3723 1197 3780 quae
1230 3708 1588 3778 Northwega
1615 3706 1850 3777 dicitur,
1910 3708 2056 3765 inci-

398 3798 555 3851 tatus
584 3794 754 3867 (nam
779 3801 837 3853 et
862 3795 913 3852 is
945 3797 1231 3854 Cnutonis
1272 3797 1429 3868 regis
1457 3797 1738 3853 intererat
1793 3796 2060 3854 ofﬁciali-

397 3882 534 3953 bus,
562 3882 801 3955 jamdiu
827 3884 912 3941 illi
943 3884 1241 3953 subditus,
1273 3884 1361 3941 vir
1384 3885 1569 3941 armis
1600 3890 1901 3952 strenuus,
1926 3902 2058 3943 om-

395 3973 458 4029 ni
482 3974 940 4032 honoriﬁcentia
975 3975 1239 4049 dignus),
1301 3981 1548 4049 accepta
1598 3975 1855 4044 licentia,
1917 3992 2059 4032 cum

396 4061 520 4118 suis
549 4067 638 4119 est
666 4079 962 4135 egressus,
984 4070 1043 4120 et
1068 4069 1303 4138 partem
1326 4069 1490 4121 terra:
1513 4081 1832 4136 aggressus
1863 4065 2060 4138 spolia

395 4150 660 4223 diripuit,
691 4154 856 4210 vices
911 4154 1258 4211 invadendo
1309 4153 1620 4225 destruxit,
1677 4159 2059 4212 occurrentes

396 4239 510 4295 sibi
547 4241 750 4297 hostes
777 4243 1028 4307 domuit,
1053 4249 1110 4298 et
1157 4244 1380 4300 multos
1438 4260 1510 4300 ex
1567 4244 1652 4299 eis
1712 4244 2054 4318 captivavit,

394 4329 762 4404 tandemque
790 4331 1145 4388 victoriosus
1168 4333 1246 4388 ad
1279 4333 1472 4389 socios
1497 4350 1637 4389 cum
1660 4333 1865 4406 spoliis
1882 4333 2052 4390 redit.

396 4421 526 4485 Quo
554 4435 815 4487 reverso,
844 4436 949 4477 rex
974 4435 1231 4493 parcens
1258 4422 1486 4493 patriae,
1538 4422 1846 4493 prohibuit
1902 4423 2057 4479 ultra

393 4525 529 4565 eam
552 4511 831 4584 praedari,
865 4512 971 4568 sed
993 4511 1176 4582 jussit
1197 4510 1495 4567 civitatem
1525 4513 1897 4569 Londoniam
1926 4530 2053 4569 me-

396 4600 678 4671 tropolim
707 4606 871 4658 terrae
899 4600 1214 4657 obsidione
1242 4600 1446 4668 teneri,
1484 4600 1628 4673 quia
1651 4601 1711 4656 in
1742 4619 1813 4657 ea
1843 4602 2053 4658 confu-

396 4694 607 4759 gerant
635 4690 953 4762 optimates
985 4692 1043 4744 et
1064 4705 1204 4762 pars
1230 4689 1519 4749 exercitus
1540 4693 1597 4745 et
1616 4690 1950 4745 maximum
1969 4691 2058 4761 (ut

395 4781 485 4833 est
507 4777 1001 4851 populosissima)
1044 4778 1285 4850 vulgus.
1339 4781 1406 4834 Et
1455 4778 1599 4852 quia
1656 4779 1770 4834 hoc
1822 4778 2052 4851 pedites

395 4868 742 4941 equitesque
772 4868 1105 4942 nequibant
1127 4869 1363 4941 explere
1388 4868 1680 4941 (undique
1709 4868 1868 4925 enim
1900 4869 2055 4926 mari

392 4957 853 5030 quodammodo
890 4973 1014 5013 non
1040 4960 1172 5029 pari
1194 4957 1488 5013 vallantur
1515 4956 1805 5028 ﬂumine),
1828 4957 2052 5012 turritis

393 5045 702 5119 puppibus
732 5062 868 5102 eam
894 5051 1251 5115 congustare
1274 5046 1427 5111 fecit,
1461 5051 1518 5101 et
1540 5045 1886 5102 ﬁrmissima
1936 5045 2056 5102 val-

392 5133 613 5191 latione
640 5135 845 5192 tenuit.
875 5136 1032 5190 Deus
1085 5134 1306 5207 itaque,
1357 5134 1462 5206 qui
1515 5149 1727 5189 omnes
1778 5134 2052 5190 homines

392 5224 521 5280 vult
579 5225 775 5295 magis
815 5225 1047 5281 salvare
1095 5240 1281 5297 quam
1340 5222 1608 5295 perdere,
1662 5223 1900 5279 intuens
1940 5225 2052 5279 has

395 5318 600 5382 gentes
657 5318 821 5371 tanto
877 5312 1143 5387 periculo
1192 5311 1486 5377 laborare,
1536 5326 1676 5366 eum
1716 5311 2051 5385 principem

393 5403 498 5474 qui
527 5405 772 5461 interius
821 5404 1053 5460 civitate
1104 5400 1482 5476 praesidebat,
1533 5401 1797 5456 educens
1853 5419 1883 5457 e
1925 5418 2051 5457 cor-

2172 1571 2406 1629 barent.
2461 1576 2650 1631 Cnuto
2700 1579 2902 1630 autem
2962 1575 3267 1631 civitatem
3312 1574 3583 1631 intravit
3615 1575 3755 1631 etin
3779 1592 3857 1630 so-

2170 1661 2251 1717 lio
2295 1662 2463 1733 regni
2518 1664 2755 1731 resedit,
2807 1664 2912 1720 sed
2951 1668 3153 1721 tamen
3213 1664 3706 1721 Londonienses
3748 1680 3853 1720 non

2173 1751 2286 1806 sibi
2317 1752 2517 1807 adhuc
2544 1769 2674 1809 esse
2704 1752 2913 1808 ﬁdeles
2943 1753 3214 1810 credidit.
3264 1753 3451 1810 Unde
3503 1757 3566 1809 et
3622 1754 3850 1809 navium

2173 1841 2471 1914 stipendia
2501 1841 2601 1897 illa
2630 1847 2832 1899 aestate
2853 1847 3191 1899 restaurare
3231 1844 3401 1913 fecit,
3450 1858 3559 1915 ne,
3618 1845 3672 1899 si
3728 1844 3853 1900 forte

2173 1930 2467 1986 exercitus
2518 1932 3002 1988 adversariorum
3061 1933 3375 1989 civitatem
3455 1939 3851 2006 oppugnaret,

2174 2018 2303 2091 ipse
2333 2019 2411 2074 ab
2443 2019 2822 2077 interioribus
2877 2021 3148 2077 hostibus
3207 2021 3646 2078 exterioribus
3698 2022 3849 2078 tradi-

2176 2112 2269 2162 tus
2312 2108 2589 2164 interiret.
2640 2109 2813 2175 Quod
2854 2125 3092 2178 cavens,
3147 2126 3371 2166 rursus
3415 2111 3509 2167 ad
3536 2117 3774 2184 tempus
3800 2116 3853 2164 ut

2172 2198 2444 2269 prudens
2478 2199 2658 2254 cessit
2685 2204 2761 2268 et,
2790 2200 3017 2255 ascensi
3057 2199 3293 2256 ratibus
3352 2217 3431 2256 ac
3500 2200 3739 2257 civitate
3777 2216 3851 2256 re-

2172 2285 2335 2356 licta,
2368 2287 2627 2343 insulam
2661 2287 2862 2361 Seepei
2890 2288 3112 2344 dictam
3138 2305 3283 2344 cum
3325 2289 3466 2344 suis
3520 2290 3713 2362 petiit,
3762 2288 3853 2344 ibi-

2174 2390 2297 2447 que
2324 2376 2599 2432 hiemans
2630 2377 2875 2449 paciﬁce
2904 2382 3187 2433 eventum
3210 2377 3299 2433 rei
3326 2379 3732 2451 exspectavit.

2247 2519 2602 2575 Edmundus
2632 2520 2831 2593 itaque
2864 2521 2963 2592 (sic
2993 2521 3156 2577 enim
3191 2522 3455 2592 juvenis
3484 2522 3603 2597 qui
3657 2523 3853 2579 exerci-

2168 2611 2301 2663 tum
2333 2607 2653 2677 collegerat
2679 2609 2871 2665 dictus
2893 2612 3020 2679 est),
3053 2610 3395 2667 recedente
3412 2614 3852 2682 Cnutone,cum

2167 2696 2398 2768 populo
2428 2712 2549 2753 non
2603 2696 2909 2768 mediocri,
2964 2698 3069 2753 sed
3099 2699 3558 2755 innumerabili
3592 2701 3851 2767 veniens,

2167 2784 2465 2841 civitatem
2492 2787 2834 2859 pompatice
2862 2787 3213 2860 ingreditur,
3247 2793 3307 2844 et
3342 2806 3501 2845 mox
3533 2806 3683 2845 eum
3746 2792 3853 2846 uni-

2100 2860 2140 2914 C
2167 2874 2322 2929 versi
2351 2880 2704 2946 sequuntur,
2733 2875 3170 2949 obtemperant,
3204 2882 3265 2932 et
3294 2876 3538 2949 favent,
3574 2883 3639 2935 et
3670 2880 3850 2935 virum

2168 2961 2383 3019 fortem
2416 2962 2542 3018 ﬁeri
2574 2964 2848 3033 suadent,
2900 2965 3165 3021 dicentes
3216 2967 3395 3038 quod
3446 2983 3602 3023 eum
3665 2970 3849 3039 magis

2167 3068 2356 3124 quam
2397 3056 2701 3109 Danorum
2733 3054 3066 3127 principem
3094 3054 3409 3126 eligerent.
3444 3059 3595 3113 Erat
3613 3074 3850 3131 quoque

2167 3141 2299 3211 ejus
2326 3142 2513 3214 partis
2544 3158 2748 3198 eomes
2779 3143 3009 3215 primus
3060 3143 3337 3216 Edricus,
3396 3146 3688 3202 consiliis
3734 3146 3849 3221 pol-

2164 3229 2320 3300 lens,
2356 3231 2464 3287 sed
2490 3235 2690 3287 tamen
2736 3231 3049 3289 dolositate
3088 3233 3454 3306 versipellis,
3499 3252 3697 3307 quem
3747 3235 3848 3291 sibi

2168 3319 2249 3375 ad
2278 3336 2487 3376 aurem
2516 3326 2802 3393 posuerat
2833 3320 3189 3377 Edmundus
3221 3322 3283 3377 in
3341 3324 3648 3380 omnibus
3677 3341 3853 3395 nego

2168 3408 2283 3464 tiis.
2319 3412 2518 3464 Fertur
2556 3414 2756 3465 autem
2784 3409 2917 3482 ipse
2941 3410 3180 3481 juvenis
3211 3409 3319 3467 illo
3348 3416 3626 3485 tempore
3646 3414 3847 3469 domi-

2165 3513 2247 3554 no
2279 3498 2528 3553 Cnutoni
2560 3498 2856 3554 recedenti
2878 3498 3245 3569 singularem
3277 3516 3554 3573 pugnam
3590 3500 3844 3557 obtulis-

2166 3603 2252 3657 se,
2285 3587 2392 3643 sed
2410 3603 2514 3643 rex
2540 3587 2781 3660 sapiens
2818 3587 3032 3644 dicitur
3061 3588 3144 3644 sic
3180 3590 3580 3662 respondisse
3604 3608 3623 3644 ι
3657 3614 3686 3640 ιι
3724 3593 3850 3662 Ego

2168 3679 2407 3749 tempus
2435 3675 2606 3731 luctas
2638 3675 3027 3748 prastolabor
3052 3692 3346 3748 congrue,
3378 3678 3539 3735 dum
3574 3695 3709 3736 non
3756 3696 3851 3737 ca-

2168 3781 2305 3821 sum
2337 3769 2670 3838 suspectus,
2703 3770 2897 3821 certus
2926 3764 3094 3822 fuero
3123 3765 3518 3824 victorian‘u
3550 3785 3728 3841 vero,
3753 3770 3849 3844 qui

2165 3870 2308 3911 aves
2329 3852 2596 3909 duellum
2618 3854 2681 3909 in
2700 3854 2915 3922 hieme,
2944 3870 3091 3910 eave
3130 3871 3208 3911 ne
3237 3855 3501 3913 deﬁcias
3523 3859 3718 3916 etiam
3756 3875 3852 3931 ap-

2164 3942 2301 3998 tiori
2324 3946 2614 4016 tempore.
2651 3967 2679 3993 ››
2712 3942 2804 4000 Sic
2834 3959 2955 4011 rex,
2989 3947 3056 3999 ut
3079 3943 3311 4000 dictum
3336 3950 3457 4011 est,
3522 3947 3592 4003 in
3654 3948 3851 4022 Seepei

2164 4032 2329 4105 quod
2360 4038 2451 4089 est
2471 4033 2701 4089 dictum
2728 4034 2927 4089 Latine
2954 4033 3157 4090 Insula
3206 4033 3446 4103 ovium,
3482 4041 3554 4093 ut
3600 4042 3849 4111 poterat,

2163 4119 2469 4177 hiemavit.
2503 4121 2857 4178 Edmundus
2887 4126 3091 4178 autem
3116 4122 3179 4179 in
3216 4124 3569 4194 Londonia,
3601 4126 3851 4184 dimisso

2092 4212 2135 4265 D
2164 4210 2444 4273 exercitu,
2472 4209 2750 4268 ultimam
2780 4211 3039 4268 hiemem
3069 4213 3258 4269 duxit.

2234 4333 2551 4390 Recedenti
2604 4351 2747 4392 vero
2792 4335 3054 4392 brumali
3126 4342 3429 4411 tempore,
3493 4345 3633 4398 tota
3708 4344 3852 4408 Qua-

2163 4423 2509 4494 dragesima
2586 4441 2794 4481 rursus
2869 4424 3145 4483 militiam
3208 4427 3539 4497 adunavit,
3606 4437 3671 4488 et
3720 4447 3851 4488 mox

2162 4517 2299 4584 post
2355 4512 2665 4569 Paschales
2716 4513 2844 4569 dies
2902 4529 3109 4583 regem
3160 4520 3220 4571 et
3273 4518 3488 4572 Danos
3542 4534 3585 4574 a
3633 4519 3852 4576 ﬁnibus

2163 4599 2495 4669 Anglorum
2570 4600 2889 4657 deturbare
2970 4603 3228 4675 paravit,
3281 4609 3343 4660 et
3389 4608 3670 4664 veniens
3720 4624 3850 4665 cum

2161 4687 2585 4745 innumerabili
2633 4689 3033 4758 multitudine,
3107 4707 3214 4747 eos
3268 4692 3481 4750 subito
3565 4695 3854 4767 cogitavit

2161 4777 2463 4833 invadere.
2494 4783 2567 4834 At
2593 4795 2793 4835 sermo
2836 4796 2956 4836 non
2976 4779 3150 4837 latuit
3178 4783 3405 4849 Danos,
3464 4786 3581 4857 qui
3640 4784 3853 4858 puppi.

2162 4865 2280 4922 bus
2303 4867 2662 4940 posthabitis
2682 4872 2893 4942 petunt
2919 4869 3108 4937 arida,
3159 4875 3446 4943 aptantes
3469 4890 3538 4930 se
3569 4874 3845 4948 excipere

2164 4971 2421 5028 quaeque
2488 4956 2689 5014 obvia.
2741 4960 2876 5015 Erat
2928 4974 3195 5031 namque
3234 4960 3322 5016 eis
3366 4962 3676 5020 vexillum
3722 4964 3846 5020 miri

2161 5045 2440 5116 portenti,
2498 5047 2687 5117 quod,
2738 5047 2873 5103 licet
2927 5048 3172 5103 credam
3218 5064 3405 5122 posse
3490 5051 3845 5109 incredibile

2158 5132 2382 5203 lectori,
2446 5138 2666 5203 tamen,
2711 5136 2858 5208 quia
2907 5152 3116 5192 verum
3167 5143 3280 5210 est,
3346 5159 3395 5195 ιι
3426 5159 3505 5194 ιη·
3581 5142 3843 5198 inseram

2162 5218 2418 5278 lectioni.
2446 5222 2783 5294 Enimvero,
2814 5225 2963 5281 dum
3001 5230 3160 5282 esset
3184 5227 3661 5301 simplicissima
3713 5246 3841 5286 cm

2158 5311 2597 5385 didissimoque
2627 5315 2919 5371 intextum
2951 5316 3160 5383 serico,
3180 5317 3414 5374 nullius
3440 5319 3667 5390 ﬁgurae
3686 5320 3746 5376 in
3772 5333 3838 5374 eo

2157 5399 2383 5456 inserta
2441 5407 2597 5458 esset
2623 5402 2844 5475 imago,
2888 5410 3155 5477 tempore
3185 5404 3327 5461 belli
3386 5424 3642 5482 semper
3683 5409 3741 5465 in
3769 5420 3835 5463 eo

392 5507 559 5564 pore,
590 5494 790 5564 junxit
812 5494 997 5567 quieti
1025 5491 1419 5565 sempiternae,
1478 5495 1560 5561 ut,
1613 5505 1686 5547 eo
1733 5490 2040 5560 defuncto,
2154 5490 2470 5547 videbatur
2494 5506 2728 5562 corvus,
2760 5509 2832 5550 ac
2858 5494 2906 5551 si
2929 5494 3210 5564 intextus,
3261 5496 3323 5551 in
3388 5498 3650 5555 victoria
3706 5511 3834 5552 sne-
