4020 6176
166 112 278 219 mss

1505 129 1894 190 ENCOMIUM.
1928 161 1997 170 —
2038 133 2166 188 LIB.
2210 135 2276 191 Il.

3481 150 3618 205 l386

158 292 276 332 rum
318 270 498 346 quasi
554 267 732 324 hians
776 279 903 325 ore,
937 263 1373 335 excutiensque
1404 261 1555 326 alaS,
1590 252 1839 312 instabi-
1869 257 1918 309 Α
1954 271 2077 313 non
2104 256 2283 330 longe
2323 265 2462 316 sunt
2491 265 2806 335 persecuti,
2832 266 2978 338 quia
3007 265 3295 337 incogniti
3339 270 3429 340 [f.,
3461 271 3629 329 inco-

153 366 325 437 lisque
355 359 622 435 pedibus
665 359 723 409 et
770 352 901 443 suis
935 351 1190 443 devictis
1238 349 1657 443 quietissimus
1690 348 1841 443 toto:

152 431 256 527 que
307 431 564 522 corpore
618 442 942 500 demissus.
998 441 1174 507 Quod
1233 440 1554 534 requirens

151 522 345 611 auctor
371 538 559 614 primi
591 532 820 609 praelii:
856 554 883 579 ‹‹
920 533 1293 602 Pugnemus,
1336 530 1556 603 inquit,
1590 522 1840 621 viriliter

152 608 277 689 socii
322 608 474 685 nihil
506 608 669 681 enim
719 619 900 677 nobis
946 620 1058 675 erit
1094 619 1371 693 periculi.
1404 619 1528 673 Hoc
1574 611 1841 684 denique

152 725 379 780 testatur
430 713 730 773 instabilis
782 726 1002 766 corvus
1050 708 1475 782 praesagiean
1552 700 1774 760 vexilli.
1812 723 1840 750 ››

155 816 270 880 Quo
316 808 544 873 audito,
596 801 735 875 equi
788 799 1177 856 audentiores
1227 796 1431 853 effecti
1480 790 1842 862 ferratisque

154 899 395 959 induviis
436 892 720 952 indurati.
773 895 1102 945 occurrunt
1150 885 1401 953 Angelis
1458 884 1519 940 in
1571 885 1845 939 Escene—

153 990 307 1045 duno
332 987 486 1047 loco,
532 980 699 1055 quod
733 995 847 1035 nos
898 976 1088 1031 Latini
1141 978 1423 1031 montem
1458 971 1840 1069 fraxinorum

150 1067 850 1153 possimusinterpretari.
870 1065 1079 1137 lbique
1098 1063 1383 1159 nundum
1405 1063 1841 1159 congressione

152 1147 319 1233 iacta,
366 1163 558 1227 Edric,
610 1174 794 1232 quem
842 1155 1117 1228 primum
1168 1150 1475 1208 comitum
1534 1147 1840 1206 Edmundi

151 1258 420 1318 diximus,
456 1253 584 1307 haec
616 1247 740 1304 suis
772 1243 968 1300 intulit
998 1241 1339 1297 aﬂ‘amina:
1374 1262 1404 1287 «ι
1432 1238 1839 1338 Fugiamus,o

152 1346 306 1415 socii,
356 1344 662 1413 vitamque
728 1333 1170 1392 subtrahamus
1229 1329 1414 1386 morti
1472 1328 1835 1428 imminenti,

154 1434 411 1508 alioquin
452 1427 884 1488 occumbemus
908 1421 1095 1478 illico.
1128 1424 1447 1477 Danorum
1480 1419 1644 1475 enim
1670 1416 1835 1472 duri-

154 1527 290 1583 tiam
316 1536 532 1580 nosco.
560 1540 589 1569 ››
618 1520 683 1573 Et
713 1514 905 1571 velato
934 1510 1165 1566 vexillo
1195 1508 1363 1583 quod
1394 1509 1611 1565 dextra
1645 1510 1837 1577 gesta-

1953 346 2151 416 gnitis.
2186 350 2283 405 En.
2319 350 2409 420 P.]
2434 349 2709 409 locorum
2738 356 2931 411 noctis
2964 355 3326 414 obscuritate
3359 366 3496 418 sunt
3526 378 3620 419 re-

1952 435 2114 492 tenti.
2148 436 2321 506 Angli
2364 454 2505 494 vero
2534 439 2651 496 loci
2688 458 2810 498 non
2849 444 3044 514 inscii,
3098 444 3213 500 cito
3258 461 3294 502 a
3337 450 3623 508 manibus

1951 524 2215 581 hostium
2246 530 2385 582 sunt
2428 527 2636 601 elapsi,
2678 547 2780 588 eos
2827 532 3235 606 relinquentes
3282 536 3361 591 ad
3405 539 3621 611 spolia,

1953 629 2202 686 seseque
2231 614 2445 671 dantes
2478 618 2557 673 ad
2582 618 2901 678 inhonesta
2932 622 3185 693 refugia.

2022 706 2183 758 Tunc
2215 702 2471 760 victores
2513 723 2623 763 sua
2668 708 2787 765 laeti
2830 712 3096 781 victoria,
3148 717 3453 771 transacta
3490 717 3620 789 jam

1952 795 2127 847 nocte
2152 792 2291 865 plus
2318 794 2541 862 media,
2572 805 2927 870 pernoctant
2946 801 3113 874 quod
3137 811 3445 875 supererat
3471 805 3623 863 inter

1951 885 2376 937 mortuoruum
2408 885 2723 943 cadavera.
2754 892 2883 945 Non
2912 896 3115 947 autem
3139 891 3200 946 in
3230 897 3402 949 nocte
3432 896 3624 968 spolia

1950 970 2265 1034 dirimunt,
2280 971 2384 1027 sed
2406 972 2644 1031 interim
2677 995 2822 1034 suos
2839 980 3172 1053 requirunt,
3204 998 3459 1056 seseque
3483 986 3629 1041 adu-

1949 1064 2165 1116 nantes
2212 1064 2279 1115 ut
2328 1065 2655 1121 securiores
2699 1084 2828 1124 esse
2871 1074 3140 1142 possent,
3191 1071 3372 1127 simul
3414 1090 3628 1131 omnes

1951 1164 2075 1204 uno
2127 1148 2191 1204 in
2243 1148 2379 1206 loco
2427 1154 2828 1225 perstiterunt.
2885 1158 3267 1216 lllucescente
3297 1177 3440 1219 vero
3494 1164 3629 1234 jam

1950 1253 2155 1304 mane,
2192 1254 2447 1297 suorum
2497 1252 2835 1314 agnoscunt
2874 1248 3097 1305 multos
3142 1248 3201 1305 in
3243 1251 3449 1322 prtelio
3484 1253 3633 1309 ceci-

1946 1324 2132 1392 disse,
2165 1340 2432 1398 quorum
2472 1333 2771 1390 cadavera
2814 1340 2878 1392 ut
2918 1342 3195 1409 poterant
3234 1340 3628 1400 tumulavere.

1944 1412 2039 1503 ab
2069 1412 2562 1477 adversariorum
2588 1438 2832 1496 quoque
2849 1425 3139 1482 membris
3166 1426 3471 1486 abradunt
3493 1446 3634 1503 spo-

1944 1501 2051 1574 lia,
2068 1503 2284 1561 bestiis
2309 1511 2367 1563 et
2386 1510 2602 1567 avibus
2627 1528 2839 1585 eorum
2865 1515 3270 1588 relinquentes
3286 1501 3626 1590 morticina,

150 1617 269 1685 bat,
316 1613 473 1669 dans
499 1615 734 1676 tergum
759 1601 1062 1671 hostibus,
1097 1615 1393 1670 magnam
1421 1603 1656 1672 partem
1686 1595 1837 1651 mili-
1868 1610 1907 1664 Β
1946 1595 2008 1647 et
2042 1592 2119 1649 ad
2164 1610 2356 1685 naves
2412 1600 2750 1671 redeuntes,
2807 1604 3300 1679 Londoniamque
3355 1614 3629 1682 repeten-

155 1713 275 1764 tum
306 1702 463 1759 bello
494 1696 831 1756 fraudabat.
862 1696 945 1757 Et,
982 1697 1054 1747 ut
1086 1691 1341 1764 quidam
1368 1691 1558 1755 aiunt,
1573 1688 1692 1743 hoc
1712 1701 1836 1742 non

156 1811 337 1853 causa
380 1792 502 1863 egit
529 1787 777 1856 timoris,
810 1782 915 1840 sed
964 1780 1337 1850 dolositatis,
1370 1784 1437 1877 ut
1457 1783 1678 1877 postea
1718 1776 1838 1877 cla-

157 1885 289 1950 ruit,
328 1881 474 1956 quia
496 1880 613 1935 hoc
642 1892 781 1933 eum
808 1873 965 1930 clam
1000 1872 1185 1927 Danis
1216 1869 1591 1942 promisisse,
1636 1869 1842 1923 nescio

161 1991 284 2049 quo
321 1987 431 2046 pro
460 1964 772 2029 beneﬁcio,
818 1960 1071 2018 assertio
1113 1958 1450 2049 multorum
1479 1956 1652 2049 dicit.
1677 1959 1843 2012 Tunc

168 2044 515 2120 Edmundus
552 2057 667 2112 hoc
715 2051 966 2110 intuitus
998 2054 1059 2105 et
1095 2048 1368 2120 undique
1410 2044 1841 2115 angustiatus:

167 2176 193 2201 α
236 2154 280 2208 Ο
312 2147 503 2220 Angli,
541 2144 753 2217 inquit,
787 2145 891 2197 aut
920 2138 1101 2194 hodie
1132 2136 1455 2201 bellabitis,
1483 2140 1589 2191 aut
1628 2150 1848 2191 omnes

168 2256 288 2296 una
316 2239 379 2293 in
408 2233 776 2291 deditionem
802 2228 981 2284 ibitis.
1018 2228 1290 2295 Pugnate
1319 2224 1503 2295 igitur
1525 2238 1638 2295 pro
1673 2220 1851 2278 liber-

168 2334 283 2388 tate
325 2336 383 2382 et
413 2323 626 2398 patria,
661 2319 765 2375 viri
796 2316 1044 2374 cordati.
1080 2314 1402 2410 Hiquippe
1432 2312 1546 2410 qui
1582 2310 1848 2410 fugiunt,

171 2420 373 2490 utpote
420 2408 812 2473 formidolosi,
851 2405 900 2460 si
923 2420 1045 2460 non
1076 2402 1332 2467 abirent,
1352 2404 1553 2490 essent
1591 2399 1852 2490 impedi-

170 2488 375 2562 mento
404 2498 707 2558 exercitui.
738 2519 764 2545 n
796 2498 861 2550 Et
888 2494 1013 2549 haec
1045 2491 1274 2557 dicens,
1296 2490 1359 2545 in
1385 2488 1618 2545 medios
1646 2488 1850 2560 ingre-

168 2595 331 2651 ditur
358 2592 582 2653 hostes,
610 2587 1085 2656 circumquaque
1110 2580 1350 2635 czedens
1372 2578 1849 2644 Danos,nobiles

171 2685 290 2740 hoc
317 2677 597 2751 exemplo
628 2690 772 2731 suos
800 2671 1060 2728 reddens
1089 2669 1165 2725 ad
1207 2666 1557 2725 bellandum
1600 2667 1849 2738 pronio-

171 2787 293 2826 res.
326 2766 728 2824 Commissum
760 2765 849 2817 est
879 2775 1020 2830 ergo
1064 2756 1337 2831 praelium
1387 2755 1663 2828 pedestre
1719 2772 1853 2826 gra-

175 2858 514 2922 vissimum,
547 2854 695 2909 dum
730 2850 878 2906 Dani
898 2848 1033 2904 licet
1060 2846 1375 2920 pauciores
1401 2842 1587 2900 nescii
1610 2843 1847 2914 cedere,

1950 1684 2066 1750 tes,
2120 1683 2368 1742 saniora
2411 1688 2523 1745 sibi
2566 1698 2848 1764 quaerunt
2912 1694 3182 1752 consilia.
3251 1696 3529 1756 Similiter
3575 1706 3635 1758 et

1946 1770 2134 1843 Angli
2188 1790 2301 1831 suo
2345 1794 2482 1834 cum
2532 1781 2800 1854 principe
2831 1782 2943 1838 sibi
2993 1785 3317 1842 consulunt
3364 1793 3422 1844 et
3451 1806 3636 1863 super

1947 1859 2070 1917 hoc
2100 1865 2328 1934 negotii
2360 1867 2461 1923 Dei
2507 1870 2798 1926 auxilium
2845 1880 3143 1945 quaerunt,
3176 1879 3243 1931 ut
3270 1876 3376 1949 qui
3419 1859 3635 1935 totiens

1951 1951 2145 2007 armis
2178 1959 2323 2011 sunt
2346 1956 2585 2026 devicti,
2613 1959 2826 2015 saltem
2856 1961 3060 2035 aliquo
3084 1964 3334 2021 consilio
3366 1967 3639 2024 valerent

1950 2054 2271 2099 remanere
2302 2044 2550 2103 suffulti.
2583 2050 2714 2104 Jam
2740 2048 2923 2106 etiam
2950 2051 3216 2121 Edricus,
3249 2054 3353 2128 qui
3385 2062 3567 2114 antea
3597 2073 3633 2112 a

1951 2127 2113 2186 bello
2145 2135 2391 2190 recessit
2430 2136 2745 2208 profugus,
2777 2139 2857 2194 ad
2885 2140 3206 2198 dominum
3238 2127 3419 2201 Snum
3449 2151 3507 2202 et
3556 2146 3637 2202 ad

1956 2217 2155 2274 socios
2178 2221 2355 2278 rediit
2378 2227 2436 2278 et
2460 2230 2775 2296 susceptus
2806 2232 2913 2296 est,
2946 2229 3092 2301 quia
3114 2229 3376 2288 vir‘boni
3403 2233 3636 2289 consilii

1956 2304 2084 2361 fuit.
2116 2312 2169 2363 ls
2197 2326 2455 2380 surgens
2485 2312 2545 2368 in
2574 2314 2777 2369 medio
2809 2316 3071 2386 agmine,
3105 2334 3320 2375 omnes
3350 2322 3451 2377 tali
3484 2321 3632 2378 allo-

1956 2398 2131 2450 cutus
2170 2402 2260 2453 est
2307 2416 2586 2457 sermone
2618 2422 2630 2458 :
2683 2426 2709 2452 «
2747 2402 2900 2459 Licet
2941 2406 3227 2462 omnibus
3256 2424 3411 2480 pene
3458 2410 3633 2467 vobis

1960 2483 2070 2539 sim
2118 2485 2373 2559 invisus,
2404 2490 2561 2562 quia
2614 2492 2771 2548 bello
2830 2494 3001 2562 cessi,
3058 2499 3261 2551 tamen
3315 2498 3364 2554 si
3418 2499 3632 2556 vestris

1959 2573 2190 2631 sederet
2219 2577 2442 2634 animis
2474 2580 2647 2636 dictis
2678 2598 2885 2654 parere
2915 2584 3030 2639 mei
3064 2585 3318 2657 consilii,
3354 2589 3630 2645 victorio-

1961 2662 2145 2719 siores
2176 2663 2334 2721 effici
2366 2684 2502 2724 meo
2533 2671 2807 2728 consultu
2833 2676 3109 2745 possetis,
3136 2690 3324 2747 quam
3372 2677 3423 2733 si
3455 2679 3631 2734 totius

1960 2756 2128 2809 terra?
2153 2754 2245 2809 his
2269 2755 2412 2812 viris
2443 2759 2793 2817 resisteretis
2824 2763 3027 2818 armis.
3056 2764 3206 2820 Satis
3238 2766 3401 2822 enim
3432 2768 3630 2823 Dano-

1958 2858 2095 2899 rum
2124 2844 2408 2902 victorias
2438 2854 2738 2921 expertus,
2773 2850 2992 2907 frustra
3023 2868 3134 2907 nos
3162 2854 3335 2909 reniti
3379 2856 3628 2912 omnino

173 2946 383 3015 magis
413 2944 694 3013 eligerent
726 2936 1194 2995 internecionem
1224 2950 1411 3007 quam
1434 2932 1589 3003 fuga;
1620 2932 1851 3005 pericu-
1882 2963 1922 3015 ο
1962 2932 2104 3001 scio,
2145 2937 2203 2989 et
2252 2934 2334 2991 ob
2386 2937 2501 2993 hoc
2546 2955 2643 2995 me
2690 2940 2959 2996 subtraxi
3003 2957 3040 2996 a
3085 2942 3312 3015 praelio,
3362 2950 3425 3000 ut
3454 2944 3629 3001 vobis

173 3037 333 3092 lum.
360 3033 660 3090 Resistunt
681 3030 884 3101 itaque
912 3025 1150 3081 viriliter
1179 3030 1236 3080 et
1254 3022 1528 3097 praelium
1552 3022 1702 3078 hora
1732 3021 1851 3077 diei

172 3140 351 3183 nona
376 3126 641 3194 coeptum
665 3119 897 3175 ducunt
918 3116 979 3171 in
1005 3129 1341 3186 vesperam,
1358 3128 1421 3167 se
1453 3110 1666 3180 gladiis
1680 3110 1851 3166 haud

173 3217 405 3287 sponte
435 3212 835 3283 opponentes,
869 3204 977 3260 sed
1005 3201 1344 3274 gladiorum
1376 3199 1597 3257 aculeis
1639 3198 1851 3255 valun-

172 3302 376 3359 tarius
400 3297 737 3371 [valentius]
766 3294 916 3352 alios
950 3296 1247 3362 urgentes.
1282 3289 1516 3345 Cadunt
1540 3288 1850 3359 utriusque

166 3389 373 3465 partis
417 3385 651 3451 armati,
695 3382 832 3457 plus
861 3386 1065 3438 tamen
1103 3379 1153 3449 ej
1165 3395 1235 3433 us
1265 3393 1401 3450 quae
1441 3380 1567 3432 erat
1596 3390 1850 3465 numero

170 3464 584 3536 eminentiori.
616 3478 688 3529 At
711 3472 816 3528 ubi
841 3471 970 3543 jam
1002 3469 1433 3540 advesperante
1464 3464 1655 3522 noctis
1683 3464 1853 3520 ades-

168 3572 323 3625 sent
370 3571 663 3639 tempora,
712 3560 897 3618 vincit
945 3575 1117 3616 amor
1154 3556 1415 3613 victoria!
1465 3555 1847 3611 tenebrarum

166 3655 600 3718 incommoda,
642 3652 787 3725 quia
829 3665 1027 3722 neque
1067 3646 1395 3703 horrebant
1436 3644 1737 3709 tenebras,
1768 3643 1855 3699 in-

167 3749 383 3802 stante
404 3759 549 3800 cura
573 3741 826 3813 majore,
843 3753 1040 3810 neque
1065 3736 1248 3792 etiam
1266 3733 1426 3789 nocti
1447 3732 1856 3801 dignabantur

169 3832 486 3899 cedere,in
500 3831 733 3888 hostem
761 3832 997 3885 tantum
1022 3826 1169 3881 dum
1191 3822 1485 3879 ardebant
1512 3820 1851 3893 praevalere.

175 3928 254 3981 Et
279 3922 399 3979 nisi
435 3920 580 3976 luna
606 3918 942 3975 clarescens
974 3916 1173 3988 ipsum
1204 3915 1569 3969 monstraret
1596 3911 1853 3978 hostem,

176 4012 448 4070 caederet
463 4009 719 4083 quisque
748 4022 929 4063 suum
950 4002 1440 4068 commilitonem,
1455 4003 1520 4055 ut
1547 3998 1856 4098 inimicum

176 4102 591 4168 resistentem,
647 4096 967 4169 nullusque
1003 4094 1313 4165 utriusque
1361 4090 1546 4164 partis
1587 4090 1855 4162 supervi-

172 4196 386 4259 veret,
416 4189 530 4246 nisi
559 4204 742 4262 quem
772 4185 937 4255 fulga
953 4183 1271 4240 salvasset.
1291 4185 1519 4237 Interea
1548 4182 1859 4252 coeperunt

174 4280 372 4352 Angli
410 4278 665 4348 fatigari,
697 4274 1108 4350 paulatimque
1135 4272 1342 4365 fugam
1384 4268 1677 4365 meditari,
1707 4267 1856 4365 dum
1885 4311 1932 4365 Β

175 4372 502 4428 intuentur
530 4370 726 4423 Danos
757 4364 820 4420 in
863 4364 979 4419 hoc
1009 4359 1384 4433 conspiratas
1428 4362 1726 4431 quatenus
1755 4359 1861 4412 aut

177 4461 502 4516 vincerent
531 4460 635 4512 aut
655 4469 846 4526 usque
866 4450 946 4509 ad
970 4466 1162 4507 unum
1183 4463 1394 4504 omnes
1424 4462 1548 4501 una
1574 4446 1853 4519 perirent.

179 4546 569 4604 Videbantur
597 4542 757 4599 enim
795 4541 866 4596 iis
894 4544 1036 4596 tunc
1078 4534 1521 4593 numerosiores
1558 4537 1615 4589 et
1644 4532 1705 4588 in
1736 4537 1860 4589 tam

179 4635 434 4695 diutina
474 4631 912 4691 conﬂictatione
942 4628 1231 4685 fortiores.
1262 4624 1551 4681 Fortiores
1597 4636 1862 4694 namque

178 4743 306 4785 eos
335 4722 717 4781 aestimabant
738 4734 881 4776 vera
912 4717 1273 4790 suspicione,
1299 4712 1444 4787 quia
1464 4712 1589 4783 jam
1611 4710 1865 4766 stimulis

178 4813 343 4872 ferri
382 4808 754 4876 commoniti,
788 4821 1058 4878 casuque
1104 4819 1351 4860 suorum
1404 4799 1623 4857 turbati
1672 4798 1864 4869 magis

178 4901 569 4962 videbantur
634 4896 839 4953 saevire
904 4910 1090 4968 quam
1149 4891 1391 4949 bellare.
1456 4889 1617 4947 Unde
1670 4887 1864 4958 Angli,

172 5000 374 5064 terga
396 4994 722 5058 vertentes,
747 4987 861 5043 hac
888 4988 947 5040 et
974 4983 1075 5038 illa
1112 4980 1367 5051 fugitant
1394 4979 1629 5052 absque
1674 4986 1865 5044 mora,

180 5096 446 5155 semper
497 5082 636 5136 ante
693 5072 1105 5132 adversarium
1159 5068 1460 5136 cadentes,
1517 5067 1870 5139 adduntque

179 5175 395 5231 decus
454 5167 743 5226 (lnutonis
797 5170 854 5221 et
899 5159 1179 5224 victoriae,
1226 5157 1508 5213 decorato
1551 5156 1872 5213 Edmundo

182 5261 472 5333 fugiente
514 5255 804 5332 principe.
848 5251 959 5318 Qui
987 5250 1122 5306 licet
1148 5246 1415 5303 devictus
1446 5245 1876 5302 valentioribus

179 5349 432 5410 cedens
446 5346 769 5410 recederet,
786 5346 987 5399 tamen
1017 5338 1216 5394 adhuc
1244 5351 1368 5391 non
1400 5334 1638 5409 penitus
1669 5334 1879 5407 despe-

177 5456 376 5506 rans,
428 5437 567 5493 tutis
601 5450 664 5490 se
702 5428 1001 5489 commisit
1036 5426 1201 5505 locis,
1244 5429 1309 5480 ut
1348 5423 1619 5490 demum,
1651 5422 1878 5479 fortiori

180 5525 597 5589 multitudine
645 5520 908 5585 collecta,
962 5517 1177 5573 iterum
1233 5511 1598 5587 experiretur
1645 5510 1689 5566 si
1729 5511 1878 5585 quid

183 5622 366 5697 forte
400 5616 514 5675 sibi
540 5611 687 5672 boni
716 5607 1032 5669 succedere
1059 5608 1280 5680 posset.
1312 5606 1383 5661 At
1412 5600 1561 5661 Dani
1588 5599 1879 5675 fugientes

652 5697 900 5750 Pana.
941 5696 1113 5750 CXLI.

652 5697 900 5758 Pana.
941 5697 1113 5754 CXLI.

1961 3022 2353 3094 postmodum
2383 3027 2736 3097 prodessem
2777 3029 3047 3097 consilio,
3092 3046 3215 3086 non
3248 3036 3312 3087 ut
3341 3049 3448 3089 vos
3479 3035 3631 3090 aesti-

1962 3110 2157 3178 matis,
2199 3113 2514 3183 perculsus
2545 3115 2756 3172 timore
2787 3118 3012 3190 aliquo.
3049 3121 3198 3174 Dum
3229 3121 3387 3175 enim
3417 3122 3628 3178 scirem

1959 3214 2202 3255 necesse
2245 3215 2376 3255 esse
2407 3218 2505 3257 me
2535 3203 2760 3273 fugere,
2793 3205 2940 3278 quid
2971 3205 3157 3261 satius
3199 3206 3327 3274 fuit,
3359 3214 3462 3265 aut
3505 3211 3630 3266 vul-

1960 3293 2261 3360 neratum,
2294 3295 2400 3346 aut
2428 3307 2645 3348 sanum
2690 3294 2968 3351 recedere
2993 3295 3021 3350 ?
3066 3298 3162 3351 Est
3200 3298 3413 3368 procul
3442 3299 3629 3356 dubio

1962 3382 2123 3435 certa
2165 3378 2417 3436 victoria
2461 3380 2767 3438 interdum
2822 3383 2902 3440 ab
2959 3383 3186 3440 fortiori
3247 3387 3418 3444 hoste
3475 3388 3629 3446 elabi

1959 3466 2123 3537 fuga,
2148 3467 2241 3522 cui
2272 3469 2481 3541 nequit
2508 3471 2701 3527 resisti
2725 3488 2833 3545 per
2856 3489 3049 3530 arma.
3073 3474 3292 3531 Omnes
3316 3478 3478 3534 enim
3525 3479 3630 3553 qui

1963 3556 2279 3624 adsumus,
2313 3558 2466 3630 proh
2496 3559 2669 3616 dolor
2693 3561 2704 3615 ε
2748 3561 3035 3632 fugimus.
3077 3564 3190 3620 Sed
3219 3581 3295 3622 ne
3325 3566 3422 3623 hic
3450 3584 3630 3625 casus

1963 3645 2137 3701 vobis
2167 3646 2403 3702 eveniat
2454 3648 2725 3719 ulterius,
2756 3650 2998 3707 dextras
3047 3653 3226 3710 Danis
3272 3656 3509 3728 demus,
3542 3663 3626 3727 ut,

1962 3732 2130 3805 ipsos
2181 3733 2506 3790 foederatos
2544 3737 2856 3808 habentes,
2907 3739 3117 3809 fugam
3175 3744 3629 3818 periculumque

1962 3820 2260 3876 bellorum
2319 3822 2403 3876 sic
2455 3823 2669 3880 saltem
2722 3825 3113 3883 declinemus.
3175 3834 3451 3887 Attamen
3515 3834 3628 3888 hoc

1966 3909 2132 3965 aliter
2176 3908 2386 3981 nequit
2427 3909 2575 3982 fieri,
2607 3913 2725 3967 nisi
2773 3913 3065 3970 divisione
3098 3918 3267 3986 regni
3315 3921 3520 3977 nostri.
3564 3924 3631 3976 Et

1964 3997 2179 4055 melius
2205 4013 2338 4054 esse
2359 3998 2589 4068 judico,
2622 4005 2687 4056 ut
2711 4002 3092 4059 medietatem
3113 4007 3283 4075 regni
3306 4024 3409 4063 rex
3429 4014 3631 4066 noster

1966 4103 2105 4143 cum
2123 4102 2271 4159 pace
2290 4085 2534 4156 habeat,
2554 4104 2741 4161 quam
2767 4094 2954 4145 totum
2975 4093 3198 4164 pariter
3212 4094 3429 4153 invitus
3455 4099 3628 4155 amit-

1966 4180 2069 4232 tat.
2104 4198 2131 4224 »
2176 4174 2401 4232 Placuit
2427 4191 2626 4231 sermo
2657 4176 3071 4250 optimatibus,
3121 4186 3197 4251 et,
3224 4182 3361 4240 licet
3387 4186 3627 4256 invitus,

1967 4266 2083 4320 hoc
2133 4268 2334 4319 tamen
2383 4265 2596 4321 annuit
2646 4265 3040 4335 Edmundus;
3089 4269 3412 4346 electisque
3459 4276 3633 4333 inter-

1968 4351 2214 4422 nuntiis,
2246 4352 2547 4425 praamittit
2576 4354 2657 4410 ad
2684 4370 2872 4411 naves
2904 4358 3210 4427 Cnutonis,
3257 4362 3364 4434 qui
3392 4363 3632 4420 dextras

1968 4440 2150 4497 Danis
2181 4440 2325 4497 dent
2369 4446 2427 4498 et
2455 4444 2754 4516 accipiant
2797 4444 2876 4501 ab
2901 4445 3004 4502 eis.
3036 4448 3197 4512 Quos
3238 4449 3341 4504 ubi
3367 4452 3631 4522 primum

1970 4530 2117 4587 Dani
2168 4531 2468 4588 venientes
2516 4533 2841 4602 intuentur,
2890 4535 3298 4606 exploratores
3348 4553 3451 4593 eos
3502 4556 3632 4596 esse

1970 4619 2373 4693 suspicantur,
2431 4621 2535 4677 sed
2574 4626 2897 4694 postquam
2944 4623 3197 4694 propius
3258 4640 3362 4680 eos
3430 4627 3636 4686 vident

1972 4709 2277 4780 accedere,
2309 4709 2608 4767 accersitis
2646 4710 2731 4765 eis
2768 4710 3064 4782 quidnam
3102 4712 3468 4783 quaesierunt
3514 4718 3631 4773 orsi

1974 4802 2112 4854 sunt
2139 4798 2414 4868 rogitare.
2449 4797 2719 4852 Dicentes
2746 4812 2887 4851 vero
2905 4796 2984 4853 ab
3005 4797 3089 4853 eis
3118 4814 3229 4871 pro
3260 4803 3636 4861 conﬁcienda

1973 4901 2123 4958 pace
2149 4901 2252 4942 eos
2281 4884 2501 4951 venire,
2542 4883 2810 4940 laetantes
2834 4900 2939 4940 eos
2969 4884 3184 4943 sistunt
3212 4888 3634 4961 conspectibus

1977 4974 2155 5044 regis.
2184 4976 2366 5029 Erant
2393 4972 2556 5029 enim
2585 4972 2805 5029 obnixe
2835 4977 3112 5045 optantes
3134 4990 3429 5050 prospera
3446 4978 3635 5050 pacis,

1973 5064 2103 5135 jam
2140 5062 2284 5118 lassi
2309 5060 2608 5118 bellorum
2652 5066 2710 5117 et
2738 5063 3182 5120 continuatione
3212 5067 3634 5137 navigationis.

1978 5156 2140 5208 Tunc
2182 5151 2370 5219 missi,
2420 5166 2559 5221 rege
2616 5151 2863 5224 paciﬁce
2906 5151 3162 5209 salutato
3196 5170 3208 5208 :
3289 5178 3316 5203 «
3364 5155 3642 5214 Miserunt

1980 5258 2116 5310 nos,
2148 5241 2449 5314 inquiunt,
2483 5240 2562 5297 ad
2584 5245 2657 5308 te,
2681 5256 2717 5297 o
2747 5256 2872 5311 rex,
2900 5241 3179 5315 princeps
3210 5250 3410 5301 noster
3425 5250 3482 5302 et
3510 5262 3645 5318 pro-

1983 5347 2189 5387 cerum
2215 5332 2557 5386 nostrorum
2587 5328 2926 5396 multitudo,
2975 5335 3039 5386 ut
3068 5333 3406 5389 consentias
3452 5334 3535 5390 eis
3569 5335 3644 5391 de

1985 5437 2154 5495 pace,
2186 5424 2243 5476 et
2270 5419 2424 5475 datis
2453 5418 2630 5475 nobis
2670 5418 2893 5475 dextris
2926 5424 2983 5474 et
3007 5420 3344 5491 obsidibus,
3388 5440 3425 5480 a
3470 5425 3644 5481 nobis

1986 5510 2193 5567 itidem
2220 5507 2474 5582 recipias
2505 5524 2644 5563 cum
2680 5508 2848 5579 regni
2874 5508 3209 5566 medietate.
3236 5512 3554 5570 Dominare
3580 5514 3643 5571 in

1989 5597 2216 5657 boreali
2244 5600 2411 5672 parte
2466 5612 2606 5653 cum
2655 5596 2893 5671 quiete;
2949 5612 2981 5653 e
3035 5597 3279 5669 regione
3317 5605 3519 5659 autem
3577 5604 3650 5658 sit

3187 5691 3257 5745 46
