3988 6182
416 146 551 202 £387

1641 135 1849 193 EMMIE
1890 132 2173 189 REGINA!
2206 135 2609 193 ANGLORUM.

3704 144 3830 200 1388

411 271 614 325 noster
678 263 985 321 Emundus
1041 262 1104 318 in
1159 260 1383 318 ﬁnibus
1436 259 1784 317 meridianas
1849 257 2062 330 plagae.
2098 259 2146 311 Α
2172 256 2351 327 jussit
2374 257 2690 332 inquirere,
2734 264 2799 316 ut
2823 260 3135 318 inventam
3159 262 3319 319 hanc
3343 262 3625 335 legaliter
3650 267 3832 338 aequi

412 355 601 428 Hujus
633 352 716 409 rei
746 350 937 422 gratia
979 350 1058 406 ad
1086 353 1142 406 te
1174 364 1383 405 sumus
1411 348 1614 419 legati,
1653 354 1717 404 tu
1745 362 1887 402 vero
1912 345 2065 401 bene

409 445 633 502 faciens
647 442 869 517 placito
889 440 1177 498 consenti.
1202 440 1498 512 Alioquin,
1521 438 1655 494 licet
1672 437 1861 492 simus
1882 433 2065 491 semel

408 538 464 590 et
499 534 715 589 iterum
765 549 801 589 a
846 531 1021 588 vobis
1052 530 1210 587 bello
1258 528 1576 593 deturbati,
1624 526 1825 583 adhuc
1862 528 2063 581 tamen

405 622 623 694 majori
644 621 923 678 violentia
938 619 1364 677 roborabimur
1386 617 1702 674 vobiscum
1719 614 2014 671 bellaturi.
2034 636 2061 663 υ

407 702 635 779 Quibus
656 727 760 767 rex
784 726 907 767 non
939 715 1158 766 temere
1186 708 1533 782 respondit;
1568 706 1694 778 sed,
1723 705 1867 777 ipsis
1898 720 2064 760 amo-

404 801 502 870 tis,
521 799 837 857 consilium
864 814 899 856 a
920 798 1046 854 suis
1065 797 1358 870 quaesivit,
1375 800 1432 852 et
1449 797 1530 851 sic
1561 795 1646 850 eis
1668 791 2059 867 postmodum

403 889 652 963 paciﬁce
709 888 1027 944 consensit.
1087 886 1370 942 Audierat
1422 885 1579 941 enim
1630 900 1665 939 a
1715 883 1837 938 suis
1893 880 2058 955 quod

402 976 574 1033 multi
602 992 849 1033 suorum
880 975 1256 1045 defecissent,
1282 990 1392 1030 nec
1424 977 1549 1029 erat
1576 971 1679 1045 qui
1708 971 1909 1027 locum
1927 984 2056 1025 mo-

400 1066 677 1123 rientium
724 1064 1045 1138 suppleret,
1078 1080 1218 1120 cum
1264 1064 1442 1133 longe
1486 1060 1694 1118 remoti
1734 1078 1770 1117 a
1814 1058 2057 1133 propria

399 1156 592 1229 patria
617 1160 855 1223 essent;
902 1154 1235 1224 Anglorum
1265 1169 1509 1227 quoque
1544 1166 1897 1225 quanquam
1929 1165 2057 1222 per—

397 1245 640 1318 plurimi
669 1243 1159 1311 interﬁcerentur,
1192 1259 1481 1299 numerus
1511 1256 1720 1297 eorum
1748 1256 1872 1296 non
1902 1238 2055 1294 adeo

396 1334 801 1403 minuebatur,
851 1333 996 1406 quia
1041 1332 1104 1389 in
1134 1332 1390 1406 propriis
1433 1330 1639 1405 positis
1686 1344 1922 1402 semper
1949 1327 2054 1401 qui

395 1423 704 1480 morientis
746 1423 947 1479 locum
1001 1427 1357 1480 restauraret
1394 1420 1825 1476 inveniebatur.
1874 1421 2052 1474 Revo-

396 1514 542 1569 catis
588 1511 788 1586 itaque
835 1512 1247 1568 internuntiis:
1300 1534 1327 1560 ‹‹
1365 1510 1601 1577 Vestris,
1637 1507 1829 1581 inquit
1856 1523 1980 1574 rex,
2014 1523 2050 1562 ο

2173 351 2328 403 reret
2357 351 2411 403 et
2452 348 2741 420 adeptam
2791 350 3023 422 imperii
3067 350 3160 407 sui
3210 359 3557 409 consortem
3604 352 3832 410 faceret

2174 433 2356 505 Igitur
2384 452 2491 509 per
2517 453 2704 508 regna
2730 443 2787 493 et
2816 454 2920 510 per
2945 445 3124 495 urbes
3149 439 3509 497 discurritur
3538 446 3602 497 et
3628 441 3834 511 regalis

2173 540 2396 598 sponsa
2421 527 2803 601 perquiritur,
2828 528 2931 584 sed
2964 528 3140 600 longe
3160 529 3401 603 lateque
3435 533 3725 604 quesita,
3751 533 3836 588 vix

2170 615 2415 671 tandem
2435 616 2620 688 digna
2644 617 2953 689 reperitur.
2982 622 3219 675 inventa
3248 625 3339 675 est
3368 634 3517 677 vero
3546 621 3683 677 haec
3732 621 3837 677 im-

2168 704 2407 777 perialis
2434 721 2661 778 sponsa
2708 706 2771 762 in
2814 707 3155 765 conﬁnitate
3187 708 3387 766 Galliis
3419 714 3481 766 et
3532 709 3833 784 praecipue

2167 792 2229 848 in
2256 796 2757 851 Northmannensi
2802 796 3047 867 regione
3074 798 3253 871 stirpe
3284 803 3342 855 et
3368 798 3605 872 opibus
3630 800 3833 857 ditissi-

2166 898 2288 951 ma,
2320 884 2425 940 sed
2458 889 2656 942 tamen
2703 886 3162 960 pulchritudinis
3199 893 3256 944 et
3284 888 3638 961 prudentiae
3662 889 3834 945 deleo

2166 973 2389 1028 tamine
2419 975 2694 1030 omnium
2743 976 2872 1046 ejus
2912 981 3253 1049 temporum
3312 977 3654 1033 mulierum
3704 993 3833 1051 praL

2165 1062 2549 1130 stantissima,
2588 1068 2792 1136 utpote
2821 1065 3031 1135 regina
3068 1065 3325 1122 famosa.
3349 1069 3616 1140 Propter
3645 1067 3832 1139 hujus

2163 1150 2398 1205 cemodi
2428 1151 2691 1222 insignia
2721 1152 2979 1208 multum
3006 1154 3403 1228 appetebatur
3430 1170 3636 1226 arege
3661 1160 3721 1211 et
3740 1171 3830 1228 pro

2161 1240 2275 1294 hoc
2306 1241 2605 1314 praecipue
2652 1241 2818 1315 quod
2847 1247 2974 1298 erat
3002 1244 3257 1300 oriunda
3285 1259 3357 1300 ex
3400 1244 3609 1300 vitrici
3652 1252 3825 1315 gente,

2160 1345 2297 1402 quze
2321 1330 2433 1384 sibi
2461 1336 2694 1403 partem
2726 1331 2928 1387 Gallia:
2955 1332 3388 1403 vindicaverat,
3420 1333 3639 1390 invitis
3669 1337 3828 1390 Fran-

2160 1416 2383 1486 cigenis
2414 1422 2470 1474 et
2490 1428 2709 1474 eorum
2740 1417 3028 1493 principe.
3064 1421 3216 1486 Quid
3248 1421 3458 1477 multis
3488 1423 3828 1479 immorer?

2159 1506 2477 1563 mittuntur
2506 1509 2672 1581 proci
2711 1509 2788 1565 ad
2831 1510 3167 1581 dominam,
3198 1511 3530 1568 mittuntur
3569 1512 3826 1569 donare-

386 1603 658 1674 juvenes,
687 1600 1087 1673 legationibus
1108 1600 1435 1669 consentio,
1467 1603 1543 1669 et,
1566 1600 1649 1654 uti
1669 1597 2053 1663 dixistis,me-
2081 1609 2126 1662 Β
2160 1596 2339 1667 galia,
2373 1597 2688 1654 mittuntur
2715 1599 2892 1656 etiam
2919 1599 3101 1656 verba
3130 1601 3493 1673 precatoria.
3511 1602 3636 1658 Sed
3668 1602 3826 1658 abne-

392 1692 492 1749 dia
517 1692 667 1748 mihi
690 1692 875 1748 libere
902 1693 1009 1748 erit
1027 1692 1211 1762 regio.
1229 1691 1343 1748 Sed
1370 1695 1575 1746 tamen
1604 1686 1856 1758 vectigal
1872 1686 2050 1742 etiam

320 1804 325 1809 ·
393 1799 517 1839 θυαε
546 1783 733 1856 partis
773 1787 969 1839 vester
992 1798 1118 1853 rex,
1159 1782 1503 1854 quicunque
1534 1778 1631 1861 ille
1659 1778 1850 1845 fuerit,
1883 1792 2048 1833 exer-

391 1871 531 1927 citui
555 1871 724 1928 dabit
751 1888 906 1928 meo.
938 1875 1056 1927 Hoc
1076 1870 1237 1927 enim
1262 1869 1343 1925 illi
1369 1869 1583 1939 debeo,
1604 1868 1862 1940 ideoque
1882 1865 2052 1923 aliter

390 1964 637 2033 pactum
667 1976 788 2016 non
818 1960 1025 2017 laudo.
1058 1982 1086 2011 »

463 2049 702 2106 Fcedere
730 2050 932 2123 itaque
962 2049 1219 2117 ﬁrmato,
1265 2047 1505 2104 obsides
1535 2046 1757 2102 dantur
1782 2044 1861 2101 ab
1892 2046 2047 2101 utra-

388 2154 507 2212 que
535 2143 724 2212 parte,
744 2144 801 2196 et
832 2139 916 2195 sic
945 2139 1235 2195 exercitus
1251 2136 1480 2194 solutus
1502 2134 1799 2191 bellorum
1830 2133 2049 2207 impor-

388 2228 656 2296 tunitate,
690 2233 894 2302 optata
936 2228 1101 2285 laetus
1130 2229 1375 2302 ponitur
1401 2242 1571 2299 pace.
1604 2227 2049 2280 Verumtamem

390 2321 545 2375 Deus
574 2336 808 2377 memor
838 2336 962 2376 suae
988 2319 1249 2392 antiquae
1281 2317 1586 2382 doctrinae,
1621 2314 1842 2371 scilicet
1869 2328 2049 2369 omne

390 2423 646 2479 regnum
691 2409 753 2465 in
784 2409 1051 2483 seipsum
1104 2408 1344 2463 dvisum
1393 2407 1499 2486 diu
1542 2420 1894 2478 permanere
1925 2419 2047 2458 non

390 2492 587 2571 posse,
622 2515 745 2555 non
774 2498 958 2570 longo
981 2502 1119 2573 post
1141 2502 1411 2569 tempore
1438 2494 1820 2550 Edmundum
1847 2490 2051 2549 eduxit

393 2604 425 2644 e
447 2604 717 2662 corpore,
746 2589 1078 2659 Anglorum
1107 2589 1384 2643 misertus
1413 2583 1667 2656 imperii,
1718 2599 1793 2639 ne
1824 2582 1970 2639 forte
2002 2581 2050 2637 si

393 2683 642 2752 uterque
682 2679 1103 2751 superviveret,
1160 2679 1368 2732 neuter
1418 2679 1694 2743 regnaret
1742 2688 1947 2729 secure
1985 2673 2051 2728 et

393 2782 649 2836 regnum
673 2766 881 2823 diatim
901 2764 1329 2823 adnihilaretur
1344 2767 1627 2820 renovata
1651 2762 2045 2818 contentione.

398 2855 716 2911 Defunctus
760 2861 961 2912 autem
1008 2854 1206 2923 regius
1257 2853 1495 2925 juvenis
1534 2851 1697 2922 regio
1724 2851 2053 2907 tumulatur

2158 1692 2259 1757 gat
2287 1687 2388 1743 illa
2435 1704 2499 1744 se
2549 1704 2822 1761 unquam
2853 1690 3140 1747 Cnutonis
3182 1706 3479 1764 sponsam
3527 1691 3691 1753 ﬁeri.
3734 1691 3824 1748 nisi

2157 1775 2238 1832 illi
2278 1777 2673 1849 jurejurando
2700 1777 3023 1835 afﬁrmaret
3047 1780 3213 1853 quod
3245 1794 3572 1853 nunquam
3601 1781 3823 1837 alterius

2157 1866 2432 1937 conjugis
2462 1866 2654 1922 ﬁlium
2702 1873 2845 1940 post
2883 1883 2945 1924 se
2974 1884 3228 1940 regnare
3256 1868 3505 1939 faceret,
3540 1870 3665 1926 nisi
3689 1871 3817 1942 ejus,

2158 1954 2209 2009 si
2255 1954 2401 2011 forte
2430 1955 2513 2011 illi
2558 1958 2713 2014 Deus
2758 1974 2831 2013 ex
2861 1974 2934 2014 eo
2961 1958 3153 2014 ﬁlium
3192 1958 3480 2015 dedisset.
3514 1959 3822 2017 Dicebatur

2156 2044 2317 2099 enim
2357 2044 2437 2101 ab
2480 2045 2597 2103 alia
2644 2046 2912 2119 quadam
2956 2062 3061 2103 rex
3108 2046 3265 2103 ﬁlios
3290 2047 3612 2104 habuisse.
3669 2048 3817 2105 Unde

2154 2132 2255 2190 illa
2296 2134 2419 2190 suis
2458 2136 2785 2208 prudenter
2827 2136 3171 2210 providens,
3219 2137 3395 2193 scivit
3423 2137 3571 2212 ipsis
3618 2138 3814 2208 sagaci

2157 2223 2361 2279 animo
2412 2224 2725 2298 profutura
2774 2227 3201 2298 praeordinare.
3244 2226 3471 2284 Placuit
3502 2243 3645 2297 ergo
3688 2228 3807 2298 regi

2155 2313 2410 2369 verbum
2434 2314 2702 2383 virginis,
2731 2319 2788 2370 et
2808 2316 3208 2387 jurejurando
3240 2315 3418 2384 facto,
3443 2316 3656 2387 virgini
3690 2316 3813 2390 pla-

2158 2401 2278 2457 cuit
2306 2402 2583 2459 voluntas
2630 2404 2807 2476 regis.
2866 2407 2930 2461 Et
2975 2407 3080 2476 sic,
3128 2408 3249 2461 Deo
3288 2405 3541 2476 gratias,
3577 2406 3816 2462 domina

2158 2494 2371 2548 Emma
2438 2493 2763 2549 mulierum
2816 2494 3189 2551 nobilissima
3257 2495 3323 2551 ﬁt
3387 2497 3625 2567 conjnx
3679 2496 3817 2567 regis

2158 2578 2466 2636 fortissimi
2511 2582 2818 2639 Cnutonis.
2855 2583 3110 2639 Laetatur
3139 2582 3347 2651 Gallia,
3378 2583 3630 2641 lietatur
3655 2585 3816 2642 etiam

2160 2669 2493 2747 Anglorum
2526 2670 2741 2743 patria,
2766 2672 2913 2728 dum
2946 2676 3178 2730 tantum
3208 2673 3395 2730 decus
3424 2674 3818 2731 transvehitur

2158 2774 2267 2831 per
2324 2775 2587 2832 aequora.
2649 2764 2920 2829 Laetatur,
2990 2761 3263 2835 inquam,
3322 2762 3537 2833 Gallia,
3602 2768 3814 2820 tantam

2161 2851 2325 2904 tanto
2378 2850 2503 2919 regi
2550 2849 2801 2919 dignam
2854 2867 2919 2907 se
2967 2851 3228 2908 enixam.
3282 2851 3630 2922 Anglorum
3694 2867 3817 2908 vero

396 2943 669 3016 sepulcro
697 2944 948 3001 deﬂetus
989 2944 1095 2999 diu
1133 2942 1511 3016 multumque
1564 2958 1599 2997 a
1637 2941 1922 3014 patriensi
1950 2955 2054 3013 po-
2090 2964 2131 3021 ρ
2160 2936 2391 2993 laetatur
2433 2938 2644 3012 patria,
2694 2940 2875 2996 talem
2920 2956 2981 2997 se
3035 2941 3330 3014 recepisse
3369 2942 3429 2997 in
3484 2942 3737 3016 oppida.
3779 2942 3819 2997 0

396 3031 562 3104 pulo,
593 3032 689 3089 cui
725 3033 883 3088 Deus
921 3048 1102 3089 omne
1152 3031 1441 3103 gaudium
1489 3029 1709 3086 tribuat
1738 3028 1799 3084 in
1829 3028 2054 3084 cmlesti

397 3120 565 3178 solio.
614 3121 795 3194 Cujus
836 3121 919 3177 rei
968 3122 1159 3193 gratia
1206 3138 1343 3178 eum
1398 3123 1550 3174 Deus
1578 3117 1819 3191 jusserit
1865 3117 2049 3185 obire,

396 3226 539 3268 mox
600 3211 820 3269 deinde
880 3212 1090 3286 patuit,
1144 3211 1290 3286 quia
1345 3210 1625 3266 universa
1680 3208 1845 3278 regio
1898 3207 2053 3263 illico

398 3303 731 3359 Cnutonem
774 3301 887 3358 sibi
930 3318 1133 3373 regem
1163 3299 1357 3370 elegit,
1389 3304 1445 3355 et
1475 3299 1568 3355 cui
1599 3303 1735 3355 ante
1765 3297 1930 3354 omni
1960 3314 2053 3353 co-

397 3391 643 3447 namine
662 3391 1031 3460 restitit,tum
1064 3395 1274 3463 sponte
1300 3405 1410 3444 sua
1438 3405 1499 3443 se
1525 3387 1607 3443 illi
1636 3392 1691 3443 et
1715 3387 1921 3448 omnia
1943 3403 2056 3441 sua

399 3479 682 3535 subdidit.

470 3569 624 3637 Ergo
636 3567 1018 3623 miseratione
1028 3566 1231 3622 divina
1254 3564 1669 3621 monarehiam
1681 3564 1847 3634 regni
1866 3566 2055 3621 Cnuto

396 3655 487 3711 vir
515 3660 792 3712 strenuus
818 3655 1097 3727 suscepit,
1129 3659 1187 3710 et
1212 3654 1490 3709 nobiliter
1512 3653 1696 3708 duces
1722 3658 1778 3709 et
1807 3654 2055 3709 comites

399 3760 541 3803 suos
571 3744 888 3818 disposuit,
916 3746 973 3800 et
996 3742 1117 3799 ﬁne
1148 3746 1319 3798 tenus
1348 3741 1631 3814 deinceps
1655 3756 1911 3811 regnum
1943 3743 2060 3799 An-

399 3833 638 3907 glorum
664 3818 914 3908 paciﬁce
944 3831 1148 3888 tenuit.
1165 3833 1302 3887 Erat
1325 3834 1527 3887 autem
1551 3829 1749 3886 adhuc
1766 3830 2057 3903 primaeva

399 3929 568 3983 astate
605 3924 845 3992 ﬂorens,
878 3922 983 3979 sed
1020 3925 1224 3978 tamen
1253 3919 1542 3977 indicibili
1578 3919 1897 3994 prudentia
1924 3920 2056 3994 pol-

397 4014 546 4071 lens.
582 4012 750 4070 Unde
791 4010 1037 4081 contigit
1065 4016 1131 4066 ut
1183 4025 1286 4066 eos
1333 4025 1488 4082 quos
1518 4014 1693 4066 antea
1739 4009 2056 4065 Edmundo

401 4104 525 4158 sine
547 4101 687 4158 dolo
706 4100 956 4158 ﬁdeliter
980 4100 1233 4156 militare
1255 4099 1547 4166 audierat,
1567 4097 1853 4167 diligeret,
1878 4103 1935 4154 et
1954 4115 2056 4154 eos

399 4205 553 4263 quos
593 4190 879 4245 subdolos
908 4189 1119 4245 scierat
1158 4193 1337 4261 atque
1364 4193 1630 4262 tempore
1652 4187 1791 4243 belli
1817 4188 1878 4243 in
1901 4192 2057 4244 utra-

399 4294 518 4352 que
550 4282 718 4351 parte
767 4277 1147 4333 fraudulenta
1196 4278 1677 4348 tergiversatione
1726 4277 2055 4350 pendentes

399 4368 537 4425 odio
563 4368 846 4436 haberet;
890 4365 1043 4421 adeo
1074 4370 1137 4421 ut
1165 4365 1385 4422 multos
1414 4367 1755 4440 principum
1785 4367 2054 4441 quadam

398 4457 494 4514 die
533 4456 804 4514 occidere
852 4469 965 4528 pro
1009 4453 1361 4525 hujusmodi
1409 4454 1549 4510 dolo
1594 4455 1847 4526 juberet.
1899 4455 2055 4511 Inter

397 4562 551 4620 quos
583 4546 827 4602 Edricus
856 4544 960 4617 qui
989 4559 1025 4600 δ,
1052 4542 1209 4599 bello
1239 4540 1493 4613 fugerat,
1514 4558 1651 4599 cum
1672 4544 1922 4622 praemia
1942 4560 2052 4618 pro

396 4636 512 4692 hoc
564 4636 696 4709 ipso
750 4652 785 4692 a
841 4649 980 4703 rege
1029 4631 1377 4706 postularet,
1429 4647 1499 4687 ac
1529 4630 1577 4686 si
1625 4631 1740 4686 hoc
1768 4647 1879 4704 pro
1923 4633 2051 4703 ejus

394 4725 643 4782 victoria
672 4724 906 4781 fecisset
939 4742 952 4791 ;
984 4739 1089 4778 rex
1119 4719 1415 4777 subtristis
1441 4737 1455 4775 :
1514 4742 1540 4769 ‹‹
1573 4720 1682 4786 Qui
1712 4720 2048 4790 dominum,

396 4814 606 4889 inquit,
634 4819 808 4870 tuum
834 4810 1119 4885 decepisti
1144 4808 1374 4877 fraude,
1390 4808 1536 4865 mihi
1559 4824 1635 4865 ne
1664 4809 1886 4882 poteris
1910 4809 2053 4866 ﬁde-

393 4903 465 4960 lis
498 4920 627 4960 esse
647 4904 682 4961 τ
707 4900 1052 4976 Rependam
1084 4898 1187 4955 tibi
1215 4898 1516 4969 condigna
1543 4897 1813 4972 prtemia,
1844 4898 1950 4955 sed
1980 4915 2052 4957 ea

393 5010 469 5052 ne
503 4994 786 5066 deinceps
815 4991 922 5048 tibi
959 4989 1195 5064 placeat
1240 4989 1493 5046 fallacia.
1528 5011 1555 5038 »
1599 4992 1665 5045 Et
1689 4987 1856 5046 Erico
1898 4989 2050 5046 duce

395 5100 504 5141 suo
528 5087 762 5141 vocato.
795 5105 821 5131 ‹‹
866 5079 1027 5149 Huic,
1054 5079 1155 5150 ait,
1188 5078 1353 5153 quod
1383 5078 1678 5135 debemus
1703 5079 2047 5152 persolvito,

392 5172 666 5229 videlicet
692 5186 767 5226 ne
797 5185 909 5225 nos
939 5167 1218 5241 decipiat,
1269 5166 1543 5224 occidito.
1576 5189 1602 5217 ››
1649 5167 1747 5223 Ille
1776 5184 1918 5224 vero
1966 5168 2051 5224 nil

392 5266 680 5329 moratus,
708 5258 1034 5334 bipennem
1065 5255 1289 5325 extulit,
1310 5256 1482 5330 eique
1511 5257 1630 5313 ictu
1645 5256 1844 5313 valido
1871 5264 2052 5332 caput

391 5349 744 5425 amputavit,
760 5352 827 5405 ut
855 5349 969 5404 hoc
999 5345 1275 5420 exemplo
1301 5346 1534 5403 discant
1563 5345 1777 5403 milites
1804 5348 2047 5417 regibus

392 5441 515 5497 suis
547 5455 678 5496 esse
705 5437 934 5501 ﬁdeles,
960 5452 1084 5494 non
1109 5434 1400 5493 inﬁdeles.

383 5543 387 5549 '
425 5528 754 5586 ‘Omnibus
810 5529 1010 5600 itaque
1065 5526 1172 5582 rite
1210 5523 1541 5603 dispositis,
1584 5523 1669 5580 nil
1708 5525 1832 5595 regi
1863 5524 2049 5582 defuit

338 5615 618 5689 fabsque
657 5615 1034 5672 nobilissima
1082 5613 1363 5684 conjuge,
1414 5628 1602 5686 quam
1651 5611 1876 5684 ubique
1934 5610 2048 5668 sibi

2161 3042 2256 3082 res
2286 3026 2542 3084 millenis
2590 3027 2804 3085 millies
2858 3035 3071 3103 parata
3098 3028 3274 3101 votis,
3326 3032 3557 3106 vixque
3588 3030 3820 3089 tandem

2164 3114 2392 3186 eﬂecta,
2453 3116 2801 3189 auspicante
2858 3118 3047 3189 gratia
3105 3118 3480 3175 Salvatoris!
3536 3123 3663 3178 Hoc
3710 3124 3824 3175 erat

2164 3204 2328 3278 quod
2377 3206 2699 3279 utrobique
2740 3206 3123 3264 vehementer
3170 3209 3544 3280 jamdudum
3594 3209 3824 3267 deside-

2161 3299 2398 3350 raverat
2454 3296 2769 3367 exercitus,
2827 3296 3047 3353 scilicet
3100 3303 3164 3353 ut
3204 3303 3367 3354 tanta
3419 3304 3591 3355 tanto
3643 3300 3830 3369 digna

2165 3384 2341 3440 etiam
2373 3384 2558 3454 digno
2614 3386 2871 3442 maritali
2901 3387 3313 3444 convinculata
3346 3389 3515 3459 jugo,
3571 3388 3831 3444 bellicos

2166 3473 2397 3529 sedaret
2426 3477 2644 3529 motus.
2674 3473 2827 3539 Quid
2856 3475 3018 3531 enim
3049 3476 3241 3548 majus
3264 3490 3332 3530 ac
3348 3474 3829 3531 desiderabilr'us

2165 3578 2296 3616 esse
2321 3568 2524 3634 posset
2553 3564 2611 3618 in
2644 3563 2813 3632 votis,
2854 3579 3043 3636 quam
3075 3565 3384 3620 damnosos
3410 3562 3827 3637 ingratusque

2163 3649 2401 3706 labores
2450 3650 2589 3707 belli
2642 3651 2881 3723 placida
2938 3653 3099 3709 ﬁniri
3158 3652 3569 3725 tranquillitate
3622 3654 3835 3726 pacis,

2165 3755 2305 3795 cum
2350 3756 2526 3814 pares
2563 3741 2812 3814 paribus
2854 3744 2910 3797 vi
2941 3743 3209 3817 corporis
3259 3743 3595 3817 virtuteque
3646 3742 3840 3801 animi

2166 3832 2647 3886 concurrerent?
2698 3846 2958 3904 cumque
2996 3848 3161 3888 nunc
3206 3832 3289 3889 hi.
3334 3848 3497 3889 nunc
3528 3848 3685 3890 vero
3739 3834 3836 3904 illi,

2167 3917 2493 3975 alternante
2523 3935 2668 3975 casu
2700 3918 2862 3988 belli,
2894 3936 3018 3977 non
3050 3920 3179 3977 sine
3208 3937 3435 3993 magno
3468 3922 3838 3981 detrimenta

2166 4006 2277 4072 sui,
2307 4007 2615 4064 vincerent
2639 4009 2670 4064 ?

2238 4099 2473 4168 Verum,
2505 4098 2610 4154 ubi
2638 4098 2841 4155 divina
2867 4098 3339 4173 dispensatione,
3384 4101 3733 4177 multisque
3767 4102 3838 4158 aL

2168 4190 2455 4241 terutrum
2485 4186 2588 4242 diu
2618 4187 2838 4244 habitis
2870 4188 3269 4257 internuntiis,
3302 4191 3583 4248 maritali
3610 4209 3676 4247 se
3717 4198 3840 4248 tan-

2164 4273 2304 4329 dem
2321 4273 2538 4347 copula
2559 4275 2783 4347 placuit
2804 4276 3192 4345 confederari,
3209 4276 3485 4334 difﬁcile
3504 4280 3737 4336 credita
3755 4282 3841 4333 est

2163 4369 2391 4435 quanta
2405 4370 2646 4437 repente
2657 4364 2718 4421 in
2735 4366 3047 4440 utriusque
3056 4366 3223 4422 alteri
3238 4368 3313 4423 de
3330 4367 3534 4425 altero
3553 4376 3762 4426 exorta
3774 4368 3847 4423 sit

2162 4453 2517 4523 magnitudo
2545 4453 3095 4523 gaudii.Gaudebat
3114 4456 3276 4512 enim
3305 4472 3413 4512 rex
3440 4457 3846 4515 nobilissimis

2161 4540 2467 4614 insperato
2498 4559 2560 4598 se
2592 4559 2766 4599 usum
2794 4544 3107 4613 thalamis;
3134 4546 3262 4601 haec
3284 4551 3503 4603 autem
3525 4548 3687 4606 hinc
3711 4564 3851 4624 prle-

2162 4628 2528 4686 stantissima
2552 4631 2762 4688 virtute
2788 4633 3086 4704 conjugis,
3116 4633 3260 4691 hinc
3288 4634 3481 4692 etiam
3502 4655 3631 4712 spe
3664 4643 3850 4709 gratu-

2158 4718 2215 4776 la
2223 4719 2429 4775 bunda
2440 4720 2880 4778 accendebatur
2893 4721 3107 4779 futura:
3117 4722 3853 4797 prolislnaastimabiliter

2159 4825 2403 4882 quoque
2422 4811 2993 4883 uterque’gaudebat
3012 4813 3494 4889 exercitusppes
3515 4834 3683 4875 suas
3703 4833 3851 4875 eom-

2158 4898 2446 4954 munibus
2478 4914 2726 4971 sperans
2753 4900 3065 4972 augendas
3092 4902 3342 4969 viribus,
3364 4909 3428 4959 ut
3459 4906 3567 4963 rei
3586 4913 3853 4981 postmo-

2157 4987 2305 5043 dum
2325 4987 2602 5059 probavit
2624 4989 2834 5046 exitus.
2866 4991 3264 5064 Quamphrres
3291 4991 3459 5048 enim
3492 4997 3733 5071 populi
3754 4995 3849 5052 do-

2158 5076 2283 5132 miti
2294 5075 2809 5152 bello,gentesque
2822 5080 3165 5152 complures
3175 5080 3355 5152 longe
3373 5081 3849 5151 distantesvita,

2156 5165 2446 5233 moribus,
2471 5167 2650 5223 etiam
2681 5173 2737 5224 et
2760 5168 3517 5243 lingua,mternaliterregi
3544 5177 3850 5248 regia-que

2155 5254 2485 5338 posteritati
2511 5271 2715 5313 annua
2740 5257 3034 5331 compulsi
3060 5263 3200 5315 sunt
3222 5257 3463 5316 solvere
3502 5262 3845 5338 *θαίεὼ-

2155 5336 2269 5399 Sed
2289 5343 2434 5415 quid
2466 5344 2763 5407 mirum.si
2785 5337 2987 5402 tantus
3011 5346 3268 5420 talisque
3286 5364 3391 5404 rex
3408 5336 3844 5425 repugnantes

2156 5432 2269 5488 sibi
2289 5432 2637 5490 dimicando
2654 5435 3023 5493 devinceret?
3035 5452 3174 5493 cum
3187 5439 3845 5519 quamplm-imospab

2153 5522 2263 5579 tim
2288 5521 2522 5579 liberali
2551 5523 2888 5597 largitione,
2917 5526 3137 5599 partim
3175 5528 3643 5601 patrocinandi
3668 5531 3847 5606 gratia

2163 5612 2421 5686 imperio
2449 5628 2559 5670 suo
2590 5615 2891 5674 ultroneas
2920 5615 3294 5674 submitteret
3374 5622 3687 5692 profectae
3729 5634 3846 5680 non
