3988 6182
472 161 600 216 1391

1675 157 1887 212 EMME
1935 150 2220 210 REGINIE
2262 151 2668 212 ANGLORUM.

3750 169 3843 223 im

464 285 556 340 Isti
579 285 804 340 ﬂebant
831 283 946 338 hoc
990 281 1156 354 quod
1200 280 1600 353 perdiderant,
1633 280 1714 336 illi
1741 279 2110 351 gratulentur
2139 278 2188 341 Α
2223 275 2487 348 quotidie
2501 281 2804 337 exorabat.
2824 281 2998 338 Atille
3019 283 3196 356 clam,
3211 284 3354 357 quia
3379 287 3667 342 nondum
3686 289 3844 360 palam

461 373 535 428 de
553 374 680 442 ejus
700 371 902 426 anima
923 385 1110 442 quam
1133 368 1480 442 suscipiant.
1503 368 1596 424 Isti
1616 368 1974 441 sepelierunt
1989 382 2116 422 cor-

459 476 574 532 pus
625 459 918 526 exanime,
950 458 1032 514 illi
1072 458 1346 530 spiritum
1398 458 1702 514 deducant
1748 457 1808 512 in
1856 455 2111 512 sublime

456 547 786 603 laetandum
814 548 875 603 in
915 553 1138 604 {eterna
1173 547 1396 619 requie.
1429 551 1536 602 Pro
1566 547 1696 617 ejus
1722 545 1974 602 transitu
2004 543 2115 599 soli

454 635 680 692 ﬂebant
708 637 942 707 terreni,
971 637 1075 693 sed
1125 653 1235 710 pro
1275 637 1404 707 ejus
1454 637 1664 708 spiritu
1715 633 2112 692 interveniant

453 742 593 781 cum
624 726 868 782 terrenis
896 726 1076 782 etiam
1107 725 1264 781 cives
1295 725 1500 782 coelici.
1531 728 1597 782 Ut
1619 725 1748 796 ejus
1779 724 1965 795 gloria
1987 739 2109 778 cre-

455 821 582 871 scat
610 816 897 889 quotidie,
931 832 1171 871 oremus
1217 818 1403 871 Deum
1440 815 1678 870 intente.
1715 818 1781 870 Et
1819 814 1962 887 quia
1993 814 2108 869 hoc

449 905 780 976 promeruit
807 921 916 961 sua
944 904 1230 975 bonitate,
1262 903 1528 977 quotidie
1559 904 1890 960 clamemus
1920 921 1932 958 :
1965 902 2103 958 Ani-

451 1010 553 1048 ma
582 995 865 1052 Cnutonis
894 993 1225 1066 requiescat
1254 995 1314 1048 in
1344 1009 1513 1066 pace,
1545 1009 1744 1050 amen.

520 1087 742 1140 Mortuo
789 1087 1054 1140 Cnutone
1102 1099 1258 1153 rege,
1292 1083 1738 1155 honoriﬁceque
1779 1081 2012 1155 sepulto
2041 1081 2103 1138 in

447 1173 810 1229 monasterio
869 1173 930 1228 in
983 1173 1210 1228 honore
1273 1172 1462 1228 sancti
1531 1172 1677 1228 Petri
1738 1176 2097 1240 constructo,

444 1263 693 1318 domina
721 1262 928 1331 regina
959 1265 1170 1318 Emma
1199 1261 1326 1318 sola
1348 1261 1634 1318 remansit
1661 1261 1720 1317 in
1750 1277 1956 1332 regno,
1990 1260 2100 1316 do-

442 1352 570 1407 lens
600 1353 673 1408 de
703 1352 933 1408 domini
981 1351 1071 1407 sui
1104 1356 1292 1408 morte
1336 1368 1566 1416 amara,
1595 1356 1650 1408 et
1695 1351 1945 1408 sollicita
1987 1368 2098 1425 pro

441 1441 702 1497 ﬁliorum
753 1442 1041 1498 absentia.
1075 1445 1344 1514 Namque
1389 1457 1545 1496 unus
1595 1457 1826 1510 eorum,
1873 1439 2096 1497 Harde-

441 1535 621 1587 cnnto
652 1530 891 1597 scilicet,
925 1546 1105 1602 quem
1156 1534 1324 1601 pater
1370 1545 1572 1600 regem
1621 1531 1926 1586 Danorum
1956 1546 2095 1585 con-

2223 364 2504 434 audebat,
2536 371 2759 439 reginae
2813 371 3060 428 insidias
3105 372 3488 438 moliebatur,
3530 376 3644 430 sed
3699 385 3753 432 ut
3791 381 3845 435 illi

2221 462 2459 512 noceret
2487 474 2521 514 a
2543 459 2781 515 nemine
2805 462 3274 534 permittebatur.
3297 464 3461 520 Unde
3485 465 3585 521 ille
3608 484 3744 524 cum
3757 472 3849 525 suis

2219 542 2426 617 iniquo
2456 548 2789 618 excogitato
2821 549 3085 618 consilio,
3117 557 3292 608 natos
3331 552 3609 609 dominae
3642 573 3752 611 suae
3776 575 3849 614 vo

2218 630 2380 689 lebat
2407 634 2754 705 interficere,
2785 643 2848 694 ut
2879 639 2962 694 sic
2995 656 3237 695 securus
3266 641 3557 715 deinceps
3585 644 3654 699 in
3684 661 3850 717 pecca-

2219 721 2292 777 tis
2319 723 2525 780 vivens
2567 732 2770 798 posset
2796 744 3066 799 regnare.
3096 732 3524 788 Verumtamen
3558 733 3783 791 nullum
3805 738 3846 792 in

2215 811 2330 868 hoc
2377 813 2742 872 omnimodis
2785 818 3063 873 effectum
3110 819 3421 892 acciperet,
3459 821 3605 892 nisi,
3651 823 3848 880 fraudu-

2213 898 2510 959 lentorum
2571 904 2711 960 dolo
2767 906 3030 978 adjutus,
3087 909 3200 964 hoc
3253 910 3419 982 quod
3492 913 3846 968 narrabimus

2213 990 2602 1049 adinveniret.
2638 997 2908 1068 Namque
2937 996 3076 1053 dolo
3105 1003 3356 1071 reperto,
3386 999 3529 1056 fecit
3558 1002 3844 1073 epistolam

2211 1078 2274 1134 in
2302 1095 2560 1152 persona
2586 1083 2804 1152 reginae
2834 1084 2911 1140 ad
2937 1083 3088 1141 ﬁlios
3117 1087 3411 1157 ejusdem,
3442 1090 3554 1162 qui
3590 1090 3659 1145 in
3685 1093 3845 1146 North-

2211 1168 2460 1226 mannia
2524 1171 2939 1240 morabantur,
2999 1189 3380 1247 componere,
3450 1178 3644 1247 cujus
3703 1183 3842 1235 etiam

2210 1257 2517 1330 exemplar
2545 1275 2666 1314 non
2697 1259 2859 1331 piget
2896 1261 3070 1317 nobis
3103 1262 3476 1320 subnectere.

2278 1347 2491 1403 Emma
2545 1353 2780 1404 tantum
2825 1353 3062 1406 nomine
3105 1355 3314 1424 regina
3341 1356 3492 1422 ﬁliis
3523 1356 3781 1413 Ewardo
3804 1367 3843 1414 et

2205 1436 2452 1506 Alfrido
2483 1443 2755 1494 materna
2805 1441 3069 1509 impertit
3117 1443 3515 1499 salutamina.
3551 1447 3738 1501 Deum
3770 1448 3838 1501 do

2204 1525 2357 1580 mini
2380 1529 2572 1582 nostri
2600 1528 2754 1598 regis
2781 1528 3002 1584 obitum
3049 1535 3373 1600 separatim
3398 1535 3774 1605 plangimus.
3797 1537 3845 1602 ﬁ-

441 1619 640 1688 stituit,
671 1636 779 1675 suo
809 1619 1159 1675 morabatur
1203 1619 1262 1674 in
1305 1633 1512 1688 regno,
1545 1619 1666 1674 duo
1717 1634 1858 1674 vero
1906 1618 2003 1674 alii
2033 1618 2093 1674 in
2121 1627 2166 1684 Β
2206 1614 2276 1669 lii
2290 1615 2654 1683 ,charissimi,
2677 1618 2935 1690 dumque
2962 1620 3173 1676 diatim
3203 1623 3397 1691 magis
3437 1625 3752 1694 magisque
3772 1642 3841 1679 re-

439 1709 880 1765 Northmanniee
911 1708 1132 1763 finibus
1177 1709 1253 1764 ad
1284 1707 1673 1764 nutriendum
1702 1707 1919 1775 traditi,
1952 1724 2093 1764 cum

436 1798 779 1871 propinquo
829 1814 938 1852 suo
996 1797 1298 1867 degebant
1342 1797 1617 1852 Roberto.
1654 1796 1817 1852 Unde
1865 1795 2090 1852 factum

435 1891 524 1943 est
586 1892 651 1943 ut
723 1886 972 1959 quidam
1034 1885 1398 1955 Anglorum,
1454 1885 1734 1957 pietatem
1786 1885 1942 1954 regis
1999 1885 2091 1940 sui

428 1977 557 2047 jam
588 1976 850 2032 defuncti
884 1975 1068 2041 obliti,
1100 1974 1347 2030 mallent
1388 1990 1640 2044 regnum
1692 1989 1870 2029 suum
1914 1973 2091 2029 dede-

433 2082 638 2122 corare
690 2081 877 2138 quam
932 2081 1166 2133 ornare,
1217 2063 1616 2136 relinquentes
1659 2063 1891 2118 nobiles
1934 2063 2089 2119 ﬁlios

430 2155 681 2225 insignis
718 2154 939 2225 regina:
971 2157 1215 2223 Emmae,
1248 2159 1305 2209 et
1333 2153 1614 2222 eligentes
1658 2152 1769 2208 sibi
1793 2152 1855 2208 in
1882 2168 2088 2223 regem

427 2245 759 2318 quemdam
790 2245 1136 2311 Haraldum,
1171 2244 1274 2317 qui
1312 2260 1440 2298 esse
1489 2242 1679 2298 tilium
1732 2242 1884 2298 falsa
1931 2243 2087 2299 aesti-

426 2336 690 2391 matione
735 2335 1016 2390 asseritur
1056 2334 1377 2404 cujusdam
1417 2332 1689 2404 ejusdem
1731 2332 1888 2402 regis
1938 2335 2088 2390 Cnu-

427 2425 583 2480 tonis
666 2424 1040 2479 concubinae.
1125 2423 1522 2479 Plurimorum
1607 2438 1749 2478 vero
1835 2423 2085 2480 assertio

425 2513 708 2568 eumdem
763 2511 1093 2568 Haraldum
1165 2511 1433 2583 perhibet
1501 2510 1700 2566 furtim
1756 2509 1937 2566 fuisse
1992 2527 2085 2566 su-

422 2602 703 2676 breptum
756 2600 1102 2673 parturienti
1159 2600 1408 2666 ancillae,
1463 2599 1813 2672 impositum
1878 2603 2080 2655 autem

423 2708 674 2747 camerae
741 2689 1080 2760 languentis
1135 2688 1503 2744 concubinae.
1574 2687 1748 2753 Quod
1807 2688 2081 2744 veracius

422 2780 580 2836 credi
628 2783 844 2851 potest.
880 2777 990 2843 Qui
1032 2777 1270 2843 electus,
1305 2781 1698 2849 metuensque
1747 2776 1947 2846 futuri,
1979 2775 2082 2832 ad-

418 2872 594 2922 vocat
619 2882 763 2921 mox
791 2865 1311 2937 archiepiscopum
1337 2865 1658 2936 Ailnotum,
1684 2863 1882 2919 virum
1911 2865 2080 2920 omni

2202 1719 2320 1774 gno
2352 1704 2718 1761 haereditatis
2739 1713 2949 1778 vestrae
2974 1711 3323 1778 privamini,
3353 1713 3559 1767 miror
3579 1715 3722 1783 quid
3737 1730 3842 1784 cap

2203 1794 2335 1849 tetis
2365 1796 2618 1860 consilii,
2648 1796 2789 1852 dum
2821 1799 3024 1854 sciatis
3052 1800 3517 1856 intermissionis
3553 1810 3752 1858 vestra-
3777 1805 3842 1857 di-

2203 1882 2442 1944 latione.
2466 1884 2760 1940 invaseris
2788 1887 2969 1941 vestri
2997 1888 3236 1958 imperii
3258 1890 3397 1956 ﬁeri
3423 1892 3653 1948 cotidie
3677 1894 3840 1948 solidi-

2201 1977 2399 2028 tatem.
2431 1973 2488 2028 Is
2519 1974 2670 2029 cnim
2712 1975 3078 2032 incessanter
3107 1979 3264 2032 vicos
3308 1985 3364 2034 et
3397 1981 3582 2036 urbes
3635 1984 3837 2047 circuit,

2195 2066 2250 2116 et
2275 2061 2397 2116 sibi
2414 2064 2633 2118 amicos
2659 2065 2959 2133 principes
2990 2067 3359 2137 muneribus,
3389 2070 3575 2125 minis
3600 2077 3652 2127 et
3676 2073 3836 2141 preci

2199 2149 2303 2205 bus
2325 2151 2499 2219 facit.
2533 2151 2650 2207 Sed
2679 2168 2865 2208 unum
2891 2168 2922 2208 e
2953 2153 3112 2209 vobis
3142 2171 3325 2224 super
3375 2173 3437 2214 se
3478 2161 3716 2215 mallent
3755 2176 3834 2214 re»

2195 2253 2386 2308 gnare
2429 2255 2609 2310 quam
2648 2240 2819 2296 istius
2851 2243 2955 2312 qui
2984 2258 3104 2298 non
3133 2244 3213 2298 eis
3245 2244 3528 2314 imperat,
3559 2248 3727 2302 teneri
3747 2248 3823 2301 di"

2195 2329 2371 2384 tione.
2408 2329 2594 2398 Unde,
2627 2345 2790 2400 rogo,
2826 2346 2979 2386 unus
3011 2338 3272 2389 vestrum
3320 2335 3406 2390 ad
3449 2352 3546 2391 me
3585 2338 3827 2392 velociter

2194 2421 2250 2472 et
2273 2419 2512 2487 private
2541 2421 2762 2488 veniat,
2796 2427 2858 2475 ut
2888 2421 3130 2478 salubre
3175 2438 3212 2478 a
3243 2440 3333 2479 me
3363 2427 3676 2481 consilium
3702 2429 3833 2482 acci-

2185 2507 2341 2575 piat,
2373 2513 2426 2562 et
2475 2509 2624 2564 sciat
2649 2523 2764 2578 quo
2805 2516 2982 2578 pacto
3026 2511 3137 2566 hoc
3183 2514 3490 2582 negotium
3540 2516 3695 2585 quod
3721 2518 3830 2571 volo

2188 2595 2326 2662 ﬁeri
2364 2595 2590 2652 debeat.
2623 2597 2746 2652 Per
2771 2604 3120 2666 praesentem
3149 2616 3382 2672 quoque
3412 2603 3829 2659 internuntium

2189 2683 2337 2753 quid
2386 2699 2567 2754 super
2616 2684 2706 2739 his
2754 2686 2991 2754 facturi
3036 2689 3172 2743 estis
3211 2691 3590 2747 remandate.
3637 2694 3827 2759 Valete,

2189 2772 2386 2827 cordis
2415 2775 2531 2828 mei
2563 2775 2810 2830 viscera.

2260 2863 2376 2917 Hac
2407 2862 2615 2918 fraude
2637 2863 2814 2933 jussu
2847 2865 3085 2921 Haraldi
3117 2867 3358 2938 tyranni
3387 2871 3746 2942 composita,
3765 2888 3831 2926 re-

417 2956 631 3012 virtute
648 2960 705 3011 et
726 2953 1021 3027 sapientia
1039 2953 1770 3027 praeditum,imperatque
1793 2959 1850 3010 et
1868 2958 1998 3010 orat
2014 2970 2076 3009 se
2107 2985 2148 3042 ο
2186 2948 2296 3019 giis
2335 2950 2796 3042 adolescentulis
2825 2959 2911 3009 est
2958 2954 3181 3010 directa
3217 2973 3329 3029 per
3357 2958 3622 3030 pellaces
3655 2978 3830 3015 curso-

415 3045 690 3103 benedici
712 3045 771 3101 in
797 3043 1268 3118 regem,sibique
1290 3045 1442 3100 tradi
1463 3062 1603 3100 cum
1629 3060 1853 3101 corona
1876 3044 2075 3116 regale
2119 3039 2146 3042 ’⁷
2182 3054 2298 3109 res,
2321 3039 2524 3114 eisque
2555 3057 2626 3096 ex
2657 3048 2823 3113 parte
2855 3044 3058 3099 matris
3091 3045 3315 3114 ignarae
3344 3048 3551 3104 oblata
3583 3055 3641 3106 et
3669 3051 3834 3106 hono-

417 3154 541 3193 suae
573 3135 858 3192 custodite
889 3134 1285 3201 commissum
1314 3140 1615 3208 sceptrum
1645 3138 1702 3191 et
1733 3151 1796 3191 se
1824 3134 1963 3190 duci
1993 3133 2073 3189 ab

414 3228 650 3288 eodem.
678 3227 823 3300 quia
853 3227 932 3283 ab
958 3226 1074 3282 alio
1099 3242 1222 3282 non
1247 3225 1337 3282 fas
1368 3225 1580 3294 fuerat,
1612 3225 1674 3280 in
1704 3225 1960 3282 sublime
1987 3241 2073 3280 re-

413 3319 514 3389 gni
550 3318 786 3374 solium.
834 3317 1107 3385 Abnegat
1147 3315 1657 3388 archiepiscopus,
1699 3315 1815 3370 sub
1840 3315 2069 3386 jureju-

408 3408 601 3462 rando
629 3422 900 3462 asserens
934 3423 996 3461 se
1025 3405 1329 3460 neminem
1359 3404 1544 3460 alium
1590 3404 1651 3458 in
1678 3419 1880 3477 regem
1913 3403 2070 3470 (filiis

409 3497 636 3548 Emmse
666 3493 883 3561 reginae
909 3492 1264 3561 viventibus)
1295 3491 1544 3546 laudare
1571 3491 1664 3545 vel
1694 3491 2065 3547 benedicere.

414 3605 440 3628 «
468 3581 586 3636 Hos
617 3597 768 3635 mese
790 3578 928 3634 ﬁdei
957 3582 1144 3634 Cnuto
1174 3577 1470 3633 commisit
1495 3595 1508 3644 ;
1535 3576 1627 3632 his
1643 3577 1827 3632 fidem
1852 3576 2065 3644 debeo,

405 3674 461 3725 et
511 3668 603 3723 his
647 3667 994 3723 ﬁdelitatem
1045 3665 1315 3720 servabo.
1353 3667 1661 3736 Sceptrum
1693 3668 1750 3719 et
1778 3680 2065 3721 coronam

406 3774 577 3814 sacro
627 3756 797 3814 altari
843 3756 1112 3828 impono,
1147 3758 1202 3808 et
1230 3754 1344 3809 hoc
1376 3752 1482 3808 tibi
1512 3768 1623 3808 nec
1667 3753 1920 3822 denego,
1953 3769 2064 3809 nec

403 3848 612 3915 trado;
657 3846 763 3902 sed
793 3844 1091 3918 episcopis
1121 3841 1428 3910 omnibus,
1461 3858 1535 3897 ne
1579 3841 1716 3915 quis
1756 3857 1966 3897 eorum
1992 3858 2062 3900 ea

401 3938 566 3994 tollat
594 3938 775 3993 tibive
813 3935 1027 4001 tradat,
1061 3942 1187 3988 teve
1232 3931 1564 4002 benedicat,
1598 3930 1928 4004 apostolica
1958 3947 2064 3986 au-

399 4028 664 4083 ctoritate
706 4025 1014 4081 interdico.
1066 4024 1155 4078 Tu
1204 4038 1368 4090 vero,
1417 4022 1464 4076 si
1512 4021 1848 4094 praesumis.
1893 4021 2059 4093 gnod

398 4117 518 4170 Deo
547 4130 895 4186 mensaeque
923 4114 1052 4183 ejus
1083 4110 1360 4167 commisi
1397 4109 1682 4165 invadito.
1702 4132 1728 4159 »
1763 4109 1913 4174 Quid
1944 4109 2056 4164 mi-

398 4220 492 4259 ser
517 4207 738 4272 ageret,
770 4218 893 4272 quo
945 4217 1006 4255 se
1037 4204 1308 4269 verteret,
1337 4199 1676 4267 ignorabat.
1705 4198 2058 4255 lntendebat

395 4291 611 4357 minas,
648 4295 706 4346 et
751 4287 897 4342 nihil
939 4287 1205 4359 profecit.
1240 4286 1629 4359 Expendebat
1676 4301 1948 4349 munera,
1999 4290 2056 4342 et

2180 3126 2342 3183 riﬁce
2373 3127 2451 3184 ab
2477 3129 2579 3197 eis,
2613 3134 2678 3185 ut
2706 3147 2929 3187 munus
2956 3133 3254 3201 genitricis
3286 3143 3585 3210 suscepta.
3624 3142 3833 3208 Legunt

2179 3215 2351 3272 dolos
2392 3218 2520 3289 ejus
2570 3219 2774 3288 nescii,
2808 3224 2884 3289 et,
2918 3223 3070 3293 proh
3117 3221 3326 3278 dolor!
3379 3225 3557 3281 nimis
3603 3227 3835 3284 falsitati

2179 3306 2424 3373 creduli,
2456 3307 2788 3364 inconsulte
2836 3310 3198 3366 remandant
3228 3313 3491 3382 genitrici
3520 3331 3717 3372 unum
3749 3333 3834 3372 eo-

2177 3412 2312 3451 rum
2365 3396 2444 3452 ad
2497 3414 2630 3453 eam
2679 3415 2811 3455 esse
2854 3405 3192 3470 venturum,
3243 3404 3732 3476 constituuntque
3787 3408 3836 3462 ei

2175 3485 2335 3540 diem
2379 3491 2436 3541 et
2469 3492 2707 3559 tempus
2736 3493 2793 3544 et
2829 3489 3049 3546 locum.
3087 3490 3336 3559 Regressi
3364 3491 3561 3561 itaque
3592 3491 3828 3560 legata-

2173 3572 2242 3628 rii
2272 3573 2548 3630 intimant
2580 3576 2678 3631 Dei
2709 3576 2962 3632 inimicis
2985 3594 3123 3650 qua:
3148 3578 3248 3633 sibi
3273 3593 3553 3651 responsa
3576 3581 3831 3639 reddita

2174 3660 2288 3717 sint
2369 3680 2404 3718 a
2474 3665 2802 3734 juvenibus
2866 3666 3274 3723 nobilissimis.
3325 3667 3465 3724 Hinc
3536 3668 3628 3725 illi
3683 3687 3842 3744 prse-

2174 3749 2548 3807 stolabantur
2577 3753 2707 3823 ejus
2741 3754 3091 3822 adventum,
3119 3761 3179 3811 et
3199 3756 3345 3828 quid
3373 3756 3446 3811 de
3473 3772 3549 3813 eo
3577 3757 3843 3818 facerent

2171 3839 2250 3896 ad
2300 3857 2477 3896 suum
2518 3841 2874 3908 invenerunt
2922 3843 3369 3902 detrimentum.
3403 3848 3644 3905 Statuto
3670 3851 3842 3920 igitur

2169 3929 2284 3995 die,
2318 3930 2578 3985 Alfridus
2610 3931 2806 3987 minor
2829 3937 2996 3990 natu.
3028 3933 3315 3992 laudante
3343 3935 3550 4006 fratre,
3577 3939 3758 4011 elegit
3777 3942 3841 3997 si-

2168 4017 2229 4072 bi
2253 4017 2709 4086 commilitones,
2745 4025 2819 4089 et,
2852 4021 3142 4094 arripiens
3181 4024 3312 4093 iter,
3356 4025 3665 4084 Flandrite
3697 4031 3842 4085 venit

2165 4105 2226 4162 in
2257 4106 2428 4163 ﬁnes.
2465 4109 2593 4173 Quo
2624 4109 2937 4181 paululum
2969 4127 3109 4168 cum
3157 4114 3520 4171 marchione
3554 4119 3840 4175 Balduino

2166 4200 2454 4266 moratus,
2487 4201 2543 4251 ct
2567 4196 2645 4250 ab
2673 4213 2744 4253 eo
2774 4204 3022 4268 rogatus
3055 4206 3117 4256 ut
3145 4201 3421 4274 aliquam
3450 4212 3701 4277 partem
3730 4225 3838 4263 suae

2166 4283 2388 4339 militiae
2436 4300 2641 4341 secum
2693 4286 2938 4343 duceret
2981 4294 3224 4362 propter
3268 4291 3506 4350 insidia
3563 4296 3831 4352 hostium.

395 4339 611 4357 __-.._-,
652 4339 705 4346 --
2008 4339 2054 4342 ,-
2703 4339 2936 4343 ---------
2983 4339 3213 4362 την---
3268 4339 3506 4350 -_--..-..
3563 4339 3831 4352 ,ης-...ω

393 4382 476 4437 nil
503 4381 764 4436 lucratus
793 4376 1015 4443 doluit;
1071 4375 1358 4446 quoniam
1391 4375 1480 4430 vir
1529 4374 1891 4447 apostolicus
1942 4392 2051 4431 nec
2084 4339 2126 4412 ρ
2165 4373 2278 4429 Sed
2336 4377 2568 4429 tantum
2649 4375 3114 4432 Bononiensium
3174 4394 3408 4451 paucos
3482 4388 3839 4460 assumpsit,

393 4471 632 4527 valebat
659 4468 836 4524 minis
857 4465 1050 4536 dejici,
1081 4480 1190 4519 nec
1216 4463 1565 4519 muneribus
1588 4464 1758 4520 ﬂecti.
1778 4465 2050 4520 Tandem

391 4562 740 4634 desperatus
793 4555 1099 4625 abscessit,
1132 4559 1187 4610 et
1238 4552 1641 4626 episcopalem
1693 4554 2054 4612 benedictio-

389 4668 530 4707 nem
561 4651 712 4706 adeo
744 4647 982 4722 sprevit,
1017 4650 1082 4701 ut
1111 4661 1233 4700 non
1262 4643 1455 4698 solum
1488 4641 1686 4714 ipsam
1729 4643 1921 4700 odiret
1945 4644 2051 4700 be-

387 4740 820 4804 nedictionem,
887 4751 1099 4792 verum
1166 4733 1345 4788 etiam
1417 4731 1755 4786 universam
1822 4731 2052 4802 fugeret

388 4827 837 4886 Christianitatis
861 4824 1229 4894 religionem.
1259 4825 1526 4894 Namque
1555 4820 1703 4875 dum
1737 4820 1835 4876 alii
1865 4821 2049 4877 eccle-

387 4921 542 4975 siam
569 4915 890 4973 christiano
917 4929 1083 4969 more
1112 4912 1360 4967 missam
1394 4911 1599 4966 audire
1621 4909 2043 4979 subintrarent,

381 5009 512 5081 ipse
541 5010 644 5062 aut
673 5004 857 5060 saltus
904 5001 1155 5058 canibus
1209 5000 1287 5055 ad
1313 4999 1660 5055 venandum
1705 4998 1906 5066 cinxit,
1942 5005 2044 5054 aut

381 5095 750 5170 quibuslibet
805 5092 937 5148 aliis
991 5090 1291 5145 vilissimis
1346 5088 1526 5144 rebus
1586 5101 1715 5143 sese
1781 5104 2041 5160 occupa-

378 5188 480 5252 vit,
543 5189 607 5239 ut
662 5186 895 5239 tantum
969 5179 1267 5235 declinare
1330 5181 1533 5250 posset
1599 5177 1764 5248 quod
1837 5177 2038 5232 odivit.

379 5275 550 5342 Quod
607 5271 774 5343 Angli
819 5270 1085 5325 videntes
1158 5266 1464 5335 dolebant,
1511 5265 1615 5320 sed
1682 5266 1824 5338 quia
1879 5267 2038 5321 hunc

378 5365 488 5420 sibi
539 5379 739 5433 regem
788 5360 1109 5429 elegerant,
1143 5358 1303 5412 hunc
1348 5355 1716 5411 erubuerunt
1760 5355 2035 5425 dejicere,

377 5453 631 5524 ideoque
659 5451 1086 5523 disposuerunt
1126 5447 1286 5502 hunc
1326 5445 1436 5500 sibi
1469 5460 1671 5514 regem
1715 5443 1833 5499 ﬁne
1865 5448 2035 5498 tenus

375 5558 526 5596 esse.
554 5540 806 5595 Domina
833 5542 1033 5593 autem
1068 5536 1273 5604 regina
1323 5537 1532 5589 Emma
1562 5533 1786 5588 exitum
1825 5531 1908 5587 rei
1939 5548 2036 5586 ex-

373 5628 704 5700 spectabat,
737 5630 792 5680 et
822 5624 1250 5697 aliquantisper
1296 5623 1544 5681 sollicita
1593 5621 1885 5680 auxilium
1933 5621 2032 5679 Dei
2073 5622 2075 5624 ’

2163 4466 2218 4518 et
2261 4463 2527 4520 ascensis
2567 4464 2877 4538 puppibus
2928 4482 3094 4522 more
3132 4469 3582 4530 transfretavit.
3634 4482 3705 4532 At
3751 4476 3846 4531 ubi

2158 4551 2336 4608 littori
2401 4553 2560 4609 venit
2614 4555 2951 4626 contiguus,
3002 4573 3142 4612 mox
3196 4558 3275 4614 ab
3330 4560 3731 4622 adversariis
3772 4572 3849 4623 est

2157 4642 2414 4713 agnitus.
2459 4643 2568 4709 Qui
2609 4649 2985 4700 occurrentes
3024 4647 3307 4704 volebant
3361 4665 3524 4708 eum
3585 4657 3844 4726 aggredi,

2158 4731 2265 4787 sed
2302 4732 2500 4787 statim
2526 4732 2621 4787 ille
2651 4748 2986 4802 agnoscens
3009 4735 3190 4805 jussit
3217 4753 3413 4794 naves
3450 4757 3495 4798 θ.
3528 4743 3735 4802 littore
3760 4747 3848 4802 illo

2154 4819 2376 4894 repelli.
2405 4820 2530 4876 Alia
2560 4826 2759 4878 autem
2788 4822 3124 4879 ascendens
3153 4825 3214 4881 in
3255 4827 3560 4898 statione,
3599 4839 3844 4892 matrem

2152 4910 2410 4982 parabat
2461 4910 2645 4978 adire,
2703 4913 3009 4968 cestimans
3063 4931 3125 4970 se
3168 4932 3422 4973 omnem
3485 4921 3844 4982 insidiarum

2150 5004 2384 5072 pestem
2437 4999 2719 5056 evasisse.
2782 5005 2996 5058 Verum
3072 5004 3176 5059 ubi
3237 5005 3372 5076 jam
3430 5018 3583 5068 erat
3657 5014 3844 5088 proxi-

2149 5106 2307 5158 mus,
2368 5089 2448 5143 illi
2510 5107 2711 5146 comes
2784 5092 3090 5149 Godvinus
3170 5101 3259 5150 est
3329 5095 3583 5158 obvius
3647 5105 3842 5168 factus,

2149 5182 2205 5232 et
2233 5194 2372 5232 eum
2398 5177 2454 5233 in
2492 5196 2599 5235 sua
2623 5181 2883 5254 suscepit
2910 5181 3050 5249 ﬁde,
3084 5183 3338 5256 ejusque
3366 5185 3446 5242 fit
3481 5207 3648 5248 mox
3686 5194 3840 5249 miles

2149 5282 2287 5321 cum
2331 5269 2688 5323 sacramenti
2747 5268 3165 5328 affirmatione.
3201 5274 3269 5328 Et
3314 5271 3609 5336 devians
3652 5299 3786 5339 eum
3813 5298 3841 5336 δ

2149 5355 2477 5424 Londonia,
2507 5357 2740 5414 induxit
2767 5374 2906 5414 eum
2958 5359 3019 5416 in
3064 5361 3200 5418 villa
3252 5361 3652 5428 Sildefordia
3702 5389 3837 5428 nuu-

2147 5449 2385 5516 cupata,
2416 5444 2682 5518 inibique
2710 5446 2924 5503 milites
2954 5449 3084 5520 ejus
3115 5450 3357 5507 vicenos
3387 5459 3462 5510 et
3493 5457 3833 5523 duodenos.

2145 5533 2521 5607 decenosque
2554 5536 2789 5605 singula
2821 5537 2991 5594 duxit
3028 5555 3134 5612 per
3163 5540 3460 5614 hospitia,
3502 5553 3736 5620 paucis
3757 5565 3830 5604 re-

2143 5621 2293 5680 lictis
2318 5639 2459 5680 cum
2498 5623 2740 5695 juvene,
2765 5625 2880 5701 qui
2901 5627 3032 5700 ejus
3056 5629 3295 5688 servitio
3321 5628 3660 5698 deberent
3703 5638 3836 5699 insi-
