4020 6176
211 169 354 232 1393

1564 160 1944 221 ENCOMIUM.
1986 194 2054 206 -—
2103 167 2230 222 LIB.
2276 171 2338 223 ll.

211 297 390 352 stare.
426 299 492 352 Et
513 295 764 366 largitus
793 297 882 349 est
910 292 994 348 eis
1023 292 1410 350 abundanter
1447 289 1675 349 cibaria
1702 291 1759 344 et
1784 303 1892 360 po-
1931 292 1980 346 Α
2005 289 2165 347 benti
2192 292 2388 348 tremit
2432 291 2721 360 calamus,
2784 292 2932 348 dum
2990 293 3209 348 horreo
3255 308 3392 364 quae
3433 291 3670 364 juvenis

209 383 350 440 cula
379 388 437 439 et
464 384 598 456 ipse
625 382 705 439 ad
741 398 846 438 sua
877 381 1120 436 recessit
1179 383 1460 455 hospitia,
1513 395 1692 437 mane
1738 375 1892 432 redi-

206 475 403 540 turus,
434 477 502 528 ut
531 472 786 528 domino
812 487 922 526 suo
953 470 1204 527 serviret
1231 489 1368 528 cum
1408 471 1611 527 debita
1658 465 1894 523 honori-

201 557 471 616 ﬁcentia.
525 559 645 616 Sed
696 563 1019 633 postquam
1074 548 1602 616 manducaverant
1647 561 1703 614 et
1729 555 1894 611 bibe-

199 653 359 715 rant,
393 654 454 704 et
483 649 696 716 lectos,
731 652 932 720 utpote
963 647 1130 713 fessi,
1165 649 1422 705 libenter
1450 647 1847 706 ascenderant
1875 664 1888 712 ;

197 751 350 808 ecce,
375 738 714 811 complices
755 737 999 793 Haraldi
1045 737 1452 794 infandissimi
1491 736 1731 811 tyranni
1783 735 1889 791 ad-

195 831 343 883 sunt
369 831 430 884 et
461 827 710 898 singula
738 826 1000 900 hospitia
1025 827 1343 895 invadunt,
1391 845 1563 884 arma
1604 827 1888 882 innocen-

191 917 329 971 tum
387 916 671 973 virorum
725 915 920 972 furtivi
966 914 1199 986 tollunt,
1228 920 1287 972 et
1344 931 1447 972 eos
1487 913 1742 973 manicis
1783 912 1891 968 fer-

2003 396 2218 452 passus
2250 387 2338 438 est
2361 381 2763 438 beatissimus.
2801 382 3067 438 Evadam
3095 397 3240 450 ergo
3266 382 3507 438 brevius
3539 387 3671 438 tan-

2002 473 2072 526 tae
2102 471 2454 527 calamitatis
2481 470 2805 536 miseriam,
2835 472 3147 545 finemque
3177 472 3358 542 hujus
3403 471 3672 543 martyrii

2001 558 2119 615 ﬁne
2150 563 2320 616 tenus
2340 559 2767 633 perstringam.
2801 563 3077 633 Namque
3111 566 3199 617 est
3224 561 3303 617 ab
3331 561 3528 634 impiis
3551 566 3674 616 ten-

2003 653 2116 716 tus,
2149 649 2379 705 effossis
2409 648 2590 704 etiam
2620 648 2948 704 luminibus
2979 651 3341 722 impiissime
3380 655 3471 706 est
3520 651 3673 705 occi-

2002 759 2123 798 sus.
2158 745 2285 806 Qua
2311 757 2455 797 nece
2485 741 2768 813 perfecta,
2803 742 3157 816 relinquunt
3198 760 3417 816 corpus
3449 742 3674 799 exami-

1999 846 2074 886 ne
2105 830 2271 904 quod
2299 830 2506 886 ﬁdeles
2538 830 2749 886 Christi
2789 831 3076 886 monachi
3131 832 3348 887 scilicet
3396 831 3673 902 ejusdem

1998 919 2208 975 insulae
2231 919 2354 975 Heli
2384 919 2702 991 rapientes,
2737 919 3100 992 sepelierunt
3129 919 3473 976 honoriﬁce.
3507 925 3571 975 ln
3590 919 3674 974 lo-

3534 171 3670 224 1394
3737 162 3746 174 ’

185 1003 313 1060 reis
367 1010 428 1061 et
484 1005 890 1078 compedibus
940 1008 1193 1074 arctant,
1250 1010 1307 1060 et
1334 1009 1397 1061 ut
1444 1005 1782 1061 crucientur
1826 1002 1888 1058 in

181 1094 540 1151 crastinum
592 1099 852 1152 servant.
907 1097 1072 1151 Mane
1111 1098 1315 1150 autem
1371 1094 1530 1151 facto
1571 1093 1888 1152 adducun-

186 1186 287 1238 tur
346 1183 634 1243 insontes
681 1185 742 1241 in
784 1184 985 1240 medio
1032 1188 1087 1240 et
1137 1199 1262 1240 non
1301 1184 1490 1240 auditi
1520 1185 1889 1240 damnantur

1999 1027 2071 1066 co
2099 1015 2297 1065 auter;
2341 1007 2596 1081 sepulcri
2645 1009 2774 1080 ejus
2807 1009 2995 1066 multa
3048 1010 3202 1065 ﬁunt
3252 1007 3566 1076 miracula,
3612 1011 3673 1062 ut

1997 1099 2251 1172 quidam
2284 1097 2469 1164 aiunt,
2498 1097 2602 1170 qui
2633 1098 2814 1154 etiam
2865 1114 2930 1153 se
2981 1099 3110 1154 hinc
3153 1097 3372 1153 vidisse
3416 1095 3672 1168 smpissi-

1999 1204 2095 1243 me
2126 1188 2355 1244 dicunt.
2388 1189 2452 1241 Et
2481 1187 2689 1242 merito
2720 1205 2732 1242 :
2766 1187 3116 1244 innocenter
3147 1187 3308 1242 enim
3357 1186 3466 1241 fuit
3516 1201 3673 1242 mar-

193 1271 526 1329 scelerose.
566 1277 735 1341 Nam,
759 1271 1034 1329 omnium
1053 1272 1376 1328 exarmatis
1393 1273 1733 1345 vinetisque
1754 1275 1890 1343 post

197 1365 446 1432 tergum
471 1362 786 1429 manibus,
828 1359 1216 1418 atrocissimis
1246 1361 1444 1416 traditi
1475 1365 1620 1416 sunt
1648 1359 1888 1416 carniﬁ-

206 1450 400 1519 cibus,
437 1453 668 1524 quibus
696 1450 875 1507 etiam
898 1451 1138 1522 jussum
1168 1454 1256 1505 est
1303 1454 1366 1505 ut
1404 1449 1636 1505 nemini
1683 1465 1892 1521 parce-

210 1545 362 1606 rent,
397 1541 514 1596 nisi
542 1557 726 1614 quem
751 1556 878 1594 sors
909 1538 1144 1594 decima
1174 1537 1429 1594 offerret.
1449 1541 1616 1594 Tunc
1636 1542 1890 1594 tortores

2000 1277 2310 1350 tyrisatus,
2350 1274 2605 1348 ideoque
2637 1275 2891 1347 dignum
2937 1281 3025 1332 est
3072 1281 3138 1332 ut
3166 1292 3271 1348 per
3310 1291 3449 1330 eum
3501 1275 3672 1330 inno‘

2000 1361 2262 1417 centium
2305 1365 2649 1416 exerceatur
2677 1361 2883 1417 virtus.
2917 1361 3187 1416 Gaudeat
3231 1360 3409 1429 igitur
3457 1361 3671 1415 Emma

2001 1450 2209 1519 regina
2257 1449 2331 1504 de
2381 1453 2543 1505 tanto
2567 1449 2982 1521 intercessore,
3019 1450 3164 1523 quia
3192 1465 3376 1523 quem
3407 1449 3469 1504 in
3501 1448 3669 1504 terris

1999 1539 2215 1595 habuit
2244 1537 2454 1610 ﬁlium,
2488 1555 2648 1594 nunc
2679 1539 2861 1596 habet
2890 1540 2950 1595 in
2984 1540 3147 1595 ccelis
3177 1544 3521 1613 patronum.

215 1631 448 1687 vinctos
479 1629 803 1686 ordinatim
836 1628 1038 1683 sedere
1069 1628 1334 1683 fecerunt
1372 1633 1429 1683 et
1478 1627 1625 1684 satis
1676 1643 1891 1700 supra-
1931 1640 1976 1694 Β
2077 1633 2146 1684 At
2169 1627 2396 1698 regina,
2431 1629 2576 1684 tanti
2607 1628 2843 1684 sceleris
2875 1629 3138 1684 novitate
3176 1627 3470 1701 perculsa,
3521 1627 3671 1700 quid

219 1735 338 1793 que
363 1719 448 1774 eis
479 1719 856 1786 insultantes,
889 1717 1044 1772 illius
1082 1716 1471 1772 interfectoris
1502 1716 1781 1772 Thebaeas
1813 1715 1893 1770 le-

223 1808 418 1879 gionis
443 1807 720 1881 exemplo
752 1807 842 1863 usi
873 1811 1034 1871 sunt,
1093 1805 1198 1879 qui
1253 1806 1580 1862 decimavit
1621 1805 1891 1878 primum

220 1898 570 1954 innocentes
597 1895 783 1951 multo
813 1895 905 1950 his
930 1895 1154 1951 mitius.
1212 1894 1308 1950 Ille
1361 1895 1524 1950 enim
1563 1910 1667 1949 rex
1697 1909 1888 1966 paga-

224 1988 536 2046 nissimus.
570 1986 1040 2042 Christianorum
1085 2001 1304 2040 novem
1351 1984 1636 2058 pepercit,
1687 1983 1890 2040 occiso

226 2076 480 2133 decimo.
515 2075 610 2132 Ille
636 2075 771 2131 licet
800 2090 1078 2148 paganus
1124 2074 1492 2130 Christianos
1545 2073 1887 2141 trucidaret,

221 2165 431 2239 patulo
454 2170 652 2221 tamen
680 2165 743 2219 in
773 2179 991 2235 campo
1021 2178 1124 2218 eos
1153 2162 1406 2218 nexibus
1460 2178 1585 2218 non
1637 2161 1889 2218 irretitos

220 2253 504 2310 decollari
539 2253 736 2324 jussit,
766 2257 830 2308 ut
859 2251 1154 2322 gloriosos
1201 2251 1433 2306 milites.
1495 2255 1569 2306 At
1607 2250 1705 2307 isti
1755 2251 1888 2306 licet

220 2343 468 2399 nomine
499 2341 834 2412 Christiani,
865 2345 1001 2397 actu
1041 2345 1243 2397 tamen
1292 2339 1711 2413 paganissimi,
1756 2339 1887 2396 lan-

221 2433 528 2489 ceolarum
555 2449 802 2488 suarum
832 2432 984 2487 ictus
1014 2447 1138 2486 non
1174 2435 1470 2486 merentes
1493 2431 1709 2486 heroas
1735 2435 1889 2486 cate-

219 2529 398 2578 natos
430 2521 777 2578 mactabant
808 2525 871 2576 ut
900 2537 1057 2576 sues.
1089 2521 1254 2575 Unde
1305 2519 1730 2590 hujuscemodi
1774 2523 1888 2574 tor-

221 2619 381 2667 tores
411 2611 662 2667 canibus
692 2609 1015 2666 deteriores
1044 2609 1224 2679 digne
1257 2609 1464 2665 omnia
1507 2607 1718 2664 dicunt
1775 2623 1886 2663 sa:-

219 2700 375 2767 cula,
405 2701 508 2773 qui
538 2715 660 2755 non
685 2698 905 2754 militiae
937 2697 1236 2763 violentia,
1267 2697 1368 2753 sed
1402 2697 1706 2752 fraudium
1747 2712 1886 2752 sua-

221 2806 360 2845 rum
406 2788 640 2844 insidiis
696 2793 779 2844 tot
831 2786 1087 2843 militum
1133 2787 1384 2842 honesta
1439 2787 1888 2842 damnaverunt

221 2893 492 2950 corpora.
545 2876 874 2943 Quosdam,
933 2880 996 2931 ut
1043 2875 1271 2930 dictum
1322 2880 1428 2945 est,
1483 2876 1883 2948 perimebant,

2003 1717 2159 1773 facto
2208 1733 2364 1790 opus
2404 1719 2478 1774 sit
2521 1723 2717 1774 mente
2766 1719 3106 1774 considerat
3163 1719 3358 1774 tacita.
3421 1718 3668 1773 Animus

2002 1807 2182 1877 igitur
2211 1807 2342 1878 ejus
2370 1806 2641 1862 diversus
2663 1807 2782 1863 huc
2813 1807 3074 1879 illucque
3105 1807 3334 1880 rapitur
3363 1811 3420 1863 et
3449 1823 3510 1862 se
3537 1823 3668 1862 am-

2004 1896 2161 1968 plius
2211 1900 2386 1952 tantm
2435 1895 2701 1969 perfidia:
2744 1895 2983 1951 credere
3033 1901 3388 1964 cunctatur;
3443 1897 3670 1968 quippe

2003 2000 2141 2056 quae
2166 1985 2461 2057 perempti
2489 1983 2590 2039 ﬁlii
2629 1983 3138 2040 inconsolabiliter
3189 1982 3672 2040 confundebatur

2002 2089 2280 2142 maerore,
2314 2089 2526 2128 verum
2574 2072 2762 2128 multo
2808 2072 3070 2144 amplius
3121 2091 3193 2130 ex
3223 2072 3495 2144 ejusdem
3527 2086 3670 2127 con-

2003 2161 2315 2217 solabatur
2352 2166 2510 2218 certa
2539 2162 2763 2234 requie.
2800 2161 2945 2216 Hinc
2975 2161 3221 2234 duplici,
3276 2166 3341 2218 ut
3386 2161 3668 2226 diximus,

2002 2251 2340 2321 angebatur
2390 2267 2598 2318 causa,
2658 2251 2818 2306 necis
2874 2250 3142 2307 videlicet
3191 2251 3296 2307 ﬁlii
3343 2248 3671 2306 miserabili

2001 2340 2302 2406 mmstitia,
2331 2346 2459 2396 tum
2487 2357 2630 2396 vero
2658 2339 2901 2412 reliquae
2934 2356 3057 2394 sum
3089 2341 3219 2396 vitae
3246 2339 3671 2410 dignitatisque

2000 2425 2355 2482 difﬁdentia.
2393 2428 2508 2484 Sed
2538 2427 2801 2483 fortassis
2849 2428 2945 2482 hic
2997 2427 3145 2483 mihi
3174 2428 3424 2500 quilibet
3452 2427 3672 2482 clama-

1999 2513 2103 2582 bit,
2132 2531 2319 2587 quem
2359 2515 2510 2572 livor
2534 2516 2784 2586 hujusce
2832 2515 3095 2570 dominae
3144 2516 3398 2572 lividum
3454 2531 3668 2571 onero-

2000 2619 2257 2675 sumque
2279 2604 2479 2661 reddit
2511 2621 2523 2660 :
2556 2605 2670 2660 Cur
2695 2604 2908 2660 eadem
2955 2621 3103 2660 nece
3141 2605 3298 2661 mori
3348 2604 3665 2669 refutabat,

1998 2707 2132 2764 quae
2176 2693 2292 2748 sub
2341 2693 2458 2750 hac
2510 2693 2845 2766 proditione
2890 2699 3171 2750 necatum
3217 2693 3408 2749 ﬁlium
3447 2698 3669 2749 aeterna

1995 2781 2201 2854 requie
2243 2780 2362 2838 frui
2417 2783 2757 2840 nullatenus
2802 2783 3164 2840 dubitabat?
3217 2784 3307 2840 Ad
3351 2783 3518 2856 quod
3568 2782 3668 2839 de-

1997 2870 2378 2943 struendum,
2435 2873 2536 2930 tali
2590 2873 2979 2946 responsione
3034 2889 3251 2930 censeo
3304 2872 3594 2929 utendum
3650 2890 3662 2927 :

220 2966 520 3040 quosdam
552 2981 694 3022 vero
724 2982 846 3021 suae
894 2965 1161 3020 servituti
1217 2965 1667 3038 mancipabant.
1724 2965 1886 3021 Alios
1925 2991 1965 3047 ρ
1998 2958 2296 3025 Quoniam
2329 2960 2378 3016 si
2421 2966 2765 3034 persecutor
2793 2961 3138 3019 Christianae
3167 2961 3470 3033 religionis
3502 2959 3668 3016 ﬁdei-

219 3073 380 3127 cmca
410 3055 688 3129 cupidine
720 3056 877 3129 capti
906 3055 1268 3125 vendebant,
1316 3055 1640 3112 nonnullos
1679 3061 1883 3113 autem

217 3150 478 3202 arctatos
507 3143 760 3199 vinculis
790 3143 1006 3215 majori
1033 3143 1294 3200 irrisioni
1320 3144 1728 3200 reservabant.
1770 3144 1886 3200 Sed

217 3233 424 3291 divina
461 3233 765 3290 miseratio
794 3249 919 3290 non
964 3232 1151 3288 defuit
1180 3232 1598 3289 innocentibus
1624 3234 1686 3289 in
1716 3237 1885 3290 tanto

216 3323 562 3380 discrimine
593 3322 1080 3390 consistentibus,
1111 3323 1257 3395 quia
1301 3322 1523 3378 multos
1579 3323 1693 3396 ipsi
1738 3323 1885 3379 vidi-

216 3431 383 3480 mus,
437 3429 593 3486 quos
640 3429 712 3468 ex
759 3411 859 3468 illa
889 3411 1185 3468 derisione
1217 3411 1433 3484 eripuit
1462 3412 1712 3479 caelitus,
1757 3413 1885 3469 sine

217 3501 587 3558 adminiculo
645 3501 906 3558 hominis
959 3502 1146 3574 ruptis
1206 3501 1583 3556 manicarum
1648 3517 1887 3574 compe-

215 3591 490 3664 dumque
516 3591 809 3647 obicibus.

293 3683 444 3752 Ergo
473 3681 616 3753 quia
643 3680 895 3736 militum
922 3695 1148 3749 agones
1190 3679 1540 3734 succinctim
1589 3684 1885 3736 transcur-

213 3771 430 3838 rimus,
465 3774 736 3843 superest
763 3775 829 3825 ut
857 3774 915 3826 et
935 3786 1144 3825 eorum
1174 3769 1478 3841 principis,
1505 3769 1750 3839 gloriosi
1780 3770 1887 3826 sci-

214 3859 356 3915 licet
387 3858 592 3914 Alfridi
618 3858 974 3931 martyrium
1001 3857 1306 3914 narrando
1329 3857 1542 3912 seriem
1565 3857 1884 3914 locutionis

216 3949 682 4015 abbreviemus;
717 3964 791 4002 ne
815 3947 983 4016 forte,
1040 3947 1086 4002 si
1128 3946 1472 4017 singulatim
1515 3947 1720 4003 omnia
1750 3965 1884 4021 quae

216 4039 273 4094 ei
303 4043 434 4094 acta
463 4042 603 4093 sunt
633 4037 1026 4109 perstringere
1057 4036 1444 4106 voluerimus,
1500 4036 1700 4092 multis
1751 4037 1883 4092 ubi-

214 4143 339 4201 que
362 4126 658 4199 praecipue
679 4125 941 4181 dominte
974 4124 1190 4194 reginae
1218 4123 1487 4180 dolorem
1525 4124 1882 4198 multiplice-

215 4233 378 4272 mus.
413 4218 540 4282 Qua
572 4215 631 4270 in
653 4231 736 4286 re,
763 4231 912 4286 rogo
943 4219 1018 4280 te,
1051 4213 1318 4279 domina,
1351 4229 1426 4268 ne
1457 4214 1727 4286 requiras
1754 4232 1882 4272 am-

214 4306 378 4380 plius
407 4321 592 4378 quam
621 4305 734 4359 hoc
763 4302 929 4377 quod
957 4302 1055 4359 tibi
1080 4302 1383 4374 parcendo
1416 4302 1670 4360 breviter
1695 4305 1880 4361 dictu-
1918 4336 1963 4390 Β

210 4394 266 4450 ri
296 4411 521 4450 sumus.
542 4396 784 4449 Possent
812 4392 973 4448 enim
1005 4391 1192 4448 multa
1221 4392 1358 4463 dici,
1384 4393 1432 4447 si
1465 4409 1586 4448 non
1617 4398 1717 4451 tuo
1747 4412 1885 4468 par-

214 4500 492 4541 ceremus
544 4483 755 4538 dolori.
817 4486 913 4538 Est
965 4481 1190 4555 quippe
1241 4481 1441 4536 nullus
1484 4483 1657 4539 dolor
1685 4489 1882 4558 major

212 4573 395 4629 matri
423 4589 610 4645 quam
639 4571 835 4626 videre
863 4570 958 4627 vel
991 4569 1198 4626 audire
1230 4575 1484 4626 mortem
1512 4572 1881 4635 dilectissimi

213 4662 343 4717 ﬁlii.
380 4665 600 4733 Captus
640 4665 728 4715 est
774 4660 951 4729 igitur
993 4660 1192 4730 regius
1218 4659 1458 4730 juvenis
1487 4660 1644 4717 clam
1677 4681 1786 4721 suo
1815 4668 1875 4722 in

215 4746 478 4818 hospitio
506 4745 879 4817 eductusque
906 4744 966 4799 in
997 4744 1196 4799 insula
1224 4743 1344 4798 Heli
1373 4743 1530 4801 dicta
1563 4765 1576 4812 ;
1632 4763 1666 4802 a
1698 4747 1879 4805 milite

214 4834 484 4907 primum
514 4832 720 4888 irrisus
751 4837 839 4887 est
883 4831 1298 4904 iniquissimo;
1353 4832 1571 4890 deinde
1619 4842 1881 4893 contem-

212 4922 546 4996 ptibiliores
574 4922 892 4992 eliguntur,
927 4926 989 4977 ut
1014 4922 1232 4976 horum
1258 4922 1335 4977 ab
1381 4923 1614 4981 insania
1644 4926 1880 4982 flendus

205 5011 452 5084 juvenis
481 5010 856 5081 dijudicetur.
891 5010 999 5075 Qui
1026 5008 1259 5080 judices
1306 5013 1627 5084 constituti,
1679 5014 1879 5071 decre-

213 5105 435 5155 verunt
460 5099 540 5155 illi
561 5098 780 5155 debere
809 5098 967 5154 oculi
1004 5098 1237 5170 utrique
1296 5097 1522 5172 [oculos
1575 5105 1877 5176 utrosque]

214 5189 300 5245 ad
327 5193 734 5262 contemptum
759 5188 1020 5260 primum
1054 5187 1197 5242 erui.
1227 5189 1394 5250 Quod
1426 5196 1750 5264 postquam
1775 5209 1880 5266 pa-

213 5283 354 5335 rant
394 5278 694 5351 perﬁcere,
749 5277 870 5332 duo
927 5275 1007 5332 illi
1051 5292 1229 5349 super
1277 5276 1524 5334 brachia
1549 5287 1876 5352 ponuntur,

215 5363 324 5436 qui
376 5363 610 5418 interim
659 5365 922 5417 tenerent
967 5360 1066 5417 illa
1123 5365 1179 5415 et
1221 5377 1374 5416 unus
1421 5379 1600 5434 super
1647 5371 1874 5438 pectus,

215 5463 498 5519 unusque
530 5463 710 5519 super
739 5462 932 5514 crura,
963 5450 1023 5500 ut
1053 5445 1134 5500 sic
1178 5443 1406 5500 facilius
1445 5446 1527 5501 illi
1565 5448 1878 5506 inferretur

216 5548 420 5606 pcena.
455 5531 566 5599 Qui
593 5532 708 5587 hoc
737 5531 798 5586 in
828 5529 1032 5585 dolore
1063 5529 1330 5584 detineor
1349 5530 1376 5585 ?
1421 5531 1551 5586 Mihi
1595 5532 1708 5604 ipsi
1737 5535 1877 5590 scri-

1995 3064 2113 3121 que
2143 3048 2405 3120 adesset,
2445 3066 2568 3106 non
2623 3050 2749 3106 vitae
2798 3051 3121 3107 discrimen
3163 3051 3362 3107 subire
3414 3051 3663 3120 fugeret.

1997 3141 2312 3208 Caeterum,
2365 3140 2663 3196 nefarium
2708 3145 2764 3196 et
2814 3140 3180 3196 exsecrabile
3212 3142 3440 3197 cunctis
3470 3142 3668 3197 ortho-

1997 3227 2168 3282 doxis
2193 3227 2496 3284 videretur
2529 3229 2599 3299 si,
2634 3229 2962 3285 ambitione
2993 3231 3207 3285 terreni
3238 3231 3495 3304 imperii,
3535 3230 3665 3287 talis

1997 3317 2174 3372 famae
2207 3322 2487 3374 matrona
2508 3318 2629 3374 vita
2648 3319 3016 3392 privaretur;
3058 3335 3133 3375 ne
3159 3320 3423 3392 profecto
3454 3319 3660 3387 emori,

1997 3405 2250 3462 fortunis
2277 3411 2457 3462 tantae
2489 3407 2751 3464 dominae
2779 3409 3069 3465 honestus
3107 3409 3297 3465 exitus
3343 3409 3664 3465 haberetur

1999 3496 2092 3567 (1).
2129 3496 2264 3551 Herc
2297 3500 2353 3552 et
2376 3496 2469 3552 his
2500 3497 2716 3554 similia
2745 3503 2882 3554 ante
2909 3499 3116 3555 oculos
3146 3515 3400 3572 ponens,
3432 3503 3489 3554 et
3515 3498 3663 3554 illud

1997 3584 2408 3641 authenticum
2453 3586 2776 3642 Dominicaa
2812 3588 3238 3645 exhortationis
3295 3593 3662 3661 praeceptum

1997 3674 2122 3730 suis
2174 3673 2428 3730 fortunis
2470 3674 2848 3732 conducibile
2899 3693 3170 3748 censens,
3224 3693 3346 3749 quo
3392 3677 3663 3734 videlicet

1997 3763 2193 3819 electis
2217 3763 2499 3820 insinuat.
2536 3765 2828 3831 Quoniam
2855 3768 2910 3820 si
2940 3768 3239 3836 persecuti
3288 3782 3387 3822 vos
3425 3768 3663 3835 fuerint

1996 3854 2058 3908 in
2091 3867 2216 3908 una
2245 3854 2504 3919 civitate,
2536 3855 2734 3924 fugite
2761 3854 2825 3908 in
2847 3856 3070 3925 aliam;
3087 3871 3196 3926 pro
3219 3872 3328 3909 suo
3351 3871 3498 3910 casu
3523 3871 3660 3927 spes

1999 3940 2141 3998 satis
2170 3940 2455 3996 honestas
2483 3941 2727 4012 reliqua:
2757 3940 3063 4010 dignitatis
3091 3943 3520 3997 conservandae
3560 3959 3659 3998 ex-

1997 4028 2353 4102 sequitur,et
2382 4027 2628 4083 tandem
2649 4029 2840 4098 gratia
2869 4029 3112 4100 superni
3140 4034 3444 4101 respectus
3471 4030 3659 4086 consi-

1994 4121 2074 4176 lio
2107 4119 2303 4174 solerti
2335 4118 2533 4173 utitur.
2569 4121 2806 4174 Exteras
2834 4121 3109 4174 nationes
3133 4124 3330 4193 petere
3371 4119 3486 4176 sibi
3517 4121 3656 4178 utile

1996 4208 2198 4276 credit,
2231 4207 2397 4281 quod
2445 4207 2649 4277 sagaci
2695 4207 2927 4263 ratione
2968 4207 3086 4264 ﬁne
3143 4214 3315 4265 tenus
3361 4210 3652 4283 perducit.

1994 4303 2216 4355 Tamen
2243 4312 2398 4370 quas
2423 4295 2568 4368 petit
2586 4311 2709 4352 non
2739 4300 3012 4353 externas
3043 4298 3154 4354 sibi
3193 4302 3437 4372 experta
3464 4305 3552 4357 est
3571 4300 3654 4356 fo-

1995 4403 2078 4458 re,
2108 4386 2242 4459 quis
2268 4385 2530 4458 [quibus]
2556 4385 2890 4441 immorans
2921 4387 3087 4443 haud
3114 4405 3283 4444 secus
3303 4405 3372 4444 ac
3403 4389 3527 4444 suis
3554 4405 3654 4445 co-

1989 4476 2128 4532 litur
2157 4474 2596 4530 decentissime.
2652 4474 2834 4545 Igitur
2884 4491 2994 4548 pro
3047 4493 3108 4532 re
3143 4481 3322 4548 atque
3361 4482 3648 4548 tempore,

1989 4581 2176 4638 quam
2197 4563 2490 4636 plurimos
2509 4568 2705 4637 potest
2734 4563 2845 4619 sibi
2871 4564 3027 4620 ﬁdos
3057 4564 3377 4636 optimates
3409 4579 3653 4634 congre-

1989 4658 2109 4722 gat,
2135 4652 2228 4708 his
2258 4652 2650 4724 praesentibus
2681 4657 2906 4708 secreta
2935 4653 3131 4707 cordis
3161 4652 3251 4706 sui
3281 4652 3571 4709 enucleat.
3604 4659 3650 4710 Α

1989 4743 2212 4814 quibus
2237 4743 2412 4798 etiam
2437 4742 2581 4797 inito
2607 4741 2867 4795 dominae
2889 4740 3144 4811 probato
3183 4740 3454 4808 consilio,
3488 4759 3650 4798 com-

1989 4838 2224 4888 meatus
2247 4831 2526 4887 classium
2557 4846 2764 4885 eorum
2796 4834 3122 4901 apparatur
3169 4829 3393 4886 exsilio.
3447 4836 3648 4903 Itaque

1988 4921 2290 4994 prosperis
2321 4919 2412 4975 usi
2443 4919 2681 4974 ﬂatibus
2709 4917 3112 4984 transfretant,
3159 4923 3214 4975 et
3243 4919 3482 4976 cuidam
3534 4925 3650 4976 sta-

1990 5011 2134 5067 tioni
2159 5010 2323 5066 haud
2353 5009 2530 5078 longe
2556 5024 2592 5064 a
2621 5007 2866 5064 castello
2893 5009 3184 5078 Brugensi
3229 5008 3470 5065 distanti
3519 5025 3646 5065 sese

1988 5098 2311 5172 applicant.
2365 5097 2485 5152 Hoc
2532 5096 2844 5153 castellum
2901 5096 3362 5153 Flandrensibus
3415 5097 3643 5154 colonis

1987 5186 2280 5254 incolitur,
2313 5185 2478 5258 quod
2511 5190 2636 5240 tum
2666 5185 2998 5257 frequentia
3027 5187 3484 5256 negatiatorum,
3519 5192 3646 5243 tum

1989 5276 2295 5334 afﬂuentia
2351 5274 2625 5330 omnium
2653 5290 2790 5347 quae
2841 5274 3038 5346 prima
3075 5274 3357 5331 mortales
3395 5276 3643 5345 ducunt,

1986 5361 2458 5419 famosissimum
2480 5360 2754 5416 habetur.
2791 5359 2894 5415 Hic
2924 5359 3203 5432 equidem
3232 5376 3268 5416 a
3299 5362 3646 5419 marchione

1987 5447 2260 5520 ejusdem
2287 5445 2608 5520 provinciae
2641 5443 2928 5501 Balduino
2958 5445 3164 5514 magni
3189 5449 3246 5500 et
3275 5445 3646 5503 invictissimi

1983 5531 2271 5606 principis
2301 5530 2444 5598 ﬁlio,
2469 5531 2718 5602 ejusque
2748 5529 3003 5600 conjuge
3036 5529 3264 5597 Athala,
3305 5545 3441 5602 quae
3471 5531 3646 5588 inter~

294 5639 370 5711 (t)
410 5637 511 5697 Hic
538 5638 800 5701 imitatur
820 5639 1028 5722 auctor
1051 5637 1236 5692 verba
1269 5637 1638 5708 Adherbalis,
1667 5639 1833 5712 apud
1863 5638 2236 5710 Sallustium,
2261 5639 2322 5695 in
2354 5638 2647 5708 Jugurth.
