3988 6182
410 167 546 220 {395

1263 162 1471 218 EMME
1509 160 1784 221 REGINE
1822 157 2211 221 ANGLOBUI
2251 159 2627 219 ENCOMIUM.
2659 190 2730 199 —
2758 158 2886 213 LIB.
2915 157 2983 212 II.

3696 157 3806 221 t3“

403 291 670 360 pretatur
697 287 1086 355 nobilissima,
1118 285 1486 345 Francorum
1523 283 1679 355 regis
1724 282 1962 343 Roberti
2005 285 2063 342 et
2094 283 2144 339 Α
2175 285 2401 355 pestate
2427 283 2653 351 sedata,
2686 282 2990 358 prosperis
3018 280 3261 339 ﬂatibus
3290 280 3455 339 sinus
3477 282 3697 358 pandit
3734 300 3807 343 vs-

403 377 626 448 reginaa
658 372 1015 432 Constantine
1045 371 1167 432 tilia
1195 372 1546 444 honoriﬁce,
1578 372 1662 433 uti
1716 388 1779 433 se
1806 371 2064 442 dignum

406 470 551 535 erat,
583 462 881 535 recipitur.
911 466 958 520 Α
983 461 1204 536 quibus
1234 462 1498 523 etiamin
1530 462 1798 535 predicto
1843 461 2064 519 domus

404 554 587 624 regali
615 550 884 624 sumptui
915 555 1057 625 apta
1086 552 1283 611 eidem
1312 552 1534 624 reginae
1564 552 1858 621 tribuitur,
1890 554 2063 611 caete-

405 658 540 699 rum
571 640 894 698 obsonium
922 641 1181 712 benigne
1212 642 1475 703 offertur.
1509 644 1654 709 Quin
1708 641 1927 714 partim
1963 639 2065 703 illa

402 747 542 787 cum
593 730 923 801 gratiarum
977 730 1209 789 actione
1240 731 1508 804 suscipit,
1539 730 1881 805 partimque
1935 745 2063 791 sese

401 835 526 877 non
545 820 814 892 indigere
843 820 1303 894 quodammodo
1328 821 1605 883 ostendit.

474 910 537 966 In
560 914 730 968 tanta
758 909 935 981 igitur
954 910 1151 982 posita
1180 910 1518 982 securitate,
1548 910 1777 982 legatos
1799 927 1909 967 suo
1940 909 2064 969 ﬁlio

402 999 579 1057 mittit
604 999 854 1056 Ewardo
882 998 1250 1072 postulatum
1288 1016 1363 1059 ne
1388 1016 1597 1059 versus
1651 1016 1715 1059 se
1751 1000 2062 1073 pigritare-

403 1094 500 1146 tur
526 1089 743 1146 venire.
776 1089 1005 1155 Quibus
1034 1088 1128 1147 ille
1159 1088 1498 1149 obaudiens
1526 1106 1753 1162 equum
1783 1104 2063 1149 conscen-

403 1179 509 1250 dit,
532 1182 590 1236 et
614 1178 692 1234 ad
724 1182 973 1237 matrem
1006 1194 1197 1251 usque
1224 1178 1509 1252 pervenit.
1547 1179 1657 1237 Sed
1691 1179 1795 1239 ubi
1848 1179 1935 1238 eis
1965 1195 2063 1234 co-

402 1266 504 1340 pia
531 1266 674 1323 data
703 1271 791 1323 est
820 1270 1030 1327 mutuo
1058 1266 1369 1339 loquendi,
1403 1266 1561 1325 ﬁlius
1592 1283 1655 1324 se
1686 1267 1893 1325 matris
1947 1266 2063 1325 for-

403 1360 579 1413 tunas
611 1356 820 1412 edocet
872 1356 1161 1424 miserari,
1213 1356 1319 1413 sed
1371 1356 1724 1419 nullomodo
1753 1373 1931 1430 posse
1959 1372 2063 1415 au-

402 1446 616 1517 xiliari,
653 1463 793 1502 cum
820 1446 1051 1517 Anglici
1089 1446 1407 1519 optimates
1461 1446 1695 1505 nullum
1726 1446 1778 1503 ei
1820 1446 2065 1507 fecerint

397 1536 828 1607 jusjurandum
862 1554 876 1603 ;
906 1552 1041 1608 quin
1068 1552 1162 1591 res
1221 1535 1531 1595 indicabat
1572 1552 1608 1593 a
1667 1536 1844 1597 fratre
1899 1535 2060 1593 auxi~

2174 371 2371 431 lorum
2402 391 2415 439 ;
2459 372 2664 445 sicque
2696 372 2959 429 secundo
2989 388 3135 431 usus
3172 386 3378 443 cursu,
3434 371 3516 429 ad
3579 373 3808 447 Βωκω-

2174 477 2300 523 sem
2333 478 2460 519 sese
2492 461 2781 535 applicuit
2799 465 3061 534 portum.
3091 461 3190 517 Hic
3241 461 3521 519 anchoris
3560 462 3809 521 rudibus-

2172 566 2291 623 que
2320 550 2579 609 navibus
2609 550 2824 623 afﬁxis,
2873 554 2930 607 et
2976 550 3173 609 nautis
3217 550 3327 623 qui
3379 566 3484 606 eas
3531 558 3812 612 servarent

2173 639 2480 712 expeditis,
2510 642 2669 696 recta
2701 656 2765 695 se
2794 638 2892 697 via
2921 654 3060 695 cum
3085 638 3327 697 delectis
3379 638 3460 697 ad
3508 638 3810 715 hospitium

2170 726 2372 797 dirigit
2397 727 2624 799 matris.
2655 727 2859 795 Qualis
2882 743 3025 797 ergo
3054 743 3296 799 mceror,
3318 726 3644 800 qualisque
3692 727 3811 787 lati-

2172 818 2253 877 tia
2304 818 2366 878 in
2417 818 2547 889 ejus
2595 816 2859 875 adventu
2912 816 3087 875 fuerit
3134 821 3360 885 exorta,
3387 816 3566 876 nulla
3604 817 3809 875 tibiun-

2177 923 2366 980 quam
2415 907 2736 981 explicabit
2783 907 3025 979 pagina.
3094 905 3271 963 Dolor
3321 906 3493 965 haud
3567 907 3810 967 modicus

2172 997 2529 1065 habebatur,
2585 997 2733 1057 dum
2789 997 2851 1053 in
2907 997 3068 1055 vultu
3118 997 3250 1067 ejus
3295 996 3519 1057 faciem
3547 999 3809 1072 perempti

2173 1086 2366 1143 fratris
2397 1092 2586 1145 mater
2615 1086 2882 1159 quadam
2922 1086 3350 1157 imaginatione
3398 1087 3808 1162 contemplare-

2172 1180 2284 1231 tur.
2312 1176 2453 1233 Item
2481 1176 2702 1245 gaudio
2743 1192 2965 1247 magno
2989 1176 3313 1247 gaudebat,
3346 1176 3499 1235 dum
3555 1177 3806 1252 supersti.

2172 1270 2291 1325 tem
2359 1266 2595 1326 salvum
2649 1265 2859 1327 adesse
2911 1265 3023 1322 sibi
3071 1266 3333 1325 videbat.
3388 1265 3564 1325 Unde
3621 1266 3807 1325 viscera

2170 1353 2388 1413 divinae
2446 1354 2866 1413 misericordiae
2922 1371 2986 1415 se
3044 1354 3269 1411 sciebat
3335 1354 3655 1429 respicere,
3694 1371 3806 1414 cum

2169 1443 2445 1501 nondum
2471 1444 2566 1501 tali
2598 1444 2982 1505 frustraretur
3007 1444 3318 1505 solamine.
3347 1447 3467 1505 Nec
3502 1444 3681 1514 longo
3700 1450 3807 1517 post

2170 1532 2292 1592 ﬁlio
2314 1549 2450 1591 cum
2479 1538 2668 1593 matre
2695 1539 2965 1593 morante
2983 1539 3038 1589 et
3065 1539 3411 1593 memoratas
3432 1533 3681 1591 visionis
3700 1550 3804 1609 pro-

400 1624 547 1681 lium
581 1624 1003 1697 expetendum.
1028 1624 1129 1680 His
1158 1624 1240 1681 ita
1260 1624 1461 1695 gestis,
1496 1625 1824 1686 Edwardus
1857 1625 2062 1682 North-
2101 1637 2145 1699 Β
2171 1623 2351 1681 misse
2391 1628 2793 1694 exspectante,
2828 1623 3019 1680 nuntii
3045 1623 3181 1680 lmta
3227 1622 3487 1680 ferentes
3526 1624 3722 1681 nuntia
3744 1622 3803 1681 ad

401 1713 714 1770 manniam
779 1713 1097 1783 revehitur,
1141 1717 1198 1769 et
1225 1729 1396 1770 mens
1419 1713 1641 1783 reginae
1666 1713 1814 1787 quid
1844 1713 1955 1770 sibi
1977 1713 2061 1773 fo-

399 1807 487 1859 ret
514 1803 839 1873 agendum,
873 1802 1052 1861 etiam
1083 1818 1245 1859 nunc
1294 1807 1627 1861 cunctatur.
1690 1806 1829 1861 Post
1880 1803 2056 1875 cujus

402 1892 681 1962 reditum,
709 1891 950 1948 nuntios
974 1891 1414 1949 Hardecnutoni
1436 1891 1558 1951 tilio
1590 1910 1699 1949 suo
1729 1893 1908 1963 legat,
1954 1893 2060 1965 qui

403 1986 544 2037 tunc
575 1980 859 2053 temporis
898 1980 1166 2050 regimen
1220 1983 1525 2039 Danorum
1568 1981 1898 2051 obtinebat,
1954 1998 2061 2054 per

402 2087 557 2145 quos
590 2070 683 2125 sui
708 2069 931 2127 doloris
962 2069 1285 2126 novitatem
1310 2070 1500 2142 aperit
1525 2074 1582 2127 et
1612 2075 1676 2128 ut
1704 2071 1784 2129 ad
1813 2087 1875 2127 se
1904 2070 2065 2131 venio

401 2176 465 2216 re
495 2158 856 2233 quantocius
886 2162 1144 2217 maturet
1167 2158 1330 2231 petit.
1364 2159 1546 2231 Cujus
1571 2175 1746 2217 aures
1804 2164 1869 2219 ut
1916 2159 2063 2219 tanti

405 2249 642 2306 sceleris
663 2251 874 2305 horror
898 2248 1166 2316 incussit,
1199 2248 1395 2322 primo
1423 2250 1697 2307 omnium
1730 2265 1901 2307 mens
1930 2250 2061 2321 ejus

400 2338 759 2398 intolerabili
787 2338 1003 2394 obtusa
1031 2337 1237 2395 dolore
1287 2338 1349 2395 in
1405 2338 1777 2396 consulendo
1825 2339 2058 2401 fatiscit.

401 2429 663 2486 Ardebat
705 2428 866 2485 enim
923 2430 1150 2497 animo,
1205 2427 1400 2485 fratris
1456 2428 1705 2501 injurias
1736 2429 1927 2487 ultum
1953 2429 2058 2501 ire,

401 2518 525 2573 imo
555 2517 736 2575 etiam
765 2517 974 2573 matris
998 2517 1282 2587 legationi
1336 2533 1565 2591 parere.
1622 2517 1768 2574 Hinc
1828 2518 2059 2591 utrique

402 2606 485 2662 rei
514 2606 875 2679 praevidens,
903 2621 1090 2678 quam
1120 2606 1421 2664 maximas
1444 2611 1640 2679 potest
1667 2607 1917 2665 navium
1954 2607 2063 2664 mir

398 2696 693 2769 litumque
720 2695 972 2767 icopias,
1006 2698 1101 2751 En.
1128 2696 1214 2766 P.]
1244 2699 1436 2768 parat,
1486 2712 1749 2768 quorum
1803 2696 2058 2769 amplio-

399 2802 527 2841 rem
551 2801 875 2845 numerum
898 2784 1168 2856 quodam
1199 2784 1383 2840 maris
1407 2784 1470 2841 in
1500 2784 1757 2843 intractu
1785 2784 2057 2856 collocat,

399 2876 505 2948 qui
558 2874 605 2929 si
652 2874 803 2929 inter
855 2873 1123 2929 eundum
1183 2873 1297 2929 sibi
1358 2873 1532 2947 copia
1582 2874 1916 2947 pugnandi,
1949 2891 2059 2932 seu

398 2964 579 3020 etiam
604 2962 924 3019 necessitas
962 2963 1342 3036 repugnandi
1398 2964 1713 3035 accideret,
1776 2964 2057 3039 praesidio
2086 2990 2130 3051 ο

397 3051 763 3109 adventaret.
805 3052 1117 3122 Caeterum,
1172 3067 1296 3108 non
1341 3053 1600 3127 amplius
1648 3053 1857 3115 decem
1886 3053 2057 3111 navi-

395 3141 513 3198 bus
545 3156 607 3197 se
629 3138 1056 3196 comitantibus
1080 3141 1155 3197 ad
1186 3145 1440 3198 matrem
1468 3142 1887 3215 proﬁciscitur,
1919 3158 2057 3215 quas

394 3247 518 3288 non
556 3230 807 3293 minima
838 3229 1061 3287 doloris
1114 3232 1409 3289 anxietate
1462 3231 1844 3302 fatigabatur.
1904 3233 2058 3290 Dum

392 3324 571 3395 igitur
597 3339 890 3397 prospero
916 3323 1119 3380 cursui
1148 3323 1355 3381 intenti
1396 3339 1520 3383 non
1547 3324 1732 3380 modo
1789 3323 2057 3380 certatim

394 3429 644 3486 spumas
701 3412 842 3468 salis
898 3427 1014 3468 sere
1056 3412 1315 3469 ruebant
1344 3416 1445 3483 (2),
1470 3428 1681 3469 verum
1712 3412 1891 3469 etiam
1921 3427 2059 3484 sup.

394 3518 544 3575 para
602 3498 873 3557 velorum
932 3500 1213 3557 secundis
1264 3500 1507 3557 ﬂatibus
1563 3501 1933 3567 attollebant,
1995 3503 2060 3557 ut

394 3590 580 3645 maris
607 3588 787 3644 facies
818 3604 943 3643 non
972 3605 1247 3661 unquam
1274 3593 1452 3655 certa,
1489 3588 1597 3645 sed
1645 3605 1884 3661 semper
1930 3604 2055 3645 mo-

393 3675 620 3733 bilitate
652 3675 905 3733 ﬂatuum
963 3676 1299 3732 dubitanda
1352 3675 1607 3731 habetur
1637 3680 1696 3732 et
1723 3675 1933 3742 inﬁda,
1964 3691 2057 3733 re-

395 3767 573 3839 pente
630 3763 791 3820 fcnda
846 3767 1172 3836 tempestas
1231 3767 1547 3823 ventorum
1598 3764 1974 3837 nubiumque
2023 3780 2060 3821 a

396 3857 564 3925 tergo
596 3852 981 3925 glomeratur,
1004 3856 1061 3909 et
1087 3852 1256 3925 ponti
1285 3850 1635 3925 superﬁcies
1675 3853 1806 3923 jam
1854 3868 2060 3926 super.

395 3942 776 4000 venientibus
808 3941 1027 3999 austris
1054 3941 1346 4000 turbatur.
1380 3945 1584 4015 Itaque
1638 3941 1807 4015 quod
1844 3942 1905 3999 in
1937 3947 2060 4001 tam

398 4034 585 4091 atroci
610 4033 849 4105 negotio
872 4030 1024 4089 solet
1053 4032 1203 4103 ﬂeri,
1231 4032 1509 4089 anchoras
1538 4032 1614 4088 de
1638 4032 1832 4106 proris
1885 4033 2060 4105 jactus

401 4123 597 4181 arenis
630 4123 959 4193 atﬁguntur
986 4121 1176 4179 fundi.
1211 4123 1351 4188 Quae
1378 4138 1473 4178 res
1504 4122 1738 4179 tametsi
1768 4126 1896 4180 tum
1949 4122 2062 4181 illis

404 4212 581 4268 fuerit
606 4212 971 4284 importuna,
987 4215 1188 4267 tamen
1216 4227 1339 4268 non
1356 4211 1588 4284 absque
1612 4211 1710 4267 Dei
1733 4215 1883 4273 nutu
1914 4228 2061 4269 cun,

401 4303 462 4356 ta
491 4299 868 4372 disponentis
899 4316 1032 4355 esse
1077 4300 1336 4357 creditur
1365 4304 1520 4371 acta,
1571 4304 1637 4358 ut
1666 4300 2061 4373 postmodum

400 4388 486 4445 rei
514 4387 794 4469 probavit
820 4392 1092 4456 eventus,
1150 4390 1439 4446 membris
1484 4389 1757 4451 omnium
1812 4390 2062 4464 placida:

402 4476 588 4551 quieti
618 4476 813 4532 somni
866 4475 1236 4537 cedentibus.
1266 4481 1414 4535 Nam
1440 4483 1683 4552 postera
1718 4484 1911 4547 nocte,
1963 4495 2063 4536 ec-

405 4565 545 4622 dem
576 4564 1037 4627 iiardocnutone
1062 4565 1125 4621 in
1153 4570 1344 4623 stratu
1371 4568 1735 4640 quiescente,
1781 4567 2065 4629 divinitus

404 4654 688 4728 quasdam
709 4654 1040 4711 ostenditur
1067 4655 1238 4726 visio,
1271 4671 1408 4729 quin
1438 4672 1579 4712 eum
1610 4656 1957 4717 confortans
2009 4660 2067 4714 et

406 4743 750 4815 consolans,
781 4744 916 4801 forti
943 4745 1115 4817 jubet
1170 4762 1300 4803 esse
1345 4747 1569 4803 animo.
1622 4749 1898 4803 Hortatur
1919 4762 2069 4819 pras—

406 4839 569 4895 terea
597 4850 672 4891 ne
712 4834 790 4892 ab
836 4834 1100 4909 incmpto
1152 4836 1480 4907 desisteret,
1533 4836 1676 4909 quia
1730 4850 2066 4909 paucorum

408 4925 642 4982 dierum
666 4922 980 4981 intervallo
1007 4926 1269 4997 injustus
1294 4927 1457 4999 regni
1489 4926 1750 4997 invasor,
1777 4925 2068 4984 Haraldus

410 5013 629 5071 scilicet
653 5013 970 5081 occideret,
998 5018 1055 5071 et
1082 5030 1339 5085 regnum
1365 5016 1574 5089 patriis
1617 5016 1847 5072 viribus
1878 5014 2069 5073 domi-

409 5106 540 5158 tum
569 5100 682 5157 sibi
704 5101 867 5172 justo
914 5101 1137 5158 hseredi
1164 5102 1498 5174 justissima
1557 5104 1933 5161 successione
1987 5104 2073 5161 in-

410 5192 647 5250 colume
673 5191 910 5249 rediret.
944 5190 1241 5263 Evigilans
1265 5192 1444 5263 igitur
1494 5194 1825 5259 somniator
1850 5193 2070 5250 talibus

409 5281 644 5338 indiciis
672 5280 885 5337 certior
913 5282 978 5338 fit
1005 5286 1062 5338 et
1092 5285 1209 5339 Deo
1240 5283 1635 5355 omnipotenti
1665 5287 1845 5339 tanta)
1864 5299 2073 5340 conso-

409 5370 648 5428 lationis
704 5389 890 5429 causa
935 5372 1155 5443 gratias
1206 5370 1482 5440 reddidit,
1525 5371 1824 5445 simulque
1872 5372 2072 5430 futura

412 5462 755 5519 nullatenus
782 5462 1035 5530 dubitat,
1070 5478 1206 5536 quae
1237 5461 1350 5518 sibi
1379 5467 1714 5519 memorata
1746 5462 1893 5519 visio
1920 5477 2072 5536 pm-

414 5549 660 5609 dixerat.
694 5553 958 5626 Denique
984 5552 1169 5610 maris
1197 5552 1285 5610 ira
1306 5557 1544 5627 pacata,
1594 5552 1881 5627 omnique
1925 5557 2069 5612 tem-

486 5638 561 5710 (2)
580 5643 738 5699 ναις.
769 5643 1022 5700 ιΕηεὶἀ.
1054 5660 1094 5714 ι,
1127 5646 1216 5700 39.

2169 1717 2433 1777 veniant,
2450 1712 2552 1785 qui
2572 1712 2841 1771 videlicet
2858 1712 3185 1771 Haraldum
3202 1710 3515 1771 mortuum
3529 1712 3796 1773 nuntiant;

2171 1800 2276 1873 qui
2306 1802 2485 1859 etiam
2505 1801 2765 1861 referunt
2796 1802 3080 1871 Anglicos
3111 1802 3165 1859 ei
3194 1801 3502 1873 principes
3526 1801 3675 1861 nolle
3718 1800 3800 1857 ad-

2171 1890 2416 1958 versari,
2449 1890 2554 1950 sed
2584 1890 2956 1949 multimodis
2980 1889 3437 1960 jubiiationibus
3488 1890 3599 1947 sibi
3626 1889 3801 1949 conia.

2173 1978 2300 2035 tari.
2338 1978 2501 2037 Unde
2527 1993 2782 2048 regnum
2812 1978 3189 2037 luereditario
3214 1979 3348 2051 jure
3399 1977 3521 2035 sibi
3567 1978 3798 2035 debitum

2171 2082 2293 2123 non
2324 2067 2679 2136 dedignatur
2709 2072 2970 2140 repetere
3011 2072 3067 2125 et
3124 2084 3248 2125 suae
3276 2067 3574 2139 dignitati,
3604 2081 3799 2125 eamm-

2171 2173 2289 2229 que
2309 2157 2486 2217 saluti
2510 2158 2681 2227 juxta
2708 2158 2772 2217 in
2803 2157 3073 2219 medium
3102 2155 3434 2217 consulere.

2245 2297 2339 2355 His
2371 2298 2746 2355 Hardecnuto
2768 2304 3078 2372 materque
3109 2297 3355 2353 animati
3404 2302 3646 2370 repetere
3689 2301 3782 2351 sta-

2170 2389 2344 2443 tuunt
2374 2402 2510 2442 oras
2539 2386 2677 2443 aviti
2704 2385 2890 2459 regni.
2937 2388 3118 2459 Cujus
3140 2387 3223 2442 rei
3250 2386 3418 2442 fama
3476 2392 3539 2442 ut
3583 2384 3790 2459 popula-

2167 2492 2262 2530 res
2316 2475 2553 2551 impulit
2610 2491 2806 2545 aures,
2861 2492 3004 2533 mox
3057 2480 3271 2532 cuncta
3318 2474 3531 2531 dolore
3560 2480 3609 2531 et
3656 2473 3793 2530 luctu

2169 2565 2458 2638 compleri
2519 2580 2809 2621 cerneres.
2868 2564 3159 2622 Dolebant
3207 2564 3369 2621 enim
3446 2564 3647 2620 divites
3688 2564 3792 2633 ejus

2167 2653 2528 2715 recessione.
2578 2655 2749 2725 cujus
2792 2670 3028 2729 semper
3081 2653 3328 2710 amabili
3361 2653 3794 2709 fruebantur-co-

2166 2743 2485 2800 locutione.
2518 2744 2808 2801 Dolebant
2835 2759 3135 2818 pauperes
3164 2744 3293 2815 ejus
3341 2742 3687 2807 recessione,
3715 2758 3793 2797 cu-

2162 2833 2264 2904 jus
2296 2832 2541 2889 diutinis
2574 2833 2988 2907 largitionibus
3020 2833 3097 2889 ab
3124 2833 3404 2903 egestatis
3432 2832 3792 2891 defensaban-

2171 2926 2264 2979 tur
2290 2939 2489 2979 onere.
2526 2920 2817 2981 Dolebant
2848 2922 3039 2979 viduas
3063 2939 3205 2978 cum
3236 2923 3527 2995 orphanis
3558 2921 3795 2996 quosilia

2166 3016 2461 3068 extractos
2486 3028 2657 3069 sacro
2682 3010 2845 3068 fonte
2871 3012 3252 3086 baptismatis
3284 3027 3408 3067 non
3437 3011 3679 3068 modicis
3727 3009 3795 3063 di

2166 3105 2411 3163 taverat.
2434 3102 2661 3168 Quibus
2691 3102 2869 3171 igitur
2914 3102 3070 3163 hanc
3102 3101 3389 3161 laudibus
3415 3101 3653 3157 eﬂeram
3683 3115 3795 3155 nes-

2166 3190 2278 3258 cio,
2311 3208 2445 3265 quae
2473 3191 2697 3247 ibidem
2722 3207 3038 3265 nunquam
3066 3191 3256 3248 abfuit
3300 3187 3796 3247 renascentibusin

2165 3281 2413 3339 Christo.
2451 3282 2547 3337 liic
2574 3282 2703 3354 ejus
2735 3281 2884 3337 tides
2913 3286 3075 3359 patet
3103 3281 3425 3347 laudanda,
3457 3280 3550 3335 hic
3581 3280 3795 3335 bonitas

2172 3370 2539 3427 omnimodis
2566 3369 2945 3426 celebranda.
2981 3368 3150 3435 Quod
3185 3369 3235 3425 si
3273 3384 3378 3445 pro
3408 3366 3649 3437 singulis
3680 3368 3799 3437 ejus

2169 3460 2496 3517 benefactis
2523 3477 2732 3534 parem
2759 3461 3071 3526 disserere,
3096 3461 3258 3533 prius
3270 3476 3361 3515 me
3379 3464 3600 3529 tempus
3616 3473 3793 3530 quam

2169 3567 2297 3606 rem
2329 3551 2506 3605 credo
2537 3550 2827 3606 deserere.
2863 3549 3027 3605 Unde
3058 3549 3139 3605 ad
3168 3549 3359 3603 seriem
3387 3552 3592 3601 nostra:
3633 3543 3786 3598 locu-

2170 3637 2346 3693 tionis
2372 3653 2632 3711 propero
2662 3638 2874 3695 redire.

2242 3767 2394 3821 Dum
2416 3763 2636 3833 reginas
2664 3762 2886 3835 ﬁliique
2909 3763 3039 3834 ejus
3072 3762 3298 3823 reditus
3323 3765 3657 3834 apparatur,
3686 3773 3801 3814 om-

2169 3869 2245 3915 ne
2274 3853 2436 3913 littus
2467 3853 2714 3926 planctu
2767 3852 3111 3925 gemituque
3164 3850 3564 3921 confunditur,
3615 3864 3805 3907 omnes

2170 3943 2391 4001 dextrae
2421 3942 2571 3998 caelo
2602 3941 3001 4002 attolebantur
3027 3940 3290 4001 infensee.
3324 3939 3572 3999 Flebant
3598 3938 3806 4009 igiturs

2172 4049 2234 4089 se
2260 4033 2484 4091 discere
2514 4031 2699 4097 illam,
2724 4048 2914 4103 quam
2938 4036 3059 4091 toto
3086 4030 3278 4091 exsilii
3320 4036 3589 4103 tempore
3640 4036 3700 4087 ut
3742 4027 3805 4082 ci-

2170 4138 2309 4183 vem
2349 4122 2547 4179 videre
2580 4138 2774 4183 suam.
2839 4121 2986 4181 Nulli
3027 4120 3282 4181 divitum
3329 4121 3533 4189 gravis
3583 4118 3804 4189 hospita,

2171 4211 2319 4273 nulli
2350 4227 2685 4284 pauperum
2716 4211 2777 4267 in
2815 4210 3085 4283 quolibet
3137 4226 3419 4267 onerosa.
3477 4212 3690 4267 Omnes
3712 4206 3800 4275 igi-

2172 4305 2267 4359 tur
2291 4300 2487 4361 natale
2505 4299 2701 4359 solum
2736 4304 2965 4359 mutare
3013 4305 3282 4373 putares,
3336 4306 3595 4359 cunctas
3643 4308 3801 4354 secum

2168 4395 2405 4448 exteras
2458 4394 2657 4463 petere
2712 4388 2853 4445 velle
2912 4389 3142 4450 diceres
3208 4388 3518 4459 regiones.
3582 4387 3667 4445 Sic
3710 4387 3804 4441 tote

2173 4479 2576 4553 plangebatur
2599 4479 2811 4549 littore,
2845 4478 2927 4539 sic
2981 4478 3059 4537 ab
3116 4480 3281 4541 omni
3333 4477 3689 4552 plorabatur
3723 4488 3813 4547 p0-

2173 4570 2318 4644 pulo
2348 4575 2598 4629 astante.
2633 4569 2788 4628 Licet
2814 4569 2865 4624 ei
2895 4567 3356 4641 quodammodo
3390 4565 3815 4639 congaudent“

2176 4660 2496 4735 pristinum
2526 4659 2785 4731 gradum
2809 4665 3073 4732 repetere
3107 4658 3446 4730 dignitatis.
3499 4673 3625 4719 non
3652 4663 3817 4713 tamen

2177 4766 2314 4811 eam
2361 4755 2649 4807 matronas
2699 4749 2868 4807 siccis
2913 4749 3210 4807 dimittere
3272 4753 3567 4821 poterant
3637 4742 3814 4807 oculis-

2176 4839 2440 4900 Tandem
2472 4838 2654 4895 vineit
2684 4854 2857 4899 amor
2901 4838 3128 4909 patriis,
3179 4842 3256 4904 et,
3306 4837 3611 4897 omnibus
3638 4832 3819 4892 vin'tim

2177 4929 2458 4987 osculatis
2487 4933 2544 4987 et
2583 4927 2765 4985 ﬂebili
2818 4927 2901 4985 eis
2940 4927 3099 4985 dicto
3125 4927 3280 4992 vale.
3312 4942 3462 4987 cum
3523 4925 3649 4987 tilio
3700 4921 3819 4981 suis

2178 5034 2296 5091 que
2327 5016 2512 5077 altum
2546 5016 2689 5088 petit
2716 5033 2903 5086 mare,
2935 5032 3058 5074 non
3098 5015 3332 5087 absque
3373 5030 3621 5089 magna
3668 5012 3820 5079 lacri-

2180 5124 2419 5167 marum
2468 5107 2767 5178 utrimque
2817 5104 2949 5163 iusa
2982 5105 3267 5163 ubertate.
3339 5105 3537 5173 igitur
3559 5100 3819 5177 principes

2180 5193 2408 5264 Anglici
2437 5210 2652 5269 parum
2684 5194 3044 5267 praevenisse
3082 5192 3336 5252 ﬁdentes
3386 5192 3717 5265 legatione,
3742 5199 3820 5244 se-

2181 5287 2425 5355 tequam
2447 5283 2524 5342 ab
2578 5283 2690 5341 illis
2744 5282 3224 5340 transfretaretur
3276 5280 3447 5338 obvii
3508 5285 3650 5338 sunt
3695 5272 3817 5337 fecit.

2179 5373 2475 5447 optimum
2506 5374 2665 5431 factu
2704 5373 2815 5430 rati
2844 5377 2909 5429 ut
2934 5377 2991 5428 et
3019 5371 3145 5443 regi
3200 5371 3584 5443 reginaeque:
3631 5363 3816 5425 sensit

2181 5467 2399 5532 carent,
2423 5467 2480 5519 et
2508 5478 2569 5517 se
2612 5462 2861 5517 devotos
2914 5477 3122 5517 eorum
3170 5458 3588 5516 dominationi
3641 5450 3817 5515 subd!-

2177 5557 2326 5609 rent.
2361 5552 2457 5609 His
2485 5552 2860 5608 Hardecnuto
2891 5566 3031 5606 cum
3060 5554 3251 5606 matre
3276 5552 3486 5605 certus
3548 5547 3735 5606 factus
3772 5542 3811 5596 ot

2176 5640 2562 5703 transmarini
2588 5640 2799 5703 littoris
2822 5638 3069 5701 tandem
3090 5642 3332 5713 portum
3359 5641 3619 5711 nactus,
3648 5651 3684 5694 a
3705 5641 3813 5693 sun-
