4020 6176
170 84 317 153 I397

818 89 1003 145 ΡΟΡο
1043 90 1495 149 TREVIRENSIS
1533 85 2159 146 ARCHIEPISCOPUS.
2188 120 2255 130 -
2286 93 2559 149 ΝΟΤΙΤΙΑ
2603 95 3000 154 HISTORICA.

3499 103 3635 163 1398

158 212 267 269 ctis
296 211 509 270 incolis
539 211 819 283 ejusdem
848 216 1019 269 terra
1063 211 1491 289 gloriosissime
1530 210 1836 288 recipitur,
1880 217 1928 269 Α
1958 212 2260 286 amboque
2291 214 2390 270 ﬁlii
2419 218 2589 286 regni
2616 219 2845 290 paratis
2912 223 3254 286 commodis
3293 225 3468 284 nulla
3531 228 3631 286 lite

158 301 365 374 sicque
388 300 582 358 divini
615 301 888 361 muneris
919 300 1113 370 gratia
1145 317 1402 372 regnum
1434 302 1546 359 sibi
1572 300 1846 357 debitum
1957 302 2354 361 intercedente
2380 311 2646 363 utuntur.
2700 308 2801 367 Hic
2830 309 2986 366 ﬁdes
3014 310 3271 369 habetur
3326 317 3501 387 regni
3529 334 3631 375 so-

155 391 445 449 redditur.
478 392 573 448 His
604 392 690 447 ita
715 392 974 465 peractis
1010 396 1068 448 et
1119 394 1406 450 omnibus
1464 394 1588 451 suis
1626 393 1688 449 in
1739 406 1843 464 pa-

1952 391 2074 459 ciis,
2103 392 2197 449 hic
2226 393 2570 450 inviolabile
2602 395 2760 466 viget
2790 396 2991 455 foedus
3042 402 3297 458 materni
3351 404 3629 463 fraterni-

155 481 242 539 ois
282 480 711 553 tranquillitate
765 481 1145 554 compositis,
1202 482 1469 540 fraterno
1527 485 1840 553 correptus
1951 497 2069 553 que
2095 483 2339 539 amoris.
2364 483 2500 539 Haec
2552 484 2665 540 illis
2704 488 2914 545 omnia
2961 490 3253 563 prastitit,
3277 494 3387 565 qui
3411 496 3627 553 unani-

155 586 363 629 amore
406 569 652 626 nuntios
700 570 881 627 mittit
933 570 1013 626 ad
1048 570 1439 642 Edwardum,
1499 586 1727 642 rogans
1756 573 1836 637 ut,

154 660 427 725 veniens,
460 674 670 716 secum
697 660 994 717 obtineret
1022 676 1302 730 regnum.
1350 663 1462 728 Qui
1491 660 1691 718 fratris
1718 659 1839 729 jus-

1949 588 2078 629 mes
2107 574 2166 628 in
2192 572 2378 629 domo
2404 574 2677 631 habitare
2702 576 2845 633 facit
2873 580 3046 634 Jesus
3077 579 3365 649 Christus,
3425 586 3626 642 Domi-

1948 677 2062 717 nus
2091 661 2367 718 omnium
2402 681 2414 730 ;
2448 663 2545 719 cui
2573 663 2633 721 in
2655 664 2934 723 Trinitate
2957 669 3224 727 manenti
3250 670 3625 732 immaresci-

158 750 313 807 sioni
332 748 623 807 obediens
650 749 933 820 Anglicas
958 755 1159 824 partes
1190 750 1528 821 advehitur,
1556 755 1612 808 et
1644 752 1839 806 mater
1948 751 2066 807 bile
2090 750 2265 808 ﬂoret
2290 751 2638 824 imperium,
2668 759 2881 812 Amen.

178 881 259 893 .-

264 883 583 894 Μ

992 959 1073 1012 EX
1112 957 1492 1014 CHRONICIS
1530 961 1642 1013 ΤΗ.
1690 958 2073 1025 RUDBURNI,
2117 961 2206 1013 DE
2250 959 2442 1015 EMMA
2480 960 2765 1015 REGINA.

1091 1054 1264 1109 Duxit
1297 1054 1605 1112 Etelredus
1636 1056 1803 1111 hanc
1834 1059 1892 1112 et
1910 1059 2123 1129 postea
2151 1056 2398 1111 Cnutus.

1016 1144 1377 1200 Edwardum
1411 1150 1703 1201 sanctum
1733 1145 1893 1215 parit
1919 1147 2049 1201 haec
2078 1149 2135 1201 et
2165 1146 2635 1202 Hardecnutum.

1020 1234 1284 1299 Quatuor
1312 1232 1427 1287 hos
1458 1249 1633 1302 reges
1668 1232 1809 1289 hac
1828 1234 1974 1291 vidit
2005 1238 2242 1309 sceptra
2267 1240 2562 1305 gerentes.

1017 1321 1343 1389 Anglorum
1373 1334 1592 1391 regum
1624 1319 1754 1376 fuit
1775 1321 1902 1379 haec
1928 1323 2011 1379 sic
2036 1328 2230 1379 mater
2259 1326 2316 1379 et
2343 1339 2515 1380 uxor.

164 1452 3601 1481 -———————————-——~———————_—_—_—,_—__——_

1167 1555 1787 1678 ΕΜΜΙΕ
1859 1560 2605 1681 REGINE

908 1746 1242 1802 EPISTOLA
1280 1746 1370 1799 Al)
1413 1740 1643 1799 FILIOS
1698 1745 1877 1803 SUOS
1920 1748 2323 1803 EDWARllUM
2369 1749 2449 1804 ET
2492 1751 2866 1807 ALFRIDUM.

1504 1864 1691 1936 (Vide
1716 1882 1907 1939 supra
1938 1870 2052 1926 col.
2094 1869 2271 1939 1392.)

158 2007 3605 2053 m

1580 2124 1726 2165 ANNO
1768 2125 1960 2166 DOMINI
2002 2126 2173 2166 MXLV’.

1458 2266 2289 2451 ΡΟΡΡΟ

687 2534 1669 2693 TREVIRENSIS
1790 2534 3065 2661 ARCHIEPISCOPUS.

1102 2844 1704 2933 NOTITIA
1795 2844 2640 2963 H‘ISTORICA.

1170 3024 1423 3093 .(Gallia
1455 3024 1828 3093 Christiana,
1860 3039 2000 3081 nov.
2031 3023 2195 3096 edit.,
2229 3026 2363 3093 XIII,
2392 3027 2544 3095 406.)

226 3325 508 3399 Leopoldi
540 3324 909 3382 marchionis
940 3321 1189 3379 Austria
1229 3338 1303 3380 ex
1324 3322 1618 3379 Richarda
1643 3319 1811 3377 nobi-
1851 3323 1890 3376 Β
1914 3319 2183 3376 remedia
2210 3320 2585 3394 conquirere,
2618 3325 2676 3378 et
2696 3321 2855 3377 viros
2883 3321 3112 3379 bellica
3140 3324 3341 3394 gloria
3386 3324 3580 3383 laudi-

140 3414 385 3472 lissima
414 3414 662 3471 muliere
691 3410 870 3477 ﬁlius,
889 3415 1116 3485 Poppo,
1148 3415 1205 3468 et
1231 3411 1454 3467 Ernesti
1481 3412 1525 3467 II
1583 3409 1810 3468 Suevia

140 3503 325 3561 ducis
354 3505 528 3575 cujus
552 3503 797 3559 tutelam
840 3502 1019 3573 gessit
1051 3506 1320 3573 patruus,
1340 3501 1668 3557 litterarum
1699 3498 1810 3554 vir-

137 3596 465 3665 tutumque
504 3591 712 3648 studiis
745 3590 1018 3665 apprime
1062 3589 1332 3646 excultus
1387 3587 1810 3657 Bambergensi

137 3679 417 3739 Ecclesiae
449 3680 805 3754 praepositus
837 3680 897 3735 in
927 3680 1127 3736 locum
1153 3678 1528 3749 Megingaudi
1556 3678 1633 3733 ab
1658 3680 1807 3733 Hen-

135 3768 271 3827 rico
304 3770 347 3826 Il
387 3770 746 3845 imperatore
788 3768 1100 3834 sufﬁcitur,
1146 3768 1456 3825 vesaniam
1511 3783 1809 3838 compres-

137 3876 326 3917 surus
357 3854 774 3926 Adalberonis,
806 3859 911 3932 qui
938 3863 1138 3915 tamen
1168 3856 1434 3930 Popponi
1466 3856 1660 3911 cessit.
1708 3855 1807 3910 Hic

136 3953 350 4007 autem
374 3949 487 4006 sub
516 3947 702 4004 ﬁnem
743 3947 886 4005 anni
923 3951 1057 4003 1016
1105 3946 1182 4002 ab
1233 3946 1592 4018 imperatore
1623 3942 1811 4000 Trevi-

133 4041 262 4096 rim
301 4032 620 4105 adductus,
656 4036 1084 4094 communibus
1114 4035 1268 4092 votis
1302 4039 1480 4107 atque
1504 4032 1804 4102 suffragiis

136 4128 290 4185 cleri
336 4133 394 4184 et
452 4127 659 4200 populi
715 4127 777 4184 in
826 4126 1147 4183 antistitem
1196 4124 1551 4198 postulatus,
1608 4123 1686 4180 ab
1715 4127 1809 4179 EI-

137 4217 498 4277 chenbardo
529 4216 1040 4289 Monguntiacensi
1096 4214 1566 4287 archiepiscopo,
1622 4230 1807 4287 quem

135 4308 476 4381 imperator
528 4321 600 4362 ea
656 4322 836 4362 csusa
865 4304 1151 4362 Trevirim
1183 4303 1525 4369 advocarat,
1582 4302 1807 4373 ingenti

140 4408 285 4453 cum
320 4395 497 4451 totius
530 4394 740 4469 populi
795 4393 994 4449 latitia
1051 4396 1434 4449 consecratus
1488 4396 1593 4459 est,
1645 4408 1805 4448 anno

144 4488 285 4541 1017
320 4483 597 4540 Kalendis
641 4482 924 4540 Januarii.
975 4486 1127 4539 Inter
1159 4481 1472 4554 episcopos
1502 4479 1605 4552 qui
1661 4482 1808 4553 Pop-

138 4573 324 4647 ponis
351 4589 535 4630 sacrae
560 4572 823 4629 unctioni
881 4571 1194 4628 interfuere
1251 4573 1603 4625 numeratur
1626 4569 1807 4625 Theo-

1916 3410 2032 3466 bus
2070 3408 2367 3483 imprimis
2416 3408 2694 3466 ﬂorentes
2746 3409 3053 3468 beneﬁciis
3097 3413 3209 3470 sibi
3256 3413 3571 3487 feudisque

1911 3499 2184 3570 jungere,
2230 3499 2453 3573 quibus
2482 3500 2777 3572 pacanda
2830 3501 3150 3573 provincia
3194 3502 3579 3577 tutandaque

1916 3605 2139 3643 munus
2160 3588 2439 3644 traderet.
2476 3591 2698 3645 Horum
2727 3589 2907 3661 igitur
2934 3591 3246 3649 sedulitate
3268 3597 3447 3666 atque
3474 3595 3581 3651 im-

1913 3676 2100 3753 pigris
2125 3693 2270 3732 usus
2294 3676 2495 3743 armis,
2530 3678 2847 3749 praedones
2878 3679 3106 3753 ubique
3136 3681 3410 3752 castellis,
3441 3698 3579 3756 qua

1915 3763 2246 3819 securitatis
2276 3764 2389 3838 ipsi
2420 3781 2603 3820 causa
2624 3765 2985 3831 insederant,
3014 3768 3247 3839 ejicere,
3301 3774 3359 3826 et
3405 3777 3577 3829 cate-

1914 3868 2012 3907 ros
2052 3867 2349 3908 novarum
2378 3869 2580 3908 rerum
2610 3852 2865 3926 cupidos
2892 3854 2954 3909 in
2982 3855 3101 3911 ﬁde
3149 3861 3331 3929 atque
3375 3859 3576 3918 ofﬁcio

1914 3940 2235 3996 continere.
2270 3944 2448 3996 Porro
2479 3957 2622 3997 cum
2661 3958 2818 3997 unus
2870 3941 3225 3999 Adelbertus
3277 3947 3577 4019 imperata

1917 4029 2108 4086 facere
2140 4029 2308 4086 solus
2339 4030 2644 4097 detrectat,
2680 4033 2881 4103 atque,
2909 4046 2983 4087 ex
3025 4032 3269 4090 castello
3311 4035 3370 4092 S.
3406 4039 3575 4096 Cruci

1913 4118 2057 4175 olim
2083 4118 2302 4187 dicato,
2330 4119 2579 4193 quodin
2608 4119 2806 4176 vicino
2850 4120 3019 4177 urbis
3068 4122 3216 4179 colle
3267 4124 3346 4182 ad
3403 4127 3577 4185 meri-

1913 4208 2074 4264 diem
2106 4208 2307 4279 situm,
2329 4209 2599 4283 episcopi
2636 4209 2888 4278 curiam,
2919 4212 3155 4270 servitia
3209 4218 3390 4289 atque
3417 4234 3578 4276 como

1881 4300 2181 4354 .meatum
2204 4314 2448 4353 omnem
2505 4298 2725 4354 crebris
2781 4302 3237 4360 excursionibus
3266 4305 3449 4364 habet
3489 4307 3577 4367 in-

1912 4387 2081 4453 festa,
2103 4386 2181 4442 ad
2208 4392 2542 4444 extremum
2585 4388 2841 4458 Sikonis,
2896 4390 3161 4448 hominis
3201 4410 3390 4452 manu
3435 4411 3576 4453 con-

1915 4475 2165 4549 silioque
2199 4478 2558 4549 prastantis,
2617 4478 2875 4547 solertia,
2935 4482 3311 4540 contumacis
3345 4483 3571 4542 inimici

1914 4567 2152 4640 spiritus
2178 4568 2473 4640 repressit,
2516 4573 2697 4642 atque
2749 4569 2865 4626 hac
2903 4568 3090 4626 ferme
3138 4575 3263 4627 arte
3313 4572 3573 4631 debella-

138 4661 388 4718 doricus
424 4662 715 4727 Metensis,
770 4660 875 4735 qui
918 4658 1358 4733 metropolitani
1413 4658 1804 4714 consecratio-
1843 4672 1883 4728 α
1912 4657 2012 4713 vit.
2046 4656 2204 4725 Siko,
2235 4658 2340 4731 qui
2362 4658 2441 4714 ad
2471 4657 2532 4714 id
2560 4673 2811 4730 operam
2835 4658 3272 4731 consiliumque
3302 4662 3574 4735 Popponi

137 4766 290 4809 nem
316 4752 427 4808 sibi
449 4756 788 4825 competere
808 4751 1117 4807 incassum
1156 4748 1407 4806 iteravit.
1440 4747 1542 4803 Vix
1589 4763 1804 4804 renun-

138 4839 326 4896 tiatus
356 4839 549 4896 fuerat
571 4838 838 4913 pontifex
868 4842 1071 4912 Poppo
1102 4855 1243 4894 cum
1296 4834 1705 4892 immunitates
1749 4839 1806 4891 et

135 4920 457 5003 privilegia
486 4928 755 4985 Ecclesiae
793 4944 915 4982 sua
948 4925 1238 4998 imperiali
1261 4924 1593 4981 munimine
1620 4924 1805 4981 foveri

140 5019 398 5075 curavit.
422 5021 535 5074 Nec
566 5016 756 5074 multo
787 5021 921 5089 post
978 5015 1509 5085 consecrationem,
1552 5015 1803 5071 Romam

142 5107 380 5176 adiens,
414 5124 591 5164 usum
622 5106 782 5181 pallii
808 5124 837 5160 a
863 5103 1179 5160 Benedicto
1200 5105 1315 5158 VIII
1339 5108 1693 5160 consecutus
1715 5106 1806 5161 est

141 5196 313 5253 bulla
333 5201 365 5253 8
395 5197 610 5271 Aprilis
639 5196 912 5267 ejusdem
939 5193 1101 5250 anni.
1161 5194 1339 5247 Suam
1380 5191 1439 5247 in
1498 5193 1800 5250 dioecesim

142 5302 440 5359 reversus,
468 5286 648 5342 variis
669 5302 804 5342 eam
822 5284 1178 5358 pradonum
1204 5280 1694 5354 populationibus
1726 5284 1805 5340 la-

148 5381 413 5435 ceratam
444 5376 849 5449 aﬂlictamque
888 5372 1195 5446 comperit.
1252 5368 1478 5434 Quibus
1537 5372 1802 5429 Ecclesiae

150 5482 279 5522 sua
308 5466 673 5535 vulneribus,
707 5469 771 5521 ut
799 5464 879 5521 ait
904 5466 1210 5519 Browerus
1240 5459 1343 5515 lib.
1375 5460 1691 5529 x1Annal.,
1740 5467 1805 5518 ut

150 5556 499 5628 tempestive
554 5554 913 5624 mederetur,
955 5551 1220 5624 undique
1275 5548 1480 5623 omnia
1556 5548 1806 5610 instituit

1912 4745 2223 4814 detulerat,
2251 4747 2471 4803 idoneo
2505 4752 2772 4820 tempore
2802 4746 2881 4802 ad
2909 4748 3091 4805 castri
3114 4747 3273 4806 fores
3304 4749 3467 4808 solus
3495 4768 3569 4809 ex

1911 4835 2059 4890 urbe
2083 4835 2407 4908 profectus,
2439 4835 2518 4891 ab
2568 4834 2887 4892 Adelberto
2930 4840 3189 4909 tyranno
3242 4838 3366 4896 sitis
3422 4856 3568 4911 ergo

1912 4924 2241 4997 explendae,
2276 4940 2384 4997 pro
2422 4924 2697 4981 amicitia
2745 4925 2959 4982 veteris
3000 4942 3138 4997 usu,
3195 4932 3407 5000 potum
3450 4930 3570 4988 sibi

1911 5014 2193 5088 postulat,
2223 5030 2406 5086 quem
2433 5030 2573 5071 cum
2627 5014 2723 5072 ille
2763 5030 2887 5072 non
2940 5021 3184 5086 gravate
3235 5033 3343 5091 per
3395 5020 3568 5076 mini-

1912 5108 2101 5159 strum
2128 5102 2317 5170 offert,
2346 5103 2449 5159 ubi
2499 5108 2795 5176 quantum
2846 5105 2991 5162 satis
3035 5106 3254 5175 hausit,
3304 5110 3566 5165 nuntiari

1912 5193 2160 5251 domino
2184 5191 2356 5264 jubet
2378 5193 2599 5263 gratias
2650 5195 2700 5251 ei
2739 5210 3102 5267 permagnas
3122 5196 3350 5267 haberi,
3411 5199 3567 5257 futu-

1911 5299 2167 5356 rumque
2188 5298 2376 5356 prope
2406 5282 2587 5350 diem,
2618 5284 2732 5341 hoc
2762 5288 2827 5339 ut
2853 5285 3146 5342 restincta
3175 5286 3300 5344 sitis
3345 5287 3567 5347 beneﬁ-
3598 5288 3609 5293 ’

1912 5374 2072 5431 cium
2103 5374 2353 5429 memori
2377 5373 2680 5431 voluntate
2703 5379 2881 5448 atque
2902 5374 3056 5432 adeo
3075 5377 3205 5450 pari
3235 5379 3562 5449 gratiarum

1913 5463 2142 5535 merito,
2175 5479 2353 5520 cerna
2373 5479 2715 5537 repensum.

1984 5554 2213 5621 Quibus
2241 5552 2435 5627 dictis,
2458 5554 2598 5613 Siko
2632 5554 2801 5628 abiit,
2849 5558 3032 5631 atque
3076 5556 3207 5630 jam
3230 5557 3562 5619 destinatos
