4020 6176
376 146 512 200 1399

1136 142 1359 197 ΡΟΡΡΟ
1398 138 1856 197 TREVIRENSIS
1894 135 2223 193 ARCHIEP.
2254 171 2323 181 —
2346 143 2621 200 NOTITIA
2659 143 3056 201 HISTORICA.

3688 138 3815 190 1400

373 264 745 340 jampridem
801 263 1007 319 animo
1038 262 1234 335 dolos,
1281 264 1360 321 ad
1390 265 1661 322 fraudem
1694 261 1911 319 Alberti
1938 277 2035 316 ex-
2066 266 2113 317 Α
2146 264 2428 337 Martyres
2458 268 2720 331 restituit,
2752 267 2940 340 pulsis
2971 264 3291 322 canonicis
3321 262 3456 336 qui,
3493 258 3817 317 Benedicti-

380 356 603 430 plicare
635 351 828 424 (mpii.
862 351 1028 408 Dolia
1057 352 1175 408 vini
1206 353 1450 418 tricena,
1470 353 1763 427 impositis
1791 351 2036 407 totidem
2146 356 2240 410 nis
2272 372 2376 429 per
2413 357 2527 413 vim
2556 357 2825 427 exclusis,
2857 356 3062 412 locum
3107 355 3593 426 occupaverant.
3645 353 3821 421 tmpe-

381 444 626 501 armatis
652 442 889 497 instruit
922 461 935 509 ;
965 446 1143 514 atque
1173 443 1300 499 hac
1332 444 1487 517 ipsa,
1519 440 1877 517 praemunita
1904 455 2036 494 vec-

383 534 539 589 tibus
565 531 873 603 ansisque,
899 530 1135 601 singula
1162 532 1320 587 binis
1359 532 1698 588 fortissimis
1752 529 1909 595 viris,
1939 527 2037 583 iis-

381 636 499 693 que
529 619 607 675 ad
632 619 866 674 hostem
896 619 1320 693 decipiendum
1350 622 1582 694 plebeia
1632 623 1793 675 veste
1852 617 2038 680 tectis,

384 708 675 779 gestanda
723 708 1057 772 committit,
1116 725 1325 765 eorum
1384 710 1523 764 item
1581 707 1765 763 armis
1820 705 2045 761 ibidem

382 797 739 863 reconditis;
808 797 1068 869 denique
1098 814 1264 865 vasa,
1313 799 1389 853 ad
1417 797 1841 866 occultandam
1890 795 2047 850 frau-

384 887 546 953 dem,
608 884 875 955 stragula
928 893 1085 943 veste
1135 902 1459 959 pannoque
1514 886 1774 959 plurimo
1838 885 2047 940 inster-

388 976 491 1031 nit.
518 976 745 1041 Quibus
776 975 855 1031 ita
885 976 1269 1048 comparatis,
1305 976 1444 1032 Siko
1495 975 1708 1048 quaerit
1758 974 1834 1031 ad
1882 989 2050 1047 pera-

391 1063 657 1134 gendum
731 1063 1063 1134 inemptum
1134 1064 1419 1136 temporis
1471 1067 1853 1136 opportuna;
1912 1078 2048 1133 qua

394 1152 494 1208 ubi
565 1157 797 1219 nactus,
868 1150 1084 1223 plenus
1134 1153 1261 1223 spei
1333 1152 1532 1218 bona,
1617 1152 1771 1207 clam
1854 1150 2049 1206 omni-

394 1242 533 1311 bus,
595 1240 742 1295 urbe
808 1256 945 1295 cum
1024 1240 1246 1312 bajulis
1301 1242 1619 1311 egreditur.
1704 1246 1857 1314 Ipse,
1915 1256 2052 1295 raro

396 1329 640 1386 satellite
666 1328 820 1383 fores
874 1329 1095 1385 castelli
1148 1331 1397 1403 pulsans
1436 1336 1492 1385 et
1544 1330 1761 1402 aperiri
1808 1329 2052 1401 jubens,

396 1420 561 1475 audit
590 1419 829 1473 solitum
858 1419 1005 1475 illud
1036 1437 1048 1474 :
1076 1420 1187 1485 Qui
1214 1420 1317 1487 vir,
1351 1420 1509 1476 unde
1540 1424 1597 1475 et
1631 1420 1776 1494 quid
1804 1419 2055 1492 petitum

396 1509 622 1564 veniret
652 1510 679 1563 ?
709 1508 796 1564 Ad
830 1526 964 1581 qua
996 1510 1143 1564 nihil
1176 1509 1335 1565 aliud
1368 1509 1463 1565 ille
1513 1526 1700 1582 quam
1752 1508 2055 1565 renuntia-

2149 450 2407 502 ratorem
2439 446 2615 502 etiam
2647 445 2960 502 Henricum
2991 446 3037 500 Il
3067 444 3445 515 deprecatus
3495 442 3611 504 est,
3640 438 3823 510 ponti-

2150 534 2367 589 ficatus
2401 534 2487 589 sui
2529 550 2687 590 anno
2718 534 2938 607 primo,
2969 549 3070 588 xvi
3100 530 3239 587 Kal.
3286 525 3591 585 Novemb.
3652 524 3826 579 indie

2153 618 2311 676 tione
2339 639 2440 692 xv,
2468 627 2528 679 ut
2561 622 2895 679 fundationi
2952 620 3289 691 collegiata
3345 616 3630 673 ecclesia
3690 614 3823 667 Prw

2152 709 2374 766 niensis
2402 727 2713 768 assensum
2738 711 3046 785 praeberet.
3091 709 3290 779 Regia
3319 703 3827 762 liberalitatisexi—

2152 798 2345 854 mium
2377 816 2622 869 munus,
2649 815 2867 872 nempe
2895 797 3371 866 Conﬂuentiam,
3406 799 3471 848 et
3527 790 3827 847 abbatiam

2154 887 2216 942 in
2242 903 2401 960 pago
2430 889 2683 945 Trichire
2714 905 2853 944 eum
2878 886 3169 944 omnibus
3203 881 3606 958 appendiciis
3621 884 3681 935 et
3702 880 3827 950 juri-

2156 989 2272 1032 Dus
2302 978 2561 1033 ecclesia
2594 995 2713 1034 sua
2742 976 2961 1034 88(l‘lbi
2990 975 3151 1042 fecit,
3186 989 3360 1030 anno
3387 975 3558 1027 tOtS.
3622 967 3827 1024 Eodem

2158 1066 2384 1122 circiter
2412 1072 2676 1139 tempore
2714 1071 2944 1121 curtem
2975 1061 3302 1120 Puzenvelt
3335 1077 3374 1115 a
3418 1058 3648 1114 comite
3679 1056 3828 1111 ωδ

2158 1155 2316 1212 done
2358 1156 2611 1229 ejusque
2669 1171 2851 1211 uxore
2892 1152 3270 1224 lrmingarde
3322 1148 3501 1205 titulo
3564 1146 3828 1219 precaria

2160 1244 2413 1316 adeptus
2443 1249 2550 1301 est.
2586 1244 2943 1301 Versabatur
2970 1242 3031 1298 in
3059 1240 3230 1297 Italia
3261 1237 3569 1295 Henricus
3598 1236 3641 1289 ll
3664 1235 3830 1306 impe

2161 1337 2341 1402 rator,
2372 1349 2535 1390 anno
2569 1336 2723 1399 t022,
2757 1334 2991 1388 Graecos
3024 1333 3525 1399 Saracenosque,
3570 1323 3834 1397 Apuliam

2163 1428 2219 1478 et
2241 1424 2632 1496 Campaniam
2662 1423 3010 1479 infestantes
3039 1419 3495 1485 debellaturus,
3560 1414 3661 1471 cui
3691 1416 3833 1485 Popo

2166 1512 2446 1567 undecim
2478 1517 2842 1569 armatorum
2875 1510 3063 1568 millia
3088 1525 3197 1583 per
3254 1511 3609 1564 Marsorum
3658 1504 3833 1571 regio-

399 1605 484 1654 ret
542 1598 758 1654 adesse
811 1615 948 1653 cum
998 1599 1321 1655 honorario
1380 1599 1515 1654 vino
1572 1599 1875 1665 Sikonem,
1935 1614 2057 1670 quo
2089 1619 2131 1671 Β
2165 1617 2305 1656 nem
2334 1617 2407 1656 ex
2446 1605 2617 1672 gente
2650 1618 2761 1656 sua
2783 1599 3050 1655 deduxit.
3108 1596 3610 1669 Aquisgranensi
3660 1592 3837 1647 conci-

398 1688 759 1762 promissam
808 1688 1175 1761 jampridem
1234 1688 1509 1744 beneﬁcii
1563 1688 1813 1758 gratiam
1873 1687 2062 1743 exsol-

402 1783 519 1834 vat.
551 1780 667 1833 Hoc
700 1778 909 1833 nuntio
940 1778 1295 1834 Adelbertus
1319 1782 1588 1850 accepto,
1619 1777 1741 1833 doli
1791 1776 2059 1848 ignarus,

403 1868 557 1923 ostia
588 1866 883 1938 patefecit.
912 1871 1072 1923 Tunc
1120 1868 1257 1924 Siko
1309 1868 1438 1923 vela
1487 1882 1842 1940 pannosque
1897 1882 2062 1922 amo-

404 1973 541 2011 vere
563 1956 766 2025 jussit,
799 1955 903 2010 ubi
956 1956 1124 2011 brevi
1180 1956 1449 2012 oratione
1498 1973 1722 2012 munus
1772 1959 2063 2028 prasente

370 2040 724 2099 'Adelberto
769 2044 1237 2112 commendavit,
1279 2044 1519 2114 signum
1573 2045 1891 2101 adoriundi
1941 2044 2065 2099 suis

405 2133 526 2188 dat.
555 2132 661 2199 Qui
688 2133 766 2188 ad
796 2133 1058 2205 primum
1092 2134 1333 2205 signum
1351 2134 1675 2190 tumultum
1697 2135 1827 2205 (sic)
1849 2150 1880 2189 e
1906 2133 2066 2189 vasis

406 2221 798 2294 prosilientes,
828 2222 1055 2295 impetu
1078 2222 1139 2277 in
1171 2222 1382 2278 obvios
1411 2240 1686 2296 quosque
1718 2223 1894 2290 facto,
1928 2238 2069 2277 cun-

406 2316 500 2366 cta
532 2310 796 2366 caedibus
828 2316 1006 2384 atque
1038 2316 1233 2380 strage
1258 2312 1503 2381 foedant,
1525 2312 1756 2385 ipsique
1778 2317 1913 2368 ante
1944 2328 2069 2367 om-

407 2416 515 2455 nes
541 2399 856 2455 Adelberto
887 2416 1106 2456 manus
1128 2401 1406 2457 inferunt.
1437 2401 1617 2456 Casis
1647 2401 1825 2471 igitur
1855 2406 1910 2457 et
1958 2416 2066 2473 op-

410 2489 637 2562 pressis
668 2489 748 2545 ad
777 2490 938 2545 hunc
970 2490 1222 2546 modum
1254 2495 1311 2547 et
1339 2490 1645 2546 exstinctis
1679 2490 2068 2563 pradonibus

411 2578 665 2634 munitio
696 2578 823 2634 solo
853 2584 1091 2652 aquata
1118 2584 1175 2636 et
1204 2580 1281 2635 ad
1306 2584 1640 2635 vastitatem
1668 2580 1913 2636 redacta
1956 2584 2066 2635 est.

413 2666 553 2723 Siko
584 2670 806 2737 autem,
829 2672 1046 2739 prater
1073 2668 1321 2724 restituti
1344 2668 1527 2724 decus
1552 2668 1654 2724 otii
1676 2672 1855 2741 atque
1904 2667 2070 2723 urbis

413 2756 491 2813 ab
522 2756 838 2812 Adelberto
864 2761 1206 2826 grassatore
1235 2757 1518 2822 liberata,
1559 2757 1810 2813 illustria
1839 2774 1875 2816 a
1927 2759 2072 2829 Pop-

411 2860 569 2917 pone
628 2845 807 2901 feuda
852 2845 1263 2919 beneﬁciaque
1324 2846 1494 2902 tulit:
1552 2846 1888 2919 eodemque
1918 2862 2072 2919 pene

413 2934 891 3031 tempore‘Skiva
920 2935 1083 3007 apud
1126 2935 1637 3031 Saramgﬂuvium,
1670 2936 1835 3031 quod
1866 2940 2075 3009 postea
2104 2975 2143 3031 C

413 3022 623 3078 Montis
644 3022 798 3078 Clari
826 3039 1049 3079 nomen
1102 3024 1378 3092 obtinuit,
1438 3024 1734 3081 Adelberti
1786 3030 2069 3091 castrum,

409 3113 588 3184 jussu
610 3112 913 3185 Popponis
940 3128 1215 3170 eversum
1255 3118 1435 3187 atque
1489 3114 1752 3170 deletum
1808 3113 2074 3170 funditus

414 3206 519 3258 est.
558 3202 665 3257 Ubi
692 3202 995 3275 Popponis
1023 3220 1118 3259 res
1164 3205 1459 3275 majorem
1489 3205 1550 3260 in
1582 3204 1835 3261 modum
1864 3209 2074 3278 poten-

414 3292 494 3348 tia
514 3308 584 3348 ac
605 3291 878 3349 felicitate
908 3292 1156 3349 stabiliri
1186 3293 1332 3349 vidit
1349 3293 1666 3362 Adalbero,
1686 3294 1873 3350 multo
1890 3310 2078 3367 quam

414 3385 551 3437 ante
572 3381 875 3447 humilior,
908 3397 1029 3438 non
1059 3383 1242 3439 modo
1280 3383 1572 3456 palatium
1598 3384 1652 3440 ei
1697 3389 1877 3457 atque
1898 3399 2076 3440 occu-

415 3476 590 3543 patas
624 3470 896 3527 Ecclesia
924 3488 1110 3539 arces,
1145 3472 1250 3528 sed
1294 3473 1537 3529 castella
1566 3473 1747 3530 etiam
1789 3473 2077 3542 Sericum,

414 3558 771 3625 Rutichium,
802 3557 1172 3627 Sarburgum
1196 3565 1377 3633 atque
1409 3562 1558 3616 Bern
1590 3562 1925 3632 castellum,
1956 3576 2080 3617 uno

414 3661 624 3699 eorum
656 3644 768 3700 sibi
794 3644 965 3700 titulo
1020 3652 1342 3713 reservato,
1405 3648 1664 3715 tradidit,
1720 3654 1900 3721 atque
1956 3665 2081 3705 mo-

412 3731 673 3788 nasterio
728 3732 866 3788 inde
937 3734 1000 3788 D.
1058 3733 1310 3801 Paulini,
1349 3735 1445 3790 cui
1476 3737 1867 3809 prapositum
1899 3736 2081 3793 fuisse

410 3822 544 3894 jam
574 3820 1024 3890 adnotavimus,
1052 3822 1321 3895 repetito,
1355 3824 1522 3880 omni
1570 3825 1806 3897 abjecta
1857 3826 2081 3896 cogita-

411 3911 572 3969 tione
602 3910 925 3981 bonorum,
958 3911 1046 3968 ad
1073 3911 1333 3971 salutare
1357 3913 1544 3970 otium
1571 3916 1881 3972 concessit.
1937 3921 2085 3988 Pop-

413 4018 492 4074 po
512 4016 676 4065 vero,
700 4017 839 4056 cum
870 4016 1089 4056 omnes
1122 4002 1489 4059 munitiones
1510 4004 1903 4061 Adalberonis
1919 4005 2084 4060 dedi-

414 4086 574 4143 tione
602 4087 663 4142 in
692 4087 876 4144 fidem
936 4090 1284 4162 accepisset,
1320 4094 1466 4148 Bern
1511 4092 1840 4159 castellum,
1872 4093 2087 4149 acriter

416 4173 772 4245 aliquandiu
826 4194 862 4233 a
893 4178 1283 4249 pradonibus
1343 4179 1662 4237 defensum
1690 4176 2097 4248 restitit;sed~

418 4262 499 4318 ad
513 4266 859 4351 extremum
888 4270 1156 4339 captum,
1190 4268 1497 4342 dissipatis
1529 4286 1597 4327 ac
1624 4270 1834 4327 dirutis
1863 4286 2084 4345 propu-

419 4351 713 4423 gnaculis,
753 4354 1023 4411 funditus
1053 4357 1289 4415 excidit.

492 4444 802 4511 Caeterum,
834 4448 957 4501 toto
990 4460 1062 4500 eo
1092 4450 1361 4520 tempore
1391 4466 1514 4522 quo
1544 4451 1975 4522 Megingaudus
2004 4456 2083 4508 te-

418 4531 549 4588 nuit
593 4532 1036 4608 episcopatum,
1089 4537 1341 4594 ecclesia
1410 4540 1769 4597 Trevirensis
1830 4540 2084 4597 factione

417 4621 816 4680 Adalberouis
861 4624 1160 4696 insignem
1217 4643 1420 4683 rerum
1471 4627 1746 4684 omnium
1784 4630 2085 4701 jacturam

418 4708 839 4785 damnumque
873 4712 1025 4769 fecit.
1062 4714 1234 4770 Enim
1262 4730 1402 4771 vero
1429 4718 1553 4771 tam
1574 4720 1788 4773 tetram
1837 4716 1898 4772 in
1951 4717 2087 4774 soli-

418 4798 698 4855 tudinem
728 4801 1039 4858 redactam
1080 4802 1260 4859 fuisse
1282 4802 1477 4860 adem
1522 4804 1927 4862 cathedralem
1957 4822 2087 4878 per-

424 4886 651 4954 hibent,
678 4894 761 4956 ut,
788 4891 1025 4947 nemine
1055 4896 1213 4949 sarta
1234 4898 1389 4950 tecta
1419 4894 1709 4964 exigente,
1764 4895 1954 4951 clerus
2015 4896 2085 4952 sit

429 4981 671 5032 coactus
697 4982 862 5033 metu
890 4980 1079 5035 ruina
1136 4981 1429 5054 templum
1472 4982 1765 5050 deserere,
1798 4987 1856 5040 et
1904 4983 2088 5040 cultui

411 5063 625 5121 divino
657 5067 1070 5138 supersedere.
1105 5070 1464 5126 Monasteria
1489 5071 1702 5127 eodem
1728 5072 1912 5128 modo
1933 5088 2085 5145 quo-

412 5169 531 5226 que
566 5159 835 5229 tempore
868 5157 947 5213 ad
977 5174 1180 5214 rerum
1228 5160 1709 5218 necessariarum
1768 5162 2087 5235 penuriam

406 5244 699 5319 prolapsa
727 5252 885 5303 sunt.
922 5247 1151 5313 Quibus
1184 5246 1357 5305 malis
1406 5252 1612 5323 Poppo
1658 5252 1993 5309 remedium
2023 5258 2089 5309 ut

429 5334 680 5402 afferret,
708 5336 1115 5392 instaurandis
1167 5341 1347 5411 atque
1379 5340 1668 5396 ornandis
1713 5342 1974 5397 ecclesiis
2023 5358 2085 5398 se

429 5423 670 5481 tradidit
700 5424 1052 5498 impensius,
1085 5431 1265 5500 atque
1289 5429 1671 5499 monasteria,
1704 5447 1839 5504 qua
1862 5431 2085 5487 intesti-

422 5526 502 5565 na
534 5513 740 5570 seditio
772 5515 1152 5588 exhauserat,
1211 5516 1455 5587 pradiis
1502 5522 1558 5573 et
1603 5519 2085 5590 possessionibus

436 5600 819 5668 ocupletavit.
851 5603 1173 5659 Monachos
1198 5595 1410 5660 in'ade
1430 5605 1678 5678 virginis
1718 5606 1985 5685 Deipara
2007 5605 2085 5665 ad

2164 1690 2244 1746 lio
2275 1690 2474 1757 astitit,
2509 1706 2669 1747 anno
2712 1693 2863 1745 1023.

2238 1781 2418 1835 Porro
2447 1780 2594 1834 dum
2619 1794 2792 1834 curas
2823 1791 3036 1832 omnes
3066 1774 3142 1831 ad
3177 1772 3476 1829 diceeesis
3536 1786 3665 1825 sua
3712 1785 3837 1824 con-

2168 1868 2459 1925 tuendam
2480 1868 2826 1938 dignitatem
2859 1869 3257 1927 converteret,
3290 1878 3507 1918 mores
3533 1861 3838 1917 sanctimo-

2170 1957 2421 2013 nialium
2448 1956 2710 2013 Palatioli
2732 1955 3011 2024 eanobii,
3042 1952 3295 2009 lascivia
3325 1951 3616 2023 luxuque
3642 1947 3837 2004 remol-

2168 2046 2325 2115 litos,
2355 2047 2469 2103 hac
2495 2046 2810 2102 occasione
2858 2059 3072 2100 sanare
3124 2058 3470 2113 aggressus
3519 2045 3637 2095 est.
3689 2037 3840 2093 Forte

2169 2135 2277 2192 uni
2307 2152 2381 2191 ex
2408 2134 2521 2190 illis
2562 2134 3022 2190 commissuram
3079 2130 3270 2204 pallii,
3307 2136 3375 2185 ut
3433 2128 3588 2185 inde
3642 2126 3841 2195 caligas

2171 2224 2545 2298 episcopales
2570 2227 2925 2289 contexeret,
2956 2220 3031 2275 de
3062 2236 3252 2285 more,
3282 2218 3577 2275 dederat.
3624 2217 3746 2280 illa,
3795 2221 3841 2269 ut

2173 2313 2448 2370 antistitis
2472 2328 2742 2369 amorem
2767 2316 3017 2383 raperet,
3046 2316 3274 2364 vestem
3297 2307 3537 2381 ptultro
3562 2305 3841 2362 imbutam

2174 2402 2389 2457 reddit.
2418 2404 2618 2474 Poppo
2653 2407 2715 2456 ut
2744 2400 2964 2468 caligas
2993 2396 3208 2464 induit,
3246 2403 3491 2453 tantam
3524 2394 3686 2450 illico
3713 2392 3845 2465 phil-

2179 2491 2253 2547 tri
2280 2492 2403 2546 vim
2432 2494 2648 2564 praeter
2670 2505 2897 2545 morem
2927 2492 3210 2559 expertus
3245 2493 3360 2555 est,
3407 2492 3479 2540 ut
3505 2486 3574 2541 in
3623 2482 3845 2539 nefarie

2177 2579 2449 2635 mulieris
2471 2594 2741 2636 amorem
2773 2583 2891 2634 tota
2921 2580 3119 2632 mente
3149 2580 3212 2631 et
3269 2572 3655 2643 cogitatione
3698 2585 3846 2626 exar-

2178 2668 2472 2725 desceret.
2508 2668 2839 2724 Demiratus
2892 2663 3223 2721 laseivioris
3287 2663 3499 2719 carnis
3559 2660 3846 2718 insolitam

2180 2756 2585 2831 tyrannidem,
2618 2756 2774 2811 facto
2799 2755 2857 2809 in
2889 2754 3017 2809 aliis
3047 2768 3302 2825 quoque
3349 2751 3537 2807 simili
3569 2748 3844 2823 periculo,

2182 2844 2510 2918 turpissimi
2540 2844 2747 2915 flagitii
2775 2849 3078 2899 auctorem
3103 2840 3402 2896 feminam
3436 2856 3573 2895 esse
3594 2856 3725 2895 non
3753 2837 3846 2892 du-

2180 2933 2408 2990 bitavit.
2445 2936 2693 2988 Ventum
2716 2932 2852 2986 inde
2892 2930 2967 2986 ad
2999 2929 3137 2985 facti
3168 2930 3617 2999 cognitionem,
3675 2941 3848 2999 eoque

2182 3023 2459 3096 probato,
2496 3038 2614 3078 una
2643 3021 2916 3076 omnium
2956 3018 3255 3075 sententia
3286 3019 3397 3074 fuit
3430 3017 3848 3090 expellendam

2183 3130 2256 3169 ex
2286 3112 2386 3168 illo
2414 3118 2570 3167 coetu
2600 3110 3037 3183 nequissimam
3066 3108 3555 3171 incantatricem,
3620 3113 3849 3162 cateras

2185 3202 2263 3258 ad
2296 3201 2617 3258 strictiores
2650 3199 3086 3255 monachorum
3116 3196 3284 3267 leges
3317 3196 3692 3266 redigendas
3716 3210 3848 3249 esse.

2186 3290 2361 3356 Quod
2390 3306 2529 3345 cum
2559 3289 2754 3359 major
2783 3304 2949 3361 pars,
2972 3287 3103 3341 vitae
3148 3285 3404 3341 laxioris
3433 3291 3641 3353 tenax,
3674 3281 3852 3339 omni-

2185 3395 2264 3437 no
2294 3382 2616 3452 respueret,
2661 3378 2857 3433 visum
2897 3382 2983 3431 est
3028 3375 3495 3448 archiepiscopo
3540 3372 3853 3443 collegium

2185 3468 2335 3524 illud
2391 3468 2630 3541 penitus
2684 3465 3033 3533 dissolvere,
3083 3465 3247 3520 facta
3307 3463 3544 3536 reliquis
3605 3463 3687 3517 ad
3733 3460 3847 3515 alia

2185 3555 2536 3615 transeundi
2560 3561 2925 3611 monasteria
2962 3554 3267 3611 facultate.

2261 3652 2535 3703 Attamen
2564 3648 2793 3719 Poppo,
2824 3646 2937 3717 pia
2956 3642 3460 3716 peregrinationis
3476 3640 3854 3697 causa'l‘beo—

2190 3738 2396 3794 dorico
2426 3736 2663 3793 Metensi
2692 3734 3058 3791 demandata
3081 3733 3364 3789 Ecclesia
3388 3749 3516 3788 sua
3531 3748 3706 3801 cura,
3725 3746 3854 3786 cum

2189 3826 2489 3901 primariis
2519 3840 2550 3880 e
2582 3823 2740 3880 clero
2768 3823 3253 3894 Hierosolymam
3271 3822 3558 3895 perrexit.
3591 3821 3854 3877 Simeone

2189 3913 2492 3970 monacho
2515 3911 2738 3969 Sinaita
2775 3911 3012 3979 comite,
3038 3925 3143 3982 qui
3168 3925 3243 3964 ex
3273 3910 3521 3965 Oriente
3550 3910 3617 3964 in
3648 3908 3854 3963 Gallias

2192 4001 2271 4056 ab
2323 4001 2542 4057 abbate
2594 4017 2704 4055 suo
2766 3999 3026 4055 directus
3080 4000 3275 4055 fuerat
3328 4003 3393 4054 ut
3451 4015 3490 4054 a
3544 3998 3850 4055 Ricbardo.

2192 4088 2597 4146 Nortmannia
2625 4088 2800 4157 duce,
2833 4103 2953 4143 non
2994 4088 3246 4156 exiguas
3272 4087 3584 4159 acciperet
3613 4088 3851 4141 elecmo—

2195 4194 2400 4251 synas.
2435 4178 2663 4244 Quibus
2688 4193 2796 4250 per
2826 4177 3068 4232 soda‘es
3100 4176 3175 4232 ad
3207 4177 3667 4231 monasterium
3714 4176 3853 4231 dela-

2191 4267 2287 4335 tis,
2314 4265 2409 4322 ille
2440 4265 2797 4339 aliquandiu
2838 4264 3193 4336 Hothomagi
3249 4264 3426 4334 stetit,
3488 4281 3562 4320 ac
3620 4264 3849 4337 proinde

2194 4357 2513 4413 consilium
2588 4356 2742 4430 cepit
2786 4356 3051 4411 Treviros
3110 4354 3377 4411 adeundi
3437 4355 3611 4410 unde
3654 4358 3851 4427 Poppo

2191 4462 2332 4502 nem
2358 4446 2435 4502 ad
2466 4450 2685 4502 terram
2712 4453 2980 4500 sanctam
3010 4444 3499 4517 proﬁciscentem
3535 4450 3634 4500 est
3688 4442 3853 4500 comi-

2194 4541 2370 4593 tatus.
2405 4539 2485 4592 Eo
2506 4535 2568 4591 in
2594 4534 2799 4591 itinere
2829 4540 2947 4590 toto
2975 4534 3228 4590 triennio
3264 4537 3475 4606 Poppo
3500 4532 3851 4607 permansit:

2194 4630 2285 4682 ast
2312 4625 2374 4681 in
2403 4624 2617 4680 urbem
2650 4623 2751 4679 ubi
2777 4638 3044 4679 reversus
3092 4627 3199 4691 est,
3242 4637 3408 4677 anno
3465 4626 3631 4689 t028,
3669 4635 3855 4677 mense

2195 4711 2535 4782 Novembri,
2558 4711 2969 4784 comperitque
3003 4710 3344 4767 Simeonem
3386 4709 3527 4765 vita
3581 4708 3853 4781 tranquil-

2193 4804 2355 4860 lioris
2410 4802 2610 4858 studio
2669 4817 2974 4857 secessum
3020 4805 3285 4873 captare,
3342 4799 3615 4872 ideoque
3648 4798 3895 4854 includi

2194 4892 2362 4955 velle,
2397 4890 2706 4964 optionem
2733 4889 2787 4944 ei
2812 4888 2944 4944 tulit
2989 4888 3192 4944 sedem
3224 4888 3287 4943 in
3319 4888 3551 4944 ditione
3609 4889 3857 4943 Treviro-

2194 4998 2332 5037 rum
2382 4977 2627 5049 tigendi.
2686 4982 2739 5033 ls
2794 4977 2997 5033 locum
3045 4977 3105 5032 in
3147 4974 3405 5048 antiqua
3432 4976 3623 5045 mole,
3681 4989 3852 5049 quam

2196 5070 2438 5141 Nigram
2465 5070 2703 5123 Portam
2748 5066 3113 5134 vocitabant,
3167 5063 3469 5134 assignari
3521 5064 3641 5119 sibi
3672 5069 3854 5137 postu-

2195 5158 2358 5224 lavit,
2387 5161 2567 5231 atque
2593 5155 2689 5226 die
2718 5154 2867 5211 festo
2899 5154 3091 5210 sancti
3154 5151 3433 5221 Andrea,
3495 5151 3852 5207 circumfusa

2195 5249 2273 5306 ad
2322 5245 2729 5321 spectaculum
2788 5260 3012 5312 magna
3062 5258 3199 5298 cum
3260 5241 3470 5313 populi
3535 5247 3669 5297 tum
3732 5241 3850 5296 cier!

2194 5335 2595 5402 multitudine,
2618 5332 2698 5390 ab
2723 5331 3172 5403 archiepiscopo
3204 5330 3265 5383 in
3293 5336 3639 5398 angustum
3668 5342 3847 5401 quem-

2195 5426 2341 5481 dam
2372 5426 2502 5496 ejus
2540 5422 2715 5479 molis
2770 5419 3059 5483 auaulum
3106 5417 3376 5472 inclusus
3425 5424 3536 5479 est,
3570 5418 3775 5490 ibique
3794 5415 3843 5468 in

2196 5514 2441 5570 assidua
2461 5510 2728 5568 oratione
2760 5522 3101 5578 magnaque
3124 5505 3250 5560 vita
3274 5506 3607 5577 asperitate
3638 5510 3839 5576 septem

2194 5603 2359 5673 degit
2385 5617 2601 5659 annos.
