3988 6182
262 203 389 260 1401

871 204 1387 261 ANGELRANNUS
1424 202 1662 259 ABBAS
1701 190 2190 259 CENTULENSIS.
2233 237 2299 244 —
2349 206 2626 263 NOTITIA
2665 204 3071 264 HISTORICA.

3545 205 3680 263 1602

264 372 267 375 .
328 328 547 385 Eodem
578 328 806 384 circiter
844 330 1133 401 tempore,
1166 328 1520 398 Christiana,
1558 343 1727 384 soror
1758 326 1909 398 Pop-
1950 329 1999 380 Α
2023 344 2158 383 rum
2190 329 2495 387 referatur.
2525 331 2829 405 Popponis
2861 331 3145 405 precibus
3194 347 3468 388 annuens
3497 334 3678 387 Bene-

256 419 451 493 ponis,
484 418 562 475 ad
591 418 882 474 Simeonis
911 417 1279 490 exemplum,
1310 418 1466 475 intra
1516 417 1768 491 parietes
1805 415 1912 471 ali-

251 507 391 565 cubi
417 523 623 564 sacros
651 506 899 575 inclusa,
929 506 1042 562 sibi
1072 507 1423 580 Christoque
1450 507 1577 564 sola
1604 505 1763 561 vivit.
1797 510 1913 560 An-

250 612 332 653 no
360 601 560 653 autem
594 600 751 663 1031,
781 612 876 651 xiv
903 595 1033 652 Kal.
1078 596 1449 664 Novembris,
1484 599 1688 670 Poppo
1719 594 1911 650 aedem

255 689 751 759 Epternacensem
781 685 1180 743 instauratam
1209 686 1494 744 invitatus
1516 686 1595 742 ab
1627 684 1913 741 Humber—

251 780 314 833 to
339 776 557 833 abbate
588 776 976 842 consecravit,
1007 776 1322 849 levataque
1352 778 1407 832 S.
1443 775 1745 833 Villibrodi
1774 790 1913 831 ossa

253 865 313 922 in
361 865 804 923 honoratiorem
837 865 1135 921 tumulum
1167 866 1481 922 transtulit.
1516 867 1664 923 Cum
1702 864 1912 920 vicinis

253 954 711 1012 conventionem
755 954 883 1010 iniit
935 954 1160 1011 ratione
1205 955 1597 1011 terminorum
1651 953 1913 1010 nemoris

254 1042 507 1113 Kilvald,
537 1042 823 1115 variaque
868 1043 1095 1115 praedia
1124 1043 1467 1100 abalienata
1495 1042 1757 1099 ecclesiae
1789 1058 1912 1097 suae

252 1130 595 1195 vindicavit.
626 1130 784 1187 circa
808 1147 1038 1188 annum
1074 1131 1225 1188 1033.
1254 1132 1496 1189 Duabus
1519 1132 1578 1188 in
1606 1136 1911 1205 permuta-

254 1221 516 1276 tionibus
559 1220 710 1276 inter
752 1219 993 1277 diversa
1042 1222 1407 1279 monasteria
1446 1221 1605 1277 initis
1659 1220 1917 1277 occurrit

253 1308 408 1365 circa
438 1324 669 1363 annum
706 1312 859 1365 l035.
900 1309 1224 1365 Duodecim
1250 1326 1515 1377 mansos,
1548 1310 1912 1382 totidemque

251 1398 556 1471 mancipia
615 1415 650 1454 a
704 1398 1001 1454 Thiefrido
1055 1399 1347 1455 advocato
1399 1398 1748 1466 Trevirensi,
1808 1398 1915 1471 qui

255 1486 583 1542 Luitardim
613 1487 1129 1557 consanguineam
1161 1504 1335 1544 suam
1366 1504 1614 1544 uxorem
1640 1487 1912 1557 duxerat,

252 1575 501 1649 accepit,
534 1580 712 1648 atque
759 1575 1001 1631 duobus
1051 1576 1414 1647 conjugibus
1460 1576 1802 1633 cohabitare
1852 1576 1914 1632 li-

254 1665 510 1721 centiam
538 1665 674 1721 fecit
703 1680 865 1721 anno
900 1665 1055 1722 1036.
1085 1666 1308 1722 Eodem
1330 1682 1492 1723 anno
1517 1671 1574 1722 et
1601 1666 1916 1739 insequen-

254 1753 294 1809 ti
324 1752 490 1808 varia
532 1753 695 1809 dona
725 1752 804 1808 ab
834 1752 1214 1809 Adalberone
1246 1757 1300 1811 S.
1335 1754 1562 1810 Paulini
1592 1753 1912 1827 praaposito

252 1841 469 1897 collata
529 1841 803 1897 coenobio
851 1844 905 1897 S.
962 1842 1190 1899 Mathire
1243 1843 1549 1910 laudavit;
1608 1843 1912 1915 synodum

252 1929 465 1985 habuit
512 1946 562 1984 γι
614 1930 749 1985 [dus
795 1929 951 1985 Junii
1004 1930 1159 2001 1037,
1205 1931 1283 1986 :zd
1326 1947 1512 2003 quam
1564 1931 1912 1986 accedentes

252 2017 621 2083 Adelbertus,
671 2018 940 2074 marchio
997 2006 1718 2091 Lotharingiaa,'ejusque
1765 2034 1915 2074 uxor

250 2104 490 2160 Juditha
518 2121 724 2161 coram
771 2105 904 2177 ipso
935 2105 1141 2163 villam
1172 2107 1759 2163 Momendortfeidem
1791 2123 1914 2162 mo-

251 2192 511 2247 nasterio
552 2192 947 2249 indulserunt.
997 2197 1059 2249 In
1099 2193 1553 2250 Palatiolensem
1597 2196 1915 2267 partheno-

250 2296 391 2336 nem
421 2281 747 2337 canonicos
793 2281 1320 2338 sanctimonalium
1348 2282 1482 2338 loco
1512 2283 1590 2339 ad
1620 2283 1781 2338 hunc
1811 2299 1914 2338 an-

250 2384 399 2425 num
449 2368 775 2425 immisisse
817 2370 1050 2426 dicitur.
1094 2371 1455 2427 Comitatum
1499 2371 1573 2427 de
1625 2371 1912 2437 Marvelis,

251 2473 436 2529 quem
501 2458 811 2513 Conradus
877 2458 1203 2532 imperator
1256 2460 1580 2515 Trevirensi
1644 2459 1914 2516 Ecclesiae

252 2546 627 2618 praestiterat,
660 2546 739 2602 ab
765 2547 1017 2603 Henrico
1050 2549 1120 2602 lil
1150 2554 1440 2620 perpetuo
1480 2548 1912 2620 possidendum

255 2635 608 2707 impetravit,
638 2651 737 2691 an.
774 2640 932 2708 4039,
961 2637 1159 2692 Idibus
1194 2638 1580 2710 Septembris.
1614 2639 1700 2693 Ad
1735 2642 1912 2694 Bene-

255 2724 480 2779 dictum
511 2728 572 2779 ΙΧ
601 2724 917 2796 epistolam
955 2725 1187 2795 direxit,
1223 2742 1347 2798 qua
1377 2743 1517 2781 eum
1549 2733 1824 2799 precatur
1852 2733 1917 2783 ut

256 2812 366 2867 sibi
392 2814 585 2867 mittat
614 2813 806 2868 virum
851 2814 1207 2885 prudentem
1237 2817 1339 2887 qui
1388 2814 1441 2870 ei
1471 2814 1531 2870 in
1558 2816 1916 2872 necessitati-

255 2900 370 2955 bus
423 2901 544 2955 suis
593 2901 843 2957 concilio
902 2902 1078 2958 simul
1134 2908 1192 2959 et
1243 2904 1464 2959 auxilio
1517 2904 1913 2975 suffragetur;

2019 417 2214 473 dictus
2261 408 2578 491 praesulem
2612 420 3025 489 coadjutorem
3055 420 3109 476 ei
3146 421 3325 476 misit.
3359 422 3548 487 Quem
3580 423 3681 476 Pa-

2018 507 2379 579 pebrochius
2408 508 2646 580 conjicit
2684 508 2864 565 fuisse
2894 510 3241 566 Gratianum
3267 508 3683 582 archipresby-

2019 599 2234 663 terum,
2266 596 2461 653 virum
2509 597 2869 671 prudentem
2899 616 2913 666 ;
2963 597 3229 654 decernit
3274 597 3454 654 etiam
3485 597 3681 653 virum

2022 685 2122 741 Dei
2151 680 2488 742 Simeonem
2517 692 2795 744 sanctum
2817 686 3035 743 debere
3061 687 3378 753 nominari,
3398 686 3681 759 diemque

2019 776 2148 847 ejus
2178 775 2461 843 natalem,
2485 777 2636 834 sicut
2667 781 2724 833 et
2752 775 3008 833 aliorum
3039 781 3384 833 sanctorum
3408 790 3680 832 reveren-

2018 864 2241 921 tissime
2274 864 2521 935 singulis
2550 865 2724 922 annis
2755 865 3067 935 celebrari,
3088 864 3168 921 uti
3198 870 3359 938 patet
3382 882 3455 921 ex
3483 864 3680 940 ponti-

2018 955 2147 1011 ﬁcis
2175 954 2379 1010 litteris
2408 959 2465 1011 et
2495 971 2566 1011 ex
2619 955 2788 1012 bulla
2826 954 3294 1012 canonizationis
3322 954 3478 1011 datis
3520 970 3683 1011 anno

2026 1046 2179 1101 1042.
2214 1043 2534 1101 Ecclesiam
2566 1044 2779 1101 eodem
2826 1060 2988 1100 anno
3044 1045 3106 1100 in
3153 1045 3446 1101 honorem
3491 1044 3682 1117 ipsius

2021 1136 2077 1190 S.
2141 1132 2433 1190 Simeonis
2497 1132 2814 1189 aediﬁcavit
2884 1136 3089 1207 Poppo
3165 1133 3227 1188 in
3304 1138 3478 1205 porta
3545 1148 3682 1205 qua:

2019 1223 2181 1280 Marti
2252 1222 2418 1295 apud
2486 1222 2742 1280 Gentiles
2819 1222 2963 1279 olim
3038 1227 3389 1278 consecrata
3458 1222 3681 1288 fuerat,

2018 1312 2079 1368 in
2124 1311 2421 1368 veteribus
2472 1311 2693 1368 scilicet
2739 1312 2927 1368 ruinis
2968 1311 3230 1384 antiquae
3279 1311 3454 1367 molis
3493 1327 3681 1383 quam

2022 1403 2077 1458 S.
2130 1401 2346 1466 Simeo,
2392 1400 2535 1456 dum
2592 1401 2651 1457 in
2700 1401 2844 1457 vivis
2870 1405 3043 1468 esset,
3076 1400 3438 1467 incoluerat;
3490 1399 3685 1455 immi-

2020 1490 2214 1562 sitque
2240 1489 2299 1544 in
2330 1506 2464 1545 eam
2495 1488 2703 1545 fratres
2749 1490 2871 1545 sive
2917 1489 3260 1556 canonicos,
3294 1487 3398 1561 qui
3429 1491 3549 1544 Deo
3578 1486 3684 1543 ibi-

2018 1578 2158 1634 dem
2207 1578 2515 1647 servirent,
2548 1584 2727 1651 atque
2776 1578 3002 1651 praadia
3057 1593 3414 1651 annuosque
3459 1576 3683 1632 reditus

1957 1681 1993 1734 Β
2020 1669 2164 1742 ipsis
2192 1667 2443 1737 largitus
2476 1673 2581 1724 est.
2619 1668 2853 1737 Insigne
2900 1667 3280 1740 privilegium
3322 1682 3433 1740 pro
3473 1664 3685 1722 conﬁr-

2021 1758 2283 1813 matione
2312 1756 2613 1813 bonorum
2644 1757 2791 1813 aedis
2821 1758 3068 1829 majoris
3097 1756 3176 1813 ab
3202 1756 3454 1812 Henrico
3482 1756 3549 1811 Ill
3576 1754 3686 1810 im-

2019 1851 2292 1920 peratore
2338 1846 2674 1918 inpetravit
2710 1862 2808 1902 an.
2847 1850 3002 1903 1045.
3044 1846 3377 1902 Exstinctus
3425 1859 3569 1901 vero
3619 1846 3682 1899 16

2019 1934 2179 1990 Junii
2212 1939 2368 1995 1047.
2401 1934 2461 1989 in
2487 1934 2740 1989 ecclesia
2768 1950 2957 2006 quam
3003 1940 3210 1990 sancto
3252 1934 3514 1991 Simeoni
3546 1932 3686 1989 aedi-

2019 2023 2302 2078 ﬁcaverat
2346 2022 2630 2078 humatus
2673 2027 2781 2090 est,
2812 2022 3008 2095 posita
3058 2037 3241 2094 supra
3296 2022 3427 2092 ejus
3476 2025 3685 2094 pectus

2021 2110 2307 2186 plumbea
2337 2110 2555 2166 tabella
2604 2128 2741 2167 cum
2786 2112 2899 2167 hac
2955 2111 3378 2184 inscriptione:
3428 2112 3684 2183 «Poppo

2020 2202 2390 2256 Trevirorum
2412 2200 2903 2273 archiepiscOpus
2923 2199 3069 2255 obiit
3097 2200 3333 2256 decimo
3359 2204 3525 2255 sexto
3548 2198 3679 2255 Kal.

2019 2290 2171 2346 Julii.
2198 2314 2223 2339 »ι
2255 2290 2369 2345 ΑΞΓὶ
2398 2289 2763 2362 insculptum
2795 2295 2921 2345 erat
2963 2289 3025 2345 id
3066 2289 3478 2361 epitaphium:
3514 2311 3542 2336 ‹‹
3564 2293 3683 2343 Λη-

2022 2395 2102 2434 no
2149 2379 2467 2434 Dominicte
2500 2378 2929 2434 lncarnationis
2966 2378 3121 2443 1057,
3159 2377 3405 2433 Heinrici
3436 2375 3685 2433 secundi

2021 2466 2179 2534 regis
2210 2483 2346 2532 xvu,
2383 2466 2759 2539 imperatoris
2804 2471 3006 2522 autem
3046 2466 3262 2538 primo,
3292 2482 3389 2521 xv:
3420 2464 3551 2521 Kal.
3582 2466 3684 2520 Ju-

2022 2554 2103 2620 lii,
2127 2554 2273 2609 obiit
2296 2554 2477 2626 hujus
2497 2554 2813 2611 Treverica:
2845 2554 3003 2610 sedis
3031 2557 3149 2610 Deo
3178 2553 3428 2610 dilectus
3460 2552 3686 2609 archie-

2023 2644 2309 2717 piscopus
2339 2647 2562 2717 Poppo.
2596 2668 2622 2693 ››

2096 2736 2302 2806 Operae
2336 2734 2593 2806 pretium
2623 2738 2711 2789 est
2734 2733 2830 2789 hic
2860 2733 3149 2789 adnotare
3177 2733 3322 2789 nihil
3342 2733 3473 2805 ipse
3502 2732 3684 2788 fuisse

2024 2838 2347 2879 commune
2377 2839 2516 2878 cum
2547 2822 2647 2878 illo
2690 2826 2973 2896 Poppone
3024 2823 3127 2896 qui
3161 2824 3358 2877 Danos
3389 2820 3467 2877 ad
3517 2819 3683 2876 Chri-

2025 2910 2283 2965 stianam
2326 2909 2507 2966 ﬁdem
2558 2911 2863 2967 convertit.
2898 2910 3182 2977 Quamvis
3216 2909 3377 2965 enim
3421 2909 3553 2980 ejus
3600 2923 3686 2963 se-

254 2990 517 3080 itemque
549 3006 775 3063 papam
804 2992 878 3047 de
924 2997 1113 3049 morte
1165 2994 1455 3050 Simeonis
1500 3000 1759 3051 eremitee
1789 3011 1914 3051 cer-
1955 3028 1994 3080 ρ
2026 2998 2347 3071 pulchrum
2378 2999 2689 3070 quondam
2716 2998 2795 3055 ab
2825 2998 2948 3054 istis
2976 2997 3215 3072 populis
3240 2995 3683 3070 frequentatum

206 3090 215 3101 '
257 3080 465 3137 tiorem
496 3079 654 3146 facit,
686 3086 973 3154 urgetque
1004 3086 1067 3138 ut
1094 3082 1191 3138 ille
1219 3084 1281 3139 in
1329 3090 1677 3140 sanctorum
1709 3096 1916 3141 nume-

2023 3086 2214 3149 fuerit,
2240 3102 2485 3159 prorsus
2516 3092 2718 3144 tamen
2749 3086 2828 3143 ab
2858 3086 2958 3143 illo
2992 3092 3076 3143 est
3104 3086 3393 3142 diversus.

706 3378 1182 3468 POPl‘ONlS
1244 3380 1725 3469 EPlS'l‘OLA
1787 3383 1917 3468 AD
1976 3379 2626 3471 BENEDIGTUM
2697 3380 2800 3468 5X
2860 3378 3226 3473 PAPAM.

1266 3557 1441 3628 (Vide
1468 3572 1678 3628 supra,
1710 3559 1867 3614 inter
1908 3559 2189 3627 epistolas
2224 3558 2531 3614 Benedicti
2554 3557 2685 3628 IX.)

271 3727 3688 3763 Mm

1684 3918 1828 3958 ANNO
1869 3918 2055 3958 DOIINI
2096 3918 2265 3958 ων.

1144 4024 2803 4234 V.ANGELBANNUS

264 4344 728 4465 ABBAS
791 4342 1687 4465 MONASTEBH
1764 4348 1867 4467 S.
1926 4346 2602 4465 RICHARII
2660 4341 3675 4463 (LENTULERSIS.

1144 4722 1799 4821 NOTITIA
1892 4722 2808 4849 HISTORIGA.

1033 4903 1177 4972 (Ea:
1216 4904 1418 4961 Gallia
1458 4903 1842 4971 Christiana,
1884 4920 2022 4961 nov.
2062 4904 2202 4959 edit.
2245 4908 2391 4958 tom.
2434 4906 2503 4965 Χ,
2546 4916 2700 4972 page
2745 4900 2937 4972 1249.)

333 5208 772 5279 Angelrannus,
820 5208 1068 5282 Sapiens
1118 5210 1601 5278 cognominatus,
1663 5210 1921 5268 Centulaa
1964 5213 2005 5264 Ι)
2026 5224 2230 5279 regem
2262 5212 2511 5265 Romam
2535 5212 2777 5264 euntem
2800 5208 3116 5264 comitatus
3139 5206 3472 5264 sacerdotio
3495 5204 3687 5260 initia-

258 5297 527 5354 honestis
579 5298 929 5371 parentibus
984 5303 1161 5355 natus
1213 5303 1321 5355 est.
1353 5299 1713 5356 Adolescens
1747 5303 1803 5357 S.
1832 5300 1921 5355 Ri-
2028 5303 2123 5352 tus
2151 5297 2458 5353 Centulam
2484 5295 2676 5367 rediit,
2705 5295 2807 5351 ubi
2851 5295 3163 5366 lngelardo
3193 5294 3475 5351 defuncto
3507 5308 3543 5348 a
3569 5291 3686 5348 fra-

260 5388 447 5444 charii
476 5387 739 5444 claustra
769 5388 969 5456 subiit,
1001 5389 1174 5460 cujus
1218 5387 1296 5444 ab
1343 5388 1560 5445 abbate
1609 5388 1919 5457 lngelardo
2028 5385 2218 5441 tribus
2246 5402 2367 5441 una
2397 5402 2541 5441 voce
2574 5384 2794 5440 electus
2825 5392 2932 5440 est.
2968 5385 3079 5441 Sed
3110 5400 3246 5457 quae
3268 5388 3394 5439 erat
3423 5382 3529 5437 viri
3560 5396 3689 5437 mo-

259 5474 438 5546 longe
459 5476 653 5548 posita
674 5482 1044 5533 scrutaturus
1060 5476 1402 5533 scholarum
1422 5477 1762 5545 magisteria
1784 5476 1921 5531 mis-
2027 5473 2216 5530 destia
2242 5475 2255 5529 !
2286 5474 2503 5529 Furtim
2531 5490 2591 5528 se
2615 5474 2865 5545 proripit
2890 5490 2921 5529 e
2947 5473 3334 5539 monasterio,
3354 5474 3409 5526 et
3437 5472 3498 5526 in
3525 5469 3686 5525 silvai

261 5578 389 5634 sus,
415 5563 755 5621 Fulbertum
776 5568 1202 5621 Carnotensem
1225 5567 1577 5638 episcopum
1598 5572 1920 5636 praecepto-
2030 5562 2322 5619 Olnodioli
2352 5562 2599 5618 latibula
2630 5577 2691 5616 se
2718 5561 2901 5617 abdit.
2924 5565 3052 5617 Mox
3072 5560 3229 5631 regis
3247 5560 3422 5631 jussu
3442 5558 3683 5633 perqui-

262 5666 391 5708 rem
421 5652 676 5727 adeptus
705 5659 794 5710 est
820 5659 878 5711 et
899 5653 1298 5723 didascalum,
1328 5653 1564 5710 Interim
1596 5651 1918 5708 Robertum
2032 5652 2182 5708 situs
2214 5668 2285 5708 ac
2314 5651 2563 5709 demum
2593 5651 2871 5706 inventus
2901 5666 3056 5707 onus
3083 5649 3438 5723 impositum
3466 5642 3686 5704 invitus
