4020 6176
312 48 447 105 1403

1363 38 1810 96 ANGELRANNI
1848 31 2144 90 ABBATIS
2183 30 2668 88 CENTULENSIS.

3624 34 3753 93 1504

309 169 509 227 subire
538 168 786 240 cogitur.
820 170 939 222 Rex
967 165 1170 240 itaque
1199 163 1473 235 gaudens
1502 160 1765 219 ecclesiis
1795 156 1960 214 basi-
1999 158 2045 210 A
2074 154 2234 229 cipui
2263 152 2449 221 fuere,
2483 155 2670 237 Guido
2716 155 3144 212 Ambianensis
3189 158 3247 211 et
3297 156 3501 225 Drogo
3548 156 3755 211 Tarva-

307 257 486 315 licam
517 256 713 326 intrat,
744 254 1030 327 omnique
1056 257 1361 326 spectante
1387 251 1682 307 nobilium
1710 253 1767 303 et
1796 247 1965 318 igno-

308 347 518 406 bilium
550 351 803 412 caterva,
835 359 943 418 per
982 342 1155 400 funes
1185 343 1258 399 ad
1295 342 1467 411 signa
1497 340 1828 416 pendentes
1853 336 1968 410 ipsi

310 436 489 492 totius
538 432 654 489 loci
705 432 1178 489 dominationem
1238 430 1493 500 delegat,
1552 428 1842 501 jubetque
1904 428 1969 480 ut

307 521 666 597 quantocius
720 521 850 594 ejus
914 519 1251 577 benedictio
1313 517 1691 575 acceleretur.
1759 513 1968 570 Statim

309 610 475 686 operi
499 626 752 668 manum
782 609 1066 667 admovet
1083 608 1521 679 Angelrannus,
1536 604 1761 662 moenia
1777 601 1965 669 struit,

309 715 444 757 aras
472 716 621 757 auro
651 704 709 757 et
750 705 999 771 argento
1030 698 1228 771 vestit,
1260 713 1413 754 vasa
1456 700 1664 753 sancta
1695 693 1965 766 ampliat,

307 790 768 847 conventionem
797 790 964 864 prius
996 806 1132 845 cum
1184 787 1439 845 Notkero
1471 783 1814 843 Leodicensi
1842 781 1967 855 epi-

308 895 498 953 scopo
544 878 764 949 factam
813 882 1062 935 renovat
1099 894 1238 934 cum
1278 876 1559 933 Durando
1601 890 1761 931 anno
1809 876 1965 941 1022,

312 967 766 1025 Scabellivillam
826 984 861 1023 a
910 966 1209 1024 Richardo
1272 970 1758 1023 Normannorum
1814 962 1967 1017 duce

310 1056 582 1133 acquirit,
614 1054 1088 1112 Comitis-Villam
1134 1073 1171 1112 a
1223 1054 1438 1112 comite
1482 1052 1703 1110 Pontivi
1755 1050 1968 1121 Angel-

307 1161 522 1213 ranno,
573 1145 896 1216 Noguerias
940 1145 1311 1219 recuperavit
1342 1160 1503 1201 anno
1560 1143 1713 1212 1035,
1745 1145 1801 1196 et
1844 1156 1970 1196 mo-

309 1234 621 1291 lendinum
659 1233 734 1290 de
776 1234 1132 1290 Montiniaco
1160 1250 1318 1291 anno
1354 1237 1508 1289 10H.
1540 1235 1817 1287 Hortante
1844 1228 1971 1286 Ful-

309 1322 480 1379 berto
529 1322 873 1381 Carnotensi
919 1323 1203 1399 episcopo
1236 1322 1425 1377 Vitam
1478 1320 1666 1376 sancti
1712 1317 1970 1376 Richarii

310 1427 491 1468 versu
542 1411 781 1467 heroico
825 1412 1186 1484 composuit,
1241 1410 1514 1485 ejusdem
1572 1407 1862 1465 miracula
1916 1410 1970 1463 et

2074 244 2279 302 nensis
2328 250 2538 317 postea
2583 236 2868 321 episcopi.
2904 245 3029 303 Sub
3072 244 3261 301 ﬁnem
3302 244 3440 300 vitae
3491 243 3757 318 paralysi

2076 333 2159 389 sic
2186 331 2437 389 affectus
2464 337 2572 405 est,
2608 340 2668 390 ut
2702 334 2899 404 Fulco,
2932 336 3065 407 ejus
3104 333 3220 389 loci
3269 332 3642 396 monachus,
3673 334 3756 387 in-

2075 427 2347 479 terventu
2393 422 2580 496 patris
2628 422 2719 479 sui
2775 422 3142 496 Angelranni
3177 421 3447 487 comitis,
3479 421 3565 477 ab
3614 421 3755 476 Hen-

2074 511 2199 567 rico
2223 526 2383 582 rege,
2416 511 2521 584 qui
2550 516 2679 568 tum
2710 511 2857 569 forte
2887 512 2948 568 in
2989 510 3311 567 Pontivum
3346 514 3621 575 venerat,
3655 508 3756 565 ab-

2074 601 2304 658 batiam
2333 601 2672 658 obtinuerit.
2708 602 2878 669 Quod
2923 618 3061 659 cum
3105 600 3399 657 rescisset
3430 600 3755 670 Angelran-

2075 706 2211 759 nus,
2244 690 2545 764 quosdam
2594 689 2879 747 militares
2935 706 2973 747 a
3025 690 3284 747 Fulcone
3340 688 3430 746 ad
3484 688 3758 745 festivum

2076 780 2190 836 hac
2234 779 2308 835 de
2351 795 2414 835 re
2441 778 2688 853 epulum
2725 785 3087 837 convocatos
3124 779 3273 836 diris
3303 778 3592 843 addixit;
3645 779 3759 834 Ful-

2077 885 2434 943 conemque,
2469 886 2533 925 se
2558 870 2812 937 vivente,
2842 886 2917 926 ne
2958 869 3208 944 quidem
3234 868 3494 926 alterius
3529 868 3648 924 loci
3678 868 3753 924 fo—

2076 975 2139 1015 re
2170 958 2453 1015 abbatem
2480 963 2840 1015 contestatus
2866 964 2953 1016 est
2978 979 2989 1028 ;
3019 965 3076 1015 et
3106 964 3172 1014 ut
3197 959 3334 1030 ejus
3357 958 3757 1014 ambitionem

2076 1048 2308 1105 facilius
2334 1049 2675 1105 retunderet
2702 1049 3141 1119 Angelrannus,
3174 1065 3391 1121 regem
3424 1064 3615 1104 curru
3631 1064 3759 1104 con-

2076 1138 2258 1207 venit,
2290 1138 2547 1209 graviter
2577 1139 2921 1212 increpavit,
2947 1144 3003 1195 et
3049 1139 3127 1194 ad
3162 1138 3306 1195 facti
3338 1137 3757 1212 paenitentiam

2077 1225 2347 1282 adduxit.
2379 1225 2507 1281 Alio
2552 1225 2734 1299 paulo
2772 1230 2911 1299 post
2964 1243 2999 1282 a
3043 1242 3183 1296 rege
3226 1225 3377 1281 dato
3435 1226 3757 1281 successori

2076 1315 2346 1372 redditur
2384 1331 2526 1372 cura
2579 1315 2914 1389 pastoralis.
2954 1315 3084 1372 Non
3131 1315 3239 1371 diu
3297 1320 3620 1389 superstes
3660 1315 3758 1372 fuit

2076 1404 2515 1476 Angelrannus,
2546 1404 2671 1478 qui,
2704 1404 2932 1461 diutina
2982 1404 3252 1481 paralysi
3300 1405 3635 1478 probatus,
3664 1405 3757 1461 de-

310 1500 661 1559 relationem
729 1500 791 1556 in
862 1492 1299 1558 monasterium
1372 1499 1745 1567 Centulense,
1820 1497 1972 1554 sicut
2009 1516 2050 1570 Β
2078 1510 2250 1550 mum
2276 1493 2354 1550 ad
2383 1498 2649 1550 extrema
2670 1494 2958 1567 pervenit,
2978 1500 3033 1550 et
3054 1494 3131 1552 ad
3154 1495 3480 1551 ccelestem
3509 1494 3758 1569 patriam

312 1594 369 1647 et
421 1589 763 1649 Passionein
837 1589 1028 1648 sancti
1082 1590 1370 1647 Vincentii
1431 1593 1713 1662 martyris
1769 1592 1823 1643 et
1880 1587 1969 1642 Vi-

312 1684 436 1739 tam
493 1682 548 1737 S.
603 1678 996 1737 Austrebertas
1077 1679 1365 1749 virginis;
1430 1677 1648 1735 honori
1725 1693 1970 1751 quoque

314 1772 660 1824 sanctorum
710 1766 1041 1824 Wlframmi
1099 1767 1531 1841 archiepiscopi
1583 1771 1640 1822 et
1687 1764 1971 1822 Warlari-

314 1857 367 1911 ci
419 1855 654 1912 abbatis
701 1856 975 1930 proprios
1024 1842 1253 1930 aptavit
1304 1861 1535 1913 cantus.
1594 1858 1780 1912 Tanta
1843 1855 1973 1926 ejus

314 1944 573 2004 nominis
603 1944 767 2003 fama
792 1945 1016 2021 ubique
1045 1945 1399 2018 pervulgata
1424 1949 1535 2014 est,
1570 1949 1635 2001 ut
1662 1943 1833 2000 multi
1863 1960 1972 2001 no-

313 2033 465 2092 biles
491 2034 544 2090 ei
569 2050 630 2090 se
656 2034 862 2091 litteris
878 2034 1244 2092 erudiendos
1273 2033 1641 2091 tradiderint.
1669 2034 1799 2089 Duo
1828 2048 1975 2108 prae-

1495 2208 1805 2240 m:

2079 1581 2361 1653 migravit
2388 1600 2423 1638 v
2452 1582 2591 1639 ldus
2622 1583 2895 1640 Decemb.
2934 1588 3091 1641 1045.
3126 1586 3367 1659 Corpus
3409 1584 3551 1657 ejus
3577 1583 3636 1639 in
3666 1584 3758 1642 ba-

2079 1671 2248 1729 silica
2275 1675 2330 1729 S.
2364 1672 2623 1729 Richarii
2655 1673 2733 1730 ad
2761 1689 2931 1730 aram
2981 1674 3168 1730 sancti
3216 1673 3538 1730 Laurentii
3577 1672 3757 1747 sepul-

2079 1766 2210 1818 tum
2236 1766 2343 1832 est,
2375 1763 2452 1818 ad
2499 1762 2673 1835 cujus
2706 1763 3002 1819 tumulum
3041 1763 3257 1820 mulier
3288 1762 3639 1838 paralytica
3674 1781 3758 1820 sa-

2081 1858 2227 1909 nata
2253 1851 2485 1908 dicitur.
2513 1852 2687 1909 Nullo
2735 1857 2936 1909 tamen
2974 1852 3221 1927 publico
3263 1852 3445 1908 cultu
3476 1854 3756 1910 hactenus

2082 1944 2435 2015 honoratus,
2462 1957 2571 1999 nec
2604 1944 2958 2000 Sanctorum
2992 1941 3132 2000 albo
3162 1942 3481 2018 ascriptus
3510 1948 3625 2001 est.

1790 2208 3746 2241 nam

963 2383 1420 2525 VITA
1534 2384 1702 2522 V.
1822 2380 3061 2527 ANGELRANNI

1609 2621 1908 2678 ABBATIS
1946 2622 2438 2679 CENTULENSIS.

316 2773 535 2845 (Edidit
556 2775 707 2845 Dom
730 2774 1051 2845 MARILLON,
1083 2773 1247 2845 Acta
1259 2771 1369 2845 δε.
1393 2771 1524 2845 ora.
1554 2771 1617 2845 S_.
1650 2771 1879 2845 Bened,
1904 2772 2049 2845 sese.
2081 2773 2170 2841 Vl,
2199 2776 2369 2845 parte
2398 2788 2438 2839 ι,
2462 2786 2604 2844 pag.
2630 2775 2760 2844 494,
2789 2772 3175 2845 extHariulfo,
3207 2773 3505 2845 chronici
3536 2776 3748 2833 Centu-

419 2843 601 2903 lensis
630 2844 913 2919 scriptore
940 2842 1295 2919 submquali,
1322 2843 1491 2918 apud
1509 2842 1829 2901 Acherium
1858 2841 2055 2916 Spicil.
2087 2841 2231 2899 toni.
2266 2844 2352 2912 ιν,
2383 2847 2440 2899 et
2467 2841 2609 2901 cum
2639 2841 2753 2901 ms.
2784 2843 2921 2901 cod.
2950 2844 3337 2918 autographo
3368 2846 3651 2904 contulit.

1400 3155 2037 3226 OBSERVATION
2042 3156 2149 3225 ES
2226 3155 2648 3226 PRZEVLE.

388 3307 449 3383 1.Δ
479 3301 899 3383 Monasterium
927 3299 1301 3383 Centulense,
1332 3299 1496 3383 quod
1527 3316 1563 3354 a
1592 3302 1800 3383 sancto
1846 3297 2119 3383 Richario
2157 3301 2494 3380 extructum
2514 3298 2705 3383 fuisse
2736 3299 2895 3355 circa
2944 3302 3312 3383 annum_625
3334 3300 3752 3383 digitium};-

312 3374 489 3429 bente
521 3372 739 3429 saeculo
771 3388 935 3427 nono
960 3388 997 3427 a
1019 3371 1296 3427 barbaris
1325 3370 1569 3427 diritum
1598 3370 1724 3435 fuit,
1758 3370 2166 3494 remansiﬁue
2182 3385 2341 3494 pene
2369 3370 2659 3426 incultum
2682 3387 2874 3444 usque
2896 3370 2973 3426 ad
2996 3370 3197 3426 strculi
3223 3371 3530 3427 undecimi
3548 3370 3738 3430 initia.

316 3445 503 3494 Huius
532 3443 646 3494 loci
678 3448 1041 3494 restaurator
1070 3443 1178 3494 fuit
1210 3442 1573 3494 liieelardus.
1604 3457 1678 3494 ex
1721 3442 2022 3494 monacho
2114 3458 2182 3494 or
2227 3441 2413 3494 eiensi
2466 3441 2661 3494 abbas
2707 3441 3078 3494 Centulensis
3114 3442 3314 3494 factus
3341 3462 3354 3494 :
3402 3445 3492 3494 cui
3519 3443 3733 3494 Angel-

316 3445 503 3514 Hujus
532 3443 646 3498 loci
678 3448 1041 3498 restaurator
1070 3443 1178 3514 fuit
1208 3442 1573 3511 liigelardus,
1604 3457 1692 3514 ex_
1721 3442 2022 3497 monacho
2065 3441 2413 3514 Corbeiensi
2466 3441 2674 3514 abbas
2707 3441 3078 3514 Centulensis
3114 3442 3314 3498 factus
3341 3462 3354 3501 :
3402 3445 3492 3498 cui
3519 3443 3733 3513 Angel-

315 3512 543 3569 rannus
580 3518 800 3582 noster,
834 3529 939 3568 seu
970 3518 1035 3567 ut
1080 3512 1177 3567 alii
1229 3514 1503 3585 pingunt,
1540 3512 1949 3580 lngelrannus,
1981 3514 2284 3573 successit.
2320 3513 2410 3567 vir
2439 3529 2559 3567 non
2592 3512 2790 3568 solum
2837 3513 3110 3568 doctrina
3151 3529 3270 3593 pro
3319 3530 3427 3569 suo
3466 3518 3732 3638 temptare

315 3583 622 3638 proditus.
653 3584 763 3638 sed
787 3584 971 3638 etiam
1001 3583 1284 3638 praeclare
1311 3584 1494 3638 uestis
1536 3589 1594 3638 et
1622 3584 1837 3638 pietate
1875 3584 2144 3638 insitmis.
2179 3583 2337 3638 unde
2370 3583 2424 3638 ei
2451 3585 2762 3638 Sapientis
2789 3592 3128 3638 coenomen
3159 3585 3427 3638 inditum
3452 3592 3566 3638 est.
3643 3587 3732 3638 ius

315 3583 622 3710 prditus,
653 3584 763 3664 sed
787 3584 971 3640 etiam
1001 3583 1284 3661 praeclare
1311 3584 1494 3665 gestis
1536 3589 1594 3640 et
1622 3584 1837 3663 pietate
1875 3584 2144 3665 insignis,
2179 3583 2351 3664 unde.
2370 3583 2438 3664 ei
2451 3585 2773 3666 Sapientis
2789 3592 3128 3665 cognomen
3155 3583 3427 3642 inditum
3452 3592 3566 3642 est.
3592 3583 3741 3657 Eju

362 3661 506 3737 itam
532 3654 785 3737 exlibro
814 3654 1335 3737 quarto‘t‘lhronici
1367 3654 1736 3737 Centiilensts'
1756 3669 2200 3737 essetipSimus,
2233 3670 2473 3737 omisms
2503 3655 2896 3737 nihilominus
2925 3671 2997 3711 iis
3027 3672 3165 3737 quae
3196 3657 3273 3711 ad
3310 3673 3457 3737 rem.
3475 3662 3747 3737 nostram

323 3670 506 3711 Vitam
532 3670 604 3710 ex
631 3670 785 3710 ω)Γο
814 3670 1030 3780 Ἆυειηο
1062 3670 1335 3709 ωιτοωοι
1367 3670 1732 3711 ueniuienSis
1756 3670 2200 3726 exscripSimus,
2233 3670 2473 3710 omlSSlS
2503 3670 2896 3711 nihilominus
2925 3671 2997 3711 iis
3027 3672 3165 3728 quae
3196 3670 3273 3711 aa
3310 3673 3443 3712 rem
3475 3670 3747 3713 nostram

316 3742 437 3799 non
452 3724 781 3799 iaciebant.
831 3796 844 3799 _
870 3725 1003 3799 ujus
1035 3726 1307 3781 Chroniri
1338 3730 1546 3799 auctor
1575 3730 1667 3799 est
1692 3724 2009 3799 Hariulfus,
2041 3725 2145 3799 qui
2176 3725 2357 3799 paulo
2388 3731 2523 3799 post
2551 3726 3003 3799 Angelrannum
3032 3727 3094 3799 in
3124 3727 3501 3784 monasterio
3529 3732 3747 3783 (tentu-

314 3798 464 3854 lensi
486 3798 653 3870 vixit,
681 3796 851 3870 quod
880 3796 1135 3870 ipsemet
1163 3813 1286 3870 non
1315 3797 1519 3870 semel,
1546 3796 1926 3869 potissimum
1950 3797 2013 3852 in
2054 3796 2335 3852 ﬁne’libri
2364 3796 2563 3870 quarti
2587 3803 2914 3870 attestatur,
2948 3797 3051 3853 ubi
3083 3814 3144 3853 se
3170 3814 3207 3855 a
3238 3800 3501 3854 Gervino
3532 3815 3751 3856 secun-

314 3870 416 3938 do,
447 3868 833 3943 Angelrahni,
862 3868 1061 3943 medio
1092 3868 1345 3943 Qervino
1373 3868 1585 3943 primo,
1622 3883 1982 3933 successore,
2014 3868 2496 3943 monachizat’um
2527 3868 2708 3943 fuisse
2738 3869 2931 3943 refert.
2967 3870 3207 3943 Exejus
3235 3885 3381 3925 vero
3410 3872 3747 3943 epitaphio,

313 3940 486 4066 eum}
506 3947 651 4066 totm.
682 3939 1017 4066 I,fA.nalect.
1046 3939 1273 3997 editum
1297 3939 1404 4009 est,
1433 3939 1720 3997 discimus
1749 3955 1885 3995 eum
1917 3956 1992 3996 ex
2015 3940 2317 3996 monacho
2348 3940 2687 3998 Centulensi
2715 3940 2949 3997 tertium
2995 3939 3534 4012 Aldeburgensém

337 4028 433 4066 em
483 4028 553 4066 ac
582 4028 684 4066 um
744 4027 920 4066 uisse.
3486 4062 3489 4066 λ

314 4017 439 4136 te?
460 4011 1047 4164 {igitglfliﬁ'iifi‘iiisgeinter
1074 4084 1388 4164 scriptores
1418 4081 1845 4164 eeclesiastices
1875 4081 2043 4164 locnus
2072 4080 2323 4164 debetur
2360 4082 2440 4137 ob
2466 4082 2755 4164 quietiam
2784 4082 3079 4164 opuscula
3212 4062 3511 4164 caedua:
3538 4068 3631 4141 Ex
3658 4084 3749 4142 his

316 4168 387 4206 su
433 4156 639 4207 ersunt
665 4153 725 4207 in
753 4170 867 4209 ms.
902 4153 1106 4209 codice
1134 4152 1467 4211 Céntulensi
1544 4158 1755 4209 uatuor
1780 4152 1913 4207 libri
1955 4156 2032 4208 De
2062 4153 2198 4235 vita,
2232 4152 2536 4235 miraculis
2565 4158 2623 4209 et
2672 4152 2955 4236 relatione
3006 4154 3195 4210 sancti
3248 4154 3539 4222 Richarii,
3576 4174 3748 4230 quos,

318 4168 614 4283 Fquerto,
644 4224 955 4283 quondam
986 4239 1095 4279 suo
1125 4226 1431 4283 magistro.
1463 4170 1818 4282 aghortante
1848 4228 2208 4283 composuit.
2236 4229 2300 4280 ut
2327 4230 2580 4283 ipsemet
2623 4225 2685 4281 in
2724 4225 2972 4283 epistola
3014 4227 3095 4281 ad
3135 4226 3337 4283 ipsum
3394 4228 3748 4283 Fulbertum

318 4225 614 4291 Fulberto,
644 4225 955 4306 quondam
986 4239 1095 4279 suo
1125 4226 1431 4306 magistro,
1463 4225 1818 4282 adhortante
1848 4225 2208 4305 composuit,
2236 4229 2300 4280 ut
2327 4225 2580 4305 ipsemet
2623 4225 2685 4281 in
2724 4225 2972 4297 epistola
3014 4227 3095 4281 ad
3135 4226 3337 4298 ipsum
3394 4225 3751 4285 Fulbei'tuln

314 4298 757 4378 nuncupatoria
789 4295 1210 4378 testatur.hAlia
1250 4297 1408 4378 item_
1435 4296 1731 4378 opuscula
1778 4301 2018 4350 metrico
2047 4295 2855 4378 composuitOhngetrannus,
2885 4296 2960 4378 de
3003 4296 3236 4378 quibus
3281 4297 3752 4378 agitUChronici

315 4364 1345 4446 auctor'tnira_num.ﬂl5._caeterum
1378 4364 1721 4446 Scholastici
1751 4382 1975 4423 nomen
2003 4366 2170 4446 quod
2189 4364 2485 4446 'ipse__sibi
2520 4364 2727 4423 tribuit
2755 4364 3193 4446 Angelrannus,
3220 4364 3355 4424 tnui
3383 4371 3579 4446 etiam
3620 4370 3753 4427 libri

313 4453 470 4516 quos
496 4434 875 4516 bibliothecae
903 4436 1240 4516 Centulensi
1286 4439 1694 4516 comparavit,_
1710 4454 1999 4516 magnam
2023 4434 2088 4508 ‘ej
2102 4455 2167 4516 us
2210 4434 2269 4516 iii
2303 4438 2522 4516 litteras
2572 4444 2831 4516 arguunt
2856 4434 3361 4516 propensionem;
3404 4440 3579 4516 idem
3612 4459 3747 4516 pro-

314 4506 463 4587 Bant
492 4506 788 4587 discipuli,
820 4524 975 4587 quos
1004 4508 1065 4587 in
1096 4506 1461 4587 menasterio
1493 4506 1841 4587 Centulensi
1860 4506 2199 4587 frequentes
2227 4508 2457 4587 habuit,
2486 4525 2624 4587 quae
2654 4506 2878 4587 omnia
2901 4506 3123 4587 in'ejus
3152 4512 3280 4565 Vita
3310 4510 3517 4587 fusius
3565 4506 3748 4587 eipo-

314 4582 559 4634 nuntur.
594 4578 859 4653 Denique
904 4578 1127 4653 beatus
1149 4579 1452 4648 Geraldus,
1486 4578 2157 4653 poste_a_Silvw-Majoris
2190 4579 2402 4653 abbas,
2436 4578 2692 4653 in’libro
2721 4578 3135 4653 Miraculorum
3164 4582 3360 4637 sancti
3391 4578 3745 4650 Adhelardi,

314 4665 497 4721 quem
530 4666 670 4707 cum
698 4648 897 4707 adhuc
925 4650 1186 4707 Corbeiae
1234 4648 1566 4707 moraretur
1593 4648 1799 4713 edidit.
1831 4648 2080 4706 testatur
2108 4651 2533 4719 Ingelrannum
2564 4651 2852 4708 miraculo
2883 4652 3126 4708 cuidam
3172 4654 3370 4709 sancti
3410 4648 3745 4713 Adhelardi

316 4719 676 4797 interfuisse.
703 4737 826 4794 qua
855 4722 1169 4797 occasione
1199 4723 1327 4797 ejus
1357 4722 1762 4797 eruditionem
1787 4721 1879 4777 his
1910 4722 2103 4778 verbis
2144 4723 2384 4797 extollit.
2413 4723 2709 4797 Intererat
2741 4726 3053 4797 matutinis
3083 4724 3269 4781 abbas
3300 4727 3745 4797 Ingelrannus,

317 4793 423 4863 qui
446 4806 510 4873 eo
538 4793 799 4873 tempore
827 4795 1050 4873 caeteris
1074 4793 1623 4873 philosophabatur
1645 4795 1853 4863 altius,
1883 4809 2171 4866 quemque
2201 4794 2383 4863 hujus
2411 4794 2569 4863 signi
2597 4800 2797 4851 testem
2825 4810 2945 4851 non
2972 4796 3102 4866 fors
3132 4793 3402 4858 miserat}
3437 4799 3548 4854 sed
3577 4803 3747 4871 cujus

316 4868 515 4933 gregis
537 4872 746 4933 pastor
774 4870 923 4931 erat,
952 4872 1196 4922 sanctus
1226 4868 1563 4923 Richarius.

390 4938 453 5011 .3,
488 4936 566 5011 l_)e
595 4950 757 4991 anno
805 4941 909 5011 aut
952 4936 1195 5011 die__qui
1217 4938 1607 5011 Angelranno
1648 4937 1916 5011 supremi
1954 4936 2212 5011 fuerunt,
2242 4934 2759 5011 nulladiiﬁcultas
2789 4954 2803 4992 :
2854 4953 3082 4993 annum
3110 4937 3344 5011 quippe
3372 4939 3515 5010 ejus
3547 4940 3747 4997 obitus

322 5008 457 5087 t0_45
484 5006 699 5087 diserte
719 5006 1349 5087 _eiiprim_it_Hariulfus_.
1384 5006 1745 5087 [liesauteni
1772 5008 1839 5087 in_
1861 5008 2205 5087 monasterii
2238 5006 2581 5075 Necrologio
2612 5011 2974 5079 assignatur,
3006 5006 3203 5067 nonus
3222 5006 3476 5066 'mens'is
3508 5015 3750 5069 Decem-

317 5076 464 5146 bris,
612 5076 851 5151 verbis:
883 5097 915 5135 v
943 5080 1085 5151 Idus
1111 5082 1444 5151 Decembris
1474 5080 1618 5136 obiit
1641 5081 2073 5151 Angetrannus
2101 5079 2307 5151 abbas.
2438 5147 2453 5151 _
2496 5147 2508 5151 _
2740 5076 2765 5079 “
2830 5150 2833 5151 γ
2964 5076 2967 5077 7
3230 5140 3243 5151 ,
3268 5146 3271 5147 ν
3316 5130 3371 5149 ..,

390 5151 443 5206 4.
475 5147 603 5225 _Sub
624 5148 1005 5225 Angelranno
1032 5149 1249 5225 abbate
1271 5151 1433 5225 prior
1458 5155 1583 5206 erat
1605 5147 1950 5207 monasterii
1977 5148 2343 5225 Centulensis
2371 5147 2714 5225 Odelgerus,
2743 5150 2916 5225 cujus
2938 5158 3158 5225 nomen
3180 5147 3332 5225 cum
3347 5147 3377 5211 ’ἐ

320 5219 671 5293 exprimitur
694 5220 753 5276 in
786 5222 1060 5290 catalogo
1092 5219 1342 5278 fratru'm
1373 5226 1854 5293 conscriptorum
1886 5221 2351 5287 Centulensium,
2384 5219 2462 5277 ad
2491 5220 2651 5277 diem
2699 5219 2970 5295 quintam
3018 5221 3340 5287 Februarii,
3372 5223 3469 5279 his
3500 5224 3744 5281 verbisi

321 5292 511 5346 Nonis
530 5292 853 5349 Februarii
863 5294 1008 5349 obiit
1030 5295 1136 5349 ille
1155 5300 1397 5349 sanctus
1422 5294 1767 5349 Odelaerus.
1782 5293 2109 5349 monachus
2130 5298 2183 5348 et
2207 5296 2396 5349 prior.
2426 5296 2552 5349 lose
2576 5299 2795 5349 tamen.
2812 5298 2962 5349 Sicut
2981 5310 3088 5349 nec
3108 5294 3561 5349 Annelrannus.
3581 5295 3744 5349 nullo

322 5294 511 5346 Nonis
530 5294 853 5349 Februarii
863 5294 1008 5349 obiit
1030 5295 1136 5350 ille
1155 5300 1397 5349 sanctus
1422 5294 1767 5363 Odelgerus,
1782 5294 2109 5350 monachus
2130 5298 2183 5348 et
2205 5296 2396 5362 prior.
2426 5296 2552 5364 Ipse
2576 5294 2795 5363 tamen,
2812 5298 2962 5349 Sicut
2981 5310 3088 5349 nec
3108 5294 3561 5363 Angelrannus,
3581 5295 3744 5353 nullo

322 5360 484 5447 cultu
504 5362 747 5447 publico
768 5362 1120 5447 celebratur,
1139 5364 1336 5447 imoet
1363 5381 1485 5437 quo
1510 5364 1570 5447 it}
1594 5366 2243 5447 loeo_eorum__corpora
2264 5364 2524 5447 jaceant,
2550 5380 2797 5447 prorstis
2815 5365 3099 5447 ignotum
3124 5371 3245 5447 est;
3276 5366 3745 5447 unde_satis_fuit

320 5436 643 5518 utrumque
667 5436 1030 5518 Venerabilis
1058 5435 1223 5518 titulo
1252 5435 1498 5493 donare.
1524 5436 1888 5518 Conjicirnus
1911 5435 2691 5518 nihilominusalngelranni
2722 5436 3089 5518 festivitatem
3120 5435 3265 5518 olim
3296 5438 3466 5518 apud
3498 5445 3739 5496 nostms

323 5504 707 5577 Centulénses
735 5505 918 5566 fuisse
947 5507 1331 5580 celebratam,
1355 5524 1429 5567 ex
1443 5508 1627 5566 veteri
1647 5504 1951 5581 catalogo,
1967 5506 2073 5582 qui
2101 5506 2346 5565 Hariulf‘i
2373 5506 2686 5581 Chronico,
2708 5507 2826 5566 alia
2843 5508 3090 5583 quidem
3113 5507 3219 5575 sed
3240 5504 3502 5583 antiqua
3530 5526 3735 5589 manu,

246 5590 401 5707 Ἃ

3366 5140 3377 5157 η
3478 5130 3483 5133 ⁷
3500 5130 3549 5153 ⁷η·
3562 5130 3693 5211 ᾮΙαὶρ.

3568 5904 3607 5915 .4.

3338 5928 3383 5941 α.
3402 5920 3465 5941 ιιι-⁸
3496 5922 3589 5941 ᾲέκ
3602 5940 3607 5941 ,
