4020 6176
241 142 387 201 1605

236 338 553 393 Dedicatio
582 336 878 394 Ecclesia.
906 349 959 391 v.

1904 134 2085 196 ἫΤΛ.

239 265 489 325 additus
521 269 635 332 est.
663 264 765 322 ubi
807 263 936 321 haec
966 262 1274 336 leguntur:
1302 262 1427 336 Ηιξ
1443 263 1587 336 sun}
1618 257 2052 336 sollemnitates
2078 261 2161 336 ad
2190 260 2510 336 Centulam
2553 264 2806 336 proprie

3564 151 3706 213 uos

2830 267 3226 351 pertinentes.
3266 271 3526 351 Kalend,
3555 277 3702 351 Jan.

1048 328 1144 390 'on.
1168 334 1353 418 Ᾱζρνρ.
1372 331 1634 418 ¹(ἶθγςυίηἱ
1658 328 1914 418 agonalis.
1941 347 1995 418 ς).
2017 332 2158 388 Idus
2184 328 2874 418 Decembrisfpejiositz'o
2896 328 3709 418 sanc_ti_A_ng¢?trdﬁhwi'abEril

239 410 317 463 tis
344 410 561 484 nostri
593 409 736 474 Quae
786 404 1425 477 indicasse_suﬂlciat;
1470 404 1605 475 jam
1655 400 1786 472 ejus
1835 408 2005 471 gesta
2052 403 2415 477 exponenda
2458 409 2617 474 sunt,
2650 400 2804 463 inter
2832 424 2972 482 quae
3026 400 3328 484 Odolg'erii
3359 400 3708 477 adgeritis;

236 483 537 535 occurret.

266 627 3698 657 ____________________——_____—_______________

1452 778 2028 902 INCIPIT
2126 782 2485 900 VITA

326 1006 375 1059 l.
417 1003 561 1059 Cum
612 998 789 1070 igitur
834 999 1034 1057 omnis
1060 997 1327 1057 mundus
1358 994 1656 1067 Unigeniti
1689 992 1788 1050 Dei
1815 994 1917 1052 de-
1955 1000 2005 1054 Α
2028 995 2370 1069 Ingelardo,
2404 1011 2529 1055 non
2559 997 2812 1059 minima
2838 1004 3176 1063 reverentia
3201 1004 3410 1077 digno,
3441 1006 3701 1077 licentia,

244 1090 556 1148 scansione
586 1104 694 1162 per
732 1087 929 1145 carnis
972 1088 1450 1161 assumptionem
1480 1104 1542 1143 se
1582 1083 1919 1157 gratuletur

241 1182 646 1253 redemptum,
677 1178 868 1255 sitque
899 1178 1253 1237 universalis
1297 1178 1604 1243 exultatio,
1636 1175 1917 1235 liberatio

240 1269 607 1339 communis,
629 1267 943 1342 proprium
968 1272 1171 1326 tamen
1195 1267 1606 1340 quorumdam
1635 1266 1917 1325 locorum

240 1360 616 1431 dignoscitur
640 1373 767 1417 esse
803 1356 1094 1428 gaudium
1120 1357 1280 1414 viros
1305 1357 1594 1416 habuisse
1622 1357 1779 1415 tales
1808 1359 1917 1429 qui

241 1450 575 1511 sanctitatis
627 1465 696 1505 ac
752 1446 1038 1507 doctrinm
1081 1446 1479 1519 prmrogativa
1528 1449 1737 1505 Patres
1789 1462 1915 1506 non

239 1540 545 1596 immerito
576 1541 864 1596 vocentur
893 1542 951 1594 et
977 1542 1266 1609 pastores.
1302 1536 1424 1591 Hoc
1455 1532 1768 1607 privilegio
1811 1548 1918 1605 po-

239 1630 368 1698 tita,
401 1628 517 1684 situ
545 1631 603 1684 et
630 1626 874 1684 nomine
901 1625 1094 1685 dulcis
1122 1625 1374 1686 Pontiva
1402 1623 1740 1698 provincia,
1767 1638 1916 1694 pras-

241 1718 544 1775 celsorum
572 1716 790 1789 saepius
814 1716 1014 1775 laetata
1041 1720 1129 1773 est
1148 1714 1420 1775 vivorum
1441 1713 1740 1783 genitura.
1776 1715 1913 1784 Ipsa

241 1806 507 1879 denique
550 1804 695 1863 illud
726 1804 1237 1874 fulgentissimum
1267 1803 1452 1865 sidus.
1484 1803 1735 1859 beatum
1763 1801 1914 1861 scili-

112 1910 133 1919 ‘
242 1898 339 1952 cet
369 1894 725 1958 Richarium,
755 1892 900 1951 olim
944 1891 1210 1966 protulit,
1252 1892 1423 1962 cujus
1472 1890 1805 1964 patrocinio
1853 1895 1913 1948 et

244 1983 539 2056 corporali
570 1983 892 2056 praesentia
940 1997 1004 2039 se
1047 1982 1291 2039 beatam
1338 1981 1592 2043 exsultat
1634 1981 1904 2041 Centula.

245 2076 386 2147 Ipsa
415 2073 589 2131 etiam
614 2077 755 2145 post
783 2071 917 2131 illos
943 2088 1100 2144 quos
1126 2087 1309 2143 stra
1338 2070 1631 2128 meruisse
1668 2070 1904 2141 legitur,

243 2163 518 2234 gloriosae
548 2161 978 2220 recordationis
1008 2160 1208 2219 virum
1234 2160 1556 2233 protulisse
1586 2161 1765 2219 scitur
1795 2165 1909 2217 An-

241 2252 622 2324 gelrannum,
672 2250 779 2324 qui
833 2250 1126 2323 quoniam
1173 2264 1420 2311 omnem
1480 2249 1574 2307 sui
1623 2250 1905 2322 temporis

2025 1087 2211 1156 longe
2229 1086 2492 1157 seposita
2522 1093 2819 1149 scrutatus
2839 1096 2929 1147 est
2951 1092 3299 1153 scholarum
3329 1095 3701 1167 magisteria,

2026 1191 2201 1237 more
2224 1175 2445 1237 scilicet
2461 1178 2944 1250 prudentissimae
2961 1183 3115 1256 apis,
3132 1201 3270 1257 quae
3288 1185 3497 1247 circuit
3510 1186 3705 1245 divere

2027 1280 2239 1323 sorum
2260 1264 2477 1323 ﬂorum
2500 1268 2840 1336 arbusta,ut
2863 1272 3058 1331 mellis
3076 1272 3324 1332 dulcore
3346 1290 3460 1332 sua
3473 1275 3705 1347 repleat

2025 1354 2427 1427 receptacula.
2459 1358 2720 1430 Denique
2740 1361 3077 1421 multorum
3097 1362 3463 1436 experientia
3481 1364 3703 1438 proba-

2026 1450 2180 1511 tum,
2214 1447 2273 1501 et
2297 1443 2645 1505 liberalibus
2693 1450 2904 1507 studiis
2945 1452 3403 1511 ornatissimum
3446 1454 3701 1513 civitatis

2026 1538 2381 1591 Carnotenaa
2407 1537 2812 1596 venerabilem
2838 1541 3218 1614 episcopum,
3239 1559 3310 1601 ac
3337 1558 3477 1603 cum
3507 1544 3697 1602 multo

2024 1625 2258 1681 honore
2342 1626 2728 1686 vocitandum
2818 1629 3199 1701 Fulbertum,
3266 1636 3697 1705 praeceptorem

2023 1713 2284 1786 adeptus
2312 1720 2401 1772 est
2424 1721 2603 1789 atque
2629 1716 3045 1788 didascalam;
3085 1719 3182 1777 hic
3204 1720 3258 1776 ei
3287 1721 3567 1788 monitor,
3600 1718 3698 1777 hic

2022 1812 2148 1862 tam
2180 1821 2423 1865 morum
2465 1823 2654 1878 quam
2682 1808 3013 1868 litterarum
3060 1809 3172 1869 fuit
3194 1809 3516 1871 institutor.
3548 1811 3699 1869 Gau-

2021 1893 2209 1951 debat
2237 1895 2597 1955 venerabilis
2625 1897 2848 1970 praasul
2876 1898 2952 1956 de
2983 1899 3130 1957 tanti
3156 1899 3435 1973 discipuli
3461 1896 3695 1961 solatia.

2018 1982 2406 2041 relevabatur
2448 1990 2571 2045 tam
2617 1985 2821 2044 idonei
2870 1986 3164 2045 auditoris
3193 1987 3490 2048 industria
3517 1988 3697 2053 atque

2016 2072 2283 2143 ingenio.
2313 2075 2581 2135 Tandem
2608 2076 2790 2147 igitur
2812 2078 3230 2150 grammatica,
3253 2078 3491 2139 musica
3514 2076 3699 2141 αιςαο

2015 2162 2332 2223 dialectica
2380 2165 2607 2237 optime
2663 2164 3043 2234 instructum,
3099 2168 3414 2229 Centulam
3455 2155 3702 2221 remittit

2016 2252 2275 2312 tironem
2307 2254 2775 2321 amicissimum,
2803 2254 2935 2325 jam
2965 2259 3108 2315 tunc
3157 2250 3503 2318 sacerdotio
3527 2259 3702 2302 orna-

239 2342 489 2399 laudem
509 2340 756 2406 excedit,
782 2339 875 2397 sui
901 2339 1165 2399 nominis
1185 2339 1543 2399 memoriam
1568 2355 1909 2412 usquaque—
1945 2355 1986 2408 Β
2017 2345 2166 2411 tum,
2200 2357 2410 2414 quem,
2444 2341 2607 2401 velut
2630 2341 2927 2411 grandem
2956 2344 3340 2413 thesaurum,
3360 2332 3576 2407 recipit
3601 2330 3703 2405 pia

240 2446 366 2504 que
398 2429 716 2502 protendit.

318 2523 372 2576 2.
414 2520 597 2576 Natus
625 2521 715 2574 est
740 2516 1159 2589 Angelrannus
1189 2516 1377 2575 deiter
1406 2516 1756 2590 parentibus
1777 2517 1910 2588 jux-

242 2614 309 2666 ta
338 2608 533 2665 saeculi
577 2623 871 2681 pompam
921 2623 1046 2665 non
1084 2607 1237 2667 adeo
1277 2607 1600 2677 generosis,
1632 2608 1908 2680 quamvis

241 2698 496 2755 omnido
523 2697 821 2767 ingenuis,
846 2696 953 2754 sed
976 2696 1154 2769 plane
1179 2696 1281 2753 Dei
1301 2697 1513 2756 timore
1542 2696 1912 2767 elegantissi-

242 2789 363 2845 mis
388 2806 401 2854 ;
444 2787 549 2860 qui
578 2791 822 2858 quantas
867 2785 1169 2858 opinionis
1195 2802 1507 2859 quamque
1538 2786 1679 2844 boni
1709 2786 1909 2845 odoris

244 2879 397 2935 foret
415 2878 673 2949 futurus,
696 2882 833 2935 ante
861 2893 1035 2934 suam
1062 2878 1434 2935 nativitatem
1463 2877 1743 2936 divinitus
1764 2894 1912 2951 prae-

243 2972 649 3024 monstratum
678 2972 784 3024 est.
816 2967 971 3024 Vidit
998 2983 1263 3040 namque
1299 2968 1428 3038 ejus
1458 2967 1733 3038 genitrix,
1763 2983 1911 3040 qua.

241 3058 391 3115 dam
417 3057 723 3114 dormiens
752 3062 949 3125 nocte,
980 3057 1156 3130 quasi
1198 3073 1273 3114 ex
1320 3072 1383 3112 se
1431 3055 1641 3116 leniter
1685 3060 1910 3115 sertum

240 3146 585 3221 procedere,
637 3145 825 3219 quod,
874 3145 1057 3202 totius
1104 3144 1364 3202 Centulaa
1412 3160 1618 3201 muros
1656 3145 1909 3218 praecin-

243 3252 414 3308 gens,
438 3235 712 3293 omnium
736 3250 845 3291 ora
872 3234 935 3290 in
964 3234 1057 3291 sui
1086 3234 1332 3291 laudem
1362 3238 1420 3290 et
1445 3233 1908 3293 admirationem

242 3324 551 3383 solvebat:
597 3323 765 3397 quod
813 3327 1137 3396 postquam
1180 3322 1459 3391 religiosa
1512 3322 1726 3380 marito
1772 3321 1909 3380 insi,

240 3414 473 3485 nuavit,
501 3414 614 3481 ille,
648 3413 840 3484 gratia
869 3413 1015 3473 doni
1043 3412 1290 3471 cmlestis
1330 3412 1590 3481 afﬂatus,
1622 3411 1773 3470 dixit
1798 3429 1909 3486 pro

244 3509 409 3561 certo
456 3505 570 3560 hoc
618 3505 743 3560 fore
795 3503 1159 3576 praesagium
1208 3503 1447 3576 optimae
1494 3501 1678 3574 prolis
1722 3519 1910 3574 quam

247 3594 483 3650 Domini
510 3594 672 3650 dono
694 3594 967 3667 proxime
996 3598 1196 3649 essent
1220 3591 1693 3664 accepturi,quae
1717 3592 1910 3651 bono-

2015 2431 2410 2499 congregatio
2436 2431 2902 2491 Centulensium.
2934 2432 3079 2491 Hinc
3102 2424 3451 2505 jam,un
3478 2420 3704 2493 insonti

2017 2519 2217 2577 studio
2245 2518 2443 2577 fuerat
2466 2519 2809 2592 quaesitum,
2842 2518 3143 2592 profertur
3163 2531 3428 2591 magna!
3449 2511 3704 2576 scientia

2017 2608 2397 2681 praecipuum
2427 2609 2844 2681 margaritum,
2862 2615 3221 2683 reparantur
3245 2609 3427 2681 libri,
3453 2607 3707 2670 censorio

2016 2696 2246 2756 buntur
2281 2699 2549 2758 necdum
2595 2698 2937 2772 conscripti,
2987 2699 3345 2760 educantur
3402 2701 3588 2776 pueri,
3625 2700 3710 2762 dir

2018 2786 2389 2858 spertiuntur
2430 2803 2621 2860 quam
2663 2786 2938 2860 plurimis
2969 2787 3288 2861 sapientiae
3320 2787 3611 2862 thesauri,
3639 2791 3709 2854 i1.

2016 2875 2309 2935 lustratur
2336 2876 2554 2950 patria,
2584 2880 2643 2936 et
2681 2876 2761 2935 ab
2790 2876 3079 2937 omnibus
3105 2878 3603 2959 circumquaque
3630 2885 3708 2949 te-

2017 2966 2098 3025 lix
2155 2970 2410 3025 vocatur
2470 2966 2737 3038 Centula,
2796 2983 2936 3040 quae
2988 2971 3157 3030 tanto
3222 2974 3709 3045 prasagiebatur

2017 3058 2187 3113 Patre
2216 3055 2479 3113 beanda.
2514 3058 2736 3115 Verum
2774 3056 2985 3130 populi
3012 3056 3077 3117 id
3104 3056 3236 3123 fieri
3264 3063 3576 3127 gestientis
3606 3086 3707 3131 vo-

2018 3143 2234 3202 luntati
2264 3149 2324 3201 et
2351 3144 2651 3206 desiderio
2677 3144 2815 3205 felix
2839 3146 3094 3205 accessit
3121 3146 3399 3209 eﬂ'eotus.

2089 3235 2144 3290 4.
2186 3232 2270 3289 Eo
2300 3236 2570 3307 tempore
2597 3248 2703 3293 rex
2734 3232 3051 3306 Robertus,
3080 3234 3423 3308 prudentia
3467 3242 3697 3307 lumine

2020 3321 2236 3384 clarus.
2266 3322 2437 3393 regni
2488 3325 2854 3383 Francorum
2901 3328 3042 3396 post
3093 3327 3331 3397 patrem
3380 3330 3695 3402 nugonem

2020 3412 2429 3469 illustrabatur
2456 3411 2761 3479 fascibus;
2804 3412 2900 3471 cui
2928 3416 3084 3475 nutu
3128 3412 3357 3483 divino,
3392 3422 3459 3476 ut
3501 3422 3693 3479 credi-

2019 3517 2176 3566 mus,
2201 3501 2559 3573 smpedictus
2581 3501 2672 3559 vir
2702 3500 2804 3561 tali
2832 3502 3020 3563 modo
3044 3502 3295 3563 refertur
3324 3505 3691 3568 notificstus.

2023 3590 2171 3647 Cum
2202 3590 2362 3646 enim
2394 3590 2594 3649 adhuc
2622 3591 2682 3649 in
2711 3591 2978 3649 Franciee
3026 3591 3302 3664 partibus
3331 3592 3696 3655 detineretur

243 3698 384 3738 rum
437 3683 621 3740 odore
653 3698 906 3757 cperum
956 3682 1269 3739 universos
1316 3679 1564 3736 afﬂaret.
1598 3680 1701 3736 Hic
1745 3697 1908 3751 ergo,
1951 3713 1991 3768 Ο
2020 3678 2351 3751 disciplinis
2374 3679 2771 3745 scholaribus,
2803 3680 3190 3753 supradictus
3210 3696 3317 3740 rex
3334 3680 3421 3741 ire
3437 3685 3694 3743 Romam

245 3772 424 3828 bonas
466 3772 683 3828 indolis
736 3786 864 3826 esse
906 3770 1197 3843 incipiens
1247 3768 1650 3842 profundique
1697 3786 1911 3827 sensus
2021 3768 2198 3824 bonas
2226 3768 2548 3825 voluntatis
2589 3768 2907 3827 devotione
2956 3774 3048 3827 est
3091 3773 3373 3835 coactus;
3423 3770 3693 3844 dumque

252 3861 531 3918 acumine
561 3861 789 3930 vigens,
817 3859 973 3915 infra
1019 3875 1217 3914 aevum
1255 3858 1481 3931 puerile
1529 3864 1799 3930 repertus
1826 3864 1914 3917 est

246 3949 310 4005 in
375 3948 580 4007 litteris
648 3948 951 4005 discendis
1004 3946 1437 4003 ferventissime
1488 3946 1727 4005 ardens.
1781 3951 1913 4007 iam

247 4038 433 4102 enim,
472 4042 588 4093 Deo
621 4054 683 4093 se
710 4037 1062 4110 inspirante,
1094 4036 1255 4092 idem
1286 4052 1437 4109 puer
1465 4036 1718 4108 quinam
1761 4037 1915 4094 futuv

247 4144 354 4184 rus
401 4129 550 4187 foret
594 4126 890 4200 praesagio
937 4126 1208 4198 quodam
1256 4126 1635 4193 ostentabat;
1689 4131 1912 4183 etcum

250 4218 541 4291 scriptum
589 4217 698 4272 sit:
748 4217 972 4272 Anima
1006 4217 1181 4284 justi,
1235 4215 1396 4272 sedes
1444 4216 1775 4285 sapientiae,
1819 4216 1916 4273 Sa-

249 4306 473 4380 pientia
521 4321 663 4362 vero
713 4305 814 4363 Dei
860 4304 1126 4361 Christus
1154 4308 1263 4370 est,
1296 4320 1551 4359 summm
1601 4304 1915 4376 Sapientia:

250 4396 660 4469 prrcsignabat
684 4411 747 4450 se
780 4398 1069 4467 templum
1099 4392 1414 4460 ﬁeri,dum
1440 4393 1761 4451 litteratum
1792 4409 1915 4453 non

251 4488 488 4557 poterat
540 4483 786 4543 scientia
834 4482 1055 4539 satiari.
1110 4483 1176 4537 Et
1229 4482 1550 4554 quia'non
1608 4481 1915 4540 lasciviam

255 4572 471 4630 mundi
501 4571 802 4644 amplecti,
836 4571 941 4626 sed
973 4571 1073 4627 Dei
1118 4570 1356 4626 servitio
1387 4570 1679 4643 perpetim
1709 4571 1920 4627 maluit

258 4662 616 4735 mancipari,
647 4660 970 4719 monachili
1000 4664 1213 4717 auctus
1244 4664 1333 4716 est
1360 4665 1499 4729 taga
1536 4659 1692 4715 intra
1720 4660 1918 4717 Sancti

258 4752 513 4809 Rieharii
563 4750 909 4807 monasterii
957 4750 1255 4807 claustra:
1308 4749 1445 4805 dem
1498 4748 1715 4809 divinis
1745 4748 1920 4806 donis

257 4857 399 4901 cum
427 4844 598 4897 aetate
640 4839 1064 4902 crescentibus,
1093 4839 1367 4895 habitum
1414 4854 1597 4911 quem
1640 4839 1920 4895 humanis

261 4930 619 5005 przeferebat
642 4929 971 4998 obtutibus,
1000 4928 1369 4985 multimodzr
1402 4928 1727 4984 sanctitatis
1757 4944 1923 4983 exor-

258 5021 446 5082 nabat
470 5020 807 5097 speciebus.
832 5022 1024 5077 Inerat
1044 5017 1096 5073 ei
1116 5023 1308 5073 mater
1333 5023 1389 5074 et
1418 5018 1614 5079 nutrix
1637 5017 1922 5076 virtutum

256 5110 588 5178 humilitas,
616 5107 1009 5182 praepollebat
1037 5106 1096 5162 in
1123 5122 1194 5162 eo
1225 5107 1573 5167 obedientiae
1604 5106 1922 5166 indicibilis

259 5201 541 5276 qualitas,
601 5198 1075 5255 conservabatur
1129 5196 1209 5253 ab
1258 5213 1329 5253 eo
1382 5197 1482 5255 illa
1530 5214 1665 5270 quis
1725 5198 1922 5257 odisse

260 5306 635 5365 quemquam
659 5288 851 5344 nescit
877 5285 1156 5342 charitas.

334 5383 386 5439 3.
422 5379 737 5437 Enimvero
757 5376 920 5450 quia,
945 5378 1011 5431 ut
1036 5373 1448 5448 supradictum
1480 5378 1586 5442 est,
1609 5375 1669 5429 in
1697 5375 1924 5431 discen-

262 5467 344 5525 do
369 5466 627 5526 multum
660 5464 970 5537 gliscebat,
991 5466 1230 5537 recepta
1258 5479 1295 5521 a
1321 5464 1487 5517 Patre
1513 5460 1646 5529 loci,
1680 5463 1923 5520 nomine

338 5611 415 5685 (1)
454 5612 796 5668 Romanum
840 5604 1078 5664 Roberti
1127 5605 1236 5662 iter
1279 5607 1716 5662 commemorat
1752 5608 1922 5662 vetus

2016 3857 2191 3927 jussu
2242 3856 2373 3926 ejus
2419 3855 2668 3913 diversis
2724 3856 2787 3915 in
2840 3856 2988 3915 locis
3039 3860 3455 3930 quaererentur
3503 3858 3692 3918 divini

2022 3944 2242 4003 servitii
2281 3943 2476 4016 plene'
2508 3943 2721 4001 imbuti
2773 3942 3009 4015 ofﬁciis,
3043 3945 3122 4005 ab
3152 3944 3440 4005 omnibus
3472 3945 3691 4018 priedi—

2022 4037 2191 4091 catus
2232 4036 2320 4088 est
2348 4030 2562 4091 efficax
2588 4032 2705 4091 hac
2741 4031 2805 4089 in
2834 4048 2896 4091 re
2928 4032 3345 4105 Angelraunus
3375 4033 3690 4093 venerabiv

2020 4122 2110 4181 iis.
2148 4125 2353 4192 Itaque
2399 4119 2765 4191 profectione
2810 4124 3022 4193 parata
3065 4135 3171 4179 rex
3213 4118 3425 4179 callem
3460 4120 3688 4193 arripit,

2022 4210 2113 4266 cui
2148 4208 2563 4279 Angelrannus
2592 4207 3017 4270 honestissima
3042 4208 3168 4271 vita
3205 4224 3409 4269 comes
3438 4208 3687 4272 accedit.

2024 4299 2263 4357 Interim
2305 4297 2454 4359 dum
2483 4296 2863 4367 gradiuntur,
2894 4296 3115 4359 divitias
3158 4297 3452 4359 hactenus
3490 4298 3691 4360 occul-

2024 4394 2155 4445 tatae
2232 4386 2408 4446 latius
2484 4386 2863 4459 aperiuntur.
2928 4386 3426 4458 praedicationum
3505 4386 3692 4447 verba

2023 4477 2375 4552 procedunt.
2400 4476 2873 4535 commeantium
2903 4476 3088 4535 corda
3116 4474 3444 4537 infundunt
3470 4492 3483 4542 ;
3515 4475 3693 4533 mira-

2026 4572 2119 4624 tur
2147 4584 2249 4624 rex
2277 4567 2406 4638 ejus
2434 4565 2743 4637 affamine,
2774 4564 3103 4627 delectatur
3150 4562 3509 4625 continentis
3551 4564 3689 4626 vita

2026 4657 2342 4719 munditia.
2399 4656 2834 4729 obstupescunt
2882 4669 3095 4713 omnes
3140 4652 3364 4722 linguas
3412 4652 3691 4728 nitorem,

2025 4752 2368 4807 reverentur
2388 4745 2573 4803 animi
2602 4744 2941 4816 puritatem.
2975 4746 3192 4802 Verum
3243 4742 3413 4815 quod
3448 4742 3511 4801 in
3557 4743 3691 4815 ipso

2025 4837 2231 4895 itinere
2260 4835 2514 4892 relatum
2544 4837 2632 4889 est
2662 4838 2896 4902 gestum
2930 4831 3134 4898 fuisse,
3169 4831 3427 4902 dignum
3456 4830 3693 4891 videtur

2027 4927 2206 4982 inseri
2250 4922 2547 4989 historiae;
2603 4921 2652 4976 si
2690 4921 2937 4993 quidem
2967 4920 3326 4977 multimoda
3356 4921 3689 4978 assertione

2030 5015 2368 5072 insinuatus
2393 5017 2481 5068 est
2527 5011 2608 5067 ita
2637 5026 2742 5084 per
2773 5025 2976 5066 omem
3006 5009 3163 5069 viam
3207 5013 3327 5066 Deo
3356 5009 3603 5091 regique
3628 5010 3691 5073 in

2030 5103 2234 5165 divino
2280 5100 2518 5159 servitio
2566 5100 2879 5164 militasse,
2926 5102 2992 5159 ut
3040 5099 3332 5160 librorum
3373 5114 3691 5177 nunquam

2029 5192 2351 5261 indiguerit
2370 5190 2566 5260 juvari
2598 5190 2890 5249 solamine
2917 5206 2931 5256 ;
2959 5188 3127 5261 quod
3155 5204 3233 5250 an
3256 5188 3383 5249 ﬁeri
3410 5187 3689 5261 potuerit,

2030 5298 2153 5338 non
2220 5282 2434 5337 inertes
2496 5279 2783 5351 judicent,
2853 5278 2957 5334 sed
3025 5276 3279 5334 studiosi
3347 5276 3693 5340 examinant

2032 5371 2213 5442 Igitur
2237 5370 2495 5427 Romam
2525 5372 2903 5443 perventum,
2937 5370 3118 5444 atque
3162 5366 3301 5424 inde
3330 5364 3573 5427 feliciter
3600 5370 3692 5422 est

2031 5465 2362 5518 remeatum
2394 5458 2440 5532 (l
2456 5460 2493 5530 ).

2014 5600 2395 5668 .Chronicum
2447 5616 2486 5662 a
2538 5599 2724 5661 Beslio
2768 5597 3104 5666 laudatum,
3130 5598 3297 5679 quod
3342 5613 3507 5661 anno
3554 5602 3691 5660 £020
