3988 6182
340 181 472 238 1407

1360 177 1815 235 ANGELRANNI
1856 171 2156 230 ABBATIS
2214 176 2703 234 CENTULENSIS.

3608 177 3757 230 140

407 311 459 361 5.
503 307 686 376 Hujus
711 321 854 374 ergo
896 310 1110 360 eventu
1140 304 1383 373 itineris,
1413 304 1504 360 vir
1537 303 1634 358 Dei
1665 300 1980 367 Angelran-
2014 300 2062 353 Α
2103 297 2532 357 benevolentia
2561 306 2651 358 sat
2680 305 2768 357 est
2796 301 3135 357 animarum
3179 300 3432 357 salutem
3459 297 3759 364 obtinere,

336 411 452 450 nus
477 394 553 449 ad
582 395 758 463 Regis
783 393 1050 451 notitiam
1085 393 1275 460 venit;
1327 396 1693 465 quapropter
1732 390 1858 461 ipse
1883 404 1988 442 rex

337 499 457 540 non
511 499 650 539 eum
698 484 848 538 inter
899 482 1141 538 inﬁmos
1197 482 1529 554 relinquere
1579 479 1757 535 corde
1817 483 1988 532 tenus

337 571 602 628 ambivit.
662 571 897 627 Interim
956 587 1117 640 vero,
1172 572 1318 626 dum
1369 587 1473 626 rex
1529 567 1814 644 perquirit
1865 583 1989 639 quo

337 677 477 718 eum
523 662 749 717 honore
802 661 1024 729 fulciat,
1065 678 1302 735 semper
1346 659 1724 717 venerandus
1775 656 1988 726 Angel-

337 766 565 807 rannus
618 767 729 807 sua
774 751 1206 807 inhabitatione
1269 751 1578 808 Centulam
1631 749 1884 813 exaltat;
1935 749 1991 801 et

336 837 612 910 provenit
663 842 781 894 Deo
837 839 1170 903 ordinante,
1224 845 1287 894 ut
1333 837 1578 894 abbatia
1626 833 1992 893 Ccntulensis

336 932 586 998 paterna
614 927 947 998 privaretur
976 927 1389 983 sollicitudine.
1422 930 1686 983 Fratrum
1727 939 1868 993 ergo
1895 939 1989 978 sa-

337 1015 520 1070 nioris
546 1016 774 1071 consilii
807 1017 1090 1073 concordi
1119 1017 1403 1073 electione
1433 1017 1493 1072 id
1524 1014 1698 1071 ofﬁcii
1732 1013 1991 1086 suscipe-

337 1121 399 1160 re
444 1105 676 1175 cogitur
720 1106 1159 1177 Angelrannus,
1189 1107 1293 1179 qui
1341 1106 1572 1163 Domini
1621 1102 1991 1177 prascientia

337 1199 474 1250 ante
529 1195 733 1252 omnia
787 1195 1006 1251 sacula
1051 1195 1129 1251 ad
1186 1196 1300 1251 hoc
1360 1195 1551 1251 fuerat
1598 1197 1987 1266 praparatus.

337 1284 498 1338 Tunc
522 1299 625 1338 rex
655 1301 844 1341 ovans
874 1285 1060 1357 quod,
1091 1286 1241 1341 sicut
1266 1285 1550 1358 cupierat,
1578 1284 1779 1340 locum
1809 1283 1993 1337 hono-

336 1373 510 1428 randi
557 1374 886 1446 reperisset,
934 1391 1094 1447 sape
1143 1375 1364 1430 dictam
1407 1374 1713 1430 Centulam
1761 1373 1874 1427 hac
1917 1372 1992 1426 de

339 1477 521 1516 causa
570 1463 863 1518 concitato
905 1463 1098 1531 gradu
1144 1464 1402 1519 devenit.
1440 1463 1606 1517 Enim
1650 1477 1788 1516 vero
1818 1459 1991 1515 fama

337 1549 642 1619 velocitas,
675 1551 1034 1620 Angelranni
1064 1569 1237 1608 aures
1266 1550 1790 1625 percellens,dicto
1819 1548 1989 1604 citius

2103 388 2205 442 sed
2239 394 2404 446 curat
2433 390 2613 446 etiam
2653 391 2898 447 terrenis
2946 390 3211 446 adiﬁciis
3247 389 3448 446 locum
3477 388 3764 444 commis—

2099 495 2233 534 sum
2253 479 2566 537 honorare.
2591 481 2854 553 Denique
2883 481 3106 536 mania
3139 480 3366 544 struxit,
3388 493 3601 533 sacras
3621 492 3764 532 aras

2099 583 2248 623 auro
2277 573 2332 624 et
2361 574 2609 639 argento
2638 570 2886 640 vestivit,
2912 570 3240 642 Christique
3268 584 3414 624 vasa
3445 581 3769 622 sacrosan-

2100 662 2196 714 cta
2232 674 2342 731 pro
2385 675 2562 732 posse
2611 659 2935 733 ampliavit.
2973 659 3383 716 Delectabatur
3413 657 3600 732 plane
3629 671 3765 711 san-

2100 751 2263 802 ctum
2291 747 2599 818 ingenium
2629 748 2792 804 bono
2821 764 3022 822 opere,
3053 747 3416 820 pascebatur
3454 745 3563 818 pia
3581 759 3766 827 .mens

2101 841 2310 893 sancta
2335 839 2770 894 exercitatione.
2801 839 3028 893 Interea
3056 837 3342 893 Notkerus
3380 833 3768 891 Leodicensis

2100 925 2439 998 episcopus,
2460 927 2551 981 cui
2579 943 2614 982 a
2634 927 2862 982 domno
2891 925 3197 996 Ingelardo
3225 924 3448 980 abbate
3474 921 3766 996 quaedam

2100 1015 2296 1070 Sancti
2327 1015 2579 1072 Richarii
2626 1017 2854 1089 praedia
2885 1015 3119 1072 fuerant
3149 1015 3579 1088 oppignerata,
3611 1011 3771 1066 obie—

2098 1109 2209 1171 rat,
2243 1109 2462 1177 etpost
2507 1105 2654 1161 alios
2686 1105 2840 1160 duos
2893 1105 3204 1160 Durandus
3257 1103 3448 1176 ipsius
3479 1100 3648 1156 sedis
3680 1116 3771 1154 su-

2101 1197 2370 1264 sceperat
2419 1194 2828 1266 praesulatum.
2861 1194 3027 1248 Hunc
3070 1193 3269 1265 itaque
3314 1191 3510 1246 abbas
3545 1187 3768 1258 Angel-

2100 1298 2326 1338 rannus
2375 1282 2537 1350 adiit,
2591 1287 2666 1352 et,
2701 1287 2763 1338 ut
2805 1283 3208 1338 conditionem
3261 1296 3452 1353 quam
3508 1279 3674 1334 illius
3718 1283 3773 1332 et

2103 1389 2247 1427 suus
2278 1372 2496 1429 fecerat
2521 1379 2860 1428 antecessor
2883 1377 3217 1441 renovaret,
3236 1387 3310 1427 ne
3331 1371 3766 1433 infirmaretur,

2103 1463 2386 1517 exoravit.
2427 1462 2535 1526 Qui
2573 1462 2892 1535 episcopus
2938 1461 3262 1518 venerandi
3318 1459 3432 1514 viri
3480 1457 3769 1531 precibus

2103 1551 2676 1623 acquiescens,nam
2707 1557 2762 1606 et
2789 1567 2826 1607 a
2855 1551 3082 1607 domno
3111 1549 3414 1619 Erablot2)
3439 1551 3772 1603 Remorum

340 1639 549 1694 timore
578 1641 800 1696 salubri
847 1643 977 1712 ejus
1013 1643 1340 1714 pracordia
1373 1642 1574 1714 replet.
1611 1639 1762 1706 Quid
1793 1644 1993 1709 ageret
2024 1649 2068 1702 Β
2105 1639 2358 1696 antistite
2385 1641 2647 1711 idipsum
2674 1640 2866 1696 facere
2895 1639 3088 1695 fuerat
3106 1643 3409 1706 exoratus,
3429 1636 3552 1692 tale
3567 1635 3770 1691 denuo

338 1744 462 1784 non
488 1729 868 1796 inveniebat;
901 1732 1150 1787 fratrum
1181 1732 1481 1786 unanimis
1511 1729 1738 1791 electio,
1762 1735 1996 1784 exstan-

340 1823 394 1873 te
442 1819 775 1874 admodum
824 1837 1012 1892 parva
1064 1821 1471 1892 quorumdam
1531 1836 1639 1874 sua
1692 1817 1994 1874 nobilitate

337 1907 680 1962 inﬂatorum
713 1909 1200 1978 contradictione,
1235 1909 1704 1982 pastoralitatem
1737 1908 1991 1979 suscipe-

337 2010 400 2049 re
457 1996 730 2065 cogebat,
774 1998 935 2066 regia
980 1999 1157 2054 etiam
1215 1997 1536 2052 auctoritas
1591 1997 1668 2052 ad
1720 1997 1833 2051 hoc
1889 1995 1997 2050 im-

338 2083 588 2155 pulsura
619 2086 1081 2158 propinquabat.
1117 2087 1229 2143 Sed
1262 2086 1378 2156 ille,
1401 2088 1503 2158 qui
1536 2086 1784 2140 subesse
1807 2101 1994 2156 quam

339 2187 593 2244 praesse
652 2175 931 2243 malebat,
969 2177 1216 2231 omnino
1273 2193 1336 2230 se
1388 2175 1704 2245 indignum
1748 2175 1996 2244 hujusce

339 2262 421 2316 rei
500 2265 878 2336 perceptione
955 2265 1406 2337 praejudicabat.
1492 2267 1740 2336 Sumpto
1820 2263 1997 2333 igitur

339 2365 492 2406 ausu
531 2351 818 2408 silvarum
872 2353 1058 2410 lustra
1087 2354 1325 2426 expetit,
1360 2353 1560 2426 ibique
1610 2367 1682 2407 se
1720 2369 1794 2408 ne
1840 2354 1996 2408 inve-

339 2440 562 2495 niretur
588 2441 805 2497 abditis
827 2443 1194 2515 quibusdam
1218 2443 1504 2498 recondit.
1534 2446 1651 2498 Rex
1675 2443 1996 2498 adveniens

338 2527 535 2584 virum
566 2529 920 2600 interrogat;
969 2532 1170 2587 furtim
1217 2548 1353 2586 eum
1387 2531 1752 2587 abscessisse
1783 2547 1994 2586 mona—

339 2617 591 2673 chorum
661 2620 834 2675 turba
898 2621 1250 2693 proclamat.
1313 2624 1433 2676 Rex
1494 2620 1740 2675 miratur
1804 2620 1994 2675 inten-

340 2707 582 2777 tionem,
610 2710 893 2782 pradicat
943 2711 1360 2774 humilitatem,
1389 2710 1678 2782 jubetque
1736 2714 1798 2764 ut
1826 2709 1996 2764 citius

337 2802 641 2868 pergatur,
703 2815 772 2853 ac
825 2799 1046 2854 electus
1101 2799 1329 2854 Domini
1383 2799 1458 2853 ad
1527 2814 1588 2853 se
1653 2799 1992 2854 reducatur.

339 2887 567 2941 Exeunt
590 2902 731 2953 ergo
757 2887 1039 2942 militares
1071 2887 1427 2959 praclarum
1459 2887 1557 2941 Dei
1584 2887 1828 2942 militem
1861 2903 1993 2958 per-

337 2974 661 3046 quirentes,
691 2976 1062 3032 sciscitantur
1108 2991 1144 3032 a
1185 2975 1651 3048 quibuscunque
1702 2977 1993 3032 obvianti-
2027 3003 2067 3054 (ι

337 3060 451 3116 bus
482 3059 668 3117 sicubi
692 3063 856 3118 visus
887 3063 1097 3120 fuisset
1122 3066 1208 3120 vir
1237 3064 1677 3120 cluentissimus
1704 3083 1716 3132 ;
1750 3067 1989 3122 tandem

336 3149 532 3219 igitur,
561 3157 806 3223 peracta
858 3153 1046 3209 multa
1098 3153 1476 3220 scrutatione,
1517 3155 1576 3209 in
1625 3155 1771 3210 silva
1824 3155 1996 3212 Olno-

335 3238 477 3294 dioli
523 3240 897 3308 dignoscitur
955 3243 1155 3299 latere.
1209 3247 1326 3299 Itur
1377 3244 1564 3313 ocius,
1614 3244 1991 3317 perquiritur,

335 3329 609 3386 inventus
654 3331 990 3402 adducitur,
1043 3335 1319 3407 regisque
1376 3334 1610 3390 Roberti
1665 3335 1993 3408 prasentia

336 3417 578 3474 sistitur.
632 3423 749 3476 Rex
799 3422 1002 3494 itaque
1050 3423 1320 3491 gaudens
1367 3423 1628 3480 ecclesia
1681 3423 1992 3478 basilicam

333 3507 530 3573 intrat,
551 3510 837 3582 omnique
865 3518 1170 3582 spectante
1201 3511 1492 3567 nobilium
1514 3512 1607 3567 vel
1637 3511 1992 3581 ignobilium

335 3601 592 3661 caterva,
625 3614 733 3669 per
759 3598 931 3654 funes
980 3600 1054 3655 ad
1110 3601 1281 3668 signa
1311 3601 1641 3672 pendentes
1673 3601 1785 3672 ipsi
1818 3602 1993 3656 totius

332 3681 447 3736 loci
477 3683 952 3741 dominationem
984 3687 1234 3755 delegat.
1273 3689 1410 3742 Dein
1453 3687 1696 3757 jubetur
1740 3688 1817 3743 ab
1860 3689 1992 3760 ipso

334 3785 470 3840 rege
533 3777 596 3827 ut
643 3773 1019 3845 quantocius
1079 3774 1507 3831 acceleraretur
1563 3776 1992 3832 benedictionis

333 3862 702 3918 consecratio
731 3862 936 3933 digna.
971 3866 1113 3920 Vere
1162 3879 1305 3935 ergo
1356 3865 1462 3920 iste
1513 3865 1756 3937 superni
1801 3882 1990 3922 mem-

331 3948 512 4005 brum
557 3951 765 4024 capitis
820 3952 946 4022 fuit,
980 3954 1083 4026 qui
1134 3970 1366 4008 memor
1418 3971 1596 4008 suum
1647 3955 1989 4022 Dominum,

331 4037 480 4094 dum
509 4055 648 4095 cum
694 4041 908 4097 vellent
960 4043 1166 4115 populi
1200 4044 1393 4098 facere
1423 4059 1646 4113 regem,
1680 4045 1900 4113 fugisse
1929 4045 1988 4100 in

331 4131 618 4194 montem,
680 4145 754 4184 ne
811 4130 1127 4202 supercilio
1180 4132 1541 4203 pralationis
1594 4132 1987 4201 extolleretur,

331 4214 543 4271 maluit
571 4217 769 4273 subire
802 4235 1143 4276 cavernam.

403 4309 455 4360 6.
495 4307 627 4403 iam
651 4322 815 4373 vero,
849 4313 1094 4380 sumpto
1139 4309 1376 4365 abbatis
1429 4309 1645 4380 oﬂ‘icio,
1678 4311 1813 4383 quis
1855 4311 1985 4381 ejus
2023 4350 2062 4403 Β

329 4393 494 4450 bona
518 4395 698 4463 digne
729 4400 940 4468 potens
963 4397 1039 4451 sit
1062 4398 1359 4469 explicare
1381 4400 1408 4454 ?
1442 4402 1574 4454 Erat
1602 4399 1760 4455 enim
1794 4401 1845 4455 ei
1873 4406 1991 4455 stu-

331 4482 500 4540 dium
523 4485 668 4555 juge
695 4485 951 4558 propria
985 4486 1114 4541 vita
1166 4487 1354 4541 navis
1384 4503 1605 4558 carere,
1634 4505 1837 4545 coram
1871 4493 1989 4545 Deo

332 4575 390 4627 et
411 4571 759 4628 hominibus
805 4572 968 4629 bona
1001 4590 1239 4646 semper
1266 4574 1599 4646 providere,
1633 4578 1987 4632 commisso-

331 4675 467 4716 rum
512 4661 716 4734 inepta
759 4677 1048 4732 resecare,
1082 4668 1202 4719 tam
1252 4663 1528 4735 exemplo
1567 4680 1754 4736 quam
1812 4667 1990 4720 verbo

330 4749 496 4806 bona
519 4765 728 4806 eorum
759 4767 1000 4821 augere,
1024 4753 1318 4826 quidquid
1344 4753 1573 4809 bonum
1608 4770 1846 4826 semper
1865 4772 1989 4811 am-

331 4837 481 4902 bire,
509 4839 805 4912 quidquid
852 4856 1108 4912 pravum
1156 4859 1392 4914 semper
1430 4859 1658 4900 cavere.
1704 4847 1815 4899 Nec
1860 4845 1990 4915 ejus

331 4989 604 5046 nonnulli
637 4991 1012 5059 consignant.
1055 4997 1125 5047 At
1167 5008 1238 5048 ex
1293 4993 1541 5050 Historia
1586 4995 1989 5051 translationis

337 5062 437 5139 ξεί
467 5061 810 5139 saviniani,_
834 5067 967 5127 etc.,
1009 5079 1195 5139 quam
1245 5081 1428 5139 supra
1477 5065 1795 5135 edidimus,
1830 5072 1990 5139 patet

334 5131 658 5213 Robertum
688 5133 876 5213 multo
919 5131 1095 5213 antea
1134 5136 1240 5213 iter
1279 5131 1433 5213 illud.
1472 5131 1987 5213 suscepisse'Ete-

332 5203 460 5278 nim
503 5203 606 5278 ibi.
638 5219 772 5275 cap.
790 5210 893 5278 7267.
922 5206 1263 5278 Constantia
1315 5207 1519 5275 regina
1571 5203 1702 5263 cuin
1730 5212 1989 5278 parvulo

331 5276 461 5345 ﬁlio
489 5275 746 5345 Hugone
779 5277 929 5330 Τίιιο
960 5277 1335 5342 remansisse,
1373 5284 1447 5345 et,
1481 5279 1658 5334 anxia
1703 5275 1776 5334 ne
1827 5284 1989 5336 lterta

335 5362 471 5403 eam
517 5345 948 5418 supplantaret,
981 5363 1018 5401 a
1047 5348 1101 5400 S.
1137 5348 1458 5402 Saviniano
1489 5349 1819 5406 confortata
1849 5352 1989 5406 dici-

336 5422 455 5490 tur.
481 5417 798 5490 Cum’vero
826 5417 920 5490 ille
950 5418 1249 5482 ignoraret
1270 5419 1404 5490 quis
1432 5425 1585 5474 esset
1611 5421 1984 5490 Savinianus,

337 5503 374 5543 a
401 5489 792 5561 Theoderico,
813 5488 913 5561 qui
959 5495 1161 5561 postea
1183 5488 1386 5560 factus
1430 5497 1512 5546 est
1539 5495 1845 5561 episcopus
1870 5488 1989 5547 Αιιὲ

339 5559 803 5641 νςιὶαῃεηείδι
833 5559 1097 5641 accepit.
1131 5559 1285 5618 Obiit
1322 5559 1985 5641 autem_:l‘heodericus,

338 5633 405 5685 ut
431 5629 510 5685 ad
547 5629 894 5698 ejus’Vitam
931 5629 1214 5705 diiimus,
1244 5647 1406 5689 anno
1452 5638 1607 5702 4022,
1641 5651 1848 5690 mense
1899 5629 1990 5691 Ja-

2105 1730 2460 1802 rescriptum
2504 1729 2947 1803 promulgavit:
3001 1733 3063 1784 In
3103 1729 3342 1784 nomine
3371 1733 3625 1792 sancta,
3660 1731 3765 1780 etc.

2107 1824 2252 1876 Acta
2297 1826 2436 1876 sunt
2483 1821 2610 1876 hac
2661 1821 2877 1875 Leodio
2919 1819 3176 1892 publice,
3211 1818 3323 1874 sub
3374 1817 3475 1872 die
3505 1833 3608 1870 xiv
3640 1815 3767 1869 Kal.

2107 1909 2393 1976 Octobris,
2427 1925 2588 1964 anno
2629 1909 2950 1966 Dominica
2999 1907 3430 1964 lncarnationis
3472 1908 3633 1973 l022,
3667 1904 3768 1959 im-

2105 2000 2250 2072 perii
2281 2016 2418 2054 vero
2452 1999 2684 2055 Henrici
2711 2016 2832 2066 xix,
2856 2005 2964 2055 etc.
2999 2002 3116 2055 Hac
3142 1997 3321 2067 igitur
3348 1997 3635 2069 pactione
3665 1996 3768 2050 uti-

2104 2088 2232 2143 liter
2262 2093 2557 2160 reparata,
2585 2086 3013 2142 monasterium
3043 2101 3318 2141 reversus
3343 2088 3454 2139 est.

2177 2185 2229 2232 7.
2266 2176 2603 2249 Aliquando
2632 2177 2812 2232 etiam
2843 2174 3172 2231 Neustriam
3202 2174 3326 2240 ivit,
3357 2178 3417 2228 et
3465 2172 3763 2244 colloquio

2107 2267 2470 2322 marchionis
2502 2265 2775 2322 Ricbardi
2801 2282 2970 2331 usus,
2996 2263 3319 2337 postulavit
3346 2262 3622 2318 eumdem
3648 2261 3756 2316 du-

2105 2373 2257 2416 cem.
2280 2361 2342 2411 ut
2370 2372 2479 2428 pro
2511 2355 2696 2411 salute
2729 2371 2852 2410 sua
2883 2353 3100 2409 anima
3128 2355 3347 2409 Sancto
3369 2352 3639 2407 Richario
3661 2351 3758 2405 ali-

2105 2445 2249 2517 quid
2278 2444 2609 2514 largiretur.
2644 2444 2776 2513 Qui,
2799 2441 2990 2498 sciens
3019 2442 3216 2497 virum
3245 2455 3374 2496 esse
3403 2439 3763 2513 prudentem

2107 2541 2160 2590 et
2192 2533 2504 2589 monastici
2538 2533 2787 2588 tramitis
2809 2536 3162 2599 amatorem,
3181 2530 3442 2600 benigne
3471 2529 3525 2584 ei
3547 2530 3762 2601 paruit.

2105 2623 2419 2678 conferens
2450 2639 2556 2694 per
2581 2622 2712 2692 ejus
2742 2636 2996 2676 manum
3027 2622 3244 2676 Sancto
3293 2618 3572 2673 Richario
3605 2634 3767 2673 casu-

2104 2713 2226 2768 lam
2253 2712 2526 2784 pretiosa
2551 2726 2856 2784 purpura.
2889 2715 2944 2765 et
2973 2708 3286 2765 ecclesiam
3329 2707 3764 2768 Scabellivilla,

2104 2801 2178 2857 de
2211 2801 2383 2872 cujus
2411 2799 2734 2856 donatione
2765 2799 2944 2854 talem
2979 2796 3248 2853 condidit
3272 2795 3767 2867 descriptionem.

2177 2912 2203 2939 ι‹
2241 2894 2303 2944 In
2347 2889 2592 2944 nomine
2619 2893 2838 2943 sancta
2869 2893 2925 2942 et
2951 2884 3272 2941 individua
3303 2884 3626 2948 Trinitatis,
3660 2899 3769 2953 ego

2105 2977 2433 3034 Richardus
2474 2979 2547 3049 (3)
2579 2977 2785 3032 divina
2827 2975 3188 3032 concedente
3235 2973 3423 3043 gratia
3452 2976 3768 3028 Nortman-

2104 3084 2323 3124 norum
2367 3067 2511 3122 dux.
2554 3069 2935 3138 Compertum
2979 3079 3107 3120 esse
3159 3062 3444 3118 volumus
3488 3063 3768 3118 omnium

2105 3164 2325 3214 sancta
2359 3157 2453 3212 Dei
2499 3154 2769 3211 Ecclesia
2798 3154 3066 3210 fidelium
3099 3153 3407 3208 industria
3449 3151 3622 3224 quod
3657 3156 3768 3207 An-

2105 3247 2428 3317 gelrannus
2475 3245 2666 3300 abbas
2715 3242 3083 3300 Centulensis
3135 3241 3411 3304 canobii,
3446 3241 3549 3296 ubi
3591 3257 3767 3296 vene-

2103 3336 2306 3392 rabilis
2355 3334 2663 3390 confessor
2709 3337 2953 3388 sanctus
2986 3331 3292 3387 Richarius
3341 3330 3620 3402 quiescit,
3655 3330 3764 3384 cle-

2103 3427 2391 3482 mentiam
2438 3428 2706 3479 nostram
2740 3421 3045 3495 expetierit
3072 3424 3365 3493 quatenus
3400 3419 3513 3490 ipsi
3544 3423 3762 3474 sancto

2102 3514 2416 3585 largitione
2464 3517 2682 3568 nostra
2733 3511 3131 3582 eleemosyna
3183 3508 3577 3564 conferremus
3635 3505 3750 3561 ali-

2101 3604 2267 3676 quid.
2303 3603 2557 3659 Consilio
2603 3617 2744 3670 ergo
2796 3604 2853 3655 et
2895 3604 3177 3670 suggestu
3220 3601 3556 3652 nostrorum
3584 3593 3744 3649 ﬁde-

2102 3692 2268 3756 lium,
2301 3689 2678 3745 decrevimus
2708 3687 2938 3744 tradere
2969 3690 3256 3759 perpetuo
3296 3682 3578 3757 pradicto
3610 3699 3757 3738 san-

2102 3787 2195 3836 cto
2227 3785 2283 3836 et
2311 3779 2496 3834 servis
2527 3779 2658 3849 ejus
2703 3776 3016 3833 ecclesiam
3067 3791 3204 3847 qua
3236 3774 3346 3830 sita
3386 3778 3474 3828 est
3515 3772 3578 3828 in
3625 3775 3765 3829 Sca-

2100 3870 2238 3927 belli
2268 3869 2427 3924 villa.
2461 3867 2743 3924 Prafatus
2773 3883 2913 3922 vero
2957 3865 3153 3922 abbas
3179 3871 3237 3921 et
3266 3864 3496 3930 fratres,
3529 3862 3652 3918 sub
3687 3868 3767 3918 te-

2100 3959 2449 4014 stiﬁcatione
2495 3955 2805 4029 prasentis
2849 3954 3254 4026 chirographi,
3306 3952 3770 4025 spoponderunt

2099 4047 2263 4120 quod
2317 4061 2522 4102 amore
2575 4044 2859 4114 genitoris
2903 4042 3108 4107 nostri,
3157 4048 3386 4108 nostro,
3431 4046 3492 4097 et
3535 4042 3768 4108 matris,

2099 4136 2372 4208 conjugis
2397 4140 2453 4191 et
2482 4134 2684 4207 prolis,
2716 4148 2978 4206 persona
3025 4131 3206 4188 unius
3256 4132 3546 4187 monachi
3577 4132 3768 4204 ipsius

2100 4223 2577 4294 congregationis
2616 4227 2933 4292 augeretur
2978 4237 3288 4290 numerus,
3317 4236 3393 4276 ea
3422 4219 3766 4276 conditione

2101 4319 2182 4381 ut,
2207 4313 2309 4369 illo
2333 4313 2654 4369 decedente
2672 4329 2708 4368 a
2728 4311 2965 4376 saculo,
2982 4310 3225 4366 alterius
3246 4325 3354 4382 per
3377 4309 3609 4366 sacula
3634 4310 3762 4364 sub

2099 4408 2384 4475 sequatur
2403 4400 2733 4468 successio;
2765 4399 2908 4455 illud
2933 4399 3112 4456 etiam
3135 4405 3218 4468 ut,
3244 4399 3322 4454 ab
3348 4399 3650 4454 hodierna
3665 4398 3764 4453 die

2098 4498 2156 4547 et
2201 4491 2504 4563 deinceps,
2545 4505 2680 4556 nos,
2715 4488 3021 4561 nostrique
3070 4487 3174 4542 ﬁlii
3221 4486 3592 4559 supradicta
3637 4503 3772 4542 ron-

2100 4580 2459 4649 gregationis
2486 4578 2768 4651 appellati
2799 4577 2962 4644 socii,
2995 4576 3266 4632 omnium
3296 4593 3433 4649 qua
3472 4577 3557 4632 ibi
3605 4585 3774 4647 gesta

2098 4670 2314 4725 fuerint
2335 4669 2634 4724 bonorum
2649 4667 2986 4724 habeamur
2996 4666 3334 4738 participes.
3355 4667 3422 4721 Ut
3437 4666 3632 4735 igitur
3647 4669 3775 4723 hac

2099 4757 2310 4813 futuris
2337 4756 2709 4829 temporibus
2735 4755 2981 4810 donatio
3002 4753 3228 4810 stabilis
3248 4762 3637 4826 permaneat,
3664 4756 3775 4811 sub

2099 4847 2268 4917 gravi
2299 4847 2678 4903 anathemate
2700 4843 2856 4900 facto
2887 4843 2966 4900 ab
2989 4843 3463 4916 archiepiscopo,
3490 4860 3594 4899 me
3625 4862 3775 4918 pra-

2099 5013 2504 5141 ωέἓζιῗέὺαιιιε
2537 5070 2890 5141 Remensem
2935 5065 3258 5122 Ecclesiam
3307 5065 3600 5141 abanno
3641 5072 3774 5124 1024

2101 5137 2284 5210 tenuit
2321 5155 2509 5210 usque
2541 5138 2618 5194 ad
2648 5153 2876 5210 annum
2913 5141 3044 5210 1033
3077 5153 3200 5209 quo
3231 5153 3262 5193 e
3295 5137 3440 5210 vivis
3465 5142 3771 5203 excessit;

2099 5209 2365 5281 sepultus
2403 5208 2576 5281 estin
2603 5225 2730 5264 sua-
2759 5208 3010 5281 ecclesia
3059 5208 3250 5281 prope
3287 5208 3516 5281 gradus
3577 5212 3768 5267 chori.

2101 5279 2343 5361 Exstant
2371 5280 2448 5336 ad
2481 5281 2678 5352 ipsum
2710 5279 2972 5352 epistola
3003 5279 3307 5336 nonnulla
3341 5279 3611 5337 Fulberti
3645 5288 3773 5339 Car-

2097 5358 2382 5407 notensis.
2730 5405 2738 5410 ,

2171 5425 2246 5494 (3)
2288 5422 2612 5494 Richardus
2642 5423 2704 5494 ll,
2733 5420 2889 5476 ﬁlius
2935 5421 3210 5494 Richardi
3241 5425 3341 5479 let
3371 5424 3768 5491 Gunnoridis,

2098 5492 2339 5550 fratrem
2371 5493 2580 5550 habuit
2600 5493 2927 5548 Robertum
2961 5492 3508 5563 Rothomagensem
3541 5497 3766 5552 archie-

2099 5582 2370 5639 scopum,
2403 5564 2476 5620 de
2501 5580 2624 5637 quo
2647 5563 2830 5638 paulo
2860 5563 3124 5621 inferius.
