4020 6176
220 126 372 180 θεοῦ

1870 123 2044 176 νιΤΑ.

3557 128 3693 194 tuo

221 254 415 317 sente,
445 249 542 305 vel
574 265 611 305 a
634 245 1002 322 quibusdam
1033 243 1335 317 episcopis
1365 262 1504 302 cum
1534 247 1658 302 suis
1708 261 1898 301 sacer-
1933 247 1981 300 A
2010 242 2156 334 dum
2187 249 2245 334 et
2284 243 2552 300 thesauri
2576 250 2894 318 quondam
2923 251 3123 314 habiti
3153 265 3207 315 et
3252 262 3439 318 modo
3478 261 3693 334 perditi

218 336 494 402 dotibus,
523 339 630 410 qui
665 336 812 391 forte
843 339 982 388 tunc
1012 336 1238 387 nostrae
1268 334 1728 392 aderantcuriae.
1771 334 1899 403 jus-

218 423 416 478 simus
447 423 746 490 roborari,
780 426 834 476 et
859 421 1018 476 hanc
1057 417 1308 493 insuper
1360 423 1694 478 chartulam
1749 420 1898 488 ﬁeri,

210 527 408 582 quam
433 512 616 582 signo
642 526 858 566 manus
889 506 1151 581 propriae
1177 509 1478 566 voluimus
1495 509 1897 579 consignari.»

291 641 319 665 ‹‹
358 619 621 688 Signum
644 615 920 674 Richardi
948 616 1340 672 marchionis.
1365 619 1419 674 S.
1455 617 1689 673 Roberti
1711 616 1899 672 archi-

210 706 512 780 episcopi.
552 711 608 764 S.
645 704 1002 763 Gonnoridis
1036 706 1248 760 matris
1301 723 1532 762 eorum.
1588 709 1642 762 S.
1673 705 1894 761 Judith.

211 796 270 851 8.
337 795 628 852 Richardi
682 794 871 868 pueri.
923 795 979 850 S.
1014 793 1256 849 Roberti
1307 795 1500 867 pueri.
1545 798 1599 851 8.
1632 793 1898 849 Willelmi

204 885 410 954 pueri.
447 886 505 939 S.
542 883 802 954 Malgeri.
841 907 866 931 ››

280 1014 307 1039 ‹‹
346 996 575 1048 Actum
609 991 983 1059 Rothomago
1011 1005 1047 1043 ιι
1074 989 1211 1044 ldus
1246 990 1487 1045 Martii.»

272 1097 597 1154 Robertus
625 1099 699 1169 (4)
722 1112 964 1170 quoque
993 1095 1121 1168 ipse
1150 1097 1653 1167 Rothomagensis
1708 1097 1895 1153 archi-

190 1183 568 1258 episcopus,
610 1186 803 1241 virum
829 1184 1059 1239 bonum
1109 1199 1236 1239 esse
1292 1199 1667 1252 cognoscens
1720 1186 1894 1241 dom-

192 1287 352 1328 num
389 1274 885 1345 Angelrannum,
913 1272 1160 1328 donavit
1189 1273 1240 1327 ei
1273 1288 1468 1327 unum
1497 1273 1727 1329 bonum
1755 1276 1891 1330 dor-

201 1361 354 1433 sale,
373 1379 506 1436 quo
549 1363 852 1435 hodieque
875 1368 1078 1417 nostra
1103 1361 1353 1417 ecclesia
1384 1353 1653 1418 ornatur.

213 1537 222 1541 _
284 1493 340 1547 8.
374 1495 449 1546 At
480 1491 634 1564 quia
665 1505 823 1546 nunc
863 1488 1320 1544 Nortmanniam
1345 1487 1718 1558 intravimus,
1750 1490 1893 1546 libet

2010 333 2342 388 amissione
2373 338 2605 390 constet
2632 354 2736 393 eos
2771 341 2917 396 satis
2951 343 3137 403 fuisse
3186 351 3448 421 punitos.
3481 333 3690 407 iSilva-

2009 423 2195 477 nectis
2226 426 2431 477 autem
2484 423 2716 480 civibus
2754 429 2829 484 de
2877 436 3076 490 sancti
3128 453 3380 510 corpore
3437 440 3693 497 inaniter

2010 509 2288 583 superbis
2335 511 2466 578 jam
2513 514 2697 570 modo
2757 533 2863 572 ora
2898 509 3281 582 claudamus.
3317 528 3450 592 Quo
3494 528 3691 598 primo

2010 600 2188 669 igitur
2215 603 2484 670 tempore
2525 604 2715 658 sancti
2745 610 3019 678 corporis
3066 612 3331 670 illatione
3383 616 3560 672 beata
3604 621 3693 674 est

2011 686 2278 749 Centula,
2305 687 2534 760 absque
2565 691 2692 746 ullis
2752 699 3062 762 gestorum
3122 703 3253 771 ejus
3304 703 3692 762 adminiculis

2008 774 2366 846 aliquandiu
2395 780 2744 846 permansit.
2779 783 3020 840 Delator
3043 803 3286 861 nempe,
3336 791 3583 850 nomine
3636 797 3693 849 et

2009 861 2206 934 gradu
2237 866 2416 934 atque
2438 866 2668 924 civitate
2709 871 2980 947 episcopi
3003 877 3131 947 ejus
3173 879 3396 947 relatis,
3456 881 3530 936 de
3588 898 3693 938 cte-

2008 954 2146 1010 teris
2177 952 2567 1012 conticuerat.
2598 961 2747 1014 Cum
2780 968 2982 1020 autem
3013 967 3314 1037 lngelardi
3347 968 3586 1024 abbatis
3616 972 3700 1027 de

2005 1042 2212 1098 medio
2243 1039 2379 1096 facti
2409 1043 2505 1100 hic
2557 1049 2916 1108 venerabilis
2970 1055 3417 1124 Angelrannus,
3464 1073 3690 1128 cogno-

2003 1134 2215 1187 mento
2248 1131 2516 1202 Sapiens,
2549 1135 2743 1191 vicem
2775 1142 3178 1213 suscepisset,‘
3226 1144 3338 1200 fuit
3387 1145 3439 1200 ei
3487 1162 3692 1203 neces-

2005 1223 2154 1277 sitas
2187 1218 2306 1289 illa,
2363 1238 2496 1293 quae
2538 1240 2722 1296 supra
2781 1231 3057 1300 exposita
3113 1239 3220 1301 est,
3264 1233 3350 1288 ire
3376 1237 3689 1292 Nortman-

2001 1311 2194 1366 niam.
2233 1308 2332 1361 His
2357 1329 2464 1383 pro
2494 1314 2718 1386 quibus
2751 1315 2900 1373 ierat
2927 1322 3217 1391 peroratis
3255 1322 3343 1376 vel
3400 1323 3683 1396 deﬁnitis,

2001 1415 2037 1454 a
2062 1397 2296 1452 clericis
2329 1400 2514 1471 ipsius
2544 1403 2870 1474 provinciae
2935 1412 2992 1463 et
3047 1426 3083 1464 a
3121 1411 3445 1465 monachis
3497 1414 3687 1469 sancti

2002 1485 2279 1540 Audoeni
2313 1491 2387 1558 (5)
2428 1491 2606 1563 coepit
2643 1490 2944 1564 inquirere
3002 1513 3080 1551 an
3120 1503 3376 1553 nossent
3419 1498 3684 1572 aliquem

216 1595 556 1653 parumper
597 1578 941 1647 subsistere,
1006 1582 1068 1632 ut
1104 1577 1416 1650 quoddam
1486 1579 1890 1635 necessarium
1926 1597 1967 1648 Β
2004 1579 2354 1630 sanctorum
2384 1577 2488 1649 qui
2517 1578 2815 1635 diceretur
2845 1582 3040 1651 Vigor.
3086 1584 3168 1639 liii
3200 1590 3408 1640 autem
3457 1589 3684 1660 optime

222 1670 621 1744 explicemus.
683 1667 1030 1736 Retulimus,
1088 1666 1202 1722 sub
1250 1666 1480 1722 domno
1558 1667 1888 1737 lngelardo,

225 1759 388 1815 beati
416 1757 652 1828 Vigoris
681 1755 952 1829 episcopi
978 1771 1198 1827 corpus
1248 1755 1596 1810 honorabile
1657 1771 1692 1811 a
1746 1760 1891 1812 Neu-

230 1848 371 1904 atria
401 1846 716 1904 Centulam
746 1845 1102 1902 translatum
1130 1862 1143 1912 ;
1173 1843 1335 1915 quod
1363 1845 1506 1916 quia
1534 1844 1890 1914 meruimus,

236 1939 354 1993 Deo
378 1934 776 2007 omnipotenti
807 1951 879 1990 ex
901 1933 1079 1989 corde
1108 1933 1318 1988 intimo
1359 1933 1575 2000 gratias
1601 1934 1893 2006 rependa-

235 2043 392 2082 mus.
428 2025 628 2081 Securi
653 2024 831 2095 igitur
861 2022 936 2078 de
967 2023 1066 2077 Dei
1097 2037 1343 2076 munere
1368 2021 1427 2076 in
1460 2022 1643 2077 sancti
1679 2039 1892 2095 corpo-

231 2115 316 2170 ris
337 2115 550 2171 collata
579 2113 757 2170 nobis
789 2111 1224 2178 benedictione,
1271 2111 1400 2182 jam
1448 2112 1631 2166 modo
1683 2117 1893 2168 contra

231 2203 365 2260 illos
395 2219 651 2274 agamus
673 2201 780 2276 qui
816 2207 1049 2257 tantum
1079 2200 1312 2256 bonum
1362 2207 1630 2256 nostrum
1678 2203 1890 2258 obscu-

231 2308 367 2348 rare
397 2292 682 2348 nituntur.
723 2294 818 2346 Est
845 2290 1007 2346 enim
1037 2288 1329 2362 quiddam
1355 2289 1626 2345 sensibus
1668 2292 1888 2346 nostris

228 2380 486 2445 illatum,
541 2379 727 2453 quod,
766 2383 884 2435 Deo
934 2377 1276 2443 auxiliante,
1305 2377 1636 2434 abundanti
1663 2381 1892 2436 ratione

230 2471 612 2544 purgabitur,
637 2470 687 2525 si
717 2475 920 2524 tamen
951 2468 1203 2524 faciente
1220 2467 1445 2523 invidia
1461 2468 1742 2541 obliquus
1769 2486 1890 2525 non

233 2559 392 2615 adsit
445 2558 700 2614 auditor.
734 2561 952 2613 Verum
1003 2573 1117 2612 nos
1174 2555 1552 2627 singulariter
1590 2557 1892 2614 neminem

233 2649 596 2722 appetimus,
647 2649 931 2706 omnibus
979 2648 1165 2704 semel
1215 2649 1686 2721 respondentes:
1743 2649 1889 2706 dum

234 2741 397 2796 enim
425 2754 802 2812 quemquam
830 2743 1166 2795 nostratum
1216 2755 1356 2793 cum
1412 2740 1771 2796 Neustrianis
1801 2740 1893 2796 vel

237 2829 775 2886 Silvanectensibus
804 2827 878 2884 de
911 2827 1102 2883 sancti
1132 2844 1381 2900 corpore
1440 2827 1701 2901 colloqui
1757 2845 1894 2885 con-

237 2917 426 2986 tingit,
458 2917 796 2973 dicentibus
822 2916 948 3004 istis
985 2916 1132 2988 quia
1159 2923 1361 2972 noster
1418 2917 1736 2989 episcopus
1763 2917 1890 2978 fuit,
1931 2949 1969 3004 ρ

233 3005 413 3060 nobis
456 3004 740 3078 quiescit;
795 3003 908 3059 illis
973 3020 1144 3075 teque
1194 3005 1584 3060 referentibus
1617 3021 1678 3060 se
1732 3007 1892 3061 hunc

233 3095 480 3165 habere,
513 3099 716 3151 noster
745 3110 780 3149 a
820 3097 938 3150 Deo
963 3093 1138 3150 nobis
1163 3093 1338 3149 datus
1388 3092 1700 3151 thesaurus
1729 3095 1894 3169 apud

232 3185 493 3240 incertos
519 3184 696 3257 quasi
717 3183 936 3239 fuscari
980 3182 1231 3239 videtur.
1294 3182 1456 3238 Unde
1508 3185 1647 3240 satis
1695 3200 1894 3241 neces-

235 3275 392 3330 sarie
425 3273 583 3328 hanc
615 3272 800 3328 modo
830 3273 1122 3328 rationem
1162 3272 1578 3344 persolvimus,
1633 3291 1756 3346 qua
1787 3275 1895 3330 sci-

232 3365 373 3420 licet
400 3363 565 3436 apud
595 3379 706 3418 nos
733 3363 903 3418 illum
933 3379 1065 3417 esse
1096 3363 1381 3418 veraciter
1405 3364 1888 3436 comprobemus.

233 3452 406 3518 Quod
439 3452 486 3506 si
508 3451 836 3523 quisquam
868 3450 1336 3507 clarescentibus
1372 3451 1675 3508 miraculis
1730 3453 1891 3510 hunc

235 3557 300 3597 se
329 3540 552 3598 habere
575 3540 877 3608 defendat,
906 3545 961 3594 et
1000 3556 1111 3594 nos
1166 3539 1356 3596 multo
1413 3541 1892 3610 magniﬁcentius

232 3629 450 3686 eadem
475 3628 701 3700 experti
725 3645 954 3684 sumus.
1002 3631 1140 3683 Vere
1171 3629 1330 3684 enim
1363 3629 1691 3686 Christiana
1741 3632 1891 3687 ﬁdes

232 3717 451 3774 fatetur
478 3732 689 3772 omnes
720 3719 839 3772 Deo
870 3717 1002 3786 conj
1015 3720 1241 3782 unctos,
1276 3733 1396 3771 non
1425 3733 1496 3772 eo
1513 3722 1741 3773 tantum
1759 3719 1891 3775 loco

231 3821 359 3878 quo
388 3821 636 3877 corpore
652 3804 972 3874 habentur,
1007 3803 1112 3859 sed
1143 3804 1486 3877 ubicunque
1525 3805 1774 3861 ﬁdeliter
1794 3823 1889 3862 ro-

229 3899 474 3968 gantur,
506 3893 707 3950 divina
736 3908 918 3965 posse
947 3898 1300 3948 monstrare.
1337 3893 1451 3949 Sed
1501 3894 1628 3965 jam
1683 3901 1893 3966 pergat

232 3998 434 4040 sermo
488 3982 548 4038 in
599 3981 842 4038 nomine
900 3981 1135 4038 Domini
1193 3998 1316 4054 quo
1368 3981 1730 4038 destinatum
1779 3988 1886 4049 est,

231 4072 517 4143 huncque
550 4075 828 4126 sanctum
887 4085 998 4124 nos
1049 4070 1479 4125 conﬁrmemus
1515 4069 1755 4138 habere,
1808 4075 1890 4126 ta-

231 4159 407 4216 metsi
428 4159 575 4214 alias
602 4173 826 4226 magna
851 4158 1086 4230 operari
1109 4158 1398 4215 videatur.
1433 4159 1694 4214 Christus
1744 4159 1892 4216 veri-

233 4253 327 4306 tas
357 4247 532 4304 nobis
557 4247 935 4319 astipulatur,
970 4246 1101 4319 ipsa
1131 4247 1318 4302 sancti
1369 4247 1475 4302 viri
1525 4249 1731 4304 anima
1778 4266 1889 4304 cce-

230 4339 364 4395 lesti
392 4353 628 4411 semper
647 4337 994 4392 haereditate
1020 4336 1199 4392 beata
1227 4337 1630 4393 testimonium
1659 4339 1887 4407 reddet,

232 4428 358 4484 imo
387 4427 461 4483 de
482 4427 681 4483 verbis
703 4426 832 4497 ejus
862 4425 1023 4482 verbi
1066 4426 1252 4482 nostri
1309 4427 1715 4482 testimonium
1765 4429 1885 4485 ﬁet.

232 4517 568 4575 Neustriani
607 4521 829 4583 tamen,
858 4517 963 4589 qui
996 4522 1054 4572 et
1079 4516 1446 4582 Nortmanni,
1478 4516 1572 4571 sui
1625 4519 1890 4592 episcopi

233 4623 359 4662 non
387 4607 542 4662 bene
560 4605 839 4661 custoditi
865 4606 1157 4677 arguendi
1183 4605 1568 4674 videbantur;
1603 4606 1708 4662 sed
1725 4624 1882 4663 men-

233 4700 355 4752 tem
385 4694 688 4752 remordet
705 4695 851 4768 quia
869 4696 1061 4751 :«Nisi
1087 4697 1374 4751 Dominus
1403 4695 1890 4753 custodieritcivi-

233 4785 662 4857 tatem,frustra
683 4783 889 4854 vigilat
917 4786 1021 4857 qui
1050 4785 1307 4841 custodit
1329 4801 1464 4841 eam
1506 4786 1886 4858 (Psamxxvr,

240 4881 352 4944 l).»
385 4875 472 4931 Ob
493 4875 606 4930 hoc
637 4878 839 4930 autem
871 4871 1002 4928 illos
1032 4874 1289 4930 sinentes
1328 4875 1444 4931 alia
1472 4874 1887 4948 expediamus,

307 5017 386 5087 (4)
415 5015 600 5072 Annis
620 5015 1023 5096 quadraginta
1050 5019 1106 5069 et
1147 5022 1289 5096 octo
1313 5018 1634 5096 Ecclesium
1655 5019 1885 5096 _Rot‘ho-

232 5103 588 5160 magensem
612 5086 784 5158 réxit,
841 5087 920 5160 ab
958 5101 1118 5160 anno
1147 5086 1389 5160 scilicet
1423 5094 1542 5160 A989
1597 5090 1674 5147 ad
1730 5094 1886 5156 1037,

233 5156 366 5233 quo
390 5157 554 5214 obiit;
599 5162 672 5212 tie
705 5156 776 5214 eo
806 5156 1271 5233 agit_0rderi_cus
1297 5158 1514 5233 Vitalis,
1544 5161 1716 5233 eique
1767 5161 1891 5216 Ful-

232 5227 440 5286 bertus
473 5239 543 5287 (1..
564 5279 568 5282 ,
591 5227 1099 5302 mtensisaliquot
1125 5227 1347 5283 litteras
1369 5227 1617 5302 scripsit.

308 5304 598 5374 (5)8839}:
631 5300 894 5356 .\udoeni
942 5298 1171 5374 celebre
1201 5298 1657 5374 _mona_ste'rium
1713 5306 1888 5358 Roto-

234 5371 730 5453 magi_ho_dieque
768 5388 804 5427 a
825 5371 1170 5453 “monachis
1201 5371 1595 5426 Benedictinis
1644 5390 1889 5444 congre-

236 5442 367 5514 gat,
388 5446 444 5502 S.
477 5442 660 5500 Mauri
687 5442 978 5498 incolitur.

310 5518 386 5588 (6)
418 5519 485 5572 Et
502 5521 705 5573 tamen
722 5515 850 5588 jam
873 5513 1090 5588 saeculo
1114 5530 1276 5571 nono
1307 5518 1544 5588 recepta
1573 5519 1698 5588 erat
1736 5517 1888 5588 70m-

232 5585 408 5647 nium
435 5585 790 5647 Sanctorum
820 5585 1126 5658 festivitas,
1149 5603 1336 5662 quam
1363 5585 1698 5644 Ludovicus
1728 5587 1888 5658 Pius,

2003 1662 2168 1718 hunc
2202 1664 2473 1735 scientes,
2499 1667 2612 1722 hoc
2646 1667 2848 1723 solum
2881 1671 3079 1727 mirati
3143 1678 3285 1728 sunt
3331 1675 3498 1745 quod
3554 1676 3682 1750 ipse

2005 1750 2203 1807 abbas
2235 1758 2466 1810 tantum
2493 1755 2901 1813 confessorem
2932 1761 3203 1824 nesciret,
3228 1761 3554 1819 referentes
3583 1781 3680 1820 or-

2007 1843 2156 1906 tum,
2189 1841 2391 1910 vitam,
2424 1845 2675 1916 ejusque
2707 1845 3086 1914 dignitatem.
3115 1851 3264 1903 Tum
3295 1849 3491 1904 abbas
3507 1856 3681 1921 rogat

2009 1929 2123 1985 sibi
2174 1933 2493 1987 monstrari
2555 1933 2693 1988 Vita:
2751 1935 3132 2006 scripturam,
3188 1943 3246 1992 et
3297 1937 3679 1994 describendi

2008 2017 2209 2090 largiri
2239 2022 2497 2093 copiam.
2531 2027 2600 2078 At
2626 2022 2708 2078 illi
2737 2039 2876 2078 cum
2927 2024 3304 2093 annuissent,
3339 2025 3443 2081 tali
3474 2025 3554 2082 ab
3605 2044 3677 2084 eo
3777 2039 3782 2046 '

2008 2109 2217 2165 auditu
2242 2111 2644 2182 percelluntur
2673 2129 2684 2166 :
2714 2113 3022 2179 Coenobio,
3047 2113 3260 2185 inquit,
3307 2115 3570 2172 Centulae
3615 2117 3677 2172 in

2008 2199 2375 2255 monasterio
2407 2200 2636 2256 domini
2657 2200 2777 2256 mei
2809 2203 2998 2257 sancti
3026 2203 3282 2258 Richarii
3329 2205 3514 2275 hujus
3544 2221 3678 2261 san-

2005 2286 2081 2340 cti
2103 2302 2326 2359 corpus
2358 2287 2633 2343 habetur.
2659 2292 2809 2344 Tum
2862 2289 3149 2345 monachi
3195 2290 3356 2346 beati
3405 2292 3676 2348 Audoeni

2004 2373 2286 2430 dixerunt
2319 2374 2373 2430 ei
2408 2392 2420 2428 :
2458 2380 2521 2430 In
2575 2376 2714 2446 hoc,
2771 2376 3130 2434 honorande
3188 2381 3378 2451 Pater,
3429 2386 3483 2437 te
3531 2381 3676 2439 scito

2002 2462 2166 2517 hunc
2196 2479 2407 2520 revera
2438 2465 2682 2535 habere,
2712 2465 2779 2532 si,
2804 2482 2949 2524 ossa
2978 2469 3115 2541 ipsa
3139 2467 3462 2542 inspectas,
3505 2488 3674 2529 men-

2006 2555 2131 2606 tum
2160 2568 2282 2606 non
2304 2553 2604 2608 inveneris
2626 2554 2788 2626 apud
2814 2559 2867 2610 te
2905 2574 2918 2611 :
2955 2557 3122 2630 quod
3171 2557 3393 2616 idcirco
3425 2561 3562 2618 illuc
3613 2567 3676 2618 tu

2002 2655 2128 2695 non
2155 2640 2446 2710 invenies,
2478 2643 2620 2715 quia
2653 2647 2772 2699 Deo
2802 2647 3030 2714 gratias
3059 2647 3204 2703 illud
3227 2665 3339 2705 nos
3359 2650 3672 2709 habemus.
3711 2685 3714 2688 -

2003 2734 2074 2784 At
2105 2729 2206 2784 ubi
2235 2732 2494 2802 patriam
2518 2736 2786 2788 nostram
2819 2749 2964 2791 cum
2994 2736 3197 2794 libello
3245 2740 3385 2798 Vita:
3429 2744 3558 2816 ejus
3588 2761 3676 2800 re-

2003 2818 2270 2890 pedavit,
2299 2821 2532 2876 curavit
2560 2822 2861 2878 insinuata
2932 2825 3109 2882 citius
3169 2829 3445 2901 probare.
3479 2835 3678 2892 Revol-

2003 2908 2087 2964 vit
2113 2915 2320 2964 sancta
2342 2911 2637 2978 membra,
2671 2917 2728 2967 et
2778 2913 3029 2972 inventa
3085 2921 3208 2974 tota
3257 2923 3486 2981 ossium
3539 2942 3677 2984 con-

2004 2996 2184 3067 gerie,
2209 3004 2480 3054 mentum
2520 3000 2731 3057 deesse
2787 3001 3038 3061 invenit.
3098 3008 3248 3072 Quia
3290 3029 3434 3070 vero
3485 3016 3673 3089 ipsius

2004 3086 2144 3141 Vitae
2173 3086 2348 3142 lectio
2379 3089 2635 3145 docebat
2663 3107 2788 3162 qua
2816 3091 2914 3148 die
2944 3101 3191 3151 sanctus
3219 3115 3251 3154 e
3299 3086 3532 3162 mundo
3560 3109 3674 3164 mi-

2004 3181 2253 3265 grasset,
2275 3176 2596 3234 haesitabat
2622 3195 2838 3250 parum
2867 3182 3019 3253 quid
3048 3184 3270 3243 faceret
3303 3209 3316 3250 ;
3369 3193 3513 3265 quia
3537 3213 3674 3253 eam

2002 3263 2164 3318 diem
2197 3266 2479 3320 Omnium
2513 3270 2869 3324 Sanctorum
2901 3271 3190 3329 festivitas
3247 3293 3318 3333 ex
3377 3263 3672 3342 moderns.

2003 3355 2240 3408 Patrum
2269 3356 2346 3425 (6)
2374 3354 2743 3411 institutione
2783 3356 3148 3417 vindicabat.
3212 3366 3425 3424 Statuit
3468 3378 3670 3430 autem

2004 3447 2068 3496 ut
2097 3442 2368 3513 sequenti
2398 3442 2493 3498 die
2510 3442 2794 3500 festivitas
2821 3463 2932 3502 sua
2956 3453 3168 3504 sancto
3195 3457 3664 3518 reexhiberetur.

2003 3531 2369 3603 Factumque
2400 3536 2489 3586 est
2516 3533 2616 3598 ita,
2651 3533 2758 3588 sed
2786 3550 2909 3592 non
2943 3537 3028 3592 sic
3059 3543 3125 3593 ut
3150 3545 3386 3600 tantum
3438 3547 3669 3606 decuis-

2002 3624 2089 3675 set
2106 3621 2531 3678 confessorem.
2566 3622 2664 3678 His
2686 3623 2978 3697 proﬁcue,
3011 3632 3077 3682 ut
3103 3644 3446 3705 speramus,
3486 3637 3670 3696 inser-

2003 3710 2094 3777 tis,
2127 3710 2206 3764 ad
2236 3710 2444 3764 domni
2475 3712 2840 3781 Angelranni
2871 3716 3059 3770 Vitam
3100 3721 3500 3793 transeamus,
3558 3728 3666 3784 ali-

1999 3797 2062 3852 bi
2093 3800 2168 3867 (7)
2199 3797 2274 3853 de
2305 3804 2513 3854 sancto
2541 3800 2750 3868 Vigore
2782 3803 3054 3870 certiora,
3083 3811 3138 3861 et
3176 3808 3400 3878 quibus
3430 3814 3665 3873 obviari

1999 3902 2121 3941 non
2152 3886 2360 3958 possit,
2392 3887 2795 3958 probamenta
2823 3888 3057 3946 dicturi.

2071 3982 2123 4031 9.
2151 3975 2336 4031 Multo
2368 3975 2589 4032 sudore
2627 3981 2685 4032 et
2729 3977 2972 4048 ingenio
2999 3981 3095 4037 hic
3127 3988 3509 4045 venerandus
3558 3993 3666 4049 ho-

1999 4082 2101 4121 mo
2123 4081 2362 4138 semper
2393 4065 2626 4121 studuit
2655 4067 2734 4122 ad
2766 4083 2943 4124 usum
2973 4074 3322 4130 monasterii
3347 4077 3448 4134 illa
3500 4096 3664 4138 revo-

1999 4169 2135 4210 care
2161 4170 2316 4226 quae,
2340 4153 2436 4208 vel
2488 4153 2876 4212 desolationis
2934 4163 3202 4234 tempore
3249 4163 3346 4219 vel
3398 4165 3511 4222 sub
3569 4169 3663 4224 sui

2000 4249 2266 4316 tempore
2294 4244 2705 4310 antecessoris,
2735 4245 2938 4320 aliqua
2986 4250 3222 4308 fuerant
3251 4252 3465 4311 fraude
3518 4257 3661 4313 sub-

1999 4333 2198 4389 ducta.
2224 4333 2568 4390 Constantia
2596 4335 2822 4409 quippe
2851 4336 3097 4396 internae
3112 4340 3492 4411 fortitudinis,
3525 4363 3660 4418 quae

1999 4423 2184 4479 menti
2215 4423 2344 4494 ejus
2369 4423 2579 4493 inerat,
2611 4424 2864 4482 multam
2912 4431 3247 4500 potentium
3309 4433 3658 4505 superbiam

1999 4512 2361 4581 edomabat;
2395 4512 2539 4586 quia
2594 4513 2819 4571 ﬁducia
2869 4518 3195 4574 sanctitatis
3250 4536 3312 4576 se
3369 4521 3654 4589 vallante,

1999 4603 2219 4658 nullius
2241 4603 2571 4674 potentiam
2593 4603 2930 4659 verebatur.
2952 4606 3373 4675 Angelrannus
3395 4610 3657 4686 denique

1998 4709 2203 4750 comes
2232 4692 2634 4748 Pontivorum.
2674 4693 2938 4762 llugonis
2967 4696 3244 4753 advocati
3281 4699 3460 4767 ﬁlius,
3515 4718 3655 4758 cum

1999 4784 2080 4840 ob
2108 4786 2418 4855 expertam
2448 4782 2509 4836 in
2540 4781 2638 4836 illo
2669 4783 3043 4847 sanctitatem
3072 4793 3380 4861 compater
3405 4791 3456 4861 ej
3468 4807 3535 4846 us
3570 4792 3656 4848 fa-

2000 4878 2129 4929 ctus
2152 4871 2378 4941 fuisset,
2411 4886 2632 4941 magno
2656 4871 2834 4928 etiam
2863 4872 3072 4931 timore
3093 4891 3236 4948 erga
3254 4877 3422 4934 illum
3439 4880 3656 4950 ageba-

2000 5017 2353 5090 adhortante
2385 5013 2671 5090 Gregorio
2697 5018 2763 5069 ιν
2796 5033 3038 5090 summo
3065 5019 3364 5090 pontiﬁce,
3405 5021 3466 5076 in
3519 5023 3652 5080 Gal-

1998 5088 2076 5143 lia
2107 5091 2165 5141 et
2194 5084 2511 5140 Germania
2531 5085 2816 5142 celebrari
2847 5084 3177 5146 mandavit.
3204 5084 3654 5150 Vide'Thomas-

1999 5160 2194 5235 sinum
2219 5155 2554 5235 intractatu
2583 5158 2660 5211 De
2690 5157 2871 5227 festis,
2901 5159 3005 5235 lib.
3040 5177 3098 5225 ll,
3127 5177 3260 5234 cap.
3308 5167 3395 5235 2t.
3449 5165 3653 5220 Hodie-

1997 5246 2113 5302 que
2156 5231 2210 5302 S.
2245 5228 2469 5302 Vigoris
2511 5243 2732 5300 corpus
2787 5231 2951 5302 apud
2977 5247 3060 5286 se
3110 5228 3332 5289 scr'vari
3379 5242 3653 5292 asserunt

1998 5296 2183 5356 nostri
2217 5296 2620 5355 Centulenses.

2069 5377 2148 5446 (7)
2182 5376 2244 5426 In
2275 5369 2474 5446 capite
2488 5370 2707 5426 scilicet
2735 5375 2806 5446 2Q
2830 5373 3012 5446 hujus
3039 5375 3235 5446 quarti
3286 5375 3419 5432 libri
3476 5377 3652 5433 Chro-

1997 5443 2112 5499 nici
2145 5441 2624 5521 Qent‘ulensis,_in
2657 5441 3022 5521 Gestisbeati
3046 5441 3298 5513 Gervini,
3324 5465 3458 5521 quae
3485 5449 3652 5505 dabi-

1996 5532 2134 5573 mus
2163 5514 2224 5570 in
2244 5513 2426 5570 altero
2449 5514 2628 5588 hujus
2656 5513 2854 5570 saeculi
2893 5520 3077 5572 tomo.
