4020 6176
373 190 500 250 MM

1418 185 1867 244 ANGELBANNI
1903 172 2200 237 ΑΒΒΔπε
2238 179 2727 241 CENTULENSIS.

3670 181 3808 241 1H!

367 318 483 384 tur,
513 314 741 390 quippe
764 313 932 387 apud
973 326 1157 383 quem
1204 312 1456 370 humani
1507 310 1729 384 ingenii
1760 304 2037 382 pravitati
2072 306 2119 358 Α
2147 307 2405 372 geretur,
2432 303 2569 361 hinc
2596 304 2959 378 patuit,dum
2987 306 3201 361 contra
3227 304 3393 361 hunc
3415 304 3804 373 Eucherium,

364 404 515 462 nihil
560 416 907 460 successum
958 401 1203 459 sciebat.
1257 401 1599 476 Antiquitus
1651 401 1888 456 servata
1937 398 2030 450 est

368 491 763 556 consuetudo,
792 494 860 547 ut
885 491 948 547 in
972 489 1126 548 festo
1148 492 1338 548 sancti
1368 491 1623 548 Richarii
1655 493 1775 546 tota
1837 483 2027 542 Ponti-

365 594 581 638 vorum
601 578 809 637 militia
827 580 1136 637 Centulam
1166 580 1473 650 veniret,et
1491 579 1668 636 veluti
1697 576 1904 651 patriae
1924 573 2028 629 do-

364 668 565 737 mino»,
597 683 667 725 ac
699 682 825 725 suae
845 667 1055 725 salutis
1086 668 1261 725 tutori
1292 672 1348 724 et
1367 668 1672 725 advocato
1697 664 2027 722 solemnem

363 756 594 817 curiam
622 755 1097 815 faciebant.Cum
1112 757 1313 829 itaque
1324 758 1453 828 jam
1465 756 1659 812 dictus
1681 768 1883 811 comes
1909 750 2029 806 ine-

363 844 683 902 vitabiliter
700 845 778 902 ad
805 845 997 901 sancti
1026 844 1209 901 Patris
1231 843 1472 915 festum,
1491 847 1597 899 aut
1618 843 1738 899 alia
1762 838 2030 913 qualibet

364 934 462 991 die
488 934 922 991 monasterium
940 934 1241 1003 intrasset,
1275 933 1478 990 statim
1506 932 1586 989 ab
1605 931 1825 988 abbate
1848 946 2026 986 vene-

363 1023 559 1094 rabili,
592 1022 811 1097 siquid
856 1023 991 1079 loco
1050 1022 1398 1089 abstulerat,
1458 1026 1625 1079 tanta
1677 1018 2027 1077 invectionis

368 1111 719 1169 auctoritate
748 1112 1135 1183 arguebatur,
1169 1116 1234 1168 ut
1272 1112 1426 1168 miro
1470 1109 1654 1169 modo
1685 1125 1807 1166 non
1846 1098 2029 1165 conii-

366 1205 483 1257 tem
516 1217 553 1257 a
577 1202 900 1271 monacho,
936 1201 1044 1257 sed
1084 1214 1326 1257 servum
1356 1214 1391 1257 a
1438 1200 1687 1257 domino
1730 1197 2027 1271 increpari

366 1288 651 1361 qualitate
671 1303 872 1343 rerum
902 1292 1169 1361 putares.
1215 1288 1272 1346 Si
1301 1289 1631 1362 aliquando
1687 1285 2027 1359 corripienti

365 1386 490 1433 non
510 1374 850 1445 obediisset,
882 1377 1076 1433 abbas
1105 1377 1219 1433 loci
1251 1383 1506 1446 amator,
1555 1377 1660 1451 qui
1689 1376 1884 1433 dicere
1923 1391 2027 1448 po-

364 1468 551 1522 terat:
584 1466 759 1522 Zelus
788 1467 995 1522 domus
1012 1466 1112 1523 Dei
1146 1467 1395 1523 comedit
1420 1483 1531 1533 me,
1564 1465 1849 1522 continuo
1896 1479 2024 1519 sese

364 1553 426 1610 in
463 1551 663 1611 verbis
692 1568 1090 1625 exaggerans,
1130 1553 1424 1628 illumque
1480 1554 1805 1619 infidelem,
1855 1552 2024 1608 illum

2136 397 2466 467 contraque
2490 408 2700 451 omnes
2727 395 2833 468 qui
2861 394 3111 452 fratrum
3142 394 3573 470 possessiones
3592 410 3806 470 rapere

2134 482 2531 551 conabantur,
2572 489 2692 540 tam
2741 484 3086 540 divinarum
3140 499 3333 558 quam
3389 485 3808 543 humanarum

2134 570 2337 643 legum
2367 575 2716 631 auctoritate
2752 580 2979 631 certare
3003 588 3129 631 non
3152 574 3402 631 destitit.
3444 578 3599 631 Nam
3634 577 3737 632 Dei
3757 583 3811 634 et

2136 662 2373 719 Domini
2402 664 2591 719 nostri
2621 663 2982 720 infamatus
3033 664 3339 737 exemplo,
3400 669 3465 720 et
3518 680 3807 722 accensus

2134 763 2362 820 amore,
2383 753 2488 821 qui
2512 767 2628 821 pro
2656 754 2777 809 suis
2808 752 3013 809 ovibus
3063 754 3333 809 annnam
3360 754 3573 822 posuit
3601 765 3625 824 ;
3686 753 3806 827 ipse

2133 854 2381 911 quoque
2408 856 2521 912 pro
2545 840 2814 897 Ecclesiae
2838 840 3211 898 Ceutulensis
3239 839 3394 896 villis
3449 840 3551 896 vel
3580 842 3805 913 praediis

2133 928 2327 984 multa
2348 928 2635 1001 pericula,
2668 930 3007 1002 multasque
3029 929 3385 1001 iniquorum
3406 928 3669 985 insidias
3686 947 3806 1003 per

2134 1017 2255 1087 peti
2285 1032 2404 1072 non
2428 1017 2774 1075 formidavit
2804 1035 2819 1072 :
2851 1034 2961 1091 pro
2982 1018 3096 1073 illis
3122 1023 3281 1074 certe
3320 1018 3428 1091 qui
3480 1018 3605 1073 sibi
3652 1024 3805 1074 erant

2134 1106 2442 1162 commissi
2468 1108 2735 1164 animam
2767 1108 3083 1181 posuisset,
3120 1107 3166 1162 si
3199 1107 3260 1162 id
3295 1124 3554 1163 necesse
3588 1108 3804 1175 fuisset,

2134 1196 2237 1269 qui
2264 1212 2371 1269 pro
2394 1197 2747 1253 eorumdem
2770 1213 2832 1251 re
2861 1195 3200 1271 temporali,
3225 1212 3370 1252 cum
3396 1213 3659 1252 necesse
3690 1196 3801 1263 fuit,

2134 1280 2337 1341 multis
2368 1284 2600 1358 injuriis
2630 1286 2813 1355 aﬂligi
2840 1303 2962 1343 non
2987 1280 3305 1342 recusavit.
3338 1287 3409 1342 Ut
3451 1286 3624 1342 enim
3674 1285 3804 1341 sub-

2128 1374 2425 1445 jectorum
2457 1376 2692 1431 animas
2724 1375 3001 1437 salvaret,
3032 1374 3159 1449 ipse
3196 1374 3532 1449 temporali
3566 1392 3687 1431 suae
3722 1393 3805 1430 sa-

2133 1463 2239 1519 luti
2262 1480 2579 1537 nunquam
2611 1465 2848 1534 agnitus
2873 1471 2961 1521 est
2990 1464 3357 1537 pepercisse.
3420 1468 3577 1521 Nam
3611 1478 3731 1521 non
3754 1464 3805 1520 in

2134 1555 2371 1609 tantum
2397 1558 2665 1609 creverat
2694 1558 3089 1625 tyrannorum
3119 1553 3434 1622 atrocitas,
3487 1558 3557 1609 ut
3612 1568 3805 1626 corpo-

365 1646 669 1716 raptorem
694 1642 1158 1713 clamitans,nisi
1170 1644 1492 1699 emendare
1515 1644 1856 1717 sponderet,
1884 1657 2023 1697 cou-
2060 1658 2105 1713 Β
2135 1657 2203 1698 ra
2227 1643 2583 1715 perimendo
2611 1643 2845 1698 animas
2877 1642 3214 1709 effugerent
3239 1659 3252 1709 ;
3285 1643 3395 1698 sed
3416 1642 3503 1699 ad
3536 1643 3656 1698 hoc
3678 1656 3804 1716 pro-

366 1732 533 1789 tinuo
558 1734 1144 1789 excommunicabat.
1174 1734 1309 1790 Haec
1348 1735 1477 1805 ejus
1504 1732 1689 1789 animi
1740 1731 2022 1788 fortitudo

364 1822 695 1896 plurimum
722 1821 987 1890 contulit,
1021 1827 1170 1880 etut
1212 1838 1322 1880 suo
1380 1828 1646 1898 tempore
1697 1822 1843 1878 nihil
1889 1821 2023 1877 loco

365 1915 675 1985 raperetur
700 1911 974 1968 obtinuit.
1006 1911 1177 1978 Quod
1208 1927 1320 1969 nos
1363 1911 1498 1969 ideo
1557 1913 1639 1969 sic
1681 1911 2019 1977 didicimus,

366 1998 531 2072 quia,
560 2013 700 2055 cum
727 2005 937 2056 nostro
956 2016 1087 2056 arvo
1108 2000 1305 2056 desint
1334 2000 1664 2071 largitores,
1714 2000 1868 2056 bene
1921 2014 2024 2055 no—

365 2086 461 2144 bis
488 2102 582 2145 res
613 2103 793 2159 agere
819 2089 1139 2159 videretur,
1174 2090 1221 2146 si
1247 2104 1369 2147 non
1409 2096 1752 2165 pateremur
1769 2089 2024 2146 infestis-

368 2177 553 2235 simcs
573 2177 959 2251 praedatores.
992 2179 1356 2237 Venerabilis
1380 2184 1581 2237 tamen
1606 2178 2024 2249 Angelrannus

365 2282 490 2323 non
531 2267 647 2324 hoc
690 2268 890 2324 solum
941 2267 1197 2325 obtinuit
1242 2273 1307 2325 ut
1364 2269 1476 2325 sibi
1504 2269 1651 2326 nihil
1702 2267 2021 2335 tolleretur,

367 2355 474 2412 sed
498 2360 554 2412 et
582 2360 648 2413 ut
674 2356 865 2413 multa
894 2370 1004 2429 per
1030 2357 1129 2413 Dei
1160 2358 1414 2428 gratiam
1466 2358 1578 2415 sibi
1633 2358 1919 2414 darentur
1968 2359 2027 2413 et

366 2442 777 2501 redderentur.
810 2445 1229 2516 Angelrannus
1276 2446 1455 2518 igitur
1511 2462 1735 2517 comes,
1781 2445 2024 2503 monitis

368 2532 497 2605 ejus
525 2533 827 2591 animatus
850 2534 1057 2593 villam
1094 2536 1429 2609 quamdam
1484 2541 1691 2593 sancto
1750 2535 2024 2593 Bicliario

367 2622 681 2693 delegavit,
714 2623 789 2681 de
812 2625 985 2695 cujus
1037 2624 1340 2681 deditione
1374 2630 1796 2681 testamentum
1839 2624 2025 2680 conti-

368 2713 551 2781 ciens,
573 2714 740 2785 regia
769 2714 1116 2771 auctoritate
1170 2715 1515 2773 confirmari
1559 2715 1765 2783 voluit,
1823 2714 1905 2771 ita
1960 2729 2024 2769 se

368 2801 605 2858 habens
631 2821 644 2859 :

442 2913 470 2941 α
496 2890 562 2947 ln
586 2889 831 2947 nomine
849 2896 1067 2948 sancta:
1086 2898 1143 2949 et
1169 2891 1426 2950 inviduae
1446 2893 1891 2964 ’I‘rinitatis.Ego
1912 2896 2025 2948 An-

2134 1736 2397 1787 cesserat
2425 1748 2637 1788 eorum
2668 1731 2985 1803 cupiditas,
3018 1736 3082 1786 ut
3110 1747 3237 1798 eos,
3300 1732 3500 1787 rebus
3560 1729 3805 1804 spoliem

2132 1824 2241 1890 tes,
2275 1821 2527 1877 miseros
2555 1820 2888 1877 efﬁcerent:
2918 1824 2976 1877 et
3004 1820 3148 1893 quia
3206 1820 3411 1876 isdem
3453 1820 3808 1891 magniﬁcus

2132 1910 2223 1966 vir
2252 1924 2461 1967 eorum
2492 1911 2727 1967 saevitiae
2752 1925 2968 1983 perpes
2998 1909 3419 1967 contradictor
3460 1910 3711 1979 exstitit,
3738 1911 3809 1967 ὑ

2133 2000 2218 2055 eis
2249 2000 2441 2056 multa
2491 2014 2834 2072 perpessus,
2892 1999 3069 2055 etiam
3117 1999 3306 2069 gladii
3354 1999 3807 2074 percussionem

2136 2090 2237 2146 Dei
2267 2093 2499 2145 amator
2527 2089 2817 2145 toleravit.
2852 2089 2966 2145 Sed
2995 2089 3136 2162 quia
3186 2104 3331 2145 vere
3363 2089 3547 2145 fateri
3606 2105 3808 2162 possa-

2135 2194 2273 2235 mus
2296 2180 2531 2251 justum
2561 2179 2863 2235 confidere
2889 2179 3064 2252 quasi
3095 2179 3364 2245 leonem,
3384 2181 3506 2235 iste
3524 2194 3645 2253 pro
3664 2194 3809 2236 eom-

2134 2269 2358 2335 missis,
2388 2269 2552 2325 bona
2574 2268 2935 2325 conscientia
2967 2268 3167 2336 fretus,
3196 2268 3447 2325 nullam
3466 2270 3673 2326 timuit
3690 2284 3811 2344 pas-

2136 2358 2387 2413 sionem.
2414 2356 2680 2415 Charitas
2701 2357 2860 2412 enim
2891 2357 2955 2412 in
2974 2372 3047 2412 eo
3082 2356 3287 2412 locum
3323 2357 3445 2413 sibi
3472 2357 3811 2413 vindicabat

2134 2446 2417 2519 priorem,
2451 2461 2593 2519 quas
2641 2446 2799 2502 foras
2830 2445 3033 2519 utique
3062 2446 3457 2518 propellebat
3517 2447 3803 2503 timorem.

2134 2534 2364 2590 Tandiu
2389 2535 2595 2607 itaque
2615 2539 2823 2591 contra
2880 2535 3241 2590 Huchertum
3295 2534 3548 2601 institit,
3602 2548 3803 2609 usque.

2133 2638 2261 2697 quo
2303 2638 2622 2696 procerum
2676 2623 2901 2694 judicio
2959 2624 3019 2678 in
3066 2624 3224 2693 regis
3273 2627 3641 2696 praesentia,
3685 2640 3808 2682 eam

2133 2728 2318 2785 quam
2343 2713 2608 2770 diximus
2634 2700 2835 2769 villam
2861 2712 3281 2770 derationaret.

2208 2806 2293 2856 tt.
2323 2801 2437 2858 Sed
2466 2816 2602 2874 quae
2635 2817 2759 2857 non
2787 2802 3131 2859 mortalium
3155 2802 3350 2858 corda
3382 2805 3697 2878 rapacitas
3719 2818 3809 2861 ur-

2137 2895 2251 2959 get,
2287 2891 2338 2946 si
2370 2891 2526 2947 adsit
2552 2891 2725 2947 locus
2751 2892 2781 2947 ?
2809 2894 2925 2947 Rex
2948 2892 3108 2947 enim
3137 2892 3447 2949 Henricus
3468 2893 3702 2950 illectus
3720 2909 3803 2950 eu-

370 2978 695 3068 gelranuus
724 2986 1097 3068 compertum
1132 2980 1255 3038 fore
1285 2983 1465 3056 cupio
1495 2989 1847 3040 cunctorum
1884 2998 2024 3038 san-
2063 3010 2105 3068 c
2135 2980 2403 3052 piditate,
2433 2985 2759 3053 postquam
2788 2980 2979 3037 fuerat
3004 2979 3323 3037 deﬁnitum
3357 2987 3431 3039 ut
3484 2984 3809 3039 Eucherius

371 3070 481 3123 σθω
517 3067 617 3123 Dei
645 3067 917 3125 Ecclesiae
945 3067 1215 3126 ﬁdelium
1253 3070 1579 3141 industriae,
1619 3073 1806 3145 quod,
1830 3086 2024 3127 remo-

369 3162 540 3215 rante
577 3158 1122 3231 praecellentissimo
1172 3176 1310 3232 rege
1363 3161 1617 3218 Roberto
1674 3159 2027 3234 Compendii

368 3247 614 3323 palatio,
646 3248 1160 3307 corroborandam
1191 3251 1252 3307 in
1282 3251 1601 3324 prmseutia
1658 3252 1788 3323 ejus
1836 3249 2026 3307 obtuli

366 3350 557 3411 quam
572 3336 831 3394 feceram
858 3342 1064 3394 sancto
1096 3339 1367 3396 Richario
1395 3340 1708 3414 quondam
1755 3339 2027 3395 donatio-

369 3426 465 3482 nis
490 3425 845 3482 chartulam.
878 3426 1263 3484 Tradideram
1285 3428 1582 3502 siquidem
1603 3428 1715 3502 ipsi
1737 3432 1945 3485 sancto
1962 3428 2025 3483 in

370 3526 533 3584 pago
556 3513 806 3571 Pontivo
832 3515 1035 3572 villam
1052 3533 1188 3589 qua:
1210 3518 1452 3575 Comitis
1478 3518 1623 3574 Villa
1653 3523 1921 3585 vocatur,
1952 3531 2024 3573 eo

371 3600 732 3657 conditionis
748 3609 925 3674 pacto
956 3608 1022 3660 ut
1050 3606 1327 3679 egoipse,
1353 3607 1501 3662 dum
1528 3607 1751 3676 vixero,
1800 3610 1856 3661 et
1886 3610 2027 3678 post

369 3701 645 3745 meunus
660 3689 871 3761 haeres,
896 3708 1079 3764 quem
1106 3693 1315 3750 vivens
1329 3694 1742 3765 designavero,
1763 3700 2021 3763 teneam,

369 3776 639 3850 atquein
664 3776 973 3836 festivitate
994 3782 1188 3837 sancti
1209 3781 1625 3856 Richarii,quae
1653 3799 1729 3838 vn
1750 3784 1887 3839 ldus
1919 3786 2025 3839 Oc-

367 3864 561 3921 tobris
584 3866 652 3938 (Β)
683 3866 1037 3936 celebratur,
1065 3885 1148 3924 xu
1179 3869 1459 3927 denarios
1504 3871 1567 3927 in
1597 3887 1780 3929 ccnsu
1801 3872 2024 3945 persol-

368 3971 528 4011 vam.
562 3956 735 4022 Quod
775 3958 825 4014 si
860 3959 1051 4014 heres
1090 3975 1125 4014 a
1151 3974 1247 4016 me
1266 3959 1617 4031 designatus
1640 3961 1886 4018 reddere
1924 3976 2025 4018 ne-

368 4043 615 4113 glexerit
651 4049 758 4101 aut
780 4045 1055 4118 legaliter
1077 4049 1356 4105 emendet
1406 4055 1509 4107 aut
1554 4050 1785 4124 perdat,
1835 4066 2023 4124 quam

369 4132 818 4190 concessionem
829 4134 893 4191 in
916 4136 1236 4208 praesentia
1248 4138 1407 4207 regis
1420 4139 1711 4212 regnique
1730 4139 2023 4195 nobilium

368 4217 558 4275 obtuli
586 4225 644 4276 et
670 4224 835 4291 regia
856 4225 1205 4281 auctoritate
1228 4226 1707 4284 confirmandam
1725 4228 1947 4286 censui.

442 4328 471 4356 α
506 4307 759 4378 Signum
787 4311 1024 4367 Roberti
1053 4313 1229 4382 regis.
1252 4316 1368 4388 Sig.
1399 4317 1758 4374 Constantia:
1774 4318 2017 4387 reginae.

371 4398 489 4469 Sig.
525 4398 755 4455 Heurici
779 4398 971 4457 ducis.
1002 4400 1119 4471 Sig.
1153 4403 1408 4462 Roberti.
1441 4406 1558 4478 Sig.
1610 4408 1854 4464 Odonis.
1900 4408 2017 4479 Sig.

367 4486 731 4559 Augelranni
756 4489 1013 4548 comitis.

439 4599 471 4627 κ
498 4582 713 4635 Actum
742 4577 1096 4654 Compendii
1120 4579 1345 4654 palatio
1370 4582 1574 4639 Nonas
1607 4585 1876 4657 Aprilis.»

442 4668 527 4724 lo.
546 4665 879 4726 Hucbertus
893 4668 1143 4744 quidam
1162 4670 1354 4739 miles,
1370 4671 1475 4745 qui
1488 4671 1864 4731 beneﬁciarie
1882 4691 2022 4732 cum

362 4756 758 4828 jurejurando
773 4759 1023 4817 nostrati
1048 4758 1253 4818 abbati
1277 4761 1559 4819 famulari
1580 4760 1865 4834 habebat,
1884 4766 2022 4823 huic

364 4844 695 4902 venerabili
713 4846 1101 4917 Angebanno
1132 4848 1445 4921 aliquoties
1483 4864 1670 4907 causa
1725 4852 2023 4924 probatio-

364 4934 461 4990 nis
479 4933 718 4992 exstitit.
755 4935 1063 5010 Siquidem
1093 4936 1277 5011 aliqui
1309 4956 1378 4996 ex
1407 4939 1533 4996 suis
1546 4941 1894 5014 parentibus
1907 4942 2022 4999 sub

363 5023 746 5097 praestatione
776 5026 917 5082 certi
946 5026 1232 5100 temporis
1255 5031 1568 5087 tenuerant
1593 5030 1798 5088 villam
1832 5032 2023 5090 sancti

364 5111 642 5177 Richarii,
667 5112 962 5173 vocabulo
982 5116 1332 5188 Noguerias,
1349 5123 1408 5176 et
1431 5118 1533 5175 tali
1551 5121 1870 5179 occasione
1898 5128 2023 5179 tan-

363 5218 558 5276 quam
582 5203 989 5264 hereditatem
1027 5206 1140 5263 sibi
1164 5207 1523 5266 vindicabat.
1571 5212 2022 5270 Contradicente

363 5292 606 5362 abbate,
638 5297 696 5350 et
722 5292 824 5351 illo
848 5293 1200 5360 iusaniente,
1244 5296 1432 5354 multa
1460 5296 1613 5355 dura
1643 5301 1889 5371 contigit
1919 5319 2021 5359 ve-

364 5380 698 5440 nerabilem
749 5385 1197 5455 Angelrannum
1243 5387 1373 5455 ejus
1430 5386 1802 5446 immissione
1855 5392 2017 5464 pati:

364 5484 585 5543 nempe
620 5488 809 5547 quam
828 5473 965 5531 forti
992 5474 1215 5531 amoris
1240 5475 1475 5532 vinculo
1506 5494 1649 5549 erga
1682 5496 1824 5535 suos
1846 5482 2020 5537 strin-

2135 3083 2257 3124 non
2289 3068 2537 3125 haberet
2566 3068 2626 3124 in
2666 3070 2978 3142 proprium
3002 3069 3352 3140 jus,villam
3380 3071 3538 3139 tulit,
3568 3073 3808 3146 etquiu

2133 3159 2399 3230 quennio
2432 3157 2587 3213 illius
2612 3158 2904 3214 reditibus
2935 3174 3078 3214 usus
3105 3164 3214 3214 est.
3250 3160 3373 3215 Sed
3406 3176 3553 3217 cum
3596 3161 3683 3217 ab
3707 3160 3805 3217 ab-

2134 3248 2271 3304 bate
2298 3249 2639 3322 frequenter
2665 3255 3033 3319 argueretur,
3066 3250 3321 3306 tandem
3355 3257 3528 3307 metu
3550 3252 3805 3322 judicio-

2132 3353 2268 3393 rum
2303 3338 2401 3395 Dei
2425 3343 2689 3404 coactus,
2722 3343 2779 3393 et
2816 3339 3169 3395 venerabilis
3224 3341 3609 3411 Augelrauni
3663 3342 3804 3397 assi-
3846 3384 3851 3387 .

2134 3426 2257 3482 dua
2309 3426 2791 3484 interminatioue
2848 3427 3087 3495 fractus,
3130 3428 3315 3483 nobis
3347 3445 3488 3485 eam
3526 3430 3715 3497 cessit,
3746 3434 3802 3485 et

2135 3531 2316 3586 super
2346 3516 2473 3586 ejus
2511 3515 2844 3572 redditione
2873 3520 3305 3573 testamentum
3334 3519 3598 3585 confecit,
3626 3516 3790 3590 quod

2136 3619 2246 3660 nos
2276 3618 2520 3676 quoque
2545 3603 2763 3659 utiliter
2791 3604 2885 3660 hic
2912 3604 3353 3674 consignamus
3386 3627 3397 3663 :

2208 3713 2237 3745 ‹
2267 3697 2327 3748 In
2359 3692 2605 3748 nomine
2632 3698 2853 3749 sanctae
2883 3699 2939 3748 et
2956 3693 3283 3749 individua!
3310 3695 3628 3751 Trinitatis.
3651 3697 3800 3749 neno

2133 3781 2294 3837 ricus
2324 3782 2421 3837 Dei
2451 3782 2642 3851 gratia
2677 3785 3037 3838 Francorum
3068 3799 3195 3850 rex,
3230 3785 3530 3840 omnibus
3555 3784 3800 3840 catholi-

2134 3888 2218 3927 cse
2241 3872 2511 3927 Ecclesiae
2525 3871 2676 3945 ﬁliis,
2693 3872 2915 3945 quibus
2929 3879 3018 3929 est
3027 3888 3173 3928 cura
3192 3875 3423 3930 animse
3441 3880 3502 3931 et
3518 3874 3802 3949 corporis.

2206 3984 2233 4012 ει
2270 3965 2485 4018 Notum
2515 3977 2647 4017 esse
2672 3962 2951 4018 volumus
2994 3963 3227 4019 cunctis
3273 3964 3495 4020 futuris
3548 3970 3610 4021 et
3662 3980 3804 4039 prie

2133 4052 2401 4108 sentibus
2428 4052 2672 4124 qualem
2701 4052 2959 4108 reditum
2992 4059 3205 4109 sancto
3235 4054 3523 4111 Richario
3552 4070 3675 4128 pro
3693 4054 3807 4110 aui-

2132 4141 2352 4197 mabus
2382 4140 2599 4197 nostris
2626 4145 2683 4197 et
2741 4156 3162 4197 successorum
3192 4144 3687 4216 permiserim.
3717 4143 3804 4201 εἰσ

2131 4228 2217 4284 les
2246 4229 2519 4302 quidam,
2552 4230 2884 4286 Hucbertus
2904 4230 3649 4301 uomine,Nogueuariam
3674 4246 3804 4289 cum

2055 4358 2099 4415 υ
2134 4321 2685 4415 suisappendiciis,
2715 4321 3049 4415 quamdam
3074 4324 3267 4415 sancti
3294 4324 3559 4415 iticharii
3584 4325 3801 4395 villam,

2135 4409 2371 4466 tenebat
2396 4427 2522 4465 sua:
2550 4411 2877 4467 invasionis
2904 4410 3272 4468 tortitudiue.
3301 4414 3627 4487 Quotquot
3674 4427 3804 4471 vero

2130 4504 2537 4555 antecessores
2564 4500 2695 4571 ejus
2719 4504 3051 4569 tenuerant,
3104 4505 3315 4557 sancto
3366 4501 3658 4559 Richario
3708 4517 3805 4576 per

2130 4588 2525 4659 prazstationis
2550 4589 2931 4644 occasionem
2962 4588 3288 4655 tollebant;
3316 4589 3428 4645 iste
3463 4606 3617 4648 vero
3668 4604 3805 4665 qua-

2132 4676 2182 4731 si
2206 4678 2517 4751 propriam
2541 4677 2750 4734 volens
2777 4675 3082 4745 invadere,
3105 4678 3388 4751 repulsus
3404 4685 3499 4736 est
3531 4680 3801 4754 aliquan-

2128 4769 2257 4822 tum
2287 4766 2523 4823 abbatis
2553 4771 2611 4823 et
2634 4766 2887 4823 fratrum
2936 4765 3409 4837 reclamatioue;
3445 4774 3508 4825 et
3534 4769 3647 4827 illo
3673 4769 3799 4826 tua.

2129 4855 2288 4911 ditus
2303 4859 2563 4931 repulso,
2594 4872 2853 4913 censura
2868 4856 3076 4928 judicii
3105 4858 3293 4914 nostri
3325 4858 3557 4916 decidit
3580 4860 3647 4917 in
3704 4874 3800 4916 no»

2130 4950 2314 5001 stram
2387 4945 2765 5018 jsionem;
2833 4945 3251 5020 quinquennio
3315 4948 3485 5004 tenui
3544 4949 3799 5006 solidam

2129 5040 2186 5090 et
2214 5035 2477 5108 quietam
2508 5034 2715 5091 habui.
2768 5036 3034 5092 Posthaec
3086 5051 3327 5094 memor
3375 5037 3603 5095 animm
3634 5054 3797 5106 mea,

2129 5127 2206 5192 et,
2230 5122 2368 5180 licet
2393 5123 2703 5180 modicum
2730 5122 3002 5193 cogitans
3049 5122 3127 5180 de
3172 5124 3313 5195 ejus
3352 5125 3795 5201 redemptione,

2127 5211 2450 5270 inclinatus
2525 5212 2705 5269 etiam
2765 5213 2849 5269 ab
2919 5213 3141 5270 abbate
3208 5219 3271 5270 et
3352 5219 3796 5274 monachum

2129 5300 2400 5371 collegio,
2448 5300 2665 5359 tradidi
2713 5317 2851 5358 eam
2909 5306 3123 5359 sancto
3176 5301 3485 5361 Ricbario.
3560 5303 3797 5362 Addidit

2125 5390 2305 5448 etiam
2344 5408 2548 5449 comes
2572 5391 2990 5464 Angelraunus
3040 5392 3315 5464 ejusdem
3362 5394 3487 5451 loci
3535 5394 3792 5452 advoca-

2130 5486 2229 5538 tus
2272 5499 2446 5539 suam
2502 5483 2869 5556 petitionem,
2929 5483 3025 5538 cui
3078 5498 3191 5554 ego
3241 5489 3556 5542 eote-on
3595 5484 3792 5555 mni,

438 5579 740 5681 ξξὶίξτέξξιέ
747 5581 1000 5681 scilicet1
1005 5583 1140 5681 ejus
1148 5583 1469 5681 translatio
1489 5598 1563 5643 ex
1592 5586 1775 5644 veteri
1800 5588 2047 5661 praprio
2076 5589 2337 5648 Centulse
2370 5608 2384 5660 ;
2411 5590 2684 5663 ejusdem
2714 5589 2915 5648 Natale
2944 5588 3281 5648 celebratur
3305 5586 3411 5648 die
3438 5594 3513 5681 2t!

368 5644 576 5702 relatio
606 5655 807 5707 autem
843 5651 939 5708 die
968 5657 1002 5708 2
1030 5644 1207 5710 Junii.
