4020 6176
219 160 363 219 1413

1884 154 2065 212 νιτΑ.

3571 161 3709 218 1414

214 289 283 344 ut
307 295 644 355 nunquam
679 278 822 335 inde
868 276 1167 351 acciperet
1214 278 1482 354 aliquam
1528 281 1914 338 consuetudi-
1945 280 1992 335 Α
2023 294 2142 353 que
2197 276 2296 334 Dei
2356 276 2552 334 cultor
2600 281 3029 352 Angelrannus
3090 285 3396 344 bonorum
3452 298 3712 360 operum

212 389 382 432 nem.
415 367 599 437 Quod
659 383 737 424 ne
764 365 903 439 quis
932 365 1115 422 etiam
1178 383 1600 426 successorum
1632 386 1913 426 meorum

211 463 444 524 audeat
472 459 827 529 infringere,
882 455 1147 512 Hezelini
1191 459 1609 517 Parisiacensis
1642 460 1915 535 episcopi

209 550 486 629 perculsi
538 543 860 623 [percussi]
910 547 1319 617 anathemate,
1378 553 1435 605 et
1480 550 1755 606 omnium
1806 550 1917 624 qui

211 658 462 702 mecum
491 644 669 697 erant
697 632 1109 707 Francigenae,
1129 653 1240 693 nec
1269 637 1470 710 ipsum
1491 639 1695 713 excepi
1726 637 1915 695 abba-

212 740 360 800 tem,
387 736 456 787 ut
486 727 670 785 alicui
701 739 813 799 per
858 721 1137 795 aliquam
1169 725 1366 781 tradat
1401 727 1803 791 occasionem,
1835 743 1913 782 ne

212 823 425 896 aliqua
452 819 673 875 iterum
704 810 925 870 erratio
965 819 1197 869 nostra:
1242 815 1460 871 animae
1489 815 1594 872 ﬁat
1620 815 1910 890 periculo.

212 910 618 987 prohibemus
651 919 797 974 ergo
824 900 1051 957 iterum
1099 907 1282 976 atque
1327 903 1541 961 iterum
1570 909 1772 961 nostro
1802 904 1912 959 im-

217 1000 409 1074 perio,
440 1002 498 1053 et
524 992 805 1052 omnium
850 988 1292 1065 episcoporum
1342 997 1683 1049 nostrorum
1736 994 1916 1049 inter—

220 1087 570 1151 minatione,
602 1101 678 1141 ne
708 1080 929 1154 aliquis
977 1081 1447 1140 malefactorum
1489 1080 1692 1158 aliquo
1724 1080 1915 1139 modo

215 1179 441 1236 audeat
472 1189 787 1248 usurpare,
818 1174 885 1226 ut
913 1185 1044 1225 non
1074 1170 1182 1227 ﬁat
1229 1171 1377 1227 mihi
1403 1171 1465 1228 in
1494 1171 1596 1229 illa
1623 1170 1914 1245 reproba-

219 1272 301 1326 tio
334 1264 704 1331 necessitate,
733 1259 839 1316 ubi
888 1259 1114 1316 merita
1139 1276 1279 1316 mea
1308 1277 1432 1316 non
1461 1266 1782 1334 potuerunt
1814 1276 1913 1316 me

211 1358 451 1430 juvare.
487 1355 737 1410 Prorsus
765 1365 842 1405 ne
893 1348 1121 1421 aliquis
1160 1347 1397 1405 dubitet
1439 1350 1782 1423 imperium,
1828 1349 1915 1405 vi-

220 1448 367 1503 deat
396 1444 620 1517 scripto
650 1437 1007 1512 imperantis
1043 1437 1333 1494 edictum.

298 1559 323 1585 ‹‹
353 1539 567 1590 Actum
605 1533 693 1586 est
717 1543 879 1585 anno
912 1524 1249 1582 Dominica:
1280 1527 1715 1584 lncarnationis
1752 1532 1886 1585 1035
1893 1581 1911 1611 ,

2024 368 2319 427 exercitiis
2335 369 2690 438 illustratus,
2716 372 3138 449 hospitalitatis
3167 383 3406 436 amator
3434 377 3711 446 devotus,

2024 459 2381 517 humilitatis
2416 466 2691 516 servator
2719 465 3024 539 assiduus,
3055 467 3362 527 charitatis
3393 468 3575 525 etiam
3603 466 3715 524 ob-

2026 565 2122 606 ses
2152 548 2379 606 mansit
2406 550 2688 605 aeternus.

2106 658 2190 715 13.
2226 659 2445 711 Verum
2466 655 2692 726 ingenii
2715 657 2904 732 ipsius
2926 664 3163 733 sagacis
3187 679 3319 722 non
3335 664 3531 735 facere
3557 679 3727 722 men-

2028 747 2282 810 tionem,
2316 743 2747 816 impiissimum
2797 748 2956 807 duco
2987 768 3282 810 errorem.
3316 757 3489 825 Nam,
3520 752 3732 827 praeci-

2030 835 2233 907 piente
2284 831 2398 887 sibi
2474 835 2794 893 venerabili
2850 854 2961 895 suo
3023 841 3351 915 quondam
3414 839 3734 912 magistro,

2032 923 2266 980 domno
2292 921 2514 979 scilicet
2559 923 2836 983 Fulberto
2884 929 3244 988 Carnotensi
3295 933 3610 1008 episcopo,
3652 928 3736 988 a1-

2033 1010 2230 1069 miﬂui
2262 1009 2622 1068 confessoris
2672 1014 2884 1072 Christi
2936 1018 3194 1075 Richarii
3247 1020 3443 1079 Vitam
3478 1017 3561 1073 ab
3591 1017 3742 1077 anti-

2033 1101 2169 1176 quis
2201 1100 2634 1173 compendiose
2692 1102 3077 1177 descriptam,
3128 1122 3313 1163 versu
3349 1104 3614 1165 heroico
3640 1106 3740 1180 ju-

2032 1188 2393 1265 cundiorem
2422 1187 2591 1259 fecit;
2640 1190 2786 1247 nihil
2829 1209 2982 1265 pene
3031 1194 3410 1251 extrinsecus
3474 1190 3743 1272 addens,

2030 1279 2136 1337 sed
2190 1278 2473 1335 eumdem
2536 1296 2781 1337 sensum
2845 1299 2952 1356 per
3003 1283 3211 1340 omnia
3268 1291 3747 1356 representans,

2027 1371 2184 1426 Sane
2219 1367 2532 1438 miracula,
2580 1386 2717 1443 quae
2761 1372 3051 1429 Dominus
3103 1388 3173 1429 ac
3200 1371 3519 1431 Salvator
3547 1389 3755 1445 noster

2026 1474 2137 1530 per
2158 1456 2438 1529 ejusdem
2464 1459 2653 1515 sancti
2697 1460 2910 1518 merita
2957 1478 3068 1518 suo
3111 1466 3393 1534 tempore
3434 1468 3745 1548 exhibuit,

2025 1549 2087 1603 in
2112 1564 2240 1603 uno
2259 1546 2460 1603 libello
2500 1548 2891 1623 compingens
2917 1552 3018 1623 (9),
3058 1550 3322 1625 antiquis
3357 1548 3523 1621 ejus
3560 1546 3744 1625 mira;

220 1626 513 1694 regnante
546 1618 816 1675 Heinrico
846 1630 1007 1684 rege,
1031 1630 1201 1671 anno
1231 1616 1401 1687 regni
1426 1616 1580 1672 illius
1601 1634 1681 1672 in.
1707 1615 1911 1673 Abbas

2051 1637 2179 1692 :ulis
2212 1637 2695 1709 compaginavit;
2728 1639 2789 1695 in
2819 1657 3082 1713 quorum
3111 1615 3303 1714 capite
3339 1649 3576 1711 postea
3600 1615 3735 1722 qu;

219 1710 643 1785 Angelrannus
706 1703 1104 1776 subscripsit;
1180 1704 1511 1761 Rollandus
1574 1706 1913 1762 monachus

223 1798 609 1873 subscripsit,
664 1794 972 1852 GualterUS
1037 1792 1439 1867 subscripsit;
1481 1794 1718 1865 Algisus
1772 1793 1913 1850 sub-

225 1890 491 1965 scripsit,
545 1892 653 1944 etc.
718 1884 784 1941 Hi
823 1882 1007 1940 etiam
1036 1887 1180 1938 sunt
1240 1888 1415 1939 testes
1475 1884 1749 1940 omnium
1789 1883 1914 1955 epi-

230 1993 561 2053 scoparum
602 1968 1274 2037 excommunicationis,
1308 1973 1611 2045 przecipue
1652 1970 1915 2039 Hezelini

190 2059 197 2065 ’
230 2064 673 2125 Parisiacensis.
698 2060 811 2128 Qui
836 2058 1122 2133 deinceps
1148 2059 1453 2131 infregerit
1477 2061 1608 2129 ista,
1633 2077 1772 2117 cum
1803 2060 1914 2116 Da-

232 2159 379 2216 than
413 2160 473 2214 et
493 2154 719 2211 Abiron
743 2151 851 2207 ﬁat
869 2156 926 2207 et
953 2150 1282 2207 anathema
1303 2152 1682 2207 marauatha.
1697 2154 1909 2212 Amen.

231 2249 355 2305 Hic
384 2245 690 2303 ominibus
722 2240 1157 2299 restitutionem
1190 2242 1539 2313 molendini,
1580 2240 1768 2299 eidem
1793 2260 1915 2300 mo-

236 2337 509 2395 nasterio
538 2349 575 2390 a
604 2332 904 2403 Raginero
931 2330 1122 2386 milite
1145 2331 1398 2400 factam.
1436 2353 1462 2380 ››

318 2429 403 2481 12.
441 2428 589 2481 Cum
620 2420 679 2476 in
707 2417 991 2474 omnibus
1042 2433 1185 2487 erga
1214 2418 1375 2474 hunc
1400 2423 1675 2475 sanctum
1709 2419 1913 2476 locum

241 2510 614 2584 Angelranni
646 2505 882 2564 abbatis
937 2522 1082 2562 cura
1110 2507 1366 2579 provida
1400 2524 1637 2581 semper
1666 2508 1916 2565 habere-

246 2607 363 2670 tur,
417 2615 540 2656 non
599 2603 802 2654 tamen
864 2596 993 2667 ejus
1051 2595 1470 2653 benevolentia
1525 2597 1913 2654 sublevandas

243 2704 591 2766 pauperum
620 2686 956 2742 necessitati
1004 2685 1224 2742 deerat.
1283 2687 1410 2742 Fuit
1436 2686 1615 2757 igitur
1639 2687 1693 2743 ei
1724 2687 1914 2760 pietas

245 2796 451 2838 eomes
479 2774 923 2849 inseparabilis,
940 2790 1047 2848 per
1076 2791 1288 2848 quam,
1308 2776 1409 2831 Dei
1438 2776 1627 2848 gratia
1654 2794 1715 2833 se
1744 2778 1916 2834 auxi-

246 2867 453 2934 liante,
478 2865 839 2921 miserorum
866 2864 1209 2920 consolator
1239 2863 1541 2938 splenduit
1570 2865 1912 2936 singularis.

2027 1743 2217 1800 supra
2244 1731 2512 1785 texuerat
2537 1728 2622 1784 sic
2653 1743 2903 1784 exorsus
2934 1735 3022 1786 est
3049 1728 3197 1786 fari:

2025 1844 2211 1900 Nunc
2240 1858 2311 1901 ea
2359 1845 2725 1914 complectar
2745 1847 3032 1915 proprius
3081 1859 3213 1917 qua!
3256 1841 3415 1899 vidit
3464 1848 3712 1902 ocellus.

2031 1960 2599 2033 Subsequenterque
2629 1959 2836 2016 intexit
2863 1959 3030 2016 illam
3056 1956 3249 2017 sancti
3277 1956 3539 2013 Richarii
3566 1943 3715 2013 ιιὲῙεῖ-

2030 2047 2279 2116 tionem,
2306 2065 2443 2122 quas
2473 2048 2534 2104 in
2573 2048 2915 2121 precedenti
2964 2048 3169 2106 libello
3197 2062 3236 2104 a
3264 2044 3447 2103 nobis
3470 2042 3710 2116 plenius

2029 2136 2305 2209 exposita
2334 2143 2423 2193 est
2443 2139 2572 2209 (10).
2648 2162 2651 2165 -

2106 2248 2189 2301 14.
2245 2245 2435 2317 Hujus
2478 2250 2680 2301 autem
2713 2248 2830 2301 Deo
2874 2249 3001 2301 tam
3027 2243 3197 2301 chari
3243 2239 3365 2296 vita
3412 2236 3706 2293 excellens

2027 2331 2361 2389 multorum
2390 2331 2587 2390 studia
2632 2333 2710 2389 ad
2740 2347 3148 2407 supernorum
3203 2340 3481 2386 amorem
3507 2340 3712 2384 accen-

2026 2420 2202 2477 derat
2227 2440 2239 2476 :
2276 2420 2436 2478 unde
2462 2437 2624 2477 nunc
2651 2421 3067 2494 aequissimum
3101 2419 3465 2494 judicamus
3494 2419 3555 2475 in
3583 2416 3712 2491 ejus

2026 2509 2464 2583 discipulorum
2534 2509 2767 2565 actibus
2816 2515 3047 2582 quanta
3115 2508 3238 2565 Dei
3290 2511 3476 2582 gratia
3517 2509 3714 2582 vigue-

2025 2598 2103 2654 rit
2129 2599 2494 2670 ostendere;
2543 2602 2609 2653 ut
2651 2612 2834 2672 quem
2873 2598 3005 2670 jam
3051 2602 3542 2661 monstravimus
3579 2616 3717 2659 vere

2029 2693 2328 2753 sanctum,
2362 2703 2435 2743 ac
2480 2700 2587 2760 per
2615 2686 2730 2743 hoc
2782 2689 2900 2742 Deo
2920 2687 3316 2762 proximum,
3364 2694 3500 2752 inde
3524 2690 3717 2764 magis

2028 2777 2159 2847 ejus
2187 2775 2428 2833 bonitas
2458 2773 2856 2848 resplendeat,
2881 2792 3005 2849 quo
3024 2790 3154 2833 non
3194 2783 3326 2840 suis
3352 2785 3510 2858 solis,
3539 2782 3643 2842 sed
3662 2786 3719 2839 et

2030 2864 2499 2921 commissorum
2536 2863 2923 2939 provectibus
2951 2864 3334 2936 magniﬁcus
3362 2874 3720 2949 comproba-

249 2953 540 3015 Multoties
563 2954 727 3009 enim
774 2968 806 3008 e
835 2951 1097 3009 claustro
1146 2954 1455 3027 processit,
1506 2958 1568 3011 ut
1597 2955 1919 3011 miserendi
1957 2987 1999 3044 ο
2034 2960 2145 3011 tur.
2180 2957 2317 3012 Erat
2346 2970 2490 3027 ergo
2519 2954 2581 3009 in
2632 2954 2748 3011 hoc
2781 2959 2992 3012 sancto
3018 2954 3310 3017 ccenobio
3363 2963 3721 3021 venerabilis

248 3045 454 3103 locum
483 3057 607 3124 quo
636 3041 949 3116 quomodo
978 3044 1183 3114 posset
1212 3043 1478 3099 nancisci
1502 3062 1515 3112 ;
1561 3047 1618 3099 et
1647 3060 1786 3100 cum
1811 3061 1921 3118 pro
1969 3041 1997 3044 ’”
2032 3046 2168 3101 vitae
2198 3044 2310 3111 vir,
2327 3044 2572 3101 nomine
2601 3043 3074 3118 0delgerus,qui
3105 3043 3499 3108 abstinentia:
3530 3053 3718 3124 mirae,

251 3133 511 3205 alicujus
540 3120 808 3187 utilitatis
834 3129 1211 3187 ordinatione
1228 3137 1537 3205 putaretur
1566 3132 1787 3205 egreli,
1803 3133 1919 3206 ille,

246 3222 491 3296 justitiaa
549 3219 881 3291 famelicus,
931 3219 1351 3277 misericordia:
1382 3222 1614 3278 actibus
1646 3222 1927 3295 cupiebat

255 3311 540 3383 saginari.
593 3310 911 3367 Enimvero
964 3310 1242 3382 gestabat
1294 3327 1738 3385 nonnunquam
1788 3312 1925 3385 pius

256 3404 412 3459 latro
468 3400 780 3457 sacculum
830 3399 1254 3456 misericordia:
1313 3402 1474 3471 gazis
1522 3401 1826 3465 refertum,
1872 3406 1929 3458 et

256 3491 407 3547 dum
432 3489 572 3545 hinc
603 3504 679 3546 ac
729 3489 870 3546 inde
912 3493 1180 3546 cerneret
1221 3505 1551 3562 pauperem
1600 3490 1930 3565 quemlibet

257 3579 623 3654 proximare,
667 3583 994 3652 antequam
1054 3583 1262 3635 contra
1314 3578 1483 3635 illum
1540 3581 1925 3655 pervenisset,

262 3672 540 3741 sumptos
570 3668 850 3725 denarios
878 3668 940 3724 in
963 3672 1183 3725 terram
1216 3668 1445 3725 solebat
1464 3670 1712 3742 jactare,
1736 3671 1929 3727 illum-

262 3774 385 3832 que
410 3756 710 3814 volentem
741 3757 1014 3829 transire,
1038 3759 1117 3814 ad
1149 3774 1213 3813 se
1242 3760 1413 3814 Pater
1428 3758 1767 3816 misericors
1795 3775 1930 3815 evo-

264 3846 560 3914 cabat,el,
612 3847 786 3921 quasi
840 3850 1098 3914 nescius,
1158 3846 1306 3921 quid
1350 3846 1494 3903 illud
1551 3864 1682 3903 esse
1730 3851 1932 3922 posset

265 3936 434 4011 quod
462 3936 591 3993 solo
622 3941 792 3993 tenus
812 3936 1613 4008 jacebatsciscitabatur.llle
1636 3937 1739 4012 qui
1760 3938 1929 4010 igno-

262 4026 442 4083 rabat
469 4030 707 4082 actum:
745 4027 1013 4094 Domine,
1045 4026 1265 4095 aiebat,
1303 4026 1479 4084 video
1506 4044 1789 4083 nummos
1829 4044 1930 4083 su-

266 4132 375 4190 per
398 4119 613 4172 terram
633 4114 853 4187 jacere.
896 4119 1042 4173 Tum
1093 4116 1188 4173 ille
1214 4117 1366 4174 bene
1410 4117 1845 4189 fraudulentus,
1877 4121 1933 4173 et

266 4204 366 4279 pie
392 4203 695 4278 deceptor,
752 4206 836 4262 ire
858 4204 1116 4278 jubebat
1153 4212 1211 4263 et
1238 4206 1351 4262 sibi
1400 4207 1620 4277 tollere,
1651 4207 1856 4263 dicens
1896 4223 1932 4263 a

269 4293 525 4350 Domino
554 4293 635 4350 illi
664 4311 797 4351 esse
822 4300 1213 4370 praeparatos.
1241 4298 1284 4353 Ο
1314 4296 1511 4352 virum
1532 4312 1669 4352 vere
1700 4299 1819 4352 Deo
1845 4294 1932 4351 di-

269 4383 492 4453 gnum!
550 4400 585 4438 0
643 4383 915 4439 animum
969 4384 1133 4440 omni
1181 4383 1358 4440 laude
1401 4385 1623 4457 jugiter
1670 4384 1935 4440 attollen-

266 4471 459 4528 dum!
492 4488 569 4528 ne
600 4472 760 4529 enim
791 4474 923 4531 vita:
963 4490 1180 4547 expers
1220 4480 1509 4544 maneret,
1562 4474 1674 4546 piis
1702 4474 1934 4531 actibus

269 4562 551 4619 continue
574 4562 841 4620 instabat
865 4582 878 4633 ;
908 4568 966 4620 et
987 4580 1063 4620 ne
1110 4580 1249 4620 eum
1274 4564 1409 4620 laus
1437 4563 1774 4620 transitoria
1798 4579 1933 4639 per-

270 4651 526 4719 celleret,
557 4652 723 4725 ipsos
752 4652 883 4725 pios
903 4658 1072 4710 actus
1096 4653 1455 4711 occultabat.
1504 4652 1666 4710 Libet
1695 4670 1937 4727 parum-

270 4757 381 4815 per
411 4746 681 4799 nostram
707 4743 1081 4816 pravitatem,
1111 4748 1451 4818 nostraaque
1480 4742 1694 4800 intueri
1722 4742 1937 4800 mentis

272 4831 706 4889 tortitudinem.
741 4836 889 4889 Nam
939 4838 997 4888 et
1020 4850 1159 4889 cum
1187 4835 1352 4892 bona
1381 4851 1503 4892 non
1535 4833 1809 4902 facimus,
1833 4851 1937 4891 cu-

272 4920 477 4995 pimus
503 4919 773 4990 laudari;
830 4924 886 4976 et
926 4919 997 4976 sit
1037 4937 1255 4993 parum
1285 4923 1431 4997 quid
1479 4922 1790 4994 contigerit
1827 4938 1939 4980 nos

272 5009 421 5067 boni
450 5009 666 5080 facere,
694 5010 772 5067 ab
821 5008 1104 5066 omnibus
1144 5012 1421 5082 cupimus
1452 5012 1787 5087 praedicari.
1820 5015 1937 5069 Nos

274 5115 385 5156 nec
416 5103 555 5156 actu
581 5114 692 5156 nec
721 5099 935 5156 virtute
964 5097 1234 5172 qualibet
1256 5101 1742 5173 resplendemns,
1764 5106 1823 5158 et
1846 5118 1942 5158 ve-

275 5188 366 5246 lut
389 5188 717 5247 sanctiores
756 5205 867 5263 pro
893 5188 1021 5245 solo
1059 5187 1271 5244 habitu
1296 5189 1590 5249 honorem
1628 5199 1939 5267 extorque-

278 5292 435 5347 mus,
470 5277 828 5336 Damnanda
875 5294 1121 5352 prorsus
1170 5277 1434 5347 miseria,
1485 5297 1607 5337 non
1650 5299 1783 5339 esse
1809 5297 1943 5338 san-

278 5374 465 5437 ctum,
495 5373 555 5425 et
582 5369 909 5427 sanctitatis
952 5368 1252 5442 requirere
1280 5368 1552 5425 debitum
1578 5371 1590 5425 ι
1636 5374 1816 5427 Verus
1838 5375 1941 5427 ita-

352 5494 427 5567 (9)
458 5493 600 5567 Vide
624 5493 1073 5567 observationes
1101 5493 1377 5567 praevias,
1403 5509 1578 5567 num.
1598 5498 1652 5567 2.

354 5563 475 5641 (ιω
498 5566 599 5624 llic
628 5566 688 5641 in
719 5566 927 5641 codice
952 5563 1152 5641 titulus
1187 5565 1405 5641 capitis
1429 5571 1485 5641 9,
1534 5564 1618 5623 sic
1641 5563 1935 5623 habetur:

284 5638 369 5694 De
393 5638 703 5695 miraculis
726 5638 929 5695 sancti
940 5637 1233 5707 Richan‘i,
1250 5637 1383 5711 q'uaa
1405 5640 1533 5708 eius
1552 5642 1813 5707 tempore
1841 5652 1937 5695 ac-

2032 3132 2387 3190 obedientias
2437 3149 2713 3201 summae,
2766 3134 2979 3206 suique
3005 3136 3209 3190 custos
3237 3136 3387 3205 oris,
3423 3154 3720 3210 magnum

2032 3223 2339 3293 religionis
2370 3238 2478 3296 per
2532 3222 2631 3279 Dei
2689 3222 2942 3293 gratiam
2973 3221 3293 3297 praebebat
3338 3223 3719 3303 lumentqui

2036 3328 2071 3368 a
2098 3328 2250 3385 puro
2272 3311 2521 3385 quidem
2550 3311 2733 3366 sacris
2767 3312 2959 3367 fuerat
2988 3311 3103 3367 sub
3132 3309 3371 3367 domno
3404 3317 3719 3387 lngelardo

2037 3401 2256 3457 abbate
2306 3399 2637 3473 disciplinis
2690 3399 3072 3468 informatus,
3121 3398 3232 3455 sed
3279 3400 3395 3457 sub
3446 3420 3718 3464 reveren-

2036 3489 2287 3545 dissimo
2318 3487 2722 3557 Angelranno,
2754 3487 2969 3544 decani
3000 3488 3095 3544 vel
3123 3486 3347 3561 prioris
3375 3493 3717 3563 potiebatur

2038 3578 2386 3634 ministerio.
2418 3577 2518 3633 Hic
2549 3592 2694 3647 ergo
2720 3577 2962 3634 assidue
2988 3576 3233 3655 lectioni
3258 3582 3315 3634 et
3352 3583 3607 3640 orationi
3626 3584 3713 3642 in-

2037 3666 2270 3734 sistens,
2305 3666 2491 3722 animi
2543 3682 2788 3740 quoque
2819 3664 3184 3739 simplicitati
3234 3670 3290 3722 et
3318 3669 3565 3741 puritati
3595 3677 3714 3729 stu-

2038 3754 2211 3821 dens,
2243 3770 2482 3823 maguaz
2515 3756 2649 3811 vitae
2680 3754 2891 3809 studiis
2910 3754 3195 3826 pollebat.
3222 3758 3285 3809 lu
3318 3758 3711 3815 exterioribus

2039 3842 2217 3897 etiam
2248 3842 2662 3897 ministrandis
2684 3842 2826 3896 satis
2848 3842 3077 3913 probus
3108 3856 3179 3896 ac
3207 3839 3381 3896 valde
3406 3850 3585 3915 aptus
3613 3861 3711 3901 ex-

2039 3930 2198 3986 stitit.
2251 3931 2635 3987 Cousuetudo
2686 3935 2887 3985 autem
2934 3930 2986 3985 ei
3036 3928 3230 3983 fuerat
3277 3937 3569 4001 perpetua
3621 3938 3704 4001 ut,

2038 4019 2287 4094 quando
2339 4019 2574 4088 fratres,
2625 4035 2696 4075 ex
2728 4017 3101 4088 indulgentia
3146 4016 3501 4074 remissioris
3547 4020 3705 4092 vitae,

2040 4108 2263 4182 aliquid
2299 4109 2588 4164 saeculare
2634 4113 2737 4164 aut
2791 4107 2973 4163 etiam
3003 4106 3398 4176 irreligiosum
3452 4107 3512 4165 in
3542 4124 3709 4167 como

2038 4199 2209 4255 muni
2240 4198 2800 4264 sermocinarentur,
2830 4196 3131 4252 secederet
3156 4196 3219 4251 in
3244 4196 3580 4270 ecclesiam,
3603 4198 3709 4257 ibi-

2039 4306 2177 4364 que,
2229 4288 2586 4362 psalmodiae
2618 4293 2674 4343 et
2703 4286 3151 4361 compunctioni
3186 4287 3469 4359 intentus,
3503 4288 3708 4346 sedule

2044 4376 2295 4435 Domino
2318 4377 2705 4450 jungebatur.
2736 4375 3044 4444 Quietiam
3077 4392 3153 4433 ne
3184 4376 3387 4450 aliquo
3414 4377 3703 4448 impulsu,

2041 4472 2145 4524 aut
2169 4467 2423 4539 alicujus
2450 4483 2704 4523 occursu
2731 4465 3179 4540 praepediretur,
3211 4464 3518 4537 superiora
3557 4468 3707 4519 tem-

2041 4556 2124 4632 pli
2153 4557 2554 4613 conscendere
2585 4555 2970 4630 procurahat,
3012 4552 3216 4626 ibique
3241 4551 3395 4607 liber
3426 4555 3484 4607 et
3509 4566 3707 4607 remo-

2044 4653 2158 4715 tus,
2180 4646 2357 4722 quasi
2386 4647 2460 4703 de
2489 4646 2766 4721 proximo
2798 4659 2870 4700 ac
2918 4642 2993 4698 de
3023 4642 3241 4712 vicino,
3285 4639 3507 4696 divinis
3538 4638 3711 4698 obtu-

2045 4737 2203 4795 tibus
2228 4737 2480 4794 laudum
2506 4740 2563 4791 et
2608 4748 2857 4807 precum
2883 4731 3235 4787 holocausta
3256 4728 3546 4787 offerebat
3607 4728 3708 4786 llic

2045 4829 2248 4902 itaque
2272 4831 2412 4901 post
2458 4826 2706 4895 longam
2736 4824 2796 4878 in
2840 4825 3049 4878 sancto
3096 4819 3405 4894 proposito
3434 4823 3709 4875 exactam

2046 4919 2254 4984 vitam,
2288 4917 2366 4972 ad
2396 4920 2662 4971 extrema
2689 4911 2978 4988 pervenit.
3007 4910 3116 4975 Qui
3143 4925 3282 4965 cum
3312 4908 3487 4965 morti
3514 4906 3712 4982 proxi-

2047 5025 2184 5065 mus
2214 5007 2508 5076 existeret,
2540 5008 2597 5060 et
2622 5020 2659 5060 a
2688 5001 2971 5059 fratribus
2999 4999 3089 5056 vel
3119 5013 3155 5054 a
3181 4997 3422 5054 famulis
3447 4996 3711 5054 ecclesia

2049 5095 2538 5162 circumdaretur,
2589 5098 2833 5167 repente
2864 5087 3222 5147 exclamavit
3264 5092 3322 5145 et
3348 5087 3532 5144 dixit:
3565 5089 3710 5144 Ecce

2048 5187 2267 5243 chorus
2294 5184 2468 5241 adest
2514 5182 2889 5253 angelorum.
2946 5183 3015 5237 Ut
3035 5178 3198 5235 enim
3240 5178 3623 5251 omnipotens
3653 5179 3713 5233 et

2047 5275 2184 5350 pius
2214 5276 2369 5331 Deus
2397 5271 2736 5330 ostenderet
2762 5284 2949 5344 quam
2974 5267 3190 5325 devote
3220 5267 3273 5325 ei
3295 5266 3594 5334 servierat,
3612 5281 3713 5322 vo-

2047 5365 2157 5422 luit
2185 5381 2309 5421 sure
2333 5362 2660 5419 divinitatis
2689 5362 2742 5417 ei
2770 5358 3061 5415 morituro
3081 5356 3389 5415 ministros
3414 5354 3711 5413 transmit-

2048 5492 2343 5574 ciderunl.
2379 5492 2453 5545 At
2481 5492 2661 5561 caput
2679 5486 2898 5616 limum
2924 5482 3317 5565 desideratur,
3370 5479 3538 5566 quod
3562 5478 3710 5537 forte

2048 5563 2196 5616 ῐιὼιὶ
2222 5561 2389 5616 aliud
2416 5567 2573 5616 esset
2601 5576 2639 5616 a
2800 5555 2879 5613 llo
2917 5554 2993 5613 de
3020 5553 3306 5613 relatione
3352 5549 3628 5616 eiusdem
3650 5549 3705 5607 S.

2048 5563 2196 5693 alibi:
2222 5561 2389 5645 aliud
2416 5549 2575 5619 esset
2601 5576 2639 5618 a
2679 5549 2879 5616 libello
2917 5554 2993 5613 de
3020 5549 3311 5613 relatione
3352 5549 3628 5628 ejusdem
3650 5549 3705 5607 S.

2118 5652 2151 5692 ο
2195 5650 2323 5693 aru.
