4020 6176
209 142 343 196 Μιίῖ

1850 119 2039 189 Vim.

3566 152 3696 205 1418

204 265 300 321 vir
329 263 688 338 prophetico
715 261 915 332 spiritu
940 262 1106 313 actus
1136 257 1341 327 fuisse,
1368 255 1475 327 qui
1499 269 1621 309 non
1643 250 1885 338 absque
1912 250 1962 303 Α
1998 251 2161 321 quod
2214 255 2474 312 ecclesiae
2533 256 2741 313 Sancti
2798 258 3074 319 RiChaI‘ii
3127 270 3400 331 defensor
3446 274 3617 330 fuerit
3659 291 3695 329 a

205 334 363 409 nutu
394 334 601 407 (li—vino
632 348 974 421 praedixerat
1018 345 1303 400 eumdem
1354 360 1478 399 non
1520 356 1703 414 posse
1752 334 1888 392 ﬁeri

205 443 521 503 abbatem,
556 437 829 510 quaudiu
856 436 1069 491 seilicet
1098 435 1225 507 ipse
1256 435 1315 489 in
1335 448 1586 505 corpore
1610 440 1887 484 morare-

207 535 323 585 tur.
358 529 413 584 Si
446 527 696 599 quidem
730 529 1047 596 postquam
1079 520 1436 577 venerabilis
1470 523 1638 574 Pater
1670 512 1891 582 Angel-

205 634 440 674 rannus
463 615 708 670 C(Blicas
736 612 971 667 recessit
999 613 1076 667 ad
1102 613 1279 675 (edes,
1300 610 1460 665 idem
1484 608 1664 664 Fulco
1692 604 1888 661 abba-

208 708 288 764 tis
312 706 512 762 ofﬁcio
535 703 797 757 donatus
823 705 913 755 est
941 701 1134 772 primo
1166 704 1303 772 post
1330 700 1460 769 ejus
1508 694 1888 768 sepulturam

210 798 311 853 die
340 794 748 869 praelatusque
780 794 1141 845 monasterio
1191 786 1548 852 Forestensi,
1594 782 1766 855 quod
1816 796 1892 835 ex

213 885 491 957 antiquo,
524 885 587 936 ut
616 880 677 934 in
708 880 821 933 hoc
852 878 1045 933 lucide
1074 882 1252 951 patet,
1284 877 1534 930 fratrum
1567 870 1764 928 sancti
1796 869 1888 925 Ri-

213 973 407 1029 charii
447 969 592 1026 cella
639 968 869 1029 fuerat;
927 967 1031 1022 sed
1073 965 1254 1038 paulo
1303 968 1440 1018 ante
1471 979 1507 1017 a
1564 958 1891 1016 comitibus

215 1062 600 1119 Pontivorum
670 1055 1069 1122 subtractum,
1128 1052 1442 1109 abbatiolaa
1496 1064 1724 1104 nomen
1776 1046 1890 1102 sibi

214 1150 497 1207 vindicat.

294 1240 378 1293 18.
414 1238 479 1290 Et
506 1234 650 1306 quia
682 1231 762 1286 ad
792 1231 864 1286 id
882 1229 999 1285 loci
1031 1230 1431 1302 pervenimus,
1464 1226 1606 1281 libet
1653 1240 1888 1280 memo-

213 1341 374 1394 rare,
432 1323 511 1380 ob
561 1337 761 1377 rerum
818 1320 1099 1374 notitiam
1154 1317 1405 1390 posteris
1461 1313 1888 1381 intimandam,

215 1414 473 1488 qualiter
532 1412 691 1467 idem
756 1409 927 1464 locus
980 1408 1154 1464 nobis
1211 1407 1447 1463 ablatus
1503 1408 1608 1460 est.
1666 1402 1760 1456 Ab
1819 1418 1890 1456 ea

217 1504 319 1560 die
373 1519 495 1575 qua
544 1502 757 1557 beatus
806 1502 862 1553 et
923 1502 1169 1553 sanctus
1222 1498 1393 1551 Pater
1450 1491 1756 1550 Richarius
1808 1490 1892 1546 ibi

1998 352 2141 438 rege
2168 344 2415 438 llugone
2444 347 2781 403 institutus.
2828 351 2966 415 Quo
2997 357 3189 417 etiam
3244 364 3481 419 nomine
3535 363 3691 419 filius

1997 432 2125 523 ejus
2155 432 2603 523 Angelrannus,
2640 436 2825 505 hujus
2876 440 3160 503 Fulconis
3199 456 3384 523 pater,
3416 453 3524 507 fuit
3553 468 3690 507 con-

1997 519 2211 585 ῖθηίυε,
2245 521 2440 579 donec
2469 523 2786 597 permissu
2814 528 2915 581 Dei
2964 519 3373 593 Boloniensem
3408 541 3686 594 comitem

1996 605 2154 663 bello
2178 614 2450 681 peremit,
2486 614 2756 685 ejusque
2782 614 3058 677 relictam
3087 626 3543 689 nobilissimam,
3578 643 3683 681 no-

1996 695 2157 751 mine
2186 699 2521 771 Adeluiam,
2554 701 2631 756 in
2666 702 3123 766 matrimonium
3155 715 3399 785 accepit.
3442 718 3509 769 Et
3537 714 3681 786 quia

1996 786 2365 875 comitissam
2416 792 2594 847 duxit
2658 806 2933 865 uxorem,
2992 798 3211 856 idcirco
3249 802 3531 875 deinceps
3579 819 3679 858 co-

1997 874 2155 974 mitis
2184 892 2409 934 nomen
2440 878 2699 951 accepit,
2748 885 2920 953 quod
2967 902 3002 941 a
3056 874 3502 945 successoribus
3546 893 3677 961 ejus

1992 967 2123 1034 jam
2187 981 2261 1020 ex
2323 967 2764 1024 consuetudine
2833 972 3033 1030 tritum
3090 984 3542 1048 perseveranter
3598 985 3677 1035 te-

1996 1058 2191 1108 netur.

2073 1147 2158 1198 19.
2194 1145 2310 1200 Sed
2335 1146 2416 1201 ad
2445 1152 2722 1203 nostrum
2754 1152 3207 1221 Angelrannum
3238 1155 3582 1225 redeamus,
3625 1163 3681 1213 et

1997 1230 2258 1326 qualiter
2280 1233 2481 1290 bonus
2509 1236 2743 1292 bonum
2791 1239 3069 1295 habuerit
3095 1258 3509 1300 successorem
3545 1247 3677 1317 jam

1999 1316 2201 1375 dicere
2224 1321 2600 1381 inchoemus.
2637 1329 2805 1395 Cum,
2842 1334 2906 1384 ut
2927 1346 3111 1403 supra
3132 1330 3364 1387 dictum
3390 1338 3496 1401 est,
3523 1316 3684 1390 com-

2000 1407 2255 1497 perisset
2284 1412 2609 1469 Fulconem
2639 1422 2959 1488 parentum
3006 1419 3357 1489 intercessu,
3408 1429 3466 1478 et
3512 1425 3683 1497 pretii

2001 1494 2270 1566 datione,
2316 1503 2630 1576 praeripere
2679 1506 2936 1563 voluisse
2989 1509 3235 1581 regimis
3295 1494 3684 1570 ministratio-

219 1593 406 1648 ﬁnem
459 1591 595 1646 vitte
642 1586 913 1644 mortalis
955 1586 1203 1658 accepit,
1264 1591 1320 1639 et
1367 1584 1646 1655 deinceps
1696 1596 1890 1653 usque
1922 1598 1964 1651 Β
2002 1596 2174 1652 nem,
2205 1588 2391 1644 voluit
2416 1590 2581 1646 adire
2613 1594 2840 1661 regiam
2884 1597 3283 1666 majestatem;
3336 1617 3412 1656 ne
3459 1603 3687 1660 anima—

222 1682 305 1738 ad
338 1688 603 1753 tempora
652 1675 948 1747 lngelardi
999 1675 1255 1739 abbatis,
1310 1674 1370 1728 in
1415 1677 1752 1728 nostratum
1792 1669 1891 1725 de-

225 1772 357 1841 guit
407 1770 646 1825 ditione.
695 1769 865 1835 Hugo
918 1782 1063 1820 vero
1116 1765 1311 1836 primo
1341 1762 1482 1829 dux,
1514 1768 1725 1835 postea
1760 1776 1886 1831 rex,

224 1877 301 1917 eo
333 1865 594 1932 tempore
624 1873 748 1929 quo
777 1860 1029 1928 propter
1054 1852 1453 1908 barbarorum
1474 1850 1778 1906 cavendos
1803 1850 1889 1904 in-

228 1965 460 2011 cursus,
523 1944 1003 2002 Abbatis-villam
1075 1942 1249 1999 nobis
1302 1940 1574 1995 auferens
1627 1944 1888 1995 castrum

228 2037 441 2103 effecit,
491 2036 663 2106 eique
708 2036 1025 2101 Hugonem
1080 2029 1411 2102 praeposuit
1464 2027 1729 2095 militem,
1784 2030 1884 2081 F0.

228 2126 408 2182 restis
448 2124 660 2180 cellam
701 2126 922 2176 nostrae
976 2118 1186 2175 ditioni
1233 2116 1545 2187 subripuit,
1595 2120 1651 2171 et
1696 2115 1891 2170 eidem

230 2213 469 2282 Hugoni
498 2215 790 2285 perpetuo
820 2206 1167 2263 habendam
1198 2203 1573 2271 contradidit,
1619 2203 1759 2285 quia
1810 2203 1892 2258 vi-

227 2302 461 2366 delicet,
491 2300 678 2372 ipsius
724 2298 898 2353 ducis
949 2297 1157 2360 filiam,
1191 2295 1435 2350 nomine
1479 2294 1705 2361 Gelam,
1751 2308 1894 2348 uxo-

226 2408 360 2447 rem
416 2390 683 2445 duxerat.
743 2392 933 2442 Antea
991 2386 1168 2453 igitur
1215 2384 1274 2439 in
1316 2383 1528 2438 eadem
1581 2381 1730 2437 cella
1777 2382 1891 2437 cle-

225 2479 338 2535 rici
406 2477 654 2533 Domino
708 2474 1155 2539 militaverant;
1216 2471 1342 2536 sed,
1397 2474 1642 2541 Hugone
1690 2474 1894 2542 postu-

223 2567 410 2631 lante,
439 2564 620 2636 aliqui
649 2580 722 2618 ex
751 2562 971 2618 nostris
1000 2561 1116 2616 illic
1148 2559 1463 2615 monachis
1494 2557 1698 2614 statuti
1731 2560 1891 2628 sunt,

225 2654 337 2728 qui
387 2660 443 2709 et
493 2652 779 2708 abbatem
827 2656 1175 2705 meruerunt
1233 2647 1412 2702 simili
1452 2646 1635 2702 modo
1681 2644 1893 2701 'mona-

226 2744 413 2799 chum
443 2740 794 2807 nostratem,
834 2738 1081 2793 nomine
1116 2737 1469 2803 Guidonem,
1523 2734 1731 2791 domni
1783 2739 1895 2789 An-

227 2830 502 2903 gelranni
530 2830 811 2895 fratrem;
841 2827 1065 2899 quique
1106 2843 1244 2881 cum
1294 2825 1616 2897 aliquantis
1666 2824 1891 2879 ibidem

2004 1686 2151 1763 rum
2181 1692 2324 1732 cura
2353 1680 2710 1737 venderetur
2748 1689 3048 1740 oraturus.
3103 1688 3278 1752 Quod
3323 1691 3471 1763 quia
3521 1693 3689 1749 aliter

2004 1759 2091 1815 ob
2123 1763 2530 1824 inﬁrmitatem
2560 1786 2682 1825 non
2711 1774 2922 1845 potuit,
2958 1792 3137 1832 curru
3161 1759 3372 1834 vectus
3396 1781 3686 1855 implevit,

2002 1855 2064 1905 et
2088 1856 2247 1923 regis
2277 1857 2524 1912 auribus
2556 1860 2696 1914 satis
2726 1862 2880 1916 dura
2926 1862 3207 1933 inferens,
3254 1872 3558 1928 tormenta
3606 1874 3692 1929 in-

2001 1939 2159 1997 ferni
2190 1943 2359 1999 illum
2387 1945 2588 2001 subire
2618 1948 2698 2003 ob
2737 1949 3187 2008 distractionem
3239 1960 3449 2024 gratia:
3500 1963 3692 2018 mina-

2000 2033 2101 2122 tus
2132 2037 2238 2122 est.
2273 2033 2342 2087 Et
2365 2049 2491 2100 rex,
2526 2035 2629 2106 qui
2668 2036 2846 2092 home
2889 2040 3108 2095 mentis
3158 2043 3521 2115 habebatur,
3570 2066 3695 2122 poe-

2000 2118 2554 2210 nituit,_reatusque
2579 2122 2954 2193 indulgentia
2984 2135 3197 2199 rogata
3247 2149 3311 2189 se
3364 2118 3693 2210 spopondit

2001 2208 2490 2265 emendaturum.
2520 2214 2648 2266 Non
2679 2213 2850 2268 multi
2875 2220 3011 2285 post
3041 2216 3170 2273 htec
3204 2208 3505 2280 fluxerant
3536 2227 3686 2294 dies,

2001 2310 2142 2349 cum
2171 2310 2309 2350 ecce
2340 2312 2412 2350 ex
2440 2297 2662 2363 divina,
2699 2305 2763 2353 ut
2790 2305 3084 2370 tenemus,
3123 2307 3457 2382 voluntate,
3500 2291 3686 2382 regali

2001 2383 2319 2439 audientiae
2346 2384 2609 2440 interfuit
2650 2386 3039 2445 Virduncnsis
3083 2394 3279 2450 abbas
3326 2399 3681 2470 Richardus,

2000 2473 2564 2529 reverendissimum
2620 2479 3010 2545 monachum,
3064 2488 3122 2538 et
3151 2487 3365 2542 merito
3396 2488 3679 2545 bonitatis

2005 2560 2174 2616 unice
2203 2561 2507 2629 dilectum,
2542 2565 2861 2622 Gervinum
2893 2585 3103 2626 secum
3140 2573 3375 2630 habens
3425 2580 3681 2651 capella-

2000 2665 2169 2705 num.
2204 2653 2270 2705 Et
2296 2651 2441 2723 quia
2472 2651 2579 2708 iste
2612 2659 2700 2709 est
2730 2656 3041 2726 Gervinus,
3076 2661 3152 2716 de
3182 2665 3357 2733 cujus
3389 2674 3527 2737 post
3564 2674 3677 2722 An-

2002 2738 2357 2807 gelrannum
2385 2742 2761 2799 successione
2793 2747 3044 2802 Centula
3076 2751 3289 2819 gavisa
3314 2760 3425 2821 est,
3459 2755 3674 2811 decen-

2002 2826 2297 2881 tissimum
2327 2827 2630 2885 intuemur
2660 2847 2695 2886 a
2726 2832 3025 2905 principio
3054 2854 3297 2895 sursum
3324 2843 3459 2913 quis
3502 2845 3676 2900 fuerit

227 2921 407 2975 annis
445 2918 504 2973 in
534 2917 878 2973 animarum
924 2914 1213 2986 regimine
1252 2914 1660 2973 ministrasset.
1713 2911 1892 2968 ofﬁcii
1921 2944 1962 2997 θ
1998 2914 2237 2981 referre,
2269 2919 2330 2970 ut
2357 2916 2541 2971 homo
2568 2917 2929 2988 diligendus,
2972 2939 3100 2995 quo
3132 2911 3363 2984 melius
3386 2933 3670 3000 nosritur,

227 3023 640 3066 successorem
666 3005 897 3074 habuit,
933 3004 1301 3059 Hucbertum
1348 3002 1612 3073 nomine,
1664 3006 1893 3058 nostra-

225 3103 355 3155 tem
396 3095 784 3152 monachum.
831 3092 1335 3165 Quandoquidem
1364 3090 1541 3147 nobis
1582 3090 1678 3146 ille
1724 3090 1893 3146 locus

225 3187 568 3254 tollebatur,
622 3188 825 3240 tamen
873 3182 953 3239 ob
992 3198 1262 3237 amorem
1306 3186 1362 3237 et
1409 3181 1702 3236 honorem
1749 3180 1893 3235 almi

223 3276 486 3334 Richarii
515 3279 805 3330 statutum
828 3279 937 3338 est,
971 3276 1036 3328 ut
1058 3272 1134 3327 de
1166 3271 1380 3327 nostris
1404 3286 1640 3343 semper
1665 3270 1887 3326 ibidem

222 3366 442 3422 ﬁerent
470 3364 720 3420 abbates
749 3361 1065 3418 monachis
1118 3360 1415 3416 Hucberto
1452 3376 1695 3432 quoque
1734 3376 1892 3415 mor-

226 3459 357 3521 tuo,
390 3454 518 3525 ejus
545 3452 659 3508 loci
714 3451 980 3521 regimen
1028 3449 1289 3521 suscepit
1332 3449 1429 3504 hic
1474 3447 1652 3503 Fulco
1704 3464 1888 3521 quem

226 3541 419 3599 nostri
447 3538 791 3596 monasterii
823 3537 1160 3595 dominium
1187 3537 1297 3593 sibi
1321 3553 1610 3610 usurpare
1630 3537 1889 3593 voluisse

224 3631 598 3687 notavimus.
635 3629 798 3684 Libet
824 3643 964 3682 vero
993 3626 1188 3682 dicere
1218 3625 1293 3681 de
1339 3626 1566 3682 domno
1619 3625 1889 3681 Guidone

227 3721 474 3788 abbate,
505 3720 670 3792 quod
698 3734 834 3774 cum
867 3715 1120 3786 egregiis
1148 3716 1419 3771 moribus
1449 3719 1505 3769 et
1518 3718 1635 3769 Deo
1655 3715 1888 3785 placitis

226 3810 504 3880 fulgeret,
561 3806 877 3863 oculorum
903 3804 1150 3871 lumine,
1203 3803 1355 3859 sicut
1396 3806 1453 3858 et
1493 3806 1735 3858 sanctus
1788 3805 1891 3858 To-

226 3899 388 3965 bias,
417 3897 685 3970 privatus
716 3900 823 3961 est,
852 3892 1101 3949 omnino
1140 3897 1340 3948 tamen
1388 3895 1803 3963 perseverante
1828 3892 1890 3945 in

227 3992 433 4046 mente
463 3987 592 4057 ejus
619 3985 837 4040 divinae
868 3981 1386 4054 contemplationis
1428 3980 1710 4035 claritate.
1761 3983 1888 4036 Mox

226 4093 375 4133 vero
404 4081 469 4131 ut
491 4076 604 4131 hoc
635 4072 939 4142 ﬂagellum
972 4088 1111 4127 cum
1141 4070 1467 4141 gratiarum
1482 4068 1713 4125 actione
1738 4068 1890 4141 apio

227 4171 404 4241 patre
453 4168 572 4221 Deo
620 4162 871 4234 excepit,
923 4159 1163 4216 succedi
1194 4159 1308 4214 sibi
1359 4158 1662 4231 poposcit;
1709 4162 1777 4219 et,
1805 4173 1890 4212 re-

226 4254 409 4310 diens
441 4251 770 4316 Centulam,
801 4248 969 4314 quod
997 4247 1288 4321 superfuit
1317 4246 1493 4303 totius
1517 4245 1651 4302 vitae
1674 4245 1738 4301 in
1759 4260 1889 4301 san-

230 4347 331 4399 cto
382 4341 605 4397 ibidem
653 4337 912 4412 explevit
946 4336 1199 4392 servitio.
1250 4334 1361 4400 Qui
1402 4334 1580 4389 etiam
1632 4350 1729 4389 vm
1758 4333 1887 4389 Kal.

230 4431 367 4489 Maii
413 4431 521 4500 (14)
575 4427 1014 4504 Δ(ἰοιιῑῑιὶῐὶοῐιιπιιῐι
1068 4423 1314 4496 accepit,
1365 4428 1422 4478 et
1478 4439 1515 4478 a
1563 4421 1890 4478 venerabili

231 4524 415 4579 fratre
447 4537 557 4577 suo
589 4519 971 4589 Angeltanno
995 4517 1169 4587 juxta
1196 4515 1383 4570 sancti
1413 4513 1567 4569 illius
1608 4514 1893 4570 monachi

233 4610 512 4681 Odelgeri
541 4626 761 4682 corpus
788 4608 1072 4663 humatus
1092 4611 1199 4674 est,
1234 4604 1449 4676 talique
1478 4602 1701 4659 dictitio
1749 4619 1894 4675 prae-

231 4703 481 4757 notatus
517 4716 529 4752 :

232 4826 611 4882 Mausoleum
632 4823 728 4879 hic
746 4827 979 4892 patrem
1000 4820 1378 4892 recolendum
1408 4819 1522 4892 rite
1543 4817 1890 4892 Guidonem,

312 4897 599 4965 Sculptus
626 4889 907 4950 litteratis
931 4898 1225 4965 monstrat
1256 4891 1473 4965 habere
1504 4889 1677 4965 lapis.

234 4962 481 5025 Extulit
511 4967 763 5037 egregia
791 4962 1205 5037 quemmuncto
1233 4963 1433 5037 gratia
1464 4963 1602 5037 vita:
1626 4977 1637 5014 :

311 5032 633 5094 Sublimem
653 5032 924 5091 'mun—dus
956 5034 1115 5088 hunc
1134 5033 1321 5101 faciat
1345 5032 1642 5101 precibus.

241 5147 458 5200 Verum
484 5147 542 5199 et
568 5141 715 5198 illud
745 5141 940 5214 placet
968 5138 1202 5205 referre,
1254 5138 1419 5208 quod
1448 5138 1497 5191 is
1527 5138 1601 5193 de
1630 5153 1753 5210 quo
1802 5153 1896 5191 su-

236 5249 355 5307 pra
378 5232 641 5288 diximus
673 5231 865 5300 Hugo,
896 5244 1018 5284 non
1041 5242 1259 5293 comes,
1295 5225 1401 5279 sed
1436 5226 1764 5281 advocatus
1812 5224 1897 5279 di-

242 5327 375 5378 ctus
405 5320 600 5385 fuerit,
631 5318 797 5391 quod
824 5332 1045 5373 nomen
1074 5314 1155 5370 illi
1183 5317 1310 5369 erat
1354 5311 1606 5379 insigne,
1657 5313 1736 5368 ob
1781 5314 1897 5368 hoc

316 5448 447 5519 (14),
488 5450 651 5519 Hunc
678 5446 909 5519 ipsum-
947 5441 1105 5497 diem
1163 5440 1432 5519 aestaset
1458 5437 1901 5519 ,Νθρξτριοδίιξφ

244 5507 599 5575 Centulense
630 5507 731 5573 his.
746 5514 943 5572 verbis
978 5532 988 5567 :
1022 5529 1119 5567 νηὶ
1149 5507 1310 5567 Καὶ(
1335 5510 1490 5567 Maii
1523 5507 1664 5563 obiit
1712 5510 1902 5565 θαίάο

246 5590 452 5661 abbas,
483 5590 588 5666 qui
611 5583 1363 5663 fuitfraterangelranm'
1394 5580 1648 5637 abbatis.

533 5679 779 5736 Panos.
820 5674 992 5732 CXLI.

2000 3002 2214 3058 melius
2243 3007 2301 3059 et
2328 3009 2563 3060 ametur
2584 3007 2717 3077 (lii),
2746 3017 2855 3064 etc.

2070 3097 2160 3149 20.
2196 3096 2413 3148 Rerum
2450 3094 2650 3167 itaque
2697 3098 2972 3154 conditor
3030 3105 3206 3175 Deus,
3257 3108 3361 3177 qui
3394 3109 3486 3162 sui
3519 3111 3672 3165 servi

2000 3182 2361 3237 desiderium
2388 3182 2766 3257 jamjamque
2815 3187 3202 3260 disposuerat
3237 3196 3457 3250 cmlesti
3500 3197 3671 3267 regni

2000 3271 2343 3326 ammnitate
2396 3271 2677 3340 mulcere,
2733 3274 2959 3347 quique
3016 3295 3157 3336 eum
3226 3283 3337 3337 sibi
3403 3285 3667 3342 habilem

1998 3359 2219 3416 fecerat
2262 3360 2590 3429 longissimi
2650 3364 3011 3433 purgatione
3059 3368 3391 3441 languoris,
3433 3374 3667 3430 interno

1999 3446 2303 3520 sapientia;
2363 3465 2487 3504 suae
2541 3450 2811 3518 consilio,
2867 3469 2991 3524 quo
3038 3472 3283 3513 omnem
3339 3460 3528 3516 filium
3583 3479 3667 3518 re-

1998 3536 2334 3609 ceptibilem
2363 3536 2643 3607 ﬂagellat,
2676 3540 2949 3610 ejusdem
2982 3544 3193 3601 famuli
3234 3549 3325 3603 sui
3375 3550 3665 3605 valetudi-

1995 3641 2137 3681 nem
2160 3626 2330 3681 solito
2359 3627 2730 3683 acerbiorem
2760 3629 2975 3702 effecit,
3008 3638 3066 3688 et
3112 3636 3209 3690 cui
3250 3653 3393 3692 mox
3441 3638 3668 3694 incom-

1997 3715 2342 3786 parabiliter
2380 3715 2580 3773 dulcia
2625 3723 2751 3774 erat
2800 3718 3075 3790 daturus,
3118 3724 3342 3781 doloris
3368 3727 3471 3782 diu
3521 3729 3664 3783 tole-

1996 3804 2109 3858 rati
2132 3804 2428 3859 fervorem
2458 3806 2831 3877 multiplicat.
2870 3811 3007 3879 Sed,
3041 3817 3103 3867 ut
3131 3815 3471 3871 ostenderet
3501 3819 3665 3889 quod

1996 3906 2120 3946 non
2176 3906 2247 3961 ex
2304 3891 2413 3960 ira,
2472 3893 2577 3947 sed
2630 3909 2703 3948 ex
2750 3910 2993 3952 summa
3058 3900 3469 3958 misericordia
3536 3905 3665 3959 haec

1998 3981 2127 4051 ejus
2169 3980 2554 4050 processisset
2601 3983 2915 4053 correptio,
2976 3987 3440 4045 evidentissimae
3493 3992 3661 4047 beni-

1999 4068 2235 4137 gnitatis
2274 4083 2454 4140 super
2503 4084 2641 4124 eum
2690 4069 2863 4139 signa
2915 4075 3249 4144 praetendit.
3298 4079 3470 4144 Nam,
3522 4097 3663 4136 cum

1996 4156 2189 4212 isdem
2219 4155 2305 4211 vir
2330 4156 2710 4213 beatissimus
2742 4174 2927 4229 sacrae
2971 4162 3284 4236 Scriptura;
3312 4165 3524 4222 Studiis
3575 4174 3662 4224 at-

2000 4244 2323 4300 tentissime
2346 4259 2585 4316 semper
2610 4246 2785 4302 fuerit
2810 4246 3153 4321 implicitus,
3186 4268 3296 4309 nec
3323 4256 3508 4312 modo
3533 4259 3664 4330 qui-

2001 4334 2140 4389 dem
2171 4350 2309 4388 cum
2335 4334 2691 4402 gravissimo
2723 4336 2935 4393 morbo
2984 4346 3311 4411 urgeretur,
3366 4361 3401 4399 a
3445 4346 3663 4400 divinis

2001 4422 2283 4495 operibus
2312 4421 2560 4478 affectus
2600 4424 2730 4494 ejus
2764 4428 2821 4480 et
2866 4426 3139 4484 voluntas
3169 4447 3441 4502 unquam
3473 4433 3664 4502 potuit

1999 4511 2286 4580 inhiberi;
2336 4512 2520 4568 modo
2565 4513 2920 4585 psalmodire
2951 4517 3283 4573 indefessus
3308 4520 3658 4589 insistebat;

2000 4602 2184 4659 modo
2205 4602 2387 4658 sacris
2416 4602 2755 4659 divinorum
2791 4610 3229 4676 praeceptorum
3261 4608 3659 4665 meditationi-

1999 4693 2117 4748 bus
2137 4691 2438 4759 hterebat;
2472 4692 2656 4747 modo
2682 4692 3003 4747 missarum
3036 4693 3327 4750 solemnia
3354 4695 3413 4750 in
3445 4697 3660 4753 lectulo

2000 4781 2319 4848 recubans,
2343 4796 2412 4836 ac
2434 4780 2483 4833 si
2507 4780 2689 4834 altare
2728 4783 2929 4847 staret,
2957 4796 3057 4836 ore
3091 4783 3334 4854 proprio
3383 4785 3661 4842 decanta-

2000 4870 2123 4926 bat.
2155 4869 2318 4925 Unde
2358 4872 2414 4923 et
2442 4866 2828 4936 contingebat
2856 4869 3156 4940 quosdam
3188 4870 3391 4927 mirari
3446 4878 3507 4928 ut
3554 4874 3660 4943 vir,

2001 4959 2106 5031 qui
2164 4962 2341 5012 tanta:
2400 4955 2704 5026 sapientiae
2764 4956 3082 5021 sciebatur,
3139 4960 3312 5031 quasi
3369 4962 3661 5018 dementi-

2004 5048 2152 5104 tium
2180 5062 2334 5118 opus
2354 5044 2593 5112 faceret,
2627 5060 2765 5100 cum
2794 5044 2886 5100 ille
2930 5062 3140 5102 omnes
3178 5064 3333 5119 quos
3376 5050 3513 5107 inde
3560 5052 3665 5107 mi-

2004 5137 2121 5192 rari
2150 5134 2452 5203 audiebat,
2485 5134 2720 5205 ineptos
2745 5139 2803 5191 et
2830 5135 3008 5191 totius
3024 5136 3167 5192 boni
3194 5140 3430 5195 nescios
3452 5141 3667 5211 dijudi-

2006 5230 2182 5281 caret.
2207 5222 2432 5279 Accidit
2460 5237 2602 5291 ergo
2624 5228 2690 5279 ut
2712 5223 2980 5296 quadam
3010 5225 3136 5280 vice
3167 5243 3305 5281 cum
3333 5229 3580 5284 missam
3604 5231 3664 5285 in

2006 5314 2156 5370 lecto
2170 5311 2528 5368 recumbens
2551 5312 2845 5384 protensis
2872 5312 3155 5369 manibus
3183 5314 3583 5385 decantasset,
3609 5324 3667 5374 et

2082 5437 2192 5505 (15)
2223 5435 2396 5491 Multa
2423 5434 2518 5491 hic
2549 5435 2729 5509 habet
2755 5436 2829 5491 de
2874 5436 3147 5503 Gervino,
3196 5454 3330 5509 qua).
3378 5456 3486 5494 suo
3535 5440 3667 5497 loco

2014 5523 2242 5564 annum
2277 5509 2409 5561 1074
2435 5506 2826 5579 proferemus.

3310 5672 3379 5726 45
