3988 6182
378 145 512 197 lli-lii

1419 131 1872 187 ANGELRANNI
1908 126 2202 187 ABBATIS
2241 130 2733 188 CENTULENSIS.

3666 137 3792 193 “20

371 264 752 337 omnipotens
784 265 937 317 Deus
971 258 1116 330 quid
1147 271 1291 327 erga
1318 256 1488 313 illum
1534 258 1807 325 ageretur
1858 268 2024 309 reve-
2051 254 2102 311 Δ
2135 251 2258 323 plet
2298 253 2591 312 divinum.
2639 257 2964 313 Monachus
3006 261 3230 325 autem,
3278 258 3371 314 his
3407 273 3523 330 pro
3572 257 3792 330 quibus

371 355 494 411 lare
523 351 725 409 insciis
746 347 1057 415 voluisset,
1090 350 1225 419 post
1254 345 1502 403 missam
1527 345 1761 401 ﬁnitam
1779 341 1939 400 sitim
1962 358 2024 398 se

371 443 494 517 pati
522 440 866 497 insinuaret.
901 434 1182 507 Prwcepit
1227 435 1426 507 itaque
1474 434 1747 491 ministro
1797 436 1862 489 ut
1911 430 2028 487 sibi

370 532 492 588 vini
519 527 806 602 poculum
835 525 1213 584 ministraret.
1249 524 1344 581 1116
1373 525 1640 581 concitus
1683 523 1893 579 vinum
1921 521 2025 578 de-

371 619 518 687 tulit,
551 617 657 675 sed
685 631 757 673 ex
785 616 901 672 hoc
931 631 993 670 se
1019 613 1176 670 nolle
1203 613 1411 670 bibere
1437 618 1679 670 sanctus
1722 609 2021 667 indicavit.

368 708 622 766 Minister
648 705 989 777 regrediens
1019 704 1183 761 aliud
1210 703 1439 768 detulit,
1480 703 1585 759 sed
1634 702 1712 759 ad
1759 700 2024 773 primum

368 802 636 868 gustum,
664 800 722 852 et
749 796 863 852 hoc
889 794 1099 850 beatus
1130 794 1314 849 homo
1344 791 1701 865 repudiavit.
1756 794 2025 861 Cumque

368 886 629 944 famulus
659 901 798 941 eum
828 884 1077 940 vidisset
1101 888 1157 939 et
1184 882 1372 939 semel
1399 888 1454 937 et
1485 881 1576 936 bis
1613 881 1816 937 vinum
1844 895 2023 950 repu-

365 976 523 1046 lisse,
568 974 851 1045 aliudque
877 988 939 1029 se
984 971 1133 1028 velle
1182 972 1379 1027 senior
1424 970 1713 1025 indicaret
1756 967 2026 1024 minister

368 1065 482 1121 alia
511 1063 649 1119 vina
695 1079 759 1117 se
788 1078 911 1118 non
962 1061 1183 1117 habere
1226 1065 1524 1116 causatur.
1584 1060 1749 1114 Tunc
1781 1062 2021 1114 sanctus

363 1153 475 1220 vir,
506 1152 637 1225 ipsa
660 1151 847 1207 verba
876 1151 1132 1207 dicentia
1162 1154 1300 1205 sunt
1332 1167 1345 1205 :
1378 1153 1454 1205 De
1484 1149 1601 1215 illo,
1637 1148 1848 1220 inquit,
1878 1148 2024 1203 ati'er

364 1243 512 1299 mihi
551 1242 625 1298 de
669 1258 791 1313 quo
822 1256 987 1297 nunc
1006 1240 1086 1296 ad
1115 1240 1363 1296 missam
1388 1238 1593 1295 habui.
1639 1240 1767 1304 Quo
1815 1237 2022 1294 audito

363 1332 816 1388 circumstantes
848 1332 1062 1386 timore
1106 1329 1506 1399 obrigescunt,
1552 1327 1626 1382 de
1669 1326 2021 1382 dulcissimo

363 1420 519 1477 Patri
549 1436 687 1476 cum
711 1419 996 1490 lacrymis
1034 1418 1476 1491 responderunt
1504 1434 1516 1471 ι
1549 1420 1625 1473 De
1654 1416 1777 1485 illo,
1827 1418 2018 1485 Pater,

365 1509 609 1566 ulterius
641 1524 762 1564 non
792 1507 1066 1575 habebis,
1099 1507 1212 1563 nisi
1242 1506 1342 1562 tibi
1378 1506 1607 1561 dederit
1633 1505 1738 1577 qui
1768 1510 1825 1561 et
1852 1505 2019 1577 prius

2133 341 2356 398 missus
2372 342 2565 401 fuerat
2593 345 2862 416 expletis,
2888 346 3312 415 revertebatur,
3339 363 3479 403 cum
3512 346 3719 402 subito
3739 348 3794 402 111

2133 430 2364 489 civitate
2391 432 2800 503 Ambianensi,
2827 451 2950 507 quo
2995 452 3183 492 causa
3228 436 3576 507 hospitandi
3604 436 3793 491 diver-

2132 525 2299 590 terat,
2330 521 2405 577 de
2430 522 2598 578 obitu
2628 523 2814 580 Patris
2843 524 2974 580 dira
3002 540 3143 581 eum
3184 525 3395 580 nuntia
3441 524 3791 597 percellunt

2130 614 2290 667 Tunc
2320 612 2524 669 relicto
2554 613 2837 685 hospitio,
2867 618 2923 669 et
2951 613 3225 670 ciborum
3274 620 3597 688 apparatu,
3652 631 3791 670 nam

2130 702 2471 773 vespertina
2491 702 2642 759 hora
2661 708 2807 772 erat,
2831 708 2890 759 et
2919 704 3165 760 coenulas
3196 703 3579 772 studebatur,
3609 710 3795 759 certa-

2135 790 2356 863 timque
2381 792 2726 848 conscensis
2758 792 2927 865 equis
2966 793 3273 851 Centulam
3320 792 3661 865 repedavit,
3708 793 3791 849 in-

2130 880 2406 952 venitque
2434 886 2709 937 sanctum
2740 898 2960 955 corpus
2986 884 3113 952 jam
3155 883 3435 938 exanime
3482 882 3551 937 in
3594 897 3793 939 mona-

2130 969 2306 1025 sterio
2334 970 2619 1041 positum,
2650 971 2900 1027 fratrum
2927 972 3192 1027 excubiis
3243 970 3669 1027 venerabiliter
3695 973 3791 1027 cir-

2125 1060 2420 1127 cumdari,
2482 1060 2760 1132 proxima
2824 1063 2975 1119 hora
3026 1061 3342 1135 sepulturae
3410 1060 3788 1117 tradendum.

2127 1148 2328 1203 Adfuit
2357 1164 2520 1218 ergo,
2554 1150 2876 1205 obsecutus
2909 1154 3019 1219 est,
3045 1154 3102 1206 et
3128 1150 3372 1223 impleto
3404 1151 3538 1219 ejus
3564 1148 3790 1205 deside-

2127 1237 2239 1302 rio,
2285 1237 2465 1293 etiam
2520 1239 2706 1294 Patris
2758 1239 3073 1313 prophetia
3100 1239 3344 1311 impleta
3368 1244 3483 1303 est,
3527 1238 3638 1310 qui
3662 1254 3792 1311 pro-

2126 1326 2371 1382 miserat
2417 1342 2637 1398 corpus
2687 1343 2865 1382 suum
2896 1332 3117 1383 terram
3146 1343 3269 1382 non
3324 1327 3576 1397 intrare,
3608 1326 3792 1383 donee

2126 1414 2353 1470 ibidem
2374 1415 2712 1471 monachus
2740 1416 2813 1471 de
2844 1416 3000 1485 regis
3027 1416 3193 1471 curia
3240 1420 3663 1471 reverteretur.
3708 1417 3795 1471 Se-

2127 1503 2362 1575 pultum
2418 1520 2560 1559 vero
2616 1509 2705 1559 est
2754 1505 2941 1561 sancti
2992 1505 3097 1561 viri
3149 1520 3368 1576 corpus
3412 1504 3577 1560 infra
3630 1504 3793 1560 militi

363 1599 546 1655 dedit.
601 1599 657 1655 Si
686 1598 931 1670 quidem
979 1613 1120 1652 cum
1172 1596 1422 1652 missam
1472 1595 1696 1649 faciens
1747 1599 1913 1649 extra
1959 1609 2021 1649 se
2052 1607 2091 1659 Β
2128 1591 2339 1646 Christi
2370 1592 3003 1649 sanctissimiRicharii
3029 1592 3366 1649 venerabile
3391 1593 3793 1665 templum,eo

364 1687 719 1753 crederetur,
770 1686 1040 1757 dumque
1081 1684 1160 1740 ad
1208 1684 1411 1757 ipsum
1452 1683 1653 1738 locum
1702 1680 2018 1743 veniretur,

364 1776 612 1850 quando
642 1774 933 1831 Dominici
972 1774 1238 1847 corporis
1261 1776 1642 1830 sacrosancta
1688 1770 1894 1826 libatio
1924 1769 2021 1839 agi

365 1865 533 1931 solet,
561 1863 902 1920 caelestibus
931 1863 1085 1918 escis
1131 1878 1392 1934 superno
1440 1861 1602 1916 dono
1654 1859 2019 1916 transmissis

362 1952 761 2007 refovebatur.
806 1949 987 2018 Igitur
1032 1949 1518 2005 animadvertens
1563 1947 1732 2020 quod
1772 1948 1888 2019 ipsi
1930 1946 2021 2002 sui

363 2039 685 2095 familiares
738 2054 866 2093 rem
917 2042 1204 2094 secretam
1243 2037 1648 2105 agnovissent,
1692 2036 2020 2108 volensque

363 2129 531 2185 omni
560 2129 743 2185 modo
772 2128 963 2184 celare
990 2127 1320 2183 benitatem
1352 2126 1451 2182 Dei
1478 2126 1559 2181 111-
1588 2142 1650 2181 se
1690 2129 2018 2198 peractam,

362 2218 531 2290 quasi
562 2222 869 2290 permotus
898 2217 1067 2287 jubet
1098 2233 1203 2272 eos
1226 2216 1395 2271 citius
1442 2214 1735 2270 recedere.
1788 2215 2023 2270 Habent

362 2307 523 2361 enim
551 2305 738 2361 sancti
772 2305 873 2359 viri
901 2305 1015 2359 hoc
1064 2304 1398 2377 proprium,
1450 2308 1514 2357 ut
1557 2319 1695 2358 cum
1724 2302 1892 2359 bona
1937 2304 2021 2359 fac

363 2394 544 2459 ciunt,
573 2393 858 2449 occultari
884 2392 1063 2447 velint
1098 2410 1110 2447 :
1144 2408 1217 2447 116
1244 2390 1480 2460 scilicet,
1508 2391 1703 2446 laudis
1746 2390 2023 2445 transito-

362 2484 465 2539 PltB
494 2483 777 2556 plausum
806 2481 1179 2553 recipientes,
1209 2486 1346 2537 ante
1375 2480 1475 2535 Dei
1504 2480 1709 2536 oculos
1730 2480 2023 2552 operatio-

366 2571 456 2627 nis
479 2588 602 2627 suee
635 2571 975 2626 mercedem
1000 2570 1382 2625 imminuant.

433 2664 521 2717 2t.
568 2665 719 2717 Dum
762 2676 900 2716 vero
947 2659 1059 2715 ista
1104 2663 1439 2729 agerentur,
1486 2664 1544 2714 et
1580 2660 1794 2714 beatus
1836 2659 2020 2715 homo

356 2751 614 2821 jamjam
639 2766 760 2823 prce
790 2750 981 2805 multa
1005 2748 1383 2803 infirmitatis”
1409 2747 1728 2803 acerbitate
1774 2764 2021 2819 corpore

361 2844 670 2911 putaretur
700 2838 958 2909 absolvi,
990 2842 1046 2893 et
1073 2837 1153 2894 ob
1192 2838 1305 2893 hoc
1339 2837 1418 2893 ab
1460 2837 1552 2892 his
1599 2853 1754 2908 quos
1805 2837 2023 2893 nutrie-

360 2932 453 2983 rat
483 2928 729 2984 sollicite
758 2928 1196 2993 observaretur,
1228 2926 1440 3014 accidit
1469 2925 1868 2994 necessitudo,
1904 2941 2019 3014 pro
2047 2956 2090 3014 ρ

360 3031 484 3087 qua
511 3016 587 3071 ad
616 3015 880 3084 regalem
910 3014 1138 3071 curiam
1167 3013 1394 3070 mittere
1442 3029 1848 3069 necessarium
1889 3013 2017 3070 fuit.

362 3104 644 3177 Praecepit
695 3104 895 3177 itaque
923 3104 1186 3160 domnus
1233 3104 1541 3169 Gervinus,
1592 3103 1696 3175 qui
1728 3104 1858 3174 jam
1906 3104 2017 3159 loci

360 3191 739 3249 dominatum
764 3192 1075 3260 retinebat,
1110 3192 1215 3247 uni
1244 3209 1276 3247 e
1306 3192 1609 3255 fratribus,
1662 3197 1725 3247 ut
1752 3192 1813 3247 id
1842 3207 2021 3261 nego-

361 3280 419 3338 tii
449 3282 729 3355 expleret.
764 3281 862 3337 ille
891 3297 1034 3337 vero
1082 3281 1190 3354 qui
1232 3280 1615 3337 desiderabat
1661 3281 1873 3352 optimi
1919 3285 2021 3337 Pa-

359 3371 464 3426 tris
494 3370 946 3443 praesentialiter
981 3369 1263 3427 illustrari
1310 3369 1581 3438 transitu,
1624 3373 1683 3424 et
1728 3369 2019 3441 implicari

358 3460 684 3533 exsequiis,
728 3459 1081 3515 omnimoda
1126 3459 1509 3515 excusatione
1548 3475 1609 3513 se
1652 3474 1775 3513 non
1824 3459 1885 3513 id
1938 3458 2020 3514 fa-

359 3552 592 3604 cturum
624 3549 951 3620 respondit.
984 3551 1145 3604 Tunc
1175 3548 1529 3604 venerabilis
1558 3548 1867 3617 Cervinus,
1918 3549 2017 3603 tali

357 3651 650 3708 responso
676 3640 943 3701 coactus,
974 3642 1262 3691 sanctum
1305 3636 1405 3691 Dei
1453 3636 1644 3691 virum
1697 3636 2022 3705 Angelran.

357 3740 506 3779 num
536 3740 659 3797 quo
693 3724 934 3794 jacebat
962 3724 1123 3791 adiit,
1155 3725 1328 3795 eique
1358 3724 1641 3778 monachi
1672 3724 2020 3779 inobediené

357 3813 501 3870 tiam
545 3813 857 3869 intimavit.
914 3814 1047 3885 Ipse
1084 3817 1286 3869 autem
1325 3812 1609 3868 eumdem
1647 3812 2018 3870 monachum

356 3903 438 3960 ad
468 3919 531 3958 se
560 3903 763 3960 vocari
794 3903 1038 3973 faciens,
1086 3902 1395 3975 inquisivit
1435 3917 1542 3957 cur
1585 3918 1709 3958 non
1761 3918 2020 3977 praecep-

356 3997 484 4049 tum
513 3992 839 4065 implesset,
867 3992 1007 4047 dein
1032 3992 1205 4063 jubet
1251 3991 1432 4047 etiam
1462 3996 1525 4047 ut
1555 3992 1818 4064 impleat.
1844 3995 2019 4049 Cum-

354 4097 473 4152 que
503 4080 701 4137 adhuc
728 4080 823 4135 ille
852 4080 1052 4149 nollet,
1083 4083 1326 4135 sanctus
1344 4079 1533 4135 abbas
1559 4079 1888 4152 prophetici
1904 4080 2021 4152 spis

353 4168 500 4223 ritus
546 4168 734 4235 gratia
772 4167 1098 4223 luminatus
1128 4167 1420 4239 promisit,
1452 4166 1658 4222 dicens
1691 4186 1703 4223 :
1759 4168 1916 4224 Vade
1960 4180 2021 4233 et

2127 1680 2242 1735 loci
2263 1680 2323 1736 in
2344 1696 2467 1753 quo
2507 1680 2665 1736 beati
2712 1681 3005 1738 Laurentii
3048 1686 3363 1739 veneratur
3410 1682 3792 1753 martyrium.

2127 1768 2312 1839 Cujus
2343 1769 2723 1825 tumulationi
2751 1770 3099 1825 venerabilis
3120 1771 3251 1841 ejus
3262 1786 3583 1828 successor
3607 1770 3795 1827 abbas

2129 1857 2416 1913 Gervinus
2468 1863 2702 1914 tantum
2757 1859 3005 1915 contulit
3054 1859 3308 1927 decoris,
3363 1865 3431 1916 ut
3477 1858 3799 1931 cujuslibet

2128 1945 2515 2018 antiquorum
2572 1950 2814 2003 Patrum
2873 1948 3170 2004 sanctitati
3213 1949 3409 2005 honor
3479 1954 3667 2003 tanta:
3709 1964 3797 2004 se-

2128 2032 2383 2105 pulturte
2427 2034 2697 2091 sufficere
2732 2051 2913 2107 posse
2946 2035 3319 2101 crederetur;
3379 2035 3795 2107 aequissimum

2128 2121 2586 2193 contemplatus,
2634 2129 2700 2178 ut
2736 2124 2966 2179 honore
3009 2124 3244 2180 decenti
3287 2130 3630 2180 servaretur
3665 2126 3794 2194 ejus

2128 2209 2395 2281 corporis
2417 2211 2611 2277 gleba,
2629 2213 2733 2284 qui
2753 2213 3001 2284 perenni
3017 2213 3187 2268 lauro
3202 2213 3513 2269 redimitus
3522 2229 3659 2268 cum
3674 2229 3789 2267 ere

2126 2297 2312 2353 licolis
2333 2298 2543 2355 laudes
2566 2301 2794 2357 Christo
2808 2302 3115 2373 hymnizat
3133 2302 3194 2357 in
3237 2308 3547 2358 teternum.
3575 2308 3781 2357 Amen.

2198 2392 2343 2443 Acta
2391 2390 2691 2444 sunthaec
2740 2406 2902 2446 anno
2958 2390 3253 2447 incarnati
3291 2391 3417 2447 Filii
3471 2391 3574 2447 Dei
3628 2395 3788 2453 1053.

2126 2476 2250 2531 ind.
2286 2494 2386 2532 xu.

2199 2570 2288 2621 2'2.
2320 2570 2391 2621 At
2419 2567 2681 2623 Christus
2711 2568 3022 2638 Dominus,
3067 2569 3167 2624 cui
3212 2569 3311 2625 hic
3357 2570 3575 2625 beatus
3610 2570 3787 2626 homo

2128 2654 2379 2710 fideliter
2409 2655 2713 2713 servierat.
2758 2657 2966 2729 quanti
2997 2658 3163 2730 apud
3191 2675 3256 2713 se
3302 2659 3434 2730 ejus
3481 2660 3787 2716 servitium

2126 2743 2504 2815 penderetur,
2532 2749 2880 2817 quantaque
2912 2747 3072 2801 hunc
3109 2747 3516 2803 remuneratio
3556 2748 3787 2804 cmlitns

2127 2831 2430 2901 exaltaret,
2463 2833 2637 2889 claris
2666 2834 2899 2889 indiciis
2920 2835 3266 2891 mortalium
3280 2836 3504 2892 notitia:
3524 2840 3789 2909 pandere

2127 2919 2409 2989 dignatus
2434 2926 2543 2977 est.
2577 2926 2800 2994 Nempe
2829 2923 3065 2995 inpago
3096 2924 3407 2981 Vimmaeo
3445 2925 3553 2981 fuit
3578 2926 3790 2981 mulier

2126 3009 2358 3065 habens
2387 3010 2574 3065 ﬁliam
2599 3010 2869 3083 paralysi
2903 3027 3275 3084 percussam,
3319 3028 3458 3086 quia:
3501 3014 3576 3070 ad
3610 3030 3788 3071 omne

2126 3115 2281 3171 opus
2311 3098 2591 3154 inhabilis
2620 3100 2873 3169 grabato
2895 3101 3261 3158 moribunda
3288 3102 3624 3159 tenebatur.
3660 3107 3786 3160 Hoc

2126 3194 2435 3261 comperta
2462 3189 2621 3245 beati
2675 3189 2914 3245 abbatis
2951 3190 3316 3259 Angelranni
3354 3193 3686 3257 sanctitate,
3732 3196 3789 3249 et

2126 3279 2266 3334 ﬁdei
2292 3280 2519 3334 fervore
2550 3295 2861 3349 succensa,
2894 3280 3221 3352 salutisque
3248 3281 3386 3337 ﬁlia:
3432 3284 3681 3355 cupida,
3709 3282 3785 3338 ad

2126 3369 2402 3424 tumbam
2428 3370 2559 3439 ejus
2587 3385 2725 3424 cum
2757 3369 3008 3426 candela
3027 3370 3192 3426 illam
3218 3372 3483 3428 deduxit.
3512 3374 3785 3444 Cumque

2124 3458 2260 3531 ipsa
2286 3463 2509 3528 aegrota
2556 3459 2831 3530 sepulcro
2873 3459 3135 3516 hominis
3180 3462 3272 3517 Dei
3314 3461 3627 3519 candelam
3674 3462 3785 3517 de-

2123 3552 2260 3602 vote
2290 3546 2625 3613 ohtulisset,
2669 3548 2819 3603 sedit
2840 3549 3014 3619 juxta
3054 3549 3395 3621 sepulcrum,
3440 3554 3499 3603 et
3547 3565 3775 3606 somno

2122 3635 2438 3708 paululum
2495 3635 2759 3693 indulsit.
2820 3637 3040 3694 Deinde
3107 3639 3383 3708 evigilans
3453 3638 3787 3696 sanissima

2123 3722 2410 3790 redditur,
2441 3728 2499 3778 et
2527 3724 2869 3781 videntibus
2892 3725 3170 3782 fratribus
3186 3727 3548 3793 monasterii,
3570 3729 3792 3784 Deum-

2124 3828 2243 3885 que
2269 3812 2656 3868 laudantibus
2688 3814 2765 3869 ad
2786 3814 2989 3871 villam
3019 3815 3180 3870 unde
3206 3821 3468 3881 venerat,
3485 3818 3791 3874 vocabulo

2128 3901 2445 3957 Filcharias
2473 3902 2607 3973 (16),
2640 3904 2895 3975 propriis
2921 3904 3165 3960 sedibus
3192 3906 3465 3962 alacriter
3484 3923 3625 3964 cum
3650 3922 3792 3976 gem

2126 3991 2227 4046 dio
2254 3990 2446 4058 rediit,
2478 3992 2762 4047 omnibus
2791 3994 3156 4049 annuntians
3193 3999 3426 4067 quanta
3474 3995 3591 4051 sibi
3637 3998 3790 4052 Deus

2125 4094 2232 4150 per
2260 4078 2507 4134 beatum
2534 4081 2983 4149 Angelrannum
3009 4082 3294 4138 abbatem
3325 4084 3579 4141 fecisset.
3602 4086 3789 4141 Gnido

2126 4166 2305 4237 igitur
2334 4172 2473 4223 tunc
2511 4169 2932 4226 Ambianensis
2959 4172 3252 4229 ’Ecclesia
3300 4174 3783 4237 archidiaconus.

356 4255 448 4310 fac
478 4256 645 4327 quod
676 4255 781 4310 tibi
807 4255 1165 4326 prmeipitur,
1195 4260 1254 4311 et
1293 4256 1448 4311 scias
1496 4257 1612 4312 hoc
1651 4272 1871 4330 corpus
1902 4261 2015 4313 ter-
2045 4307 2092 4334 “
2125 4260 2336 4327 postea
2365 4257 2637 4327 ejusdem
2669 4259 2827 4315 sedis
2853 4260 3196 4334 episcopus,
3237 4263 3347 4334 qui
3394 4264 3555 4319 illius
3600 4264 3781 4319 fuerat

2026 4307 2092 4365 .D

354 4358 487 4399 ram
517 4358 638 4398 non
670 4342 891 4396 intrare
920 4342 1113 4397 donec
1150 4344 1485 4400 revertaris.
1522 4344 1646 4401 Tali
1690 4342 2092 4418 sponsione“
2124 4344 2186 4399 in
2218 4344 2415 4401 studio
2440 4346 2768 4404 litterarum
2797 4349 3125 4421 discipulus
3154 4354 3293 4421 (17),
3324 4352 3430 4408 tali
3460 4354 3593 4423 ejus
3629 4358 3779 4408 tum-

355 4431 718 4487 exhilaratus
746 4429 923 4485 frater
946 4430 1106 4486 viam
1137 4431 1406 4502 arripuit,
1438 4438 1495 4488 et
1520 4447 1592 4489 ea
1619 4439 1863 4506 propter
1876 4450 2014 4507 quin

354 4519 700 4578 mittebatur
723 4518 888 4591 apud
916 4518 1113 4589 regias
1146 4535 1321 4575 aures
1349 4520 1574 4591 optime
1595 4522 1887 4592 allegavit.
1914 4526 2016 4581 Su-

353 4610 734 4683 perveniente
764 4614 966 4666 autem
995 4609 1315 4667 vocatione
1336 4626 1623 4682 superna,
1673 4628 1797 4683 qua
1842 4613 2015 4669 coele-

356 4699 469 4755 stia
491 4703 700 4771 petens
728 4697 1145 4768 Angelrannus
1175 4702 1411 4755 terrena
1444 4698 1760 4764 desereret,
1805 4706 2016 4759 sancta

354 4786 453 4843 illa
496 4787 720 4856 anima,
776 4786 1130 4856 angelorum
1184 4786 1511 4843 ministerio
1553 4786 1654 4843 Dei
1702 4787 2012 4845 obtutibus

352 4873 796 4948 prtesentanda,
824 4891 856 4927 v
887 4873 1026 4930 Idus
1060 4874 1399 4931 Decembris
1440 4875 1635 4931 carnis
1675 4876 1814 4932 exiit
1852 4876 2013 4933 clau-

354 4967 494 5021 sh‘a.
512 4965 648 5021 Jam
678 4978 821 5019 vero
847 4962 943 5019 ille
966 4962 1073 5035 qui
1095 4963 1446 5020 multiformi
1474 4970 1831 5035 argumento
1858 4965 2012 5039 poli-

353 5058 448 5110 tus
468 5052 660 5109 fuerat
683 5051 836 5125 lapis
859 5051 1084 5107 cmlesti
1105 5052 1357 5109 tediﬁcio
1381 5052 1613 5110 locatur
1631 5072 1645 5123 ;
1662 5056 1800 5125 jam
1825 5055 1931 5128 qui
1950 5055 2011 5111 in

352 5142 505 5201 valle
544 5141 892 5199 humilitatis
939 5156 1201 5215 superno
1239 5158 1373 5198 rore
1397 5143 1679 5201 humecta
1724 5150 2010 5215 creverat,

352 5231 452 5289 11111
486 5232 598 5289 flos
627 5230 861 5288 caeleste
886 5236 1111 5288 sertum
1129 5236 1412 5299 exornat;
1438 5233 1569 5303 jam
1594 5249 1730 5305 quas
1755 5233 1906 5289 inter
1924 5235 2012 5291 di-

294 5323 308 5336 '
352 5337 558 5380 versas
586 5337 830 5392 gemma
868 5320 1162 5377 claruerat
1192 5321 1513 5387 tonsiones,
1560 5321 1844 5379 diadema
1872 5338 2011 5396 sup-

451 5448 538 5518 46)
561 5444 939 5519 Feuquiéres.

453 5520 532 5588 t7)
550 5517 713 5574 Hunc
729 5518 1090 5592 episcopum
1102 5517 1347 5590 poetica
1368 5518 1508 5575 artis
1525 5519 2007 5578 amantissimum

352 5588 532 5651 fuisse
572 5588 846 5645 asserunt
889 5588 1234 5647 Guillelinus
1283 5592 1766 5648 Gemmeticensis
1794 5592 1897 5648 lib.
1932 5608 2008 5649 vn

2125 4432 2270 4489 bam
2300 4435 2604 4506 epitaphio
2633 4436 2939 4493 decoravit
2967 4458 2978 4493 :

2125 4558 2304 4626 Quem
2337 4561 2477 4630 tegit
2506 4560 2602 4617 hic
2625 4564 2912 4635 tumulus,
2931 4565 3281 4622 lectissimus
3304 4569 3343 4622 Α
3359 4566 3785 4640 ngeh‘rannus,

2192 4644 2393 4717 Hujus
2420 4650 2672 4705 cwnobz’i
2687 4658 2900 4719 pastor
2923 4658 2977 4707 et
3008 4653 3161 4709 abba
3189 4654 3353 4724 fuit:

2119 4737 2262 4791 Dum
2280 4738 2475 4807 gregis
2500 4738 2799 4809 Ecclesiae,
2824 4742 3180 4798 monac/mm
3204 4758 3331 4811 spes
3358 4745 3597 4816 inclyta
3632 4748 3784 4816 vz‘lz‘,

2202 4827 2381 4894 Vixit,
2413 4832 2468 4882 et
2497 4828 2560 4883 in
2590 4830 2812 4886 munde
2842 4832 3099 4888 mundus
3125 4838 3183 4889 et
3211 4836 3273 4890 in
3304 4835 3579 4891 Donato.

2190 4954 2278 5007 23.
2326 4949 2434 5016 Qui
2470 4951 2650 5021 igitur
2690 4970 2868 5012 nosse
2916 4957 3040 5013 vult
3089 4964 3331 5030 quantae
3381 4975 3570 5032 penes
3625 4962 3785 5019 hunc

2120 5044 2398 5095 sanctum
2426 5039 2628 5096 locum
2653 5041 2828 5099 fuerit
2852 5045 3133 5114 utilitatis,
3171 5048 3500 5105 versiculos
3548 5049 3783 5106 intuea-

2117 5131 2230 5195 tur,
2260 5127 2364 5200 qui
2389 5128 2464 5184 de
2492 5130 2725 5197 eodem,
2759 5136 2823 5188 ut
2850 5135 3070 5206 posteri
3120 5136 3340 5194 scirent
3379 5142 3440 5193 et
3478 5138 3785 5196 1111116666·

2118 5220 2213 5273 tur
2240 5217 2520 5291 descripti
2552 5225 2690 5278 sunt
2716 5222 2814 5279 tali
2842 5228 3043 5281 tenore
3071 5243 3084 5280 :

2115 5323 2288 5381 Abba
2316 5326 2747 5397 Angelrmmus
2779 5333 2974 5388 loculo
3002 5348 3137 5405 quis
3157 5337 3429 5404 paucula
3455 5343 3675 5394 nostra

2118 5448 2402 5534 Historiis,
2436 5468 2568 5526 cap.
2592 5458 2764 5534 aitet
2802 5457 3356 5534 Ord_ericus_Vitalis
3384 5461 3541 5519 libro
3563 5480 3653 5534 m,
3682 5464 3779 5521 ubi

2118 5525 2526 5597 aiuntipsum
2556 5525 2817 5584 edidisse
2868 5529 3091 5589 librum
3131 5532 3370 5590 heroico
3399 5525 3676 5592 carmine
3704 5538 3777 5593 De

2117 5594 2494 5668 expedition.
2521 5597 2815 5658 suum
2840 5603 3281 5676 eoaque-eris
3309 5603 3372 5663 in
3399 5606 3710 5679 ama.
