3988 6182
338 169 472 222 1423
871 132 895 145 ”
1389 154 1839 212 ANGELRANNI
1876 148 2176 207 ABBATIS
2215 149 2705 211 CENTULENSIS.
3642 149 3775 206 142;

346 280 3767 310 *βυ-...ΨΜ

1420 409 2076 532 INCIPIT
2220 411 2675 530 VITA.

330 660 456 716 Vita
486 659 668 717 Patris
698 659 888 715 sancti
916 674 1095 715 versu
1122 657 1423 729 descripta
1452 654 1705 721 Richari,
2027 651 2073 704 A
2102 648 2349 707 ferenda
2377 652 2768 720 occultamus,
2800 654 2893 709 his
2923 670 3057 727 quae
3087 671 3239 727 opus
3268 660 3412 711 sunt
3464 655 3625 711 scire
3684 672 3774 710 ca-

404 748 593 820 lpsius
618 747 880 803 famulus
908 763 1094 820 quam
1126 745 1237 801 sibi
1268 743 1607 816 composuit
2095 755 2354 796 reamus.
2390 741 2561 807 Quod
2587 742 2797 798 vitium
2828 741 3234 799 taciturnitatis
3278 744 3629 800 formidans
3687 746 3770 800 in-

330 835 502 891 Abba
535 836 967 905 lngelramnus,
999 850 1238 891 necnon
1263 832 1556 890 miracula
1584 831 1760 905 plura
2098 846 2352 898 currere,
2384 848 2507 887 non
2524 848 2728 904 parva:
2760 832 3023 889 materiae
3044 833 3190 888 mihi
3203 834 3451 904 pondus
3477 834 3769 906 imposui,

400 926 526 981 Vita
565 930 695 981 acta
721 925 903 995 gessit
923 941 1059 997 quae
1084 941 1193 996 per
1221 940 1359 979 eum
1390 921 1701 978 Dominus.
2097 918 2373 975 videlicet
2402 920 2592 976 Vitam
2626 923 2680 977 S.
2714 920 2970 977 Richarii
3002 920 3339 977 describere
3380 923 3633 978 metrice
3662 942 3679 978 :
3712 923 3767 978 in

330 1014 543 1083 Solers,
576 1031 612 1069 ο
640 1014 842 1079 lector,
877 1013 1157 1086 quamvis
1189 1013 1307 1068 sint
1333 1012 1634 1068 schemate
1655 1007 1778 1078 vili,
2098 1024 2222 1081 qua
2244 1010 2556 1082 quomodo
2578 1009 2771 1066 fuerat
2798 1010 2957 1066 edita
2985 1010 3278 1066 rhetorico
3300 1011 3457 1083 stylo
3512 1011 3768 1079 diligen-

404 1106 481 1158 ΝΘ
510 1104 711 1175 pigeat
740 1107 976 1158 nostros
1001 1101 1327 1158 versiculos
1354 1101 1569 1170 legere.
2098 1101 2185 1165 ter
2240 1103 2297 1154 et
2319 1098 2536 1169 lucide,
2568 1099 2716 1155 nihil
2754 1099 2973 1155 addere
3021 1099 3117 1155 vel
3176 1100 3445 1155 minuere
3501 1100 3765 1169 deem-vi,

330 1192 590 1248 Plurima
617 1192 956 1264 perpendes
982 1191 1196 1247 fuerint
1221 1208 1355 1263 quae
1384 1190 1570 1259 digna
1596 1185 1848 1259 ﬂagellis
1873 1201 1887 1238 :
2097 1191 2287 1244 metro
2316 1188 2612 1245 duntaxat
2641 1189 2945 1263 scriptoris
2974 1189 3134 1245 dicta
3180 1189 3546 1262 rependens.
3595 1190 3767 1256 Quod

402 1284 678 1338 Attamen
710 1282 851 1337 utile
882 1282 943 1337 in
968 1282 1059 1337 his
1088 1281 1351 1337 invenies
1385 1278 1631 1353 aliquid.
2097 1283 2164 1333 ut
2192 1276 2470 1345 facerem,
2504 1294 2627 1333 non
2653 1293 2750 1332 me
2770 1276 3037 1345 fingendi
3068 1293 3229 1332 nova
3259 1278 3619 1334 constrinxit
3658 1279 3767 1334 im-

332 1373 479 1427 Cum
508 1372 718 1428 vitium
739 1387 1056 1441 agnosces,
1084 1371 1211 1443 ipse
1236 1370 1561 1426 emendare
1591 1369 1914 1434 memento,
2096 1366 2484 1438 possibilitas,
2537 1382 2747 1421 verum
2795 1366 3092 1438 persuasit
3142 1365 3392 1422 imitatio
3477 1368 3767 1423 carminis

404 1460 545 1517 Utile
575 1466 873 1533 pertracta
893 1476 1015 1533 quo
1046 1459 1204 1515 utilis
1233 1459 1361 1531 ipse
1386 1459 1520 1514 ﬁas.
2096 1456 2486 1528 quorundam
2501 1454 2934 1511 venerabilium
2953 1472 3027 1511 ex
3056 1455 3367 1511 Divinitate
3380 1458 3762 1511 canentium:

333 1548 600 1618 lngenito
632 1549 806 1615 Patri,
835 1549 1045 1617 genitae
1074 1547 1145 1602 sit
1174 1547 1365 1616 gloria
1396 1545 1565 1611 Proli,
2096 1546 2201 1618 qui
2228 1546 2587 1616 refugientes
2610 1545 2689 1601 ad
2718 1545 3091 1601 inventiones
3120 1560 3334 1613 novas,
3363 1562 3560 1601 sacrm
3616 1548 3765 1603 Scri-

406 1636 487 1691 Sit
512 1640 720 1692 sancto
742 1635 1066 1691 amborum
1093 1635 1282 1705 gloria
1314 1633 1572 1707 Spiritui.
2092 1640 2281 1709 pturaa
2313 1634 2657 1707 simpliciter
2680 1637 3179 1706 repraesentavere
3222 1634 3576 1690 sententias.
3609 1637 3765 1699 Quo-

448 1740 826 1779 INGELRAMNUS
866 1740 1271 1779 SCHOLASTICLTS
1311 1738 1588 1777 FlTLBER’l‘O
1626 1735 1888 1776 rrxscoro
2094 1736 2231 1776 rum
2260 1719 2433 1776 labor
2452 1735 2590 1774 meo
2606 1718 3239 1791 judicionequaquam
3266 1718 3661 1791 deputandus
3675 1726 3765 1775 est

399 1814 566 1869 Dono
599 1814 775 1870 totius
802 1813 1153 1885 prudentiae,
1186 1812 1404 1867 divinae
1435 1811 1653 1867 scilicet
1677 1814 1855 1880 atque
1880 1808 1988 1864 hu-
2096 1826 2275 1882 super
2303 1809 2565 1866 alienum
2596 1807 3057 1863 fundamentum
3082 1806 3417 1873 aediﬁcatio,
3473 1807 3585 1862 sed
3630 1823 3761 1862 ma-

331 1917 548 1968 manae,
568 1902 841 1957 debriato
855 1900 1213 1956 sufﬁcienter
1230 1906 1287 1956 et
1307 1901 1523 1965 sobrie,
1544 1902 1831 1956 FULBERTO
1843 1914 1984 1970 prae,
2094 1899 2183 1969 gis
2212 1898 2552 1953 divinorum
2591 1895 3020 1951 miraculorum
3055 1894 3500 1951 ofﬁciosissima
3556 1896 3762 1951 recita-

330 1988 553 2060 ceptori
582 1993 639 2043 et
662 1989 910 2044 domino
950 1993 1355 2057 INGELRAMNL’S,
1408 1990 1746 2043 monachus
1796 1988 1985 2060 ipsius
2022 1992 2065 2047 B
2093 1988 2194 2045 tio.
2226 1986 2681 2057 Singulisigitur
2708 1984 3759 2057 principiisquatuorlibrorumquos

331 2075 826 2131 scholasticorum
856 2075 1196 2146 vilissimus,
1230 2077 1307 2132 ad
1333 2093 1521 2149 quam
1551 2091 1837 2131 vocamur
1886 2076 1981 2131 Di-
2090 2077 2269 2145 edidi,
2304 2074 2571 2145 singulos
2601 2073 2883 2146 prologos
2909 2073 3149 2141 inserui,
3197 2071 3277 2126 ob
3307 2073 3423 2127 hoc
3466 2072 3665 2127 solum
3695 2079 3756 2128 ut

330 2164 589 2221 vinitatis
617 2165 1038 2236 cognitionem.
2090 2166 2151 2222 in
2177 2166 2269 2221 his
2293 2163 2659 2238 postularem
2694 2161 2933 2217 veniam
2965 2160 3109 2215 mihi
3136 2166 3328 2234 poetae
3367 2177 3549 2226 novo,
3607 2178 3747 2217 cum

404 2255 591 2326 Super
618 2258 822 2308 nostro
845 2254 1091 2326 profect:
1145 2269 1329 2326 quem
1359 2252 1698 2326 ampliuste
1719 2253 1982 2323 gaudere
2090 2255 2496 2310 invenirentur
2541 2251 2729 2307 multa
2782 2266 2918 2323 quae
2964 2253 3214 2321 possent
3268 2249 3537 2305 adnotari
3578 2249 3740 2305 vitio.

330 2346 622 2415 oporteat,
652 2342 757 2414 qui
781 2342 957 2398 nobis
987 2347 1054 2397 ut
1082 2342 1508 2413 aggrediamur
1562 2342 1832 2413 grandia,
1873 2358 1981 2416 pa-
2092 2342 2266 2409 Quod
2294 2339 2650 2414 opusculum
2681 2339 2825 2411 quia
2854 2343 2957 2393 tua
2983 2337 3191 2393 labore
3216 2337 3471 2393 faciente
3520 2338 3749 2393 conﬁn-

329 2436 499 2487 terno
576 2430 794 2487 affectu
887 2431 1346 2486 sollicitudinem
1443 2430 1790 2504 impendere
1860 2445 1983 2486 non
2090 2431 2170 2499 xi,
2202 2435 2317 2486 tuae
2344 2427 2692 2485 correctioni
2720 2426 2933 2482 devovi
2966 2444 2978 2493 ;
3010 2442 3208 2499 neque
3238 2426 3299 2481 id
3341 2442 3558 2497 passus
3617 2443 3751 2481 sum

331 2519 576 2575 cessas?
630 2522 744 2574 Nos
796 2522 995 2575 tamen
1053 2518 1234 2575 dediti
1294 2518 1565 2591 pigritiae,
1626 2518 1794 2592 quod
1842 2518 1982 2574 utile
2091 2519 2353 2593 proferre
2372 2518 2598 2590 palam,
2626 2516 2820 2571 donec
2850 2515 2934 2570 tui
2980 2513 3202 2571 favoris
3250 2514 3606 2585 dignaretur
3645 2515 3755 2570 cle-

331 2608 637 2681 sapiamus
717 2608 963 2681 aliquid,
1015 2607 1266 2663 vixdum
1337 2608 1609 2664 valemus
1684 2623 1979 2680 promere.
2092 2608 2333 2665 mentia.
2368 2610 2518 2677 Ergo
2545 2620 2766 2660 munus
2792 2603 3062 2658 oblatum
3092 2603 3394 2675 suscipere
3416 2619 3491 2658 ne
3522 2619 3709 2659 renue
3739 2623 3754 2669 ;

332 2697 496 2753 Unde
526 2696 591 2753 ﬁt
644 2701 708 2752 ut
752 2698 897 2770 quia
919 2702 981 2752 ut
1027 2697 1288 2752 lucretur
1328 2697 1616 2753 talentum
1646 2697 1983 2769 expendere
2092 2713 2268 2752 aures
2296 2695 2426 2768 pias
2450 2693 2638 2749 inutili
2665 2691 2913 2747 carmizi
2957 2692 3346 2746 commodare
3393 2708 3471 2746 ne
3526 2691 3755 2761 refugc,

330 2786 634 2852 nolumus,
693 2786 920 2842 nedum
985 2802 1327 2842 mereamur
1377 2785 1583 2843 audire
1654 2787 1824 2856 Euge
1879 2786 1983 2842 de-
2090 2786 2241 2843 utin
2266 2783 2575 2840 hocetiam
2604 2781 2930 2836 laudistuce
2952 2779 3231 2835 cumulus
3249 2785 3577 2848 accrescat,
3607 2780 3757 2836 dum

328 2874 620 2939 lectabile,
681 2891 819 2930 cum
872 2875 1062 2929 inutili
1115 2890 1283 2930 servo
1322 2875 1596 2929 subimus
1624 2874 1851 2930 damna
1879 2874 1983 2930 de-
2092 2876 2291 2932 futura
2320 2872 2550 2929 noverit
2579 2876 2721 2927 tetas
2751 2868 3036 2925 habuisse
3065 2875 3115 2924 te
3137 2868 3469 2941 discipulos
3494 2870 3755 2941 alicujus

331 2962 507 3017 fossae
565 2963 855 3035 pecuniae.
918 2963 1140 3018 Nostris
1189 2962 1449 3034 denique
1502 2963 1693 3035 culpis
1752 2980 1986 3036 prome—
2092 2963 2355 3020 utilitatis
2379 2962 2646 3016 idoneos.
2677 2957 2847 3021 Quod
2896 2957 2946 3011 si
3002 2957 3323 3029 impetrare
3381 2974 3639 3026 mereor,
3696 2958 3755 3013 id

328 3050 597 3106 rentibus
619 3050 831 3120 agitur,
864 3051 1027 3123 quod
1050 3050 1414 3123 prtepeditus
1433 3051 1707 3123 pluribus
1728 3052 1982 3122 negotiis
2091 3052 2313 3122 negotii
2339 3048 2555 3106 nostris
2584 3045 3066 3103 conscholasticis
3086 3046 3312 3101 manda
3343 3063 3355 3099 :
3384 3048 3755 3101 suntetenim

328 3138 531 3195 minus
553 3143 608 3195 te
660 3139 891 3211 praebes
940 3140 1156 3195 nostris
1213 3139 1572 3212 aspectibus.
1626 3142 1751 3206 Qua
1803 3140 1864 3196 in
1921 3157 1984 3196 re
2092 3142 2260 3213 digni
2286 3140 2524 3196 illorum
2570 3135 2841 3209 quidam,
2900 3150 3164 3206 quorum
3220 3135 3557 3190 auctoritati
3607 3151 3757 3207 prae-

328 3228 464 3285 licet
486 3234 604 3286 tuae
635 3230 961 3287 sanctitatis
991 3246 1115 3286 non
1144 3230 1451 3286 minuatur
1490 3231 1845 3296 constantia,
1873 3246 1983 3287 no-
2092 3232 2305 3288 beatur
2336 3226 2670 3284 credulitas.

330 3323 454 3375 stra
483 3324 686 3376 tamen
709 3322 871 3391 juste
896 3321 1143 3393 punitur
1179 3320 1545 3391 negligentia
1578 3338 1591 3375 :
1624 3325 1689 3377 ut
1717 3321 1820 3394 qui
1850 3338 1986 3394 pro-

344 3507 3749 3547 ψ

1241 3681 1823 3767 PROLOGUS
1951 3676 2836 3768 PBOPOSITIONIS.

329 3906 622 3984 Expendit
642 3910 876 3984 quoties
906 3911 1140 3968 devotio
1179 3911 1663 3969 Christicolarum
2018 3917 2060 3968 C
2091 3916 2293 3984 Longo
2323 3911 2429 3967 sed
2452 3909 2643 3984 spatio
2673 3907 2863 3964 sancti
2891 3907 3081 3963 caruit
3103 3907 3250 3980 quia
3278 3907 3614 3963 claustrum

330 4003 394 4055 In
426 3998 643 4055 sanctis
670 3998 880 4054 laudes
914 4017 926 4053 :
956 3999 1091 4071 quis
1120 3998 1400 4054 laudatur
1427 4000 1540 4055 nisi
1566 4002 1828 4057 Christus
1853 4004 1881 4058 ‘I
2099 4001 2465 4074 Scriptorum
2496 3998 2728 4065 studio;
2757 3997 3037 4069 quamvis
3057 3996 3343 4070 perplura
3366 4000 3688 4068 patrasset,

330 4089 553 4158 Nempe
583 4085 731 4158 quid
759 4086 949 4158 ipsius
971 4086 1133 4142 dono
1163 4087 1351 4143 fecere
1382 4087 1647 4144 refertur.
2096 4096 2176 4146 Ac
2206 4089 2255 4144 si
2280 4105 2401 4145 non
2435 4087 2674 4155 fuerint,
2696 4085 2944 4141 omnino
2974 4085 3134 4141 facta
3164 4084 3432 4141 silentur.

330 4174 741 4229 Ecclesiastica
768 4174 901 4229 laus
932 4181 1300 4248 quapropter
1333 4178 1667 4233 continuari
2096 4183 2167 4235 At
2184 4183 2508 4252 postquam
2538 4175 2757 4245 ingenii
2788 4174 2977 4229 nostri
3004 4174 3257 4230 scintilla
3285 4174 3521 4241 reluxit,

329 4260 532 4325 Debet,
556 4265 613 4314 et
643 4261 921 4316 assiduus
948 4261 1075 4318 ﬁeri
1105 4269 1431 4320 concentus
1461 4265 1522 4320 in
1552 4267 1815 4338 hymnis,
2098 4267 2294 4325 Gratia
2321 4283 2509 4339 quam
2541 4264 2773 4321 Domini
2803 4263 3194 4319 succenderat
3232 4263 3689 4335 omnipotentis,

330 4352 458 4405 Non
489 4352 722 4403 tantum
748 4349 933 4416 vocis,
966 4366 1176 4405 verum
1197 4353 1610 4410 modulamine
1639 4356 1858 4412 cordis.
2096 4359 2299 4413 Pastor
2326 4355 2609 4428 praefatus
2647 4353 2784 4409 fecit
2814 4352 3101 4409 miracula
3141 4353 3187 4408 si
3218 4368 3361 4425 qua.

329 4437 468 4493 Haec
494 4436 775 4510 equidem
802 4437 1054 4492 Domino
1067 4440 1409 4511 sanctisque
1424 4442 1659 4513 placere
1676 4445 1983 4516 probatur.
2093 4448 2269 4501 Juxta
2298 4445 2466 4518 quod
2489 4442 2678 4517 potui,
2703 4442 2908 4498 curavi
2939 4442 3170 4497 tradere
3193 4441 3433 4497 chartis.

332 4527 476 4583 Utile
506 4531 791 4599 praeterea
820 4531 1166 4583 sanctorum
1194 4528 1449 4584 scribere
1470 4535 1655 4601 gesta.
2096 4534 2366 4590 Pondera
2403 4538 2460 4589 et
2488 4537 2552 4588 ut
2576 4531 2760 4587 nostri
2790 4522 3009 4586 ﬁerent"
3030 4531 3264 4601 majora
3294 4530 3498 4599 libelli,

332 4620 600 4687 Namque
628 4615 945 4671 beatorum
975 4616 1122 4671 dum
1154 4616 1362 4672 transit
1390 4618 1510 4673 vita
1535 4636 1642 4691 per
1672 4637 1846 4678 aures
2096 4625 2234 4679 Haec
2262 4622 2374 4678 illis
2399 4622 2572 4693 junxi
2602 4637 2736 4693 quae
2763 4619 3064 4676 industria
3097 4619 3297 4693 prisca
3325 4620 3577 4676 notavit.

332 4704 683 4775 Corporeas,
716 4704 956 4759 animus
984 4704 1188 4760 divino
1213 4705 1472 4761 ardescit
1497 4723 1722 4775 amore,
2096 4715 2210 4768 Nec
2241 4710 2496 4783 cupidus
2534 4708 2726 4765 lalldIS
2755 4708 2948 4779 (mens
2976 4711 3063 4763 est
3091 4708 3237 4762 mihi
3276 4708 3521 4763 conscia
3576 4710 3766 4774 testis)

331 4797 415 4845 Ac
446 4807 507 4846 se
534 4791 806 4863 deposito
837 4797 1179 4848 consortem
1220 4794 1476 4864 tegmine
1508 4796 1704 4852 carnis
2097 4804 2216 4856 Hoc
2244 4816 2397 4872 opus
2418 4797 2636 4870 inccrpi
2667 4814 2679 4851 :
2714 4796 2965 4869 cupiens
2994 4796 3097 4852 sed
3126 4796 3275 4851 scire
3311 4795 3545 4852 futuros

332 4883 601 4952 Exoptat,
634 4896 895 4952 quorum
926 4883 1177 4938 miratur
1200 4882 1399 4939 lucida
1430 4883 1603 4941 facta.
2095 4893 2401 4946 Pastorem
2431 4892 2703 4943 nostrum
2735 4885 2879 4941 tales
2908 4884 3197 4941 habuisse
3224 4884 3485 4954 clientes,

402 4969 594 5024 Vitam
621 4969 874 5024 Richarii
899 4975 1266 5043 quapropter
1292 4971 1548 5028 scribere
1579 4974 1768 5030 sancti
2098 4976 2229 5045 Qui,
2260 4977 2366 5032 etsi
2394 4974 2755 5047 imperfecte,
2784 4978 3112 5047 sapuerunt
3139 4973 3344 5029 ludere
3378 4989 3576 5029 versu.

330 5058 659 5129 Aggredior
688 5063 900 5127 metro,
927 5075 1049 5130 quo
1080 5058 1162 5113 illi
1191 5059 1296 5131 qui
1324 5061 1589 5117 carmine
1619 5062 1884 5132 gaudent
2169 5064 2283 5121 Sed
2305 5070 2419 5119 tres
2448 5064 2697 5135 antiquo
2728 5062 2872 5135 quia
2901 5068 3043 5117 sunt
3066 5063 3127 5117 in
3158 5062 3362 5117 codice
3395 5062 3529 5116 libri
3548 5066 3692 5132 (18),

332 5148 496 5204 Hanc
524 5146 787 5202 habeant
813 5163 824 5200 :
856 5162 1102 5229 prosam
1131 5162 1286 5218 quos
1309 5147 1445 5219 plus
1467 5149 1718 5206 delectat
1742 5151 1985 5221 habere,
2098 5154 2263 5207 Hunc
2281 5168 2600 5208 numerum
2614 5158 2870 5208 metrum
2884 5150 3761 5208 contenditredderenostrum:

332 5236 499 5292 lllam
526 5253 710 5308 quam
745 5235 928 5291 nostri
949 5235 1261 5308 quondam
1293 5235 1482 5292 fecere
1509 5240 1759 5310 priores.
2027 5269 2069 5323 ι)
2098 5243 2256 5308 Quas
2283 5243 2462 5298 etiam
2490 5248 2678 5298 metas
2706 5241 2786 5298 illi
2819 5246 3150 5297 noscuntur
3183 5241 3428 5309 habere,

401 5329 515 5381 Nec
541 5325 737 5381 solum
767 5324 1026 5380 scribam
1052 5325 1259 5381 vivens
1288 5341 1423 5398 quae
1454 5328 1605 5384 mira
1633 5331 1877 5401 peregit.
2095 5335 2177 5388 Me
2207 5332 2349 5388 dare
2372 5332 2651 5389 constitui
2672 5349 2825 5405 quos
2856 5348 2990 5386 sum
3022 5331 3349 5403 scripturus
3370 5336 3428 5387 et
3453 5330 3627 5403 ipsis.

332 5415 482 5474 Quin
510 5414 690 5471 etiam
717 5418 1042 5490 postquam
1068 5415 1316 5486 projecit
1341 5416 1612 5488 pondera
1638 5419 1852 5487 carnis,
2096 5426 2340 5495 Insuper
2370 5439 2441 5478 ex
2475 5422 2675 5478 multis
2705 5437 3052 5478 memorans
3078 5421 3369 5477 miracula
3399 5436 3625 5493 pauca,

402 5589 516 5655 (18)
557 5589 843 5646 Nimirum
872 5590 1021 5647 liber
1052 5593 1189 5648 Vitae
1212 5592 1289 5647 ab
1323 5592 1593 5661 Alcuino,
1623 5600 1678 5650 et
1708 5595 1979 5654 duolibri
1999 5597 2438 5671 Miraculorum,
2469 5600 2548 5656 ab
2580 5613 2889 5673 anonymo
2918 5597 3080 5655 editi.
