4020 6176
282 160 424 214 1425
1692 141 1848 199 νΙΤΑ

2060 146 2335 204 [CHARIL
3607 163 3746 219 im

276 285 425 349 Quae
455 279 651 336 sancti
680 277 909 335 meritis
931 276 1144 332 nostris
1171 282 1308 333 sunt
1337 281 1507 347 gesta
1529 274 1763 342 diebus,

276 370 618 440 Aggredior
643 368 867 424 librum
888 365 1127 438 reliquis
1177 366 1583 439 superaddere
1639 365 1946 436 quartum.

277 464 410 517 Non
441 458 601 514 bene
624 455 989 530 compositos
1008 459 1173 510 notet
1211 460 1267 511 et
1289 471 1363 511 ne
1394 454 1543 510 forte
1566 452 1703 526 quis
1719 450 1874 519 illos,

1992 275 2039 327 A
2060 272 2128 327 In
2154 273 2354 329 studio
2379 280 2605 329 memet
2632 277 2824 333 fateor
2852 295 2993 334 cum
3026 279 3254 351 lingere
3292 284 3466 357 coepi,

2066 363 2293 417 Ternos
2325 377 2631 418 annorum
2661 366 2938 423 nondum
2969 367 3316 441 implevisse
3336 373 3581 428 dierum
3610 372 3744 446 (19).

1253 816 1838 934 PROLOGUS
1948 819 2755 912 INVOCATIONIS.

277 1080 499 1133 Auctor
523 1081 827 1150 perpetuae
848 1074 999 1130 lucis
1019 1073 1266 1144 largitor
1295 1077 1352 1130 et
1386 1072 1587 1139 index,

275 1170 583 1223 Eternum
624 1165 729 1221 tibi
758 1163 865 1237 qui
886 1166 1105 1219 Natum
1133 1162 1433 1233 ingenitus
1451 1159 1731 1231 genuisti,

276 1258 386 1311 Per
409 1271 593 1328 quem
622 1253 810 1311 fecisti
839 1250 1141 1325 quidquid
1168 1249 1438 1307 subsistit
1460 1249 1522 1305 in
1543 1248 1709 1319 orbe,

276 1344 616 1400 Perlustras
646 1348 837 1399 totum
864 1345 1074 1396 sancto
1103 1340 1209 1413 qui
1241 1338 1503 1396 Flamine
1553 1336 1875 1405 mundum,

277 1437 468 1502 Quem
502 1434 756 1490 credunt
779 1429 976 1487 cuncti
1002 1430 1216 1486 retinet
1244 1445 1400 1503 quos
1430 1428 1579 1484 ordo
1632 1426 1824 1483 ﬁdelis
1860 1445 1872 1495 ;

278 1523 373 1580 Sic
399 1537 799 1596 personarum
828 1518 1179 1574 distinctum
1199 1517 1446 1573 nomine
1476 1521 1663 1583 terno,
1840 1523 1847 1531 '

279 1610 544 1682 Simplex
574 1614 634 1665 ut
666 1609 855 1664 Deitas
887 1610 1135 1661 maneat
1164 1605 1270 1661 tibi
1297 1620 1539 1677 semper
1568 1609 1623 1660 et
1670 1619 1792 1659 una
1824 1622 1837 1671 ;

280 1704 571 1757 Monstras
597 1697 856 1768 antiquis
881 1695 1088 1768 typica
1113 1695 1217 1767 qui
1246 1694 1378 1764 lege
1404 1694 1591 1749 beatis

284 1792 429 1855 Quae
454 1791 679 1843 reserat
705 1800 951 1841 sumens
985 1788 1161 1839 Jesus
1191 1785 1265 1838 de
1286 1783 1522 1852 Virgine
1549 1798 1794 1838 carnem
1829 1801 1841 1849 ;

284 1877 457 1935 Menti
475 1875 719 1932 infunde
752 1890 900 1930 mese
920 1873 1159 1928 donum
1191 1873 1428 1928 cteleste
1452 1872 1771 1942 benignus,

286 1969 485 2040 Osque
506 1965 665 2037 reple
691 1963 889 2034 laude,
923 1967 988 2017 ut
1018 1962 1248 2035 possim
1279 1966 1520 2018 cantare
1568 1962 1847 2017 decenter

288 2059 432 2122 Quae
464 2070 569 2127 per
601 2052 939 2109 Richarium
971 2050 1206 2121 gessisti
1237 2049 1392 2106 mira
1419 2050 1685 2106 beatum.

289 2145 450 2201 Sicut
473 2143 631 2197 enim
655 2129 918 2197 errorem
940 2138 1212 2211 sequitur
1241 2138 1337 2194 cui
1367 2144 1428 2193 tu
1449 2140 1546 2194 via
1584 2155 1709 2194 non
1767 2128 1837 2194 es
1865 2156 1877 2205 ;

289 2234 382 2290 Sic
410 2234 737 2304 quisquam
759 2230 885 2283 sine
912 2233 964 2283 te
995 2228 1210 2299 poterit
1237 2227 1321 2282 nil
1351 2227 1547 2283 dicere
1575 2228 1650 2283 de
1680 2231 1755 2282 te.

285 2325 440 2378 Voce
464 2320 710 2393 quidem
742 2319 884 2373 novi
908 2322 962 2373 te
990 2318 1437 2372 commonuisse
1461 2317 1772 2389 prophetae

285 2411 569 2468 Dilatetur
597 2413 663 2464 ut
689 2425 778 2479 os,
805 2407 951 2479 quia
982 2407 1061 2461 sis
1083 2406 1330 2479 implere
1360 2412 1624 2479 paratus.

282 2497 375 2552 Ad
403 2496 903 2553 succlamandum
926 2500 1296 2567 quapropter
1327 2510 1603 2567 praeparo
1624 2493 1901 2563 linguam
1934 2510 1946 2547 :

284 2589 371 2643 Da
396 2591 633 2656 gustare
653 2586 799 2642 mihi
825 2601 1014 2658 quam
1050 2585 1132 2640 sis
1164 2585 1363 2640 bonus
1391 2589 1569 2656 atque
1622 2582 1841 2649 suavis,

287 2679 357 2732 Ut
387 2676 624 2732 valeam
644 2681 854 2748 pastus
884 2666 1052 2730 tanta
1082 2673 1397 2730 dulcedine
1420 2672 1675 2728 verbum

288 2754 563 2821 Eructare
591 2764 847 2831 bonum,
876 2780 1091 2820 canere
1130 2769 1186 2820 et
1205 2762 1513 2832 magnalia
1544 2763 1703 2832 regis

287 2857 511 2911 Cuncta
537 2854 950 2923 gubernantis,
981 2853 1085 2925 qui
1111 2869 1222 2908 nos
1251 2853 1325 2908 de
1356 2852 1527 2908 fauce
1552 2851 1745 2907 leonis

288 2944 511 3016 Eripuit
536 2943 685 3014 tetri,
718 2945 893 3015 cujus
925 2943 1143 3015 pietate
1176 2942 1355 2997 soluti

288 3036 336 3087 A
356 3032 565 3088 vinclis
593 3032 823 3099 mortis,
854 3031 987 3087 cceli
1010 3047 1192 3103 super
1220 3035 1379 3087 astra
1398 3030 1691 3086 levamur.

287 3125 443 3178 Nutu
468 3136 731 3193 namque
762 3125 864 3175 tuo
895 3119 1115 3175 caelum
1136 3119 1456 3174 volvuntur
1507 3123 1564 3174 et
1583 3123 1768 3187 astra,

285 3209 493 3266 Tendit
522 3208 601 3265 ad
630 3208 750 3264 alta
779 3208 954 3278 ignis,
980 3212 1269 3263 terrarum
1292 3206 1534 3279 pondus
1565 3206 1645 3262 ad
1696 3206 1840 3278 ima,

285 3300 352 3353 1n
383 3312 549 3352 mare
580 3302 933 3352 cunctarum
967 3311 1179 3350 cursus
1222 3294 1461 3350 festinat
1490 3310 1793 3366 aquarum
1826 3313 1838 3350 :

288 3386 502 3443 Omnia
528 3385 755 3441 claudit
784 3385 997 3450 hiems,
1024 3383 1337 3439 solvuntur
1362 3388 1420 3439 et
1450 3383 1657 3439 omnia
1684 3399 1840 3451 vere,

288 3473 531 3529 [Estatis
562 3472 758 3529 fervor
788 3479 1082 3528 terrarum
1111 3472 1341 3528 semina
1370 3471 1575 3539 siccat,

290 3563 516 3617 Decutit
541 3561 773 3617 arboris
812 3560 1039 3616 fructus
1070 3564 1400 3615 autumnus
1428 3560 1720 3615 honorem
1758 3577 1770 3614 :

286 3651 559 3707 Noscitur
588 3654 770 3721 atque
795 3648 945 3703 nihil
975 3652 1205 3703 naturée
1228 3650 1288 3703 in
1316 3648 1499 3703 rebus
1538 3648 1769 3715 haberi,

290 3740 457 3805 Quod
488 3743 929 3812 praeceptorum
961 3741 1307 3792 contemnat
1331 3738 1502 3807 jussa
1546 3742 1805 3792 tuorum.

289 3830 528 3883 Errores
561 3832 809 3882 cunctos
840 3826 920 3881 da
954 3842 1051 3881 me
1078 3825 1265 3880 vitare
1287 3824 1557 3893 nocivos,

364 3918 431 3971 Ut
455 3920 674 3989 pateat,
706 3915 860 3971 duce
886 3920 961 3983 te,
999 3929 1239 3986 semper
1268 3913 1414 3969 mihi
1444 3913 1656 3969 semita
1686 3912 1841 3968 vitae.

392 4009 429 4059 l.
466 4006 634 4073 Quod
662 4010 936 4060 sanctum
956 4010 1163 4074 patres
1200 4008 1538 4073 genuerunt
1566 4002 1849 4072 religiosi.

291 4093 346 4147 Si
379 4092 513 4164 quis
546 4094 912 4147 Francorum
946 4091 1208 4147 studiose
1238 4095 1405 4160 gesta
1433 4090 1703 4162 priorum

294 4185 600 4239 Scrutatus
626 4182 819 4247 fuerit,
854 4181 1041 4237 discet
1063 4181 1347 4237 bellando
1396 4180 1736 4253 frequenter

293 4270 520 4326 Primos
545 4269 891 4326 barbaricas
921 4285 1090 4339 reges
1118 4285 1431 4341 superasse
1459 4272 1728 4324 catervas
1758 4286 1771 4335 ;

295 4359 506 4431 Sicque
559 4358 928 4428 Dagobertus
969 4374 1226 4428 regnum
1258 4358 1518 4413 tenuisse
1546 4358 1765 4430 quiete,

296 4447 415 4503 Dici
446 4452 510 4503 ut
536 4447 822 4520 paciﬁcus
850 4452 1051 4520 posset
1082 4446 1486 4519 Salomonque
1518 4446 1839 4501 secundus.

295 4540 425 4608 Ipse
452 4552 640 4591 manu
670 4536 837 4605 larga
855 4535 1097 4609 populis
1128 4535 1443 4608 popularia
1471 4534 1633 4589 dona

294 4624 569 4691 Praebuit,
600 4630 657 4679 et
686 4624 937 4692 dignum
960 4624 1169 4681 Christi
1200 4624 1386 4680 servis
1428 4623 1805 4678 famulatum.

293 4711 565 4767 Pluribus
596 4712 779 4783 inque
804 4711 951 4766 locis
978 4718 1145 4767 terra:
1173 4728 1405 4785 coepere
1437 4709 1631 4766 coloni

292 4804 455 4856 Tunc
474 4802 634 4856 mdes
657 4799 908 4854 fundare
938 4816 1160 4867 sacras,
1193 4806 1249 4856 et
1272 4801 1607 4870 relligiosus

292 4890 558 4945 Accrevit
589 4887 839 4943 Domino
870 4887 1149 4959 populus.
1179 4890 1306 4954 Quo
1329 4895 1595 4962 tempore
1650 4888 1880 4959 fulgens

297 4978 523 5033 Lucifer
551 4976 857 5033 astriferas
889 4975 1039 5031 sicut
1063 4976 1405 5047 resplendet
1432 4979 1491 5033 in
1522 4994 1720 5044 auras,

293 5066 514 5123 Claruit
537 5066 598 5121 in
628 5065 763 5120 villa
789 5064 963 5121 claris
996 5079 1026 5118 e
1055 5064 1326 5137 patribus
1355 5074 1540 5134 ortus,

293 5154 543 5210 Laribus
574 5172 608 5210 a
641 5160 881 5210 centum
912 5152 1105 5208 fuerat
1124 5168 1256 5224 quae
1289 5156 1532 5211 Centula
1554 5157 1733 5226 dicta,

294 5242 555 5297 Charum
586 5242 893 5298 Richarius
920 5240 1148 5296 cunctis
1170 5244 1227 5295 et
1247 5241 1507 5297 amabile
1536 5244 1755 5314 pignus
1791 5263 1803 5299 :

294 5331 357 5386 In
384 5347 505 5403 quo
537 5331 818 5387 nobilitas
850 5330 1082 5401 generis
1105 5346 1214 5384 nec
1242 5329 1371 5385 sola
1417 5330 1659 5397 refulsit,

2062 1072 2323 1129 Moribus
2354 1073 2415 1128 in
2446 1076 2664 1131 sanctis
2689 1078 3025 1149 permansit
3052 1078 3313 1150 denique
3349 1080 3658 1147 constans,

2062 1164 2132 1217 Ut
2158 1162 2352 1217 laicus
2376 1162 2508 1219 vitae
2540 1169 2769 1234 gereret
2793 1169 3096 1239 praesagia
3125 1171 3369 1222 sanctae.

2060 1256 2124 1307 II.
2156 1253 2443 1322 Arripuit
2469 1257 2683 1312 callem
2739 1258 2956 1327 quibus
3008 1256 3416 1314 erudientibus
3470 1260 3727 1310 arcium.

2057 1344 2222 1397 Tunc
2249 1345 2308 1396 et
2339 1343 2619 1399 Pontivus
2644 1345 2865 1401 meruit
2898 1345 3313 1418 splendescere
3357 1357 3553 1414 pagus

2059 1434 2228 1487 Forte
2262 1433 2643 1489 sacerdotum
2672 1435 2924 1491 radians
2958 1435 3187 1506 fulgore
3243 1434 3508 1489 duorum
3535 1450 3549 1486 :

2058 1524 2291 1577 Nomen
2316 1523 2566 1594 majoris
2586 1540 2853 1595 quorum
2883 1525 3075 1580 fuerat
3107 1526 3405 1590 CAIDOCUS,

2058 1609 2344 1680 Egregios
2371 1611 2596 1667 meritis
2624 1628 2783 1684 quos
2816 1613 2979 1668 misit
3000 1612 3280 1667 Hibernia
3312 1611 3514 1669 nobis.

1987 1714 2030 1769 Β
2062 1701 2145 1754 Ex
2172 1698 2323 1771 ipsis
2349 1699 2615 1772 populus
2642 1704 2921 1757 temnens
2949 1701 3155 1756 audire
3188 1700 3465 1767 salutem,

2056 1791 2187 1843 Non
2217 1788 2427 1861 recipit
2451 1788 2654 1859 digne,
2684 1789 2874 1859 digno
2904 1806 3013 1845 nec
3046 1793 3257 1845 tractat
3276 1790 3529 1857 honore,

2061 1875 2178 1933 Sed
2198 1876 2397 1947 magis
2429 1893 2465 1933 a
2494 1878 2757 1950 propriis
2783 1878 2964 1949 ccepit
2993 1878 3289 1949 depellere
3320 1878 3516 1933 metis.

2059 1965 2329 2029 Quorum
2359 1965 2623 2021 crudelis
2657 1970 2940 2021 sanctum
2974 1964 3247 2020 violentia
3277 1966 3470 2021 movit

2022 2051 2433 2126 .Richarium,
2458 2058 2518 2111 et
2541 2055 2738 2125 justos
2760 2054 3004 2127 rapiens
3029 2070 3065 2109 a
3094 2053 3268 2125 plebe
3298 2053 3483 2109 feroci

2058 2143 2393 2215 Hospitium
2423 2144 2651 2212 tribuit,
2679 2143 2888 2213 tenuit,
2921 2143 3184 2215 favitque
3234 2144 3520 2214 benigne,

2056 2231 2421 2304 Disponente
2450 2236 2591 2297 Deo,
2620 2249 2747 2304 quo
2774 2231 3147 2287 salvarentur
3177 2232 3436 2303 utrique.

2061 2322 2518 2393 Succensusque
2547 2322 2652 2376 diu
2678 2319 2886 2375 divino
2915 2319 3141 2375 lumine
3169 2320 3430 2391 lychnus

2057 2413 2172 2465 Nec
2202 2409 2404 2465 claudi
2433 2409 2641 2479 valuit,
2668 2408 2875 2465 radios
2899 2408 3002 2463 sed
3033 2408 3095 2464 in
3126 2409 3334 2481 ampla
3394 2408 3658 2465 tetendit.

2058 2500 2328 2568 Namque
2353 2498 2705 2569 peregrinos
2732 2500 3060 2569 postquam
3086 2498 3354 2568 suscepit
3397 2498 3459 2553 in
3513 2496 3727 2563 aedem,

2059 2585 2206 2658 Ipsis
2236 2602 2561 2658 corporeos
2588 2589 2868 2658 sumptus
2896 2584 3145 2655 largitur
3178 2585 3256 2641 ab
3276 2587 3428 2658 ipsis

2061 2673 2357 2731 Sollicitus
2385 2675 2519 2731 vita:
2541 2675 2789 2749 capiens
2814 2674 3174 2745 compendia
3195 2680 3441 2732 sanctae.

2058 2767 2173 2819 Nec
2204 2764 2379 2819 tellus
2411 2765 2621 2821 sterilis
2642 2762 2911 2837 percepit
2939 2763 3169 2819 semina
3198 2764 3369 2820 verbi
3395 2784 3423 2821 ε·

2062 2852 2176 2909 Sed
2204 2854 2393 2909 menti
2411 2854 2682 2922 inseruit,
2714 2852 2910 2908 carnis
2941 2852 3107 2923 quod
3137 2854 3399 2925 sumpsit
3423 2854 3502 2910 ab
3559 2870 3723 2921 aure,

2058 2941 2433 3013 Quamplura
2461 2946 2520 2997 et
2541 2939 2754 2997 Christi
2778 2939 3039 3012 portavit
3067 2940 3145 2995 ad
3163 2940 3386 2997 horrea
3417 2957 3626 3012 grana.

2194 3031 2288 3085 ΙΙΙ.
2327 3031 2601 3098 Qualiter
2631 3034 2859 3086 exacta
2889 3030 3123 3099 deﬂevit
3149 3030 3411 3086 crimina
3437 3030 3592 3086 vitae.
3616 3099 3625 3107 ζ

2064 3117 2155 3172 Sic
2180 3132 2427 3190 quoque
2446 3118 2912 3189 magniloquum
2940 3122 3146 3172 sancta
3175 3117 3407 3172 ratione
3462 3118 3727 3173 virorum

2063 3204 2415 3279 Ccelestique
2438 3207 2622 3262 simul
2652 3211 2842 3263 tactus
2871 3205 3196 3278 spiramine
3229 3210 3501 3274 sanctus,

2059 3296 2244 3351 Mente
2274 3296 2376 3368 pia
2405 3296 2667 3368 propria;
2688 3295 2899 3368 pandit
2926 3293 3279 3367 peccamina
3307 3296 3445 3349 vitae
3470 3311 3484 3361 ;

2058 3387 2249 3454 Atque
2268 3384 2574 3455 juventuti
2603 3385 2650 3440 si
2674 3384 2821 3457 quid
2846 3383 3059 3439 vitiosa
3086 3381 3367 3453 voluptas

2059 3471 2383 3529 Contulerit
2408 3472 2624 3545 culpae,
2651 3473 3058 3544 lacrymarum
3086 3469 3335 3525 flumine
3356 3468 3543 3539 tersit,

2060 3561 2518 3633 Hospitiumque
2542 3565 2659 3618 Deo
2680 3562 2822 3634 quia
2848 3560 2961 3615 sub
2988 3558 3183 3633 specie
3212 3556 3581 3613 famulorum

2060 3650 2344 3719 Praestitit,
2375 3651 2565 3723 ipsius
2596 3651 2705 3707 fuit
2732 3668 2768 3707 a
2796 3651 3013 3724 pietate
3043 3651 3338 3719 receptus.

2133 3740 2363 3794 Extunc
2392 3740 2648 3811 sumpsit
2667 3740 2826 3795 enim
2855 3736 3187 3811 primordia
3233 3735 3576 3805 relligionis,

2061 3828 2214 3883 More
2244 3830 2302 3881 et
2331 3828 2660 3897 apostolico
2686 3832 3058 3899 postponens
3082 3824 3414 3896 posteriora

2061 3912 2386 3969 Prudenter
2412 3929 2538 3967 sese
2565 3914 2838 3986 rapiebat
2865 3912 2927 3967 in
2948 3912 3246 3967 anteriora
3276 3929 3288 3964 :

2061 4001 2470 4073 Versiculique
2495 4018 2729 4057 memor
2757 4001 3082 4056 Psalmistaa
3102 3999 3500 4066 vaticinantis,

2061 4089 2170 4156 Qui
2190 4090 2442 4145 transire
2473 4089 2648 4145 refert
2676 4107 2712 4145 a
2741 4090 2949 4144 virtute
2978 4088 3056 4144 ad
3082 4086 3360 4143 virtutem

2061 4179 2309 4247 Eiectos,
2336 4178 2658 4234 Dominum
2688 4182 2751 4233 ut
2775 4176 3064 4250 quivisset
3092 4175 3255 4231 adire
3284 4176 3557 4232 deorum.

2062 4272 2147 4324 iV.
2171 4268 2340 4335 Quod
2367 4269 2599 4337 pollens
2616 4269 2810 4323 multa
2835 4273 2919 4323 est
2947 4269 3147 4336 factus
3179 4267 3402 4323 virtute
3419 4268 3713 4323 sacerdos.

2060 4362 2194 4414 Post
2218 4374 2281 4413 se
2312 4356 2536 4413 carnali
2560 4361 2793 4413 tantum
2820 4356 3074 4413 frenavit
3103 4355 3182 4411 ab
3236 4372 3394 4423 esca,

2064 4450 2132 4503 Ut
2160 4462 2377 4519 corpus
2402 4446 2604 4520 potius
2633 4446 2883 4502 nutriret
2906 4462 3093 4518 quam
3124 4444 3362 4500 satiaret

2060 4539 2371 4593 Lassatum
2400 4535 2596 4607 longis
2623 4535 2844 4608 jejunis
2870 4534 3082 4590 robore
3112 4531 3287 4605 panis

2061 4626 2372 4698 Conjuncti
2404 4626 2606 4696 cineri,
2639 4623 2923 4695 lacrymis
2957 4625 3132 4677 aucto
3166 4635 3409 4692 quoque
3436 4623 3603 4693 potu.

2058 4718 2299 4788 Hocque
2330 4716 2465 4771 cibo
2495 4718 2709 4779 tentus,
2742 4726 2982 4766 carnem
3006 4709 3222 4765 servire
3250 4709 3445 4779 coegit

2061 4804 2321 4877 Spiritui,
2351 4817 2635 4876 pugnans
2665 4800 2817 4855 aeris
2845 4815 2955 4854 nec
2985 4797 3235 4871 perculit
3262 4814 3460 4865 auras,

2059 4893 2174 4948 Sed
2193 4908 2412 4963 corpus
2437 4889 2627 4959 fregit,
2662 4888 2775 4944 sub
2805 4887 3231 4959 servitiumque
3262 4886 3487 4956 redegit
3518 4905 3530 4941 :

2061 4980 2349 5036 Doctrina!
2380 4977 2587 5035 Christi
2611 4977 2763 5032 lator
2792 4993 2867 5032 ne
2897 4976 3044 5031 forte
3079 4975 3332 5045 futurus,

2060 5073 2107 5122 Α
2138 5083 2448 5140 quoquam
2476 5083 2548 5121 ex
2578 5066 2782 5138 aliquo
2813 5070 3015 5137 posset
3042 5065 3418 5137 reprobarier
3446 5068 3601 5120 actu.

2131 5154 2232 5209 His
2259 5154 2437 5225 igitur
2464 5154 2790 5226 muttisque
2821 5152 2952 5208 aliis
2983 5152 3347 5226 profectibus
3372 5156 3602 5220 auctus,

2062 5246 2278 5301 Sancta
2308 5242 2633 5299 sacerdotis
2656 5242 2737 5297 sic
2767 5242 2846 5297 ad
2876 5241 3112 5312 fastigia
3140 5241 3336 5297 venit:

2060 5332 2354 5391 Christum
2376 5338 2442 5388 ut
2463 5332 2569 5403 qui
2598 5336 2914 5403 promptus
2944 5321 3135 5386 fuerat
3148 5346 3254 5402 per
3278 5330 3453 5402 plura
3469 5329 3707 5402 referre,

370 5509 478 5581 (t9)
533 5509 657 5564 Hoc
703 5513 795 5565 est
837 5508 1112 5564 nondum
1165 5506 1512 5581 implevisse
1571 5512 1687 5564 tres
1734 5526 2035 5569 annorum
2079 5508 2518 5577 hebdomadas,
2552 5524 2661 5564 seu
2689 5524 2883 5565 annos
2910 5524 3101 5564 unum
3130 5512 3188 5563 et
3206 5508 3433 5578 viginti,
3476 5508 3526 5563 si
3554 5512 3710 5564 recte

298 5577 661 5636 divinamus.
