4020 6176
341 176 360 226 l
372 173 473 227 427

337 299 650 365 Congruus
675 296 787 350 hoc
815 297 978 348 tanto
1005 308 1128 364 quo
1157 307 1279 347 non
1309 293 1601 348 caruisset
1629 290 1880 355 honore,

337 384 507 439 Hunc
533 382 793 438 famulus
820 380 1032 435 Christi
1062 380 1254 436 fructu
1284 380 1518 453 pietatis
1569 378 1848 445 adornat,

334 474 503 528 Hunc
532 474 968 544 praeceptorum
992 470 1300 538 geminum
1331 469 1579 524 donavit
1608 469 1855 531 honore,

334 563 501 616 Hunc
532 576 666 631 quae
697 563 835 614 sunt
855 559 1091 614 Domini
1117 559 1539 614 demonstrans
1561 552 1949 628 ampliﬁcavit
1973 569 1985 606 :

332 648 530 706 Cultor
554 653 611 704 et
643 651 703 703 ut
727 647 966 720 sapiens
995 647 1200 703 divino
1230 659 1468 702 vomere
1499 645 1757 710 sulcans,

329 740 532 793 Sentes
554 737 781 809 peccati
807 737 881 791 de
909 736 1120 793 Christi
1149 736 1332 791 vulsit
1353 735 1565 806 agello,

326 829 515 898 Atque
542 825 911 881 salutiferum
941 825 1163 880 roravit
1194 825 1497 880 mentibus
1529 823 1803 878 imbrem.

325 916 388 968 V.
425 915 593 980 Quod
617 915 789 983 prior
808 915 1073 983 implevit
1101 929 1230 984 quae
1256 913 1405 968 alios
1430 912 1715 982 facienda
1738 909 1985 965 docebat

327 1005 456 1068 Quo
488 1003 642 1072 fuso,
667 1003 856 1075 pietas
891 1002 1122 1058 Domini
1151 1018 1260 1057 nec
1287 1001 1472 1058 defuit
1497 1001 1658 1057 alma
1692 1017 1703 1054 :

327 1092 558 1165 Quippe
587 1092 767 1147 Iidem
800 1096 1016 1146 nostra)
1046 1091 1183 1146 fecit
1204 1107 1573 1147 succrescere
1597 1089 1786 1159 gentis

329 1181 491 1236 Unde
523 1181 623 1236 Dci
657 1197 864 1235 servus
896 1181 1115 1235 charus
1141 1180 1369 1236 cunctis
1395 1184 1451 1234 et
1475 1179 1774 1235 amandus

327 1268 552 1324 Exstitit
581 1274 637 1323 et
661 1267 890 1324 merito.
925 1268 1219 1331 Quoniam
1249 1285 1372 1324 non
1401 1269 1620 1338 dignus
1683 1269 1909 1324 honore

324 1360 506 1422 Esset,
548 1355 834 1411 mellilluo
863 1356 966 1428 qui
995 1357 1162 1427 quod
1183 1373 1460 1413 sermone
1498 1355 1770 1422 docebat,

323 1446 582 1501 Praevius
611 1446 726 1501 hoc
758 1461 930 1501 sacro
963 1447 1338 1503 monstrabat
1377 1446 1620 1516 signifer
1643 1450 1781 1502 actu
1808 1447 1835 1500 ‘I

326 1535 380 1592 Si
410 1535 558 1606 quid
587 1540 643 1590 et
669 1551 704 1590 a
727 1535 953 1606 populo
978 1536 1265 1591 doctrinae
1288 1536 1348 1591 in
1371 1536 1521 1608 stipe
1558 1535 1799 1606 recepit,

325 1624 470 1679 Illud
499 1639 829 1692 egenorum
855 1624 1368 1696 delegitsumptus
1389 1631 1454 1681 ut
1482 1631 1654 1680 esset.

395 1712 546 1776 Quin
579 1713 758 1768 etiam
787 1712 920 1767 vitae
944 1718 1209 1768 venturae
1234 1714 1448 1770 ductus
1479 1729 1684 1770 amore

323 1802 586 1857 Decrevit
613 1802 808 1857 lucem
830 1818 951 1858 non
981 1803 1292 1858 sollicitare
1321 1807 1688 1875 sequentem.

320 1890 583 1944 Creditor
606 1907 642 1944 o
669 1890 807 1944 felix
838 1907 874 1945 o
905 1891 997 1945 vir
1024 1891 1338 1946 recolende
1368 1908 1473 1962 per
1509 1907 1725 1956 aevum,

319 1979 471 2032 Dum
502 1982 749 2048 praestas
779 1993 1058 2048 parvum,
1092 1979 1223 2033 coeli
1253 1982 1356 2050 qui
1383 1995 1567 2048 regna
1615 1979 1900 2035 lucraris!

320 2067 584 2138 Deniqne
613 2067 880 2122 solamen
913 2068 1171 2137 miseris,
1195 2073 1415 2124 tectum
1437 2069 1763 2141 peregrinis

319 2156 614 2223 Exhibuit,
643 2155 838 2210 viduis
865 2161 1021 2211 tutor
1047 2157 1155 2212 fuit
1174 2162 1352 2228 atque
1378 2157 1617 2229 pupillis
1653 2176 1665 2222 ;

320 2248 387 2300 Ut
411 2245 524 2300 Job
547 2261 656 2316 pes
673 2244 931 2314 claudis,
956 2247 1164 2300 oculus
1189 2262 1432 2318 quoque
1448 2247 1674 2302 lumine
1694 2246 1974 2318 demptis.

318 2335 402 2388 VI.
431 2335 600 2402 Quod
623 2336 864 2390 miseros
887 2337 1058 2402 fovit,
1116 2337 1342 2405 n'gidos
1390 2338 1656 2407 (iureque
1713 2337 1978 2393 dcmavit

317 2423 435 2477 Nec
466 2422 738 2494 despexit
769 2439 945 2495 opem
976 2424 1186 2479 laceris
1217 2425 1483 2481 conferre
1504 2425 1757 2498 leprosis
1784 2443 1798 2491 ;

316 2511 428 2565 Sed
458 2517 774 2582 promptus
802 2512 1056 2567 lavacris
1084 2513 1353 2584 ipsorum
1380 2515 1653 2570 membra
1676 2513 1901 2580 refovit,

320 2600 504 2654 Intrat
529 2599 589 2654 in
612 2600 739 2656 hinc
770 2601 947 2656 etiam
980 2608 1116 2674 post
1135 2600 1267 2659 illos
1292 2604 1421 2675 ipse
1441 2603 1758 2660 levandus.

323 2688 597 2760 Quidque
630 2690 926 2761 Propheta
955 2691 1056 2761 pio
1089 2692 1398 2763 quondam
1429 2697 1795 2764 praeceperat
1849 2707 1972 2762 ore,

321 2780 608 2847 Frangere
635 2778 738 2850 qui
764 2794 984 2850 panem
1010 2780 1182 2850 jubet
1205 2782 1622 2851 esurientibus,
1653 2786 1831 2854 atqtie

319 2869 381 2918 In
419 2870 639 2920 tectum
669 2867 879 2921 Christi
911 2867 1244 2924 conducere
1274 2871 1526 2926 mandat
1553 2886 1795 2938 egenos,

318 2952 413 3008 Ille
447 2956 565 3007 Deo
591 2953 804 3024 pienus
832 2955 1017 3010 surda
1039 2971 1159 3012 non
1187 2959 1442 3030 sumpsit
1466 2959 1544 3014 ab
1593 2975 1756 3015 aure.

323 3044 436 3095 Nec
460 3041 568 3095 sibi
595 3043 928 3112 conjunctis
955 3048 1186 3100 tantum
1215 3047 1426 3102 solatia
1452 3048 1666 3113 carnis,

316 3130 426 3185 Sed
457 3144 732 3185 recreans
764 3131 1018 3198 animos,
1052 3134 1346 3206 impendit
1370 3137 1555 3192 verba
1585 3136 1787 3193 salutis
1813 3156 1826 3203 ;

314 3220 378 3273 Et
410 3217 717 3273 solabatur
741 3219 892 3274 sicut
921 3221 1136 3292 pietate
1168 3223 1450 3289 misellus,

312 3308 470 3361 Dura
499 3307 584 3362 sic
609 3308 842 3364 domuit
867 3309 981 3365 sub
1007 3311 1348 3368 conditione
1388 3313 1705 3384 superbos.

313 3398 424 3450 Nec
460 3396 600 3451 foris
630 3398 935 3453 humanus
953 3399 1140 3454 valuit
1170 3401 1480 3457 devincere
1512 3408 1717 3471 terror,

310 3486 558 3538 Interius
590 3485 798 3541 Christi
823 3500 1006 3558 quem
1038 3489 1504 3559 perlustraverat
1545 3492 1742 3546 ardor.

310 3576 436 3626 Non
469 3572 576 3627 fuit
608 3587 643 3628 a
681 3580 858 3629 vento
885 3589 1022 3645 quae
1057 3577 1397 3632 turbaretur
1423 3579 1644 3645 rundo,

309 3661 513 3713 Posset
538 3664 600 3713 ut
630 3660 807 3715 ullius
835 3662 1042 3729 lingua
1072 3662 1308 3718 fallente
1336 3665 1555 3721 reﬂecti
1585 3684 1597 3720 :

312 3747 559 3817 Semper
586 3747 688 3801 sed
720 3747 908 3803 solide
935 3748 1150 3804 sistens
1177 3749 1462 3806 bonitatis
1491 3753 1552 3807 in
1578 3769 1734 3820 arce,

308 3835 586 3891 Humano
615 3851 742 3892 sese
772 3837 1016 3908 tempsit
1037 3840 1458 3910 reprehendier
1485 3856 1606 3897 ore.

306 3923 395 3978 Sic
425 3925 680 3980 Domino
695 3925 956 3998 plebem,
985 3931 1044 3981 et
1073 3928 1306 3983 Domini
1332 3929 1444 3984 sibi
1460 3931 1960 4000 junxitamorem.

417 4015 527 4068 VII.
560 4013 729 4079 Quod
759 4016 990 4084 tribuit,
1022 4016 1265 4142 sibiunit
1316 4020 1598 4090 retinens,
1654 4021 1859 4078 oblata

990 4101 1132 4142 mzse
1189 4104 1254 4142 ιε.

990 4101 1254 4143 πηδειιιε.

379 4171 572 4240 Hujus
600 4176 658 4227 et
685 4187 724 4227 a
749 4173 976 4245 populo
1004 4175 1193 4231 sancti
1217 4175 1455 4233 devotio
1482 4183 1690 4236 sancta

305 4258 632 4330 Postquam
666 4262 1046 4333 conspicitur,
1074 4265 1306 4334 colitur,
1340 4273 1672 4336 veneratur,
1702 4274 1963 4340 amatur,

1388 165 1831 222 ANGELRANNI
1873 161 2167 218 ABBA'I’IS
2204 165 2680 222 CENTUDENSIS

2021 287 2070 340 A
2102 289 2512 360 Promptusad
2542 289 2816 346 indoctos
2851 289 3065 358 satagit
3119 289 3371 344 transire
3421 288 3760 356 Britannos,

3623 168 3643 218 l
3657 167 3761 220 428

2100 375 2403 434 Illustrans
2433 380 2692 452 patriam
2722 379 2897 436 variis
2924 377 3225 434 erroribus
3251 381 3470 434 atram.

2101 469 2163 519 In
2190 470 2446 541 qua"per
2472 469 2737 541 spatium
2766 468 2908 524 dum
2939 468 3100 538 longi
3127 467 3416 540 temporis
3453 467 3584 538 ipse

2097 555 2218 610 Stat
2242 571 2364 612 non
2391 557 2594 626 segnis
2640 557 2700 612 in
2760 558 2850 612 his
2893 574 3028 629 quae
3087 561 3228 612 sunt
3279 555 3492 610 divina
3539 556 3762 610 doceno

3532 644 3689 714 ldis;

2097 732 2254 788 Illius
2284 734 2343 788 in
2367 739 2631 790 mentem
2663 734 2842 790 fertur
2867 734 3097 790 venisse
3125 739 3391 807 repente,

2097 824 2310 880 Servos
2332 824 2390 878 in
2423 824 2621 898 patria
2649 824 2951 896 quosdam
2984 825 3126 896 quia
3153 824 3412 896 liquerat
3471 824 3587 878 ista

2094 909 2370 966 Nondum
2395 910 2636 968 libertos
2666 929 2739 967 ex
2768 912 3195 968 consuetudine
3225 912 3442 968 factos.

2092 1001 2182 1054 Ad
2223 1001 2434 1068 socios,
2462 1001 2697 1074 inquid,
2731 1018 2791 1057 se
2823 1003 2934 1057 hoc
2977 1001 3340 1074 percutiente
3390 1001 3611 1056 dolore
3646 1020 3656 1053 :

2092 1092 2213 1144 Heu
2239 1090 2250 1144 l
2276 1106 2387 1145 nos
2422 1090 2653 1146 solliciti
2685 1089 2831 1145 dum
2862 1090 3218 1146 festinamus
3248 1089 3326 1145 ad
3359 1090 3534 1154 istos,

2089 1180 2293 1234 Servili
2322 1180 2598 1252 proprios
2624 1179 2737 1234 sub
2767 1179 3102 1236 conditione
3130 1179 3365 1250 legatos

2091 1267 2397 1339 Liquimus
2429 1268 2489 1324 in
2511 1270 2726 1340 patria,
2756 1269 2893 1324 novi
2919 1269 3032 1324 cito
3059 1285 3215 1341 quos
3245 1269 3600 1324 morituros.

2090 1357 2271 1412 Littus
2301 1362 2670 1430 quapropter
2689 1373 2875 1430 quam
2901 1357 3248 1413 festinanter
3272 1358 3457 1426 adite,

2090 1447 2290 1502 Undas
2319 1451 2496 1519 atque
2528 1447 2712 1503 maris
2741 1447 3007 1503 certatim
3037 1447 3261 1520 carpite
3283 1449 3494 1517 remis,

2087 1534 2493 1606 Mittentesque
2524 1551 2775 1590 manum
2805 1535 3062 1591 famulos
3089 1535 3391 1590 absolvite
3423 1540 3686 1591 nostros.

2161 1623 2335 1680 Haud
2365 1639 2540 1680 secus
2562 1641 2632 1680 ac
2648 1623 2829 1694 jussit
2857 1628 3160 1696 patrantes
3188 1624 3296 1680 rite
3355 1624 3621 1679 ministri

2089 1716 2151 1767 In
2182 1714 2437 1784 patriam
2471 1714 2721 1769 veniunt
2741 1715 2929 1769 sancti
2958 1730 3260 1787 sanosque
3293 1713 3543 1769 clientes

2087 1802 2421 1868 Inveniunt,
2451 1804 2682 1858 donant
2711 1819 2780 1858 ac
2808 1803 3091 1858 libertatis
3139 1801 3394 1858 honore.

2087 1891 2201 1955 Qui
2231 1891 2366 1946 facti
2397 1891 2666 1960 ingenui,
2694 1891 2960 1946 revoluto
2991 1897 3262 1964 tempore
3294 1907 3507 1964 parvo.

2087 1978 2325 2035 Dixerat
2343 1983 2408 2035 ut
2431 1984 2693 2048 sanctus,
2727 1985 2960 2052 ponunt
2989 1979 3339 2035 habitacula
3390 1979 3619 2036 carnis.

2087 2072 2302 2138 Ingens
2332 2085 2367 2124 ο
2399 2069 2633 2126 Domini
2660 2075 2888 2142 quanta
2919 2074 3007 2126 est
3026 2069 3346 2125 clementia
3385 2069 3609 2125 Christi
3643 2073 3653 2121 ῐ

2087 2156 2197 2221 Qui
2228 2155 2434 2211 famuli
2465 2157 2523 2212 in
2549 2161 2811 2212 mentem
2845 2157 3008 2213 saevit
3037 2157 3272 2230 pietatis
3313 2173 3618 2222 amorem,

2086 2245 2290 2299 Finem
2323 2261 2632 2300 servorum
2664 2247 3014 2301 monstravit
3042 2247 3269 2318 quique
3317 2246 3757 2318 propinquam.

2088 2333 2232 2388 Huic
2259 2350 2334 2389 ne
2363 2335 2436 2389 de
2460 2335 2717 2406 propriis
2744 2335 3015 2406 periisset
3040 2351 3194 2406 opus
3242 2334 3617 2403 miserantis,

2088 2423 2201 2475 Nec
2234 2421 2538 2490 gravitatis
2566 2438 2721 2476 onus
2750 2421 3146 2478 morientibus
3196 2422 3614 2495 imposuisset.

2087 2511 2314 2564 Extunc
2333 2510 2436 2581 qui
2468 2510 2704 2566 nullum
2735 2510 2848 2565 sub
2878 2527 2938 2565 se
2959 2510 3209 2565 retinere
3245 2510 3511 2575 volebat,

2086 2597 2199 2652 Sed
2223 2597 2334 2652 sibi
2365 2597 2668 2668 subjectos
2699 2599 2924 2653 studuit
2971 2598 3302 2653 dissolvere
3333 2604 3612 2660 cunctos.

2084 2688 2145 2739 In
2177 2687 2432 2758 propriis
2462 2686 2651 2740 durus
2683 2703 2755 2742 ne
2784 2692 3126 2742 censeretur
3155 2687 3388 2754 haberi,

2084 2774 2350 2828 Externis
2373 2774 2577 2830 mitem
2600 2775 2704 2849 qui
2736 2792 2798 2829 se
2824 2776 3087 2849 praebere
3120 2776 3374 2846 parabat
3409 2794 3421 2829 :

2081 2861 2373 2932 Quodque
2405 2861 2593 2918 salute
2625 2862 2862 2918 lucrum
2894 2863 3208 2931 collegerat
3238 2880 3309 2918 ex
3357 2863 3639 2926 aliorum,

1994 2933 1996 2936 l
2013 2987 2054 3042 Ο
2082 2951 2193 3005 Per
2218 2950 2453 3022 pietatis
2480 2968 2633 3023 opus
2657 2959 2857 3023 posset
2887 2952 3192 3008 cumulare
3227 2970 3503 3008 suorum.

2190 3043 2273 3094 IX.
2327 3040 2513 3105 Quam
2567 3043 2758 3110 fuerit
2805 3052 3081 3097 constans
3122 3043 3358 3098 rediens
3398 3058 3435 3098 α
3464 3050 3643 3110 parte

2714 3131 3103 3186 Britannum.

2079 3216 2368 3270 Doctrinae
2401 3217 2618 3286 agresti
2647 3218 2750 3290 qui
2779 3224 3102 3290 postquam
3130 3219 3362 3291 pabula
3393 3219 3552 3291 plebi

2079 3305 2355 3374 Contulit,
2386 3306 2463 3361 ad
2493 3307 2751 3368 patriam
2785 3313 3064 3379 properat
3113 3325 3384 3364 remeare
3427 3309 3690 3365 relictam
3723 3328 3734 3361 :

2078 3393 2348 3450 Messoris
2379 3394 2580 3467 cupidi
2606 3411 2839 3451 morem
2866 3412 2941 3450 ne
2971 3396 3116 3452 forte
3152 3398 3488 3470 sequendo,

2077 3483 2350 3547 Quaerere
2371 3483 2431 3537 in
2466 3483 2705 3538 alterius
2739 3484 2960 3552 gaudet
2991 3485 3136 3540 dum
3167 3487 3424 3558 praemia
3454 3501 3661 3551 messe,

2076 3572 2353 3627 Perderet
2380 3571 2507 3643 ipse
2534 3588 2721 3628 manu
2747 3574 2988 3646 propria
3018 3591 3209 3648 quam
3239 3581 3459 3630 several
3509 3575 3727 3646 ipsam.

2147 3660 2355 3716 Christi
2385 3665 2442 3714 et
2469 3660 2527 3714 in
2556 3660 2864 3733 obsequiis
2891 3667 3052 3718 tanto
3086 3663 3368 3733 ﬂagravit
3391 3663 3664 3731 anhelus,

2073 3752 2305 3814 Quanto
2331 3749 2491 3805 diem
2531 3766 2719 3822 prope
2749 3752 3027 3822 cognovit
3056 3753 3168 3807 sibi
3211 3756 3477 3809 muneris
3509 3771 3666 3810 esse.

2074 3838 2336 3909 Denique
2363 3839 2649 3908 jejunans
2677 3841 2836 3895 vires
2869 3841 3063 3898 carnis
3093 3843 3470 3911 macerabat,

2070 3926 2290 3982 Atﬂlxit
2312 3932 2500 3981 semet
2525 3926 2800 3996 vigilans,
2837 3928 3084 3984 munivit
3107 3935 3164 3984 et
3190 3946 3395 3999 orans,

2073 4014 2479 4071 Consolidavit
2507 4031 2634 4086 spe,
2657 4016 2795 4072 ﬁdei
2828 4017 3135 4089 praecinxit
3165 4024 3223 4074 et
3244 4020 3451 4088 armis,

2075 4102 2299 4158 Nullius
2321 4108 2500 4176 atque
2520 4103 2696 4158 malis
2726 4110 2924 4160 motus
2951 4105 3273 4162 maledicta
3298 4107 3599 4180 rependit.

2069 4195 2197 4247 Non
2230 4192 2452 4263 sprevit
2479 4209 2874 4266 quemquam,
2901 4193 3132 4250 nullum
3163 4196 3399 4268 decepit
3459 4196 3744 4253 adulans.

2073 4281 2302 4338 Scilicet
2330 4287 2393 4338 ut
2418 4282 2547 4338 vitae
2577 4283 2790 4338 callem
2820 4283 2979 4356 prior
3004 4284 3421 4354 ingrederetur

302 4349 570 4442 Donatur
589 4347 784 4442 donis.
808 4350 872 4405 In
902 4367 1042 4408 eum
1068 4352 1221 4424 [tege
1244 4333 1306 4409 in
1337 4357 1430 4427 eo]
1480 4333 1714 4414 dilectio
1737 4333 1962 4432 duplea
1992 4333 2038 4387 Β
2068 4333 3557 4442 ἐζηὲίόνέθῖξὸξιζ-ἆδξὲδδῐ.

306 4436 418 4491 Sed
443 4437 735 4508 quoniam
754 4439 972 4510 fuerat,
999 4442 1218 4513 partim
1249 4443 1530 4515 dispersit
1548 4446 1755 4516 egenis

302 4525 439 4581 Haec
471 4527 704 4598 eadem,
734 4530 956 4602 partim
986 4535 1194 4602 captos
1232 4547 1305 4586 ex
1355 4531 1568 4605 hisque
1615 4536 1884 4594 redemit.

373 4618 644 4688 Namque
669 4618 980 4676 diabolicis
1011 4619 1158 4696 alios
1187 4621 1488 4678 erroribus
1511 4629 1674 4680 actos

300 4705 364 4757 In
395 4703 660 4777 culpam,
692 4707 868 4764 solvit
894 4707 1026 4764 vitae
1077 4708 1442 4768 documenta
1481 4713 1844 4772 ministrans.

297 4793 611 4850 Mundanis
639 4795 902 4852 dominis
932 4796 1219 4856 retributo
1249 4803 1309 4855 et
1335 4816 1584 4859 munere
1629 4803 1814 4874 digno

293 4879 496 4937 Plures
523 4883 715 4939 servili
737 4885 965 4957 positos
991 4886 1105 4942 sub
1133 4887 1263 4958 lege
1293 4889 1562 4960 redemit,

299 4972 368 5026 Ut
387 4977 632 5042 possent
661 4974 878 5030 animae
909 4975 1088 5047 primi
1119 4979 1382 5046 gaudere
1403 4979 1614 5052 salute,

297 5061 465 5115 Ferre
485 5060 706 5130 jugum
738 5062 972 5120 Domini
994 5063 1163 5122 ﬁeret
1188 5066 1316 5122 leve
1341 5072 1518 5141 atque
1569 5072 1848 5128 secundis

292 5151 429 5204 VIII.
463 5150 629 5206 More
657 5151 1094 5220 prophetarum
1134 5157 1404 5226 implevit
1466 5161 1626 5230 quod
1686 5161 1951 5232 Spiritus

1025 5246 1218 5302 illum.

290 5332 406 5383 Nec
438 5328 634 5386 solum
655 5331 862 5388 divina
892 5333 1117 5390 docens
1147 5336 1208 5392 in
1240 5338 1511 5409 partibus
1542 5339 1666 5394 istis

290 5419 551 5475 lnnotuit
579 5437 858 5493 magnus,
892 5423 1035 5480 clari
1065 5426 1168 5480 sed
1196 5426 1334 5481 solis
1365 5427 1443 5482 ad
1470 5427 1657 5484 instar

293 5508 507 5564 Oceani
534 5510 763 5578 glaucis
794 5513 898 5584 qui
927 5531 1072 5571 mox
1105 5520 1168 5571 ut
1195 5518 1384 5587 surgit
1410 5517 1489 5575 ab
1523 5519 1698 5576 undis

292 5595 537 5661 Depellit
561 5599 741 5654 radiis
764 5606 931 5656 terrae
957 5603 1202 5673 vestigia
1221 5607 1432 5677 noctis,

2071 4456 2160 4512 Sic
2189 4457 2358 4527 galea
2387 4462 2594 4525 tectus,
2627 4458 2855 4516 cinctus
2883 4459 3204 4533 gladioqIJe
3240 4462 3470 4536 salutis,

2069 4546 2340 4618 Undique
2368 4547 2609 4617 iustitiae
2642 4549 3044 4606 circumdatus
3072 4554 3257 4624 atque
3289 4551 3499 4621 lorica,

2066 4637 2295 4691 Sanctis
2325 4636 2507 4692 etiam
2536 4636 2677 4693 ﬁdei
2713 4643 2874 4696 tutus
2906 4640 3241 4698 munimine
3273 4643 3446 4710 scuti,

2065 4725 2154 4780 Ad
2185 4725 2410 4781 bellum
2441 4726 2619 4782 vivax
2649 4731 2963 4800 antiquum
2991 4729 3154 4786 vadit
3183 4730 3246 4785 in
3271 4731 3538 4800 hostem,

2065 4813 2225 4868 Illius
2257 4830 2326 4869 ac
2356 4813 2583 4886 pellens
2615 4816 2884 4872 ardentia
2908 4817 3025 4873 tela
3064 4817 3409 4892 frequenter

2063 4903 2228 4972 Vicit,
2259 4907 2317 4958 et
2345 4903 2619 4961 Ecclesiae
2651 4905 2859 4962 Christi
2885 4906 3075 4978 spolia
3103 4909 3312 4981 ampla
3351 4910 3598 4966 reduxit

2063 4993 2177 5064 Ipsi
2203 4996 2365 5048 tanto
2396 4993 2588 5062 magis
2609 4993 2765 5052 hosti
2793 4993 3148 5052 metuendus
3177 4997 3413 5070 iniquo,

2063 5080 2225 5135 Utilis
2255 5080 2537 5135 humanis
2565 5087 2863 5154 quantum
2895 5084 3109 5140 meruit
3139 5085 3263 5140 fore
3293 5087 3475 5160 [esse]
3509 5089 3738 5157 causis,

2061 5171 2209 5224 Nam
2239 5167 2352 5224 Sibi
2382 5183 2505 5224 non
2528 5169 2746 5235 solum,
2780 5171 2882 5226 sed
2911 5171 3110 5228 multis
3142 5173 3570 5230 subveniebat.

2060 5257 2323 5330 Denique
2353 5257 2681 5329 multorum
2707 5260 2865 5329 juste
2899 5261 3230 5317 celebratur
3260 5262 3340 5318 ab
3375 5279 3504 5332 ore,

2058 5344 2263 5400 Multos
2285 5362 2392 5418 per
2417 5347 2711 5403 Christum
2739 5349 2842 5420 qui
2873 5348 3234 5405 defendebat
3259 5350 3342 5405 ab
3394 5352 3573 5408 hoste
3611 5371 3624 5407 :

2056 5437 2239 5503 Cujus
2269 5434 2555 5491 virtutum
2587 5452 2707 5492 non
2737 5437 2879 5493 tanti
2915 5443 3002 5493 est
3029 5437 3224 5492 dicere
3277 5445 3472 5511 gesta,

2056 5524 2272 5588 Quanti
2301 5541 2438 5598 quae
2466 5526 2641 5582 fuerit
2669 5527 2848 5582 virtus
2879 5543 3236 5599 cognoscere
3269 5534 3463 5594 tanta,

2055 5611 2293 5671 Multam
2318 5631 2442 5687 qua
2468 5615 2707 5689 plebem
2743 5617 2992 5674 Domino
3025 5617 3170 5673 dum
3200 5618 3350 5675 vivit
3396 5619 3652 5678 adunat.
