3988 6182
213 200 350 253 1429

211 321 488 378 lndoctos
516 321 735 377 etenim
765 321 985 378 calesti
1014 336 1264 393 pascare
1288 335 1444 391 pane

204 412 283 465 Ne
314 410 639 481 quisquam
664 410 911 479 dubitet,
944 410 1116 479 signo
1163 409 1337 481 quod
1360 407 1647 480 pravalet
1675 404 1860 462 omni.

206 498 492 563 Quamvis
521 499 670 555 dum
703 505 953 571 tempus,
1004 498 1150 554 dum
1201 497 1617 554 convenientia
1663 509 1864 552 rerum

201 588 459 641 Poscunt
482 586 728 643 effectus
759 602 881 642 non
906 586 1142 643 deesset
1170 586 1322 641 mira
1347 586 1662 659 operandi,

203 675 299 730 Vir
320 681 563 732 sanctus
597 676 847 732 Domino
870 692 1008 747 qua
1047 676 1410 732 concedente
1436 674 1679 748 peregit.

203 820 263 873 X.
296 819 489 873 Omns
518 822 840 874 tentantem
879 833 939 874 se
981 818 1141 888 quod
1168 819 1571 887 prostrauerit
1616 818 1857 871 hostem.

206 942 468 1013 Denique
499 940 780 998 sustinuit
809 945 1068 998 tentatus
1098 942 1179 998 ab
1217 947 1344 998 oste
1376 942 1681 1008 ruborem,

203 1032 393 1095 Quem
425 1031 656 1086 Domini
687 1031 875 1103 pietas
904 1047 965 1087 in
990 1030 1187 1087 laudis
1212 1032 1382 1086 vertit
1403 1031 1715 1085 honorem.

203 1119 405 1175 Visens
434 1120 710 1176 subsidio
738 1120 1072 1192 quamdam
1103 1120 1379 1176 suffultus
1411 1118 1631 1192 equino

200 1212 547 1280 Matronam,
575 1214 784 1267 sancta
815 1211 929 1267 sub
966 1210 1270 1281 relligione
1302 1210 1609 1283 pudicam,

200 1302 264 1354 In
295 1299 466 1369 cujus
496 1301 632 1354 vita
662 1299 765 1371 qui
794 1304 1118 1371 postquam
1147 1304 1391 1371 pectora
1419 1301 1637 1354 sancta

200 1388 493 1456 Dogmata
522 1386 864 1450 transfudit,
895 1387 1161 1459 disponit
1188 1386 1339 1443 forte
1369 1386 1600 1442 reverti.

197 1479 268 1530 At
297 1476 510 1532 mulier
536 1476 661 1531 nati
688 1475 1014 1547 dcportans
1045 1476 1318 1532 membra
1348 1475 1547 1547 pusilli

198 1564 536 1636 Insequitur
574 1570 870 1631 sanctum,
919 1570 1218 1637 quatenus
1265 1565 1643 1621 benediceret
1665 1564 1854 1631 illum,

198 1655 277 1708 De
307 1653 484 1709 fontis
512 1670 683 1710 sacra
703 1670 886 1726 quem
912 1655 1040 1725 jam
1066 1658 1413 1727 susceperat
1438 1654 1622 1710 unda.

198 1746 246 1796 A
278 1749 606 1815 sanctoque
635 1744 735 1799 Dei
758 1744 889 1814 jam
918 1745 1019 1800 vix
1037 1744 1263 1800 infante
1294 1748 1554 1817 recepto,

195 1831 454 1903 Antiquo
482 1833 731 1888 insidias
762 1833 932 1888 hoste
957 1838 1265 1889 exercente
1296 1836 1585 1898 vetustas,

196 1920 481 1976 Dentibus
507 1920 814 1977 infremuit
843 1922 1104 1995 sonipes,
1131 1922 1513 1995 pedibusque
1543 1920 1760 1976 relaxis

196 2010 446 2064 Vertitur
480 2009 541 2064 in
568 2010 818 2078 rabiem,
847 2012 1167 2083 curritque,
1201 2011 1457 2081 salitque
1484 2014 1781 2080 meatque.

197 2097 368 2161 Quod
399 2113 669 2169 cernens,
702 2100 954 2171 cupidos
985 2100 1236 2168 genitrix
1266 2098 1478 2153 avertit
1501 2097 1741 2163 ocellos,

196 2184 500 2240 lnteritum
530 2186 701 2257 pueri
732 2186 930 2242 videat
958 2200 1033 2242 ne
1062 2186 1209 2242 forte
1246 2186 1492 2241 ruentis.

191 2275 297 2326 Ast
322 2272 627 2345 utriusque
657 2274 876 2329 timens
903 2275 1199 2333 damnum
1220 2274 1435 2343 vulgus
1464 2273 1849 2343 famulorum,

192 2362 319 2414 Non
348 2358 541 2430 ﬂetus,
567 2360 861 2433 planctus,
894 2362 1089 2418 luctus
1112 2363 1377 2418 emittere
1400 2367 1613 2418 cessat.

191 2450 425 2503 Petrum
456 2453 837 2506 cunctantem
868 2451 971 2506 sed
998 2466 1136 2523 qua
1162 2450 1426 2522 suscepit
1453 2450 1514 2504 in
1545 2449 1742 2513 undis,

192 2537 345 2591 Dum
372 2539 584 2593 cecidit
611 2554 867 2610 puerum
898 2544 1214 2595 conservat
1237 2540 1483 2595 dextera
1513 2537 1741 2594 Christi.

189 2628 429 2682 Munera
440 2641 705 2699 namque
723 2644 968 2700 precum
981 2633 1304 2702 postquam
1322 2627 1583 2700 porrexit
1591 2627 1653 2682 in
1665 2626 1854 2683 altum

194 2715 285 2769 Vir
310 2715 564 2784 Domini,
591 2716 811 2773 illasus
837 2733 986 2789 puer
1011 2717 1446 2789 incolumisque
1470 2720 1713 2788 repente

188 2804 279 2859 Ad
308 2808 529 2860 terram
560 2806 737 2871 venit,
772 2811 972 2862 vector
1000 2806 1178 2862 datur
1206 2811 1385 2877 atque
1415 2804 1622 2878 quieti,

194 2895 260 2948 Et
290 2898 480 2949 mater
503 2893 651 2949 latis
678 2894 909 2967 prolem
940 2895 1317 2969 amplexatur
1346 2893 1405 2949 in
1432 2892 1588 2949 ulnis
1612 2911 1624 2948 :

188 2981 277 3035 Ad
306 2981 490 3036 decus
518 2986 575 3038 et
602 2982 810 3038 famuli
846 2983 1131 3038 Dominus
1158 2984 1238 3037 sic
1268 2980 1541 3038 transulit
1568 2980 1756 3037 hostis

192 3070 478 3133 Fraudes,
507 3086 577 3126 ac
600 3070 812 3127 humili
838 3071 1067 3128 doctrix
1098 3071 1207 3127 fuit
1236 3071 1330 3127 ala
1361 3070 1639 3145 superba.

186 3159 452 3231 Denique
481 3159 702 3215 nullius
730 3160 919 3217 voluit
945 3160 1349 3216 conscendere
1378 3160 1641 3232 posthac

188 3252 376 3304 Dorsa
405 3248 617 3305 ferocis
642 3249 799 3322 equi,
825 3250 1024 3323 potius
1056 3251 1159 3305 sed
1192 3249 1349 3305 mitis
1379 3248 1539 3305 aselli
1566 3266 1579 3304 :

188 3340 410 3409 Nempe
439 3342 669 3406 tenens,
685 3343 938 3393 mortem
956 3342 1253 3410 pauperat
1277 3337 1425 3393 dum
1444 3353 1679 3393 sumere
1698 3337 1845 3408 Vita,

188 3425 496 3496 lsto~quod
526 3424 623 3479 vili
654 3424 827 3481 fuerit
857 3425 1189 3495 gestamine
1226 3428 1415 3481 vecta.

184 3515 380 3569 Causa
408 3513 688 3571 doctrinas
720 3514 802 3571 sic
830 3514 979 3573 dum
1002 3514 1135 3572 loca
1166 3514 1341 3586 plura
1365 3519 1666 3586 peragrat,

186 3600 437 3657 Sedulus
456 3602 596 3659 huic
618 3608 826 3661 sancto
850 3603 1004 3661 lator
1030 3602 1262 3659 suffecit
1290 3604 1528 3660 asellus.

182 3690 249 3743 Et
274 3702 639 3759 quocunque
669 3689 763 3745 sui
789 3705 1031 3757 gressus
1060 3690 1314 3759 vestigia
1344 3692 1524 3759 ﬂexit,

180 3780 295 3831 Aut
323 3780 565 3833 resonat
596 3776 823 3833 Christo
854 3781 1061 3834 sancto
1091 3778 1504 3834 modulamine
1548 3778 1842 3850 psalmos,

181 3864 339 3921 Illius
372 3869 475 3922 aut
500 3864 751 3921 verbum
780 3864 1065 3921 doctrina
1095 3865 1337 3922 auditur
1364 3865 1444 3922 ab
1469 3881 1590 3922 ore.

181 3956 295 4009 Nec
326 3953 548 4009 mirum
577 3952 785 4024 lingua
817 3952 1116 4010 Christum
1149 3954 1196 4008 si
1225 3953 1512 4026 pradicet
1538 3954 1685 4027 ipse,

182 4043 231 4095 A
262 4042 434 4113 cujus
466 4042 668 4097 sobria
696 4042 1005 4098 modicum
1034 4058 1143 4098 nec
1172 4047 1373 4098 mente
1398 4043 1674 4099 recessit:

178 4133 285 4186 Per
312 4146 495 4203 quem
524 4130 823 4186 consuluit
852 4131 1108 4199 miseris,
1137 4131 1444 4205 durusque
1476 4132 1751 4205 superbis

182 4220 426 4287 Exstitit,
456 4235 746 4289 angorem
776 4219 980 4276 solans
1009 4218 1329 4276 clementer
1357 4237 1566 4277 eorum
1593 4240 1605 4284 ;

182 4312 364 4381 Inque
395 4324 647 4380 crepans
678 4308 864 4378 rigide
892 4325 1092 4365 mores
1128 4315 1568 4381 compresserat
1594 4310 1833 4367 horum.
1864 4349 1913 4403 Β

180 4450 274 4506 ΧΙ.
307 4451 474 4518 Quod
494 4452 665 4521 fama
711 4458 904 4508 motus
935 4453 1097 4508 hunc
1125 4453 1261 4509 visit
1306 4467 1415 4509 rex
1438 4454 1831 4524 Dagobertus.

179 4577 467 4649 Tempore
494 4591 640 4632 nam
670 4576 942 4650 quodam
966 4576 1158 4633 sancti
1184 4592 1425 4635 rumore
1452 4583 1693 4636 coactus

178 4663 364 4719 Militis
390 4668 569 4737 atque
596 4664 688 4720 sui
713 4665 1033 4736 cujusdam
1064 4665 1409 4723 Giselemari

181 4754 495 4824 Suggestu,
523 4759 722 4827 partes
747 4755 1031 4826 prafatus
1069 4757 1230 4812 venit
1259 4756 1320 4812 in
1350 4755 1479 4813 illas

180 4845 297 4898 Rex
327 4844 714 4913 Dag;bertus,
746 4841 1042 4899 famulum
1075 4845 1429 4920 Dominique
1459 4845 1681 4916 revisit,

179 4934 250 4989 Se
277 4933 524 5006 cupiens
552 4931 808 4988 nominis
834 4933 1113 5004 precibus
1139 4938 1509 4993 committere
1534 4937 1699 4994 tanti.

177 5025 367 5089 Quem
400 5039 568 5079 sacer
589 5023 865 5093 egregius
898 5023 1138 5091 gemino
1168 5026 1449 5093 dignatur
1477 5028 1705 5084 honore
1733 5046 1745 5083 :

176 5112 438 5169 Roborat
464 5113 624 5169 hunc
655 5118 876 5169 sancta
908 5119 1115 5169 sancto
1142 5114 1479 5177 signamine
1508 5117 1730 5174 dextra

175 5203 423 5273 Corrigit
451 5203 734 5261 audacter
758 5220 976 5276 passus
1002 5204 1229 5259 nescire
1258 5210 1547 5276 verenter,

177 5293 447 5349 Suadens
470 5293 845 5349 mundanam
866 5293 1103 5366 penitus
1120 5297 1498 5349 contemnere
1518 5312 1833 5371 pompam,

174 5382 465 5439 Credulus
492 5399 559 5440 ac
591 5382 809 5451 linguis
838 5383 1030 5438 discat
1056 5398 1178 5438 non
1208 5398 1338 5438 esse
1374 5382 1597 5438 dolosis
1622 5403 1634 5439 :

176 5475 425 5545 Nonque
455 5472 823 5529 caducorum
866 5472 1153 5542 gradibus
1184 5471 1472 5541 gauderet
1504 5472 1830 5547 honorum,

79 5613 91 5623 ,
178 5560 293 5617 Sed
322 5562 516 5631 magis
538 5561 750 5618 (Εἰθτηὶ
782 5561 1061 5617 formidet
1082 5577 1257 5634 posse
1287 5562 1566 5635 potentis,

176 5647 334 5711 Illius
361 5653 543 5723 atque
571 5664 682 5710 suo
705 5654 951 5709 maneat
976 5648 1109 5708 laus
1140 5664 1377 5723 semper
1401 5650 1465 5706 in
1491 5665 1594 5707 ore
1616 5668 1630 5705 :

1596 195 1755 250 VlTA
1790 192 1847 245 8.
1882 189 2212 246 RICHARU.

1890 318 1937 369 A
1979 313 2228 370 Sedulus
2260 331 2329 371 ac
2352 320 2575 385 teneat,
2603 319 2748 391 quia
2785 317 2951 373 nulla
2974 318 3239 390 potentia
3277 320 3489 376 mundi
3520 326 3626 389 est,

3491 199 3630 253 1430

1975 404 2113 467 Qua
2134 403 2283 460 dum
2312 420 2537 472 magna
2562 407 2742 476 viget,
2760 406 2946 464 tenuit
2972 412 3263 463 vacuatur
3294 413 3357 464 ut
3386 410 3624 466 umbra:

1974 496 2163 548 lnstar
2187 498 2243 548 et
2267 494 2497 561 exigua
2530 496 2782 565 gignunt
2809 512 2994 567 quam
3025 496 3276 552 ﬂumina
3307 514 3539 569 spuma

1974 580 2231 649 Labitur,
2263 582 2341 638 ad
2372 583 2677 639 modicum
2711 585 2784 640 sit
2810 584 2915 640 ﬂat
2942 585 3183 640 tentatio
3212 587 3386 642 venti.

1973 673 2164 724 Immo
2195 670 2316 743 pati
2346 675 2552 728 tractet
2582 687 2835 741 magnos
2862 678 3155 730 tormenta
3184 680 3472 747 potenter,

1973 758 2201 830 Cuique
2230 758 2407 815 datur
2430 761 2708 833 multum,
2741 761 2996 818 multum
3034 768 3331 835 quaretur
3356 764 3434 820 ab
3460 764 3559 821 illo

1954 846 2083 926 Qui
2114 847 2211 903 vix
2243 852 2422 921 atque
2455 853 2574 906 Deo
2604 851 2896 907 rationem
2920 851 3171 907 reddere
3196 868 3307 925 pro
3338 867 3400 908 se

1975 933 2218 1004 Sufﬁcit,
2252 952 2323 992 ex
2350 937 2553 993 multis
2582 954 2705 1009 quo
2734 942 2912 1011 pacto
2941 939 3091 996 ferre
3122 940 3382 996 valebit?

1974 1025 2041 1077 Ut
2066 1024 2265 1095 praesit
2294 1027 2490 1096 potius
2519 1043 2706 1099 quam
2733 1028 2913 1084 subdi
2939 1030 3196 1101 quisque
3222 1030 3407 1085 vereri

1971 1112 2195 1167 Idcirco
2225 1113 2420 1173 debet.
2458 1119 2601 1171 Nam
2634 1116 2739 1189 qui
2778 1117 3084 1188 subjectus
3112 1118 3366 1175 habetur

1970 1204 2077 1256 Pro
2109 1218 2170 1257 se
2200 1204 2462 1274 portabit
2490 1204 2617 1261 solo
2647 1206 2887 1278 pondus
2910 1207 3189 1263 rationis:

1970 1293 2041 1346 At
2071 1296 2276 1349 contra
2308 1295 2473 1363 regni
2504 1294 2607 1366 qui
2639 1295 2995 1353 sublimatur
3022 1297 3271 1365 honore,

1967 1384 2113 1435 Ante
2142 1383 2329 1436 Deum
2366 1383 2630 1455 proprio,
2681 1384 3008 1441 multorum
3037 1390 3095 1441 et
3123 1384 3281 1442 fasce
3300 1391 3623 1459 premetur.

2040 1469 2175 1524 Hac
2205 1471 2475 1529 sobriam
2504 1473 2660 1541 regis
2690 1477 2961 1545 penetrat
2986 1474 3274 1530 correctio
3304 1478 3588 1544 mentem,

1971 1560 2157 1630 thue
2188 1576 2332 1615 suus
2356 1560 2463 1619 ﬁat
2486 1562 2681 1633 poscit
2709 1562 2963 1620 conviva
2988 1564 3289 1620 sacerdos.

1885 1664 1931 1717 Β
1969 1651 2188 1704 Norma
2216 1650 2320 1720 qui
2347 1650 2555 1707 Christi
2584 1652 2768 1709 fretus
2796 1652 3073 1709 convivia
3102 1653 3315 1709 mundi

1970 1739 2097 1791 Non
2122 1740 2521 1809 aspernantis,
2552 1740 2837 1797 doctrina
2864 1742 3103 1798 occasio
3142 1743 3310 1799 nasci

1969 1828 2051 1879 Ex
2080 1825 2193 1881 hoc
2224 1830 2287 1882 ut
2318 1833 2544 1899 posset,
2568 1830 2832 1899 regalem
2860 1831 3023 1887 venit
3049 1831 3129 1887 ad
3157 1832 3381 1902 aulam,

1967 1916 2228 1987 Occupat
2258 1920 2437 1987 atque
2468 1918 2629 1974 diem
2687 1923 2876 1975 totam
2913 1935 3055 1976 cum
3085 1925 3259 1976 nocte
3313 1925 3620 1993 sequente,

1965 2002 2105 2056 Vita
2136 2003 2392 2059 calcatis
2425 2006 2698 2076 praebens
2726 2007 3110 2079 epulantibus
3138 2024 3327 2064 escas.

1966 2090 2146 2159 Cujus
2172 2095 2229 2145 et
2257 2090 2318 2146 in
2350 2096 2582 2148 tantum
2613 2094 2818 2150 mulsit
2848 2098 3181 2153 constantia
3210 2112 3433 2166 regem,

1965 2178 2252 2244 Quadam
2278 2178 2351 2235 de
2376 2181 2620 2254 proprio
2651 2199 2839 2239 censu
2869 2189 2933 2239 ut
2962 2184 3314 2241 concederet
3338 2182 3441 2251 illi,

1966 2267 2129 2322 Unde
2162 2268 2261 2324 Dei
2292 2270 2515 2342 templo
2544 2276 2747 2343 posset
2772 2272 2970 2329 lucere
2996 2273 3241 2329 lucerna
3266 2291 3278 2328 :

1964 2356 2221 2412 Omnino
2244 2358 2478 2427 justum
2504 2364 2811 2432 reputans,
2834 2366 2900 2417 ut
2927 2362 3079 2418 sicut
3106 2363 3186 2418 ab
3215 2360 3314 2418 illo

1962 2443 2292 2501 lllustratus
2317 2451 2443 2502 erat
2466 2448 2668 2503 divino
2696 2449 2942 2521 lumine,
2974 2450 3266 2523 templum

1963 2536 2194 2589 Munere
2224 2535 2439 2592 visibili
2472 2538 2706 2594 Domini
2730 2539 3048 2597 illustraret
3076 2545 3135 2597 et
3163 2541 3309 2614 ipse.

1996 2662 2104 2714 XII.
2139 2660 2309 2727 Quod
2334 2663 2525 2718 vitare
2563 2665 2762 2719 volens
2790 2665 3050 2722 homines
3081 2666 3313 2723 deserta
3348 2668 3582 2737 petivit.

1962 2766 2235 2823 Pluribus
2267 2784 2303 2824 a
2332 2769 2572 2844 populis
2600 2771 2746 2845 quia
2774 2772 2863 2828 vir
2884 2774 3119 2831 Domini
3150 2779 3482 2844 veneratur,

1962 2858 2253 2928 Aspectus
2277 2857 2594 2916 hominum
2626 2861 2810 2918 vitare
2841 2863 3057 2920 exinde
3087 2864 3328 2922 volebat
3356 2885 3366 2921 :

1964 2947 2032 3000 Ut
2060 2945 2208 3001 dum
2232 2950 2499 3005 terrenos
2529 2954 2741 3006 cautus
2770 2951 2992 3009 devitat
3017 2953 3297 3024 honores,

1883 3008 1924 3064 Ο
1962 3034 2476 3108 Contemplaretur
2506 3054 2713 3094 secum
2735 3008 2994 3097 calestia

1960 3123 2246 3179 Mundum
2271 3123 2534 3182 deseruit
2561 3128 2847 3197 mundus,
2888 3145 3281 3203 eremumque
3306 3132 3551 3204 cupivit,

1959 3210 2048 3265 Ad
2074 3211 2300 3268 cultum
2328 3214 2559 3270 Domini
2590 3232 2712 3289 quo
2741 3222 2945 3290 posset
2972 3218 3122 3274 liber
3145 3219 3376 3287 haberi,

1960 3301 2463 3374 Contemplativos
2491 3308 2547 3359 et
2574 3321 2697 3378 quo
2728 3306 3046 3382 decerpere
3076 3308 3325 3376 fructus,

1957 3391 2111 3444 Dum
2138 3395 2294 3446 tenet
2319 3392 2547 3449 activos
2577 3394 2653 3450 ad
2684 3412 2838 3468 quos
2868 3412 2992 3453 non
3018 3398 3217 3467 segnis
3249 3398 3510 3466 anhelat,

1956 3480 2324 3536 Pertractans
2352 3480 2673 3540 Dominum
2698 3490 2931 3559 partem
2958 3486 3238 3544 laudasse
3261 3489 3475 3558 Maria,

1957 3567 2194 3639 Optima
2218 3566 2383 3641 quod
2413 3569 2607 3643 fuerit,
2629 3573 2797 3645 quod
2827 3589 2947 3630 non
2975 3581 3283 3648 raperetur
3305 3576 3384 3633 ab
3403 3577 3523 3633 illa.

2028 3659 2146 3711 Hoc
2175 3660 2743 3730 memorans,vitam
2773 3664 3079 3720 contendit
3107 3664 3273 3721 adire
3298 3670 3616 3735 remotam,

1954 3749 2081 3810 Quo
2107 3746 2422 3804 rimaretur
2452 3748 2714 3807 caelestia
2745 3750 2873 3807 sola
2900 3750 3258 3825 frequenter.

1953 3833 2214 3889 Tradidit
2245 3836 2565 3892 Ecclesiam
2590 3854 2700 3894 nec
2730 3854 2854 3895 non
2878 3857 3065 3912 quam
3094 3841 3314 3898 fecerat
3344 3842 3473 3914 ipse

1956 3922 2078 3979 Sub
2108 3939 2252 3979 cura
2280 3923 2519 3980 alterius
2549 3927 2952 3999 procuratoris
2982 3929 3348 3987 habendam.

1954 4010 2061 4066 Cui
2086 4010 2447 4067 Giselmarus
2477 4012 2695 4071 divina
2720 4013 2867 4084 legis
2898 4019 3101 4071 amato

1954 4099 2155 4155 Editus
2182 4104 2238 4155 et
2262 4096 2423 4156 clara
2450 4103 2791 4157 Maurontus
2823 4102 3000 4176 stirpe
3029 4108 3369 4176 parentum,

1952 4191 2156 4245 Terras
2186 4194 2243 4245 et
2272 4187 2451 4245 silvas
2481 4190 2640 4260 regis
2671 4190 2887 4248 collata
2910 4197 3174 4265 potestas

1952 4279 2057 4335 Cui
2086 4284 2225 4335 tunc
2252 4279 2529 4337 servandi
2556 4279 2770 4350 fuerat,
2804 4281 3062 4339 tribuere
3086 4283 3374 4340 manendi

1952 4372 2014 4423 1n
2042 4366 2187 4424 'silva
2214 4367 2480 4425 loculum
2509 4368 2705 4427 devoti
2734 4371 3195 4429 Chrisciacense.

1949 4458 2061 4524 Qui
2089 4462 2229 4530 post
2256 4461 2596 4516 Maurontus
2621 4459 2826 4517 divino
2849 4461 3067 4519 ductus
3096 4477 3322 4533 amore,

1951 4546 2146 4603 Armis
2174 4548 2464 4620 depositis
2494 4548 2769 4607 habitum
2800 4552 3064 4624 sumpsit
3089 4549 3512 4608 monachilem.

2072 4676 2207 4730 Xlll.
2244 4674 2414 4743 Quod
2438 4676 2723 4744 templum
2753 4679 2817 4730 in
2848 4676 3047 4731 loculo
3078 4674 3192 4730 sibi
3218 4690 3488 4733 concesso

2604 4747 2943 4813 adiﬁcam't.

1947 4853 2076 4917 Quo
2104 4866 2247 4907 vero
2275 4851 2338 4906 in
2367 4850 2564 4907 loculo
2595 4854 2806 4907 sancto
2831 4850 3070 4922 magale
3096 4856 3390 4924 pararunt

1946 4939 2173 4995 Prafati
2204 4940 2454 5005 haroes,
2483 4938 2623 5009 jecit
2647 4938 3005 4996 fundamina
3032 4940 3237 5014 templi

1948 5031 2219 5094 Sanctus,
2247 5031 2303 5082 et
2330 5027 2507 5093 hanc,
2540 5043 2663 5083 uno
2695 5032 2927 5084 tantum
2957 5029 3276 5085 comitante
3306 5030 3596 5098 ministro,

1946 5116 2275 5186 Ingreditur
2305 5115 2515 5171 cellam
2544 5116 2643 5173 vili
2668 5116 2920 5173 nimium
2953 5122 3112 5173 strue
3142 5117 3384 5187 factam,

1945 5210 2217 5275 Congrue
2245 5221 2367 5278 quo
2396 5206 2528 5262 vita
2557 5207 2723 5263 fieret
2749 5206 3039 5264 habitatio
3066 5212 3327 5264 sancta:

1944 5296 2053 5361 Qui
2074 5295 2280 5351 temnit
2309 5296 2606 5352 mundum
2638 5296 2987 5368 decernens,
3020 5313 3148 5355 esse
3174 5297 3502 5371 superbum

1944 5385 2190 5442 Delicias
2218 5385 2427 5441 mundi
2456 5386 2505 5441 si
2528 5387 2929 5459 conspiciatur
2958 5387 3199 5444 habere.

1947 5473 2169 5530 Duriter
2190 5489 2259 5529 ac
2290 5490 2418 5530 sese
2450 5480 2571 5530 tam
2602 5475 2981 5532 mortiﬁcavit
3006 5474 3230 5532 ibidem

1943 5566 2131 5620 Orans
2159 5568 2217 5620 et
2240 5564 2515 5636 vigilans,
2562 5565 2793 5637 jejunis
2819 5565 3149 5639 crebraque
3179 5562 3415 5622 solvens
3448 5566 3596 5641 (per-

3283 5653 3597 5727 [solvens,)
