3988 6182
373 163 498 218 lii-3!

370 288 439 341 Ut
466 286 563 341 vix
582 288 876 357 juncturis
906 290 1198 347 haererent
1225 308 1394 350 osssa
1421 295 1657 368 relaxis,

366 374 607 430 Difﬁcile
641 380 696 430 et
722 375 984 446 trepidos
1012 378 1229 436 baculo
1261 384 1504 441 custode
1532 389 1813 446 movebat

367 468 615 520 Gressus
640 483 652 518 :
707 482 775 520 ac
804 468 1100 525 scandens
1127 473 1310 530 animi
1360 478 1675 535 conamine
1703 482 2021 553 mundum,

369 555 613 621 Semper
644 558 842 608 mente
870 556 970 626 pia
994 562 1206 614 tractat
1235 562 1498 620 coelestia
1529 566 1675 633 sola,

366 640 508 694 Huic
539 640 766 696 alienus
793 650 919 700 erat
947 647 1126 714 seclo,
1161 651 1508 725 Christoque
1535 657 1932 730 prOpinquus.

366 728 534 783 Illum
567 732 881 801 pugnabat
901 741 1129 806 contra,
1158 745 1549 812 expugnabat
1580 728 1853 817 etiilluin,

362 818 473 882 Qui
503 818 816 875 laetabatur
837 824 1153 893 quondam
1183 830 1348 899 quod
1374 832 1577 889 vicerit
1606 835 1817 904 Adam,

361 906 722 978 Aspipedem
756 927 936 983 super
965 913 1249 970 incedens
1284 919 1463 975 simul
1494 926 1550 977 et
1578 923 1951 991 basiliscum,

361 996 606 1067 Antiqui
636 1005 815 1069 caput
850 1002 1090 1059 assidue
1120 1007 1459 1064 contriverit
1496 1012 1703 1069 hostis.

362 1085 703 1155 Despicicns
739 1092 953 1144 terram
984 1092 1117 1147 caeli
1149 1095 1407 1166 suspirat
1434 1099 1512 1153 ad
1552 1101 1774 1168 aulam,

359 1176 465 1227 Per
499 1176 848 1248 scalamque
896 1182 1080 1236 Iacob
1107 1184 1326 1253 jugiter
1357 1189 1685 1246 scandebat
1713 1193 1791 1247 ad
1823 1193 1982 1249 illam
2009 1212 2021 1251 :

360 1267 549 1335 Atque
578 1281 682 1335 per
712 1275 1035 1337 augustum
1075 1274 1179 1343 qui
1206 1274 1370 1330 ducit
1412 1278 1487 1332 ad
1538 1281 1757 1336 {ethera
1787 1283 2022 1353 callem,

361 1352 665 1407 Continuis
694 1356 972 1425 precibus
1004 1360 1259 1417 munivit
1281 1363 1389 1418 iter
1418 1369 1852 1425 venerandum.

432 1446 545 1495 Nec
578 1444 867 1501 stricturae
912 1450 1094 1504 eremi
1122 1450 1271 1506 lucis
1323 1454 1590 1512 clausere
1635 1458 2018 1519 columnam:

359 1532 575 1603 Amplo
606 1536 752 1605 quin
781 1536 959 1591 etiam
989 1539 1233 1595 radians
1261 1542 1489 1611 fulgore
1524 1546 1771 1604 refulsit.

362 1622 556 1686 Quare
586 1623 925 1690 multigenis
956 1627 1155 1697 plures
1194 1633 1525 1701 angoribus
1555 1637 1667 1692 acti

360 1710 446 1763 Ad
485 1717 761 1767 sanctum
793 1715 1021 1770 coivere
1053 1718 1264 1786 virum,
1294 1738 1449 1793 quos
1479 1724 1605 1796 ipse
1636 1727 1891 1799 benigne

361 1799 721 1870 Suscipiens,
759 1819 971 1859 sanare
998 1822 1267 1877 precum,
1302 1811 1524 1867 studuit
1554 1816 1901 1875 medicinis:

357 1890 425 1941 Et
454 1904 576 1959 quo
607 1890 862 1962 quisque
894 1892 1001 1949 fuit
1026 1897 1242 1952 morbo
1269 1905 1539 1971 vexatus,
1574 1904 1652 1959 ad
1676 1904 1878 1977 ipsum

355 1976 682 2045 Accedens,
712 1995 897 2035 sanus
925 1983 1232 2053 propriam
1258 1990 1542 2067 remeavit
1571 1993 1649 2047 ad
1679 1993 1892 2052 aedem.

357 2119 487 2172 XIV.
517 2118 663 2173 Cum
685 2120 920 2189 famulo
940 2131 1184 2182 sanctus
1203 2128 1471 2199 loquitur
1484 2133 1558 2188 de
1572 2140 1759 2191 morte
1780 2137 2015 2205 futura.

356 2247 459 2298 Ast
489 2259 599 2313 ego
628 2244 872 2302 virtutes
900 2249 1083 2321 hujus
1111 2267 1235 2309 non
1262 2270 1536 2327 promere
1563 2265 1809 2318 cunctas

356 2332 665 2403 Proposui,
698 2334 831 2390 vitre
865 2337 974 2393 sed
998 2343 1233 2397 tantum
1263 2343 1520 2414 insignia
1547 2354 1765 2405 sanctae
1792 2362 1803 2406 ξ

357 2424 437 2475 Ne
468 2421 722 2476 nimium
757 2426 941 2480 tardae
972 2427 1119 2483 dum
1142 2430 1380 2500 judicor
1408 2452 1540 2492 esse
1566 2437 1841 2510 loquelae,

358 2510 501 2573 Quae
532 2510 649 2578 egit
682 2513 1006 2571 multorum
1038 2517 1347 2588 signorum
1376 2522 1539 2580 fama
1569 2531 1847 2597 tepescat.

358 2596 607 2667 Spiritus
640 2599 751 2654 hoc
777 2617 1040 2672 przesens
1072 2607 1298 2663 seclum
1327 2626 1449 2682 quo
1480 2612 1598 2667 fine
1626 2596 1863 2687 reliquit

358 2684 561 2739 Dicere
581 2686 709 2755 jam
742 2692 883 2743 satis
911 2696 1017 2759 est,
1046 2692 1235 2749 doctis
1261 2696 1387 2751 haec
1414 2698 1545 2771 ipsa
1566 2684 1927 2774 relinquens.

430 2776 697 2845 Namque
719 2776 878 2832 diem
896 2794 1152 2836 noscens
1177 2784 1373 2839 carnis
1393 2804 1515 2859 qua
1537 2804 1757 2861 ponere
1782 2796 2017 2863 tegmen

358 2862 628 2931 Deberet,
655 2863 820 2933 longi
845 2883 1066 2923 munus
1098 2886 1310 2943 capere
1342 2880 1520 2947 atque
1548 2877 1773 2935 laboris
1800 2899 1811 2935 :

355 2951 615 3004 Accersit
640 2951 933 3009 famulum
962 2957 1075 3011 sibi
1101 2960 1205 3031 qui
1236 2961 1426 3019 fuerat
1454 2965 1872 3038 Sigobardum,

358 3037 546 3116 Quem
579 3038 667 3092 sic
692 3041 1039 3098 demulcens
1066 3047 1282 3105 affatur
1312 3064 1457 3109 vece
1489 3060 1738 3126 paterna
1764 3076 1776 3113 :

357 3126 401 3182 Ο
436 3113 539 3192 fili,
572 3128 880 3200 propriam
907 3148 1151 3192 carnem
1182 3139 1296 3195 cito
1323 3158 1502 3198 cerno
1532 3148 1847 3217 ruendam,

350 3832 470 3885 Hoc
502 3828 706 3902 fragile
738 3834 970 3909 absque
1022 3846 1183 3897 metu
1210 3846 1403 3915 possis
1449 3848 1748 3921 deponere
1776 3828 2012 3928 corpus:

351 3922 484 3989 Ipse
514 3919 677 3975 viam
710 3923 953 3993 gradior
984 3927 1153 3984 tellus
1183 3948 1365 4003 quam
1400 3919 1787 3997 tota—tenebit.

353 4009 679 4067 Subveniat
704 4014 850 4069 mihi
874 4031 1036 4072 nunc
1063 4020 1272 4076 Christi
1293 4023 1606 4083 clementia
1634 4034 1886 4099 tantum,

349 4097 530 4151 Eruat
562 4103 740 4171 atque
769 4102 954 4158 modo
987 4106 1115 4161 tetri
1146 4108 1220 4164 de
1250 4113 1421 4168 fauce
1446 4114 1656 4184 leonis,

349 4181 502 4236 Olim
532 4191 722 4241 morte
753 4205 863 4245 sua
889 4192 993 4262 qui
1025 4210 1121 4250 me
1152 4198 1445 4257 subtraxit
1472 4203 1550 4258 ab
1580 4181 1699 4261 illa.

348 4270 415 4324 Et
443 4271 547 4341 qui
574 4277 884 4342 praesentis
908 4281 1113 4339 tribuit
1143 4286 1439 4346 solamina
1471 4291 1629 4364 vitae,

347 4359 610 4429 Largiter
637 4362 765 4423 ipse
791 4365 937 4421 mihi
968 4374 1260 4430 concedat
1283 4377 1444 4436 dona
1470 4359 1705 4439 futurae.

412 5071 639 5127 Interea
669 5090 704 5128 a
729 5074 957 5134 famulo
989 5084 1178 5139 sancti
1201 5085 1347 5144 dum
1372 5091 1543 5160 jussa
1582 5095 1825 5168 ﬁebant,
1857 5011 2000 5081 “ms.

334 5158 668 5227 Languoris
699 5164 973 5232 gravium
1004 5176 1285 5230 sanctum
1315 5158 1633 5239 decoxerat
1664 5202 1876 5259 angor,

333 5247 402 5301 Et
434 5247 531 5302 vix
565 5248 625 5304 in
653 5252 850 5319 gelido
878 5262 1209 5328 permansit
1234 5280 1483 5338 corpore
1508 5269 1701 5328 ﬂetus.

335 5335 411 5390 Os
438 5340 639 5394 tamen
671 5357 706 5396 a
736 5345 1017 5415 precibus
1048 5350 1259 5408 Christi
1287 5335 1395 5411 nec
1416 5357 1593 5416 laude
1622 5366 1918 5435 repressit.

332 5424 608 5499 Dumque
640 5430 1008 5492 salutiferam
1039 5438 1225 5497 divini
1254 5447 1522 5518 corporis
1550 5424 1748 5509 escam

333 5510 617 5589 Sumeret,
651 5521 913 5605 assiduis
940 5526 1198 5585 fundens
1229 5534 1590 5603 rogitamina
1618 5543 1832 5611 verbis,

331 5598 505 5656 Sexto
535 5606 681 5663 dum
712 5598 890 5669 Maias
923 5618 1223 5677 mundum
1261 5624 1562 5684 celebrare
1594 5630 1914 5691 Kalendas.

1446 174 1896 230 ANGELRANNI
1941 172 2232 235 ABBATIS
2270 178 2735 245 CENTULENSIS

3669 197 3793 251 1&3?

2215 306 2502 364 Cernebat
2530 311 2809 383 Phoebus,
2860 308 3123 372 transivit
3149 317 3225 372 ad
3256 314 3476 373 aethera
3510 323 3789 374 sanctus:

2142 392 2324 455 Quem
2360 408 2565 454 serVus
2590 402 2792 472 posuit
2817 403 3019 459 vivens
3054 405 3155 460 ubi
3177 406 3437 475 jusserat
3463 407 3617 479 ipse.

2140 482 2250 536 Sed
2278 484 2493 541 mirum
2523 488 2685 544 dictu
2713 491 2724 544 Ξ
2752 493 2980 563 peragit
3003 494 3149 548 dum
3174 493 3383 549 funera
3410 497 3601 550 Patris

2137 571 2488 645 Discipulus,
2518 578 2712 635 subito
2745 596 2807 635 se
2831 581 3195 655 subripiente
3225 598 3439 656 sopore

2136 659 2525 732 Obdormivit,
2554 666 2777 723 claram
2808 670 2983 740 quasi
3008 671 3338 727 traheretur
3363 672 3425 727 in
3456 673 3692 740 aulam,

2135 746 2287 802 Vidit
2311 754 2368 804 et
2395 753 2454 806 in
2484 752 2635 821 visu,
2664 756 2979 828 pulchram
3005 757 3308 830 nimioque
3337 760 3582 830 decore,

2138 836 2399 909 Quaeque
2426 842 2603 898 etiam
2632 844 2787 900 rutili
2817 846 3093 903 vincebat
3120 847 3347 904 lumina
3379 848 3529 904 solis
3553 868 3567 915 ;

2138 927 2200 977 In
2231 941 2354 997 qua
2386 928 2718 987 Richarium
2753 950 3002 990 cernens
3031 935 3295 991 habitare
3323 937 3601 1007 beatum,

2137 1015 2373 1072 Audivit
2400 1034 2611 1076 vocem
2641 1022 2827 1094 ipsius
2860 1024 2972 1079 sibi
3002 1024 3141 1080 talia
3172 1025 3429 1081 fantem:

2138 1107 2241 1174 En,
2265 1105 2459 1175 frater,
2481 1111 2722 1180 qualem
2754 1114 3014 1169 Christus
3044 1114 3188 1168 mihi
3219 1115 3467 1170 contulit
3499 1115 3727 1179 aedem,
3838 1112 3859 1131 '

2137 1194 2245 1247 Pro
2273 1194 2371 1249 vili
2401 1197 2667 1265 charam,
2701 1200 3024 1269 fulgentem
3049 1218 3158 1274 pro
3191 1203 3533 1271 tenebrosa,

2136 1283 2242 1335 Pro
2273 1281 2420 1338 fumi
2446 1285 2623 1357 plena
2653 1292 2817 1344 tanto
2848 1290 3075 1361 fulgore
3109 1307 3444 1346 coruscam.

2135 1368 2243 1430 Qui
2270 1378 2589 1445 postquam
2617 1393 2829 1433 somno
2862 1379 2969 1434 fuit
2992 1386 3366 1450 experrectus
3399 1380 3475 1435 ab
3506 1380 3631 1443 illo,

2135 1458 2343 1513 Laetior
2370 1461 2730 1535 obsequium
2760 1467 3143 1538 compleverit
3161 1468 3612 1539 exsequiarum,

2136 1546 2491 1619 Disponente
2520 1553 2655 1619 Deo,
2692 1554 2824 1609 talis
2851 1561 2971 1611 tam
3003 1557 3247 1625 grandis
3274 1562 3335 1611 ut
3363 1572 3562 1619 angor

2061 1648 2104 1699 Β
2135 1636 2366 1693 Soletur
2385 1640 2614 1706 famuli,
2646 1648 2702 1699 et
2730 1650 3090 1701 monstretur
3117 1645 3303 1714 gloria
3334 1646 3548 1701 sancti.

2131 1730 2177 1779 A
2206 1726 2432 1783 famulo
2464 1734 2706 1786 sanctus
2739 1732 2888 1787 sicut
2916 1733 3086 1789 retuli
3117 1734 3415 1805 sepelitur,

2131 1816 2261 1879 Qua
2298 1815 2504 1873 3hristi
2541 1820 2696 1890 regis
2744 1822 2998 1878 servibat
3026 1824 3285 1879 maxime
3312 1823 3480 1879 votis.

2202 1902 2315 1955 Nec
2343 1900 2626 1959 diuturna
2656 1905 2899 1976 quidem
2934 1912 3069 1979 post
3090 1907 3401 1962 intervalla
3432 1908 3619 1973 fuere,

2131 1986 2335 2044 Abbas
2360 2005 2498 2046 cum
2516 1994 2826 2049 monachis
2843 2010 2997 2066 quos
3020 1995 3262 2052 Centula
3280 1995 3507 2051 fundus
3524 1994 3791 2050 habebat

2132 2077 2466 2147 Ocioaldus,
2499 2080 2588 2135 vir
2617 2097 2740 2137 non
2770 2098 2950 2154 parve
2971 2083 3290 2154 relligionis

2131 2166 2304 2231 Quod
2331 2168 2509 2235 venit,
2538 2170 2726 2226 sancti
2753 2187 2971 2244 corpus
3002 2173 3131 2229 tulit
3159 2178 3339 2246 atque
3366 2176 3596 2230 Richari

2128 2251 2331 2310 Idibus
2364 2257 2650 2325 Octobris,
2678 2260 2997 2332 posuitque
3024 2261 3126 2316 ubi
3157 2277 3317 2317 nunc
3341 2264 3669 2335 requiescit.

2129 2345 2193 2397 In
2220 2359 2341 2415 quo
2368 2359 2526 2417 saepe
2549 2344 2681 2401 loco
2712 2347 2991 2403 miranda
3026 2351 3143 2404 Deo
3172 2349 3466 2405 tribuente

2131 2431 2317 2498 Fiunt,
2349 2438 2555 2490 sancta
2580 2433 2729 2490 ﬁdes
2760 2441 3037 2492 orantum
3066 2454 3188 2510 quo
3218 2438 3480 2510 pateﬁat,

2127 2524 2207 2575 Ac
2238 2521 2460 2577 meritis
2492 2524 2663 2594 cujus
2690 2523 2864 2581 fuerit
2889 2541 3057 2581 sacer
3079 2526 3173 2581 ille
3202 2527 3441 2597 sciatur,

2126 2609 2436 2667 Psalmista
2463 2617 2644 2685 utque
2673 2614 2849 2682 canit,
2880 2616 3140 2671 Christus
3168 2616 3443 2672 laudetur
3469 2619 3527 2673 in
3555 2619 3675 2673 illo.

2130 2737 2234 2790 XV.
2253 2735 2505 2803 Quidam
2518 2745 2859 2796 contractus
2869 2743 2941 2809 ﬁt
2949 2757 3057 2798 san
3065 2758 3132 2797 us
3144 2745 3342 2798 sancti
3358 2744 3523 2812 apud
3536 2749 3781 2798 antrum

2131 2845 2477 2900 Contractus
2506 2847 2794 2903 membris
2816 2848 2956 2904 ﬁdei
2986 2850 3088 2905 sed
3122 2840 3336 2907 robore
3367 2850 3551 2919 fortis,

2131 2929 2387 2996 Quidam
2417 2950 2572 3007 saepe
2602 2948 2820 3005 rogans
2853 2924 3042 2993 sancti
3074 2932 3351 2995 veniebat
3381 2944 3640 2995 antrum.

2060 3005 2099 3061 (Ἰ
2131 3019 2229 3075 Hic
2256 3021 2451 3076 subito
2481 3005 2677 3078 loculo
2702 3024 3014 3081 discedens
3046 3042 3231 3083 sanus
3258 3027 3338 3083 ab
3367 3027 3467 3082 illo

2131 3108 2429 3166 Gloriﬁcat
2460 3112 2799 3177 Dominum,
2833 3115 2995 3187 quod
3024 3116 3107 3171 sic
3135 3116 3413 3175 suffultus
3443 3117 3669 3175 abibat.

2128 3200 2242 3253 Nec
2268 3203 2469 3255 tamen
2499 3201 2592 3257 hic
2623 3203 2785 3259 solus
2816 3206 3031 3261 meruit
3062 3207 3278 3262 sentire
3296 3208 3610 3278 juvamen,

2130 3286 2284 3351 Quin
2314 3288 2492 3345 etiam
2518 3290 2688 3346 multi
2720 3290 2930 3349 similis
2957 3311 3112 3368 quos
3141 3297 3329 3368 gratia
3358 3298 3507 3354 visit.

2128 3398 2259 3452 XVI.
2292 3397 2461 3464 Quod
2475 3405 2675 3459 sancti
2700 3406 2927 3461 meritis
2954 3409 3272 3465 solvuntur
3299 3412 3496 3466 vincla
3517 3427 3783 3469 reorum.

2129 3502 2385 3566 Quidam
2410 3508 2708 3564 constricti
2738 3510 2945 3566 vinclis
2976 3513 3262 3585 vinctique
3286 3516 3500 3569 catenis

2129 3590 2238 3665 Per
2267 3591 2477 3648 callem
2505 3598 2729 3667 templo
2758 3594 3024 3655 vicinum
3057 3600 3190 3657 forte
3218 3599 3464 3658 Richari.

2127 3678 2621 3737 Deducebantur:
2655 3686 2816 3757 quod
2850 3704 2993 3743 mox
3024 3690 3253 3759 alonge
3283 3690 3481 3746 videre

2126 3769 2195 3823 Ut
2221 3776 2495 3839 possunt,
2524 3771 2820 3829 clamant:
2851 3777 3058 3832 Christi
3083 3795 3194 3845 nos
3220 3779 3377 3835 solve
3405 3782 3716 3839 sacerdos.

2126 3858 2333 3912 Ferrea
2361 3862 2500 3914 tunc
2530 3862 2757 3918 meritis
2786 3872 3155 3938 rumpunt‘u-
3181 3868 3417 3925 vincula
3442 3871 3654 3927 sancti.

2125 3962 2279 4016 XVII.
2314 3964 2532 4020 Frater
2560 3969 2854 4037 solvatur,
2883 3973 3093 4040 plures
3123 3990 3259 4030 cum
3287 3984 3451 4045 peste
3485 3978 3783 4046 peribant.

2124 4084 2238 4139 Sed
2268 4086 2411 4158 quid
2445 4105 2762 4163 perpessus
2791 4094 2964 4152 fuerit
2987 4099 3061 4153 de
3089 4100 3371 4157 fratribus
3408 4120 3563 4159 unus

2126 4174 2323 4229 Sancti
2354 4176 2627 4247 Richarii,
2659 4196 2820 4237 nunc
2850 4186 3028 4255 exigit
3056 4188 3207 4243 ordo
3233 4190 3472 4247 referre.

2122 4262 2387 4318 Crudelis
2412 4268 2723 4337 quondam
2755 4273 2954 4328 clades
2986 4276 3208 4332 multos
3236 4281 3573 4351 perimebat

2046 4351 2088 4403 D
2124 4351 2440 4421 Indigenas
2470 4359 2656 4419 terrae.
2690 4360 2819 4415 dira
2850 4379 3002 4433 quas
3030 4365 3290 4438 denique
3323 4368 3513 4424 clade.

2122 4441 2319 4496 Sancti
2348 4445 2672 4514 percutitur
2703 4449 2933 4506 Richari
2963 4469 2995 4507 e
3029 4454 3312 4511 fratribus
3340 4474 3533 4514 unus:

2121 4530 2231 4596 Qui
2258 4531 2392 4587 licet
2419 4536 2664 4592 exitium
2690 4543 2896 4595 mortis
2925 4559 3034 4615 pro
3065 4545 3234 4601 clade
3278 4547 3532 4615 timeret.

2118 4619 2309 4675 Vitam
2340 4623 2456 4679 sub
2485 4628 2646 4682 tanto
2677 4627 2883 4685 didicit
2909 4648 3148 4704 sperare
3181 4642 3458 4707 patrono.

2118 4712 2270 4780 Ergo
2301 4712 2378 4767 ad
2408 4717 2791 4773 mausoleum
2820 4720 3066 4777 fratrum
3099 4726 3419 4782 comitante
3449 4734 3693 4783 caterva

2116 4799 2315 4855 Sancti
2340 4803 2605 4873 confugit
2633 4807 2793 4863 velut
2822 4809 2900 4864 ad
2927 4810 3140 4867 solatia
3170 4822 3347 4871 certa.

1980 4955 2006 4965 _
2117 4890 2390 4962 Dumque
2412 4908 2617 4964 preces
2660 4895 2742 4951 ibi
2775 4904 3129 4956 cunctorum
3182 4903 3515 4959 funduntur
3544 4906 3629 4961 ab
3659 4923 3782 4973 ore,

2116 4977 2227 5042 Qui
2255 4977 2446 5035 fuerat
2472 4997 2710 5053 passus,
2744 4988 2967 5054 gaudet
2995 4988 3300 5047 discedere
3330 5009 3538 5049 sanus.

2183 5086 2363 5140 XVIII.
2411 5088 2536 5144 V0.7:
2564 5090 2942 5150 exhortantis
2976 5112 3134 5153 nexa
3161 5105 3245 5154 est
3275 5101 3335 5154 in
3358 5103 3480 5168 ﬁne
3510 5102 3723 5159 libelli.

2112 5191 2360 5260 Colligat
2388 5195 2625 5253 auditor
2653 5199 2797 5271 quid
2828 5207 3032 5258 nostra
3056 5204 3207 5260 ﬁdes
3242 5214 3558 5271 mereatur,

2113 5284 2566 5341 Intercessorem
2598 5287 2645 5341 si
2671 5288 2866 5349 nobis.
2900 5294 3229 5363 quaerimus
3262 5296 3449 5363 illum,

2109 5372 2252 5427 Tam
2279 5371 2392 5428 cito
2424 5391 2744 5448 corporeos
2768 5381 2873 5452 qui
2904 5385 3161 5439 assuevit
3181 5386 3401 5456 pellere
3431 5388 3702 5455 morbos,

2108 5461 2255 5515 Nam
2283 5463 2557 5520 meritum
2587 5469 2771 5523 sancti
2801 5477 3137 5527 monstrant
3166 5474 3457 5530 miracula
3491 5485 3685 5547 gesta.

2107 5550 2376 5605 Cernitur
2405 5557 2582 5625 atque
2617 5572 2874 5628 sequens
2910 5559 3090 5615 vitam
3118 5561 3355 5628 signare
3391 5565 3658 5636 priorem
3687 5585 3700 5620 :

2109 5639 2399 5711 Quodque
2429 5641 2538 5699 fuit
2567 5651 2829 5717 sanctus,
2862 5656 3064 5706 narrat
3090 5657 3228 5722 post
3255 5652 3467 5711 funera
3488 5658 3698 5714 virtus.
