4020 6176
228 167 249 218 1
262 164 372 218 433

226 289 317 341 En
348 300 587 357 pauper
613 283 843 347 Christi,
870 283 1123 340 fratrum
1150 284 1456 358 perpende
1488 288 1744 349 caterva,

223 375 423 447 Ipsius
455 389 711 430 consors
742 377 830 429 est
850 374 1040 438 factus
1072 373 1418 430 divitiarum
1452 390 1464 427 :

220 462 337 527 Qui
365 468 507 519 ante
535 464 752 518 oculos
788 461 1106 517 hominum
1159 463 1475 535 despectus
1526 467 1582 517 et
1629 477 1757 517 esse
1801 477 1904 515 cu-

908 568 913 575 ·
1714 546 1902 619 [ρίνίι,

218 640 562 710 Anglorum
589 639 996 713 [Angelorum]
1021 641 1216 697 socias
1242 657 1405 697 nunc
1436 641 1657 709 gaudet
1685 638 1902 695 habere

1581 728 1854 783 cohortes
1887 744 1901 782 :

222 820 464 892 Quique
491 820 552 874 in
580 816 851 891 praesenti
886 819 1124 875 mundo
1150 820 1354 875 vitavit
1381 820 1661 888 honores,

222 911 507 975 Lastatur,
539 906 758 963 ccelum
788 906 1013 961 meruit
1042 908 1148 980 qui
1173 909 1306 978 jure
1333 908 1601 980 perenni.

300 998 665 1055 Cunctorum
694 994 917 1065 dignus
944 1003 1323 1069 quapropter
1351 999 1580 1053 honore
1612 996 1864 1062 videtur,

108 1096 127 1107 ’
150 1098 165 1107 ‘
227 1090 590 1145 Cunctorum
624 1082 877 1138 Domino
908 1083 1079 1139 mitis
1108 1086 1210 1156 qui
1243 1100 1482 1157 semper
1510 1083 1780 1141 adhaesit.

224 1174 474 1248 Expedit
503 1177 560 1229 et
587 1172 764 1228 nobis
795 1187 918 1244 prie
953 1173 1192 1227 cunctis
1222 1173 1382 1228 hunc
1414 1172 1704 1239 venerari,

224 1264 386 1321 Illius
411 1261 702 1318 membris
731 1261 835 1333 qui
866 1263 1179 1318 cernimur
1207 1279 1336 1318 esse
1366 1262 1692 1334 propinqui
1721 1279 1734 1316 :

228 1354 300 1409 Ut
327 1368 481 1424 quos
514 1350 756 1405 nutrivit
780 1348 969 1403 divini
1003 1350 1234 1405 semine
1266 1350 1459 1418 Verbi,

228 1441 460 1497 Noverit
488 1438 757 1495 hieredes
786 1437 1033 1493 sibimet
1064 1439 1383 1495 succedere
1413 1440 1648 1509 dignos.

228 1528 321 1585 Illi
346 1544 451 1584 nec
475 1533 709 1582 tantum
741 1528 949 1581 sancto
978 1526 1250 1582 laudatio
1281 1533 1506 1594 nostra,

229 1616 389 1671 Illius
419 1620 713 1680 quantum
744 1612 975 1669 confert
1000 1612 1254 1670 imitatio
1280 1615 1476 1670 nobis.

231 1706 494 1777 Denique
519 1704 654 1775 plus
683 1703 901 1772 gaudet
930 1702 980 1757 si
1014 1702 1152 1773 quis
1193 1703 1393 1759 bonus
1419 1704 1589 1758 illum
1616 1703 1898 1766 imitatur.

230 1796 425 1861 Quam
449 1793 498 1847 si
521 1792 787 1848 clamoso
821 1806 1058 1846 vacuus
1087 1792 1222 1863 quis
1256 1792 1545 1863 praedicat
1572 1807 1695 1846 ore.

1648 158 1809 214 VITA
1850 158 1907 213 S.
1948 156 2283 219 RICHARII.

1943 288 1990 339 Α
2094 287 2257 342 Unde
2298 291 2492 343 Patres
2524 286 2713 343 sancti
2745 286 3081 358 fratresque
3109 286 3442 358 cohorsque
3468 282 3684 353 ﬁdelis,

3548 163 3687 218 1434

2021 376 2258 431 Festum
2287 377 2485 432 devoti
2516 377 2620 448 qui
2651 376 2797 430 tanti
2826 374 3015 430 Patris
3042 374 3271 444 adistis,

2020 466 2089 520 Ut
2119 465 2243 521 sitis
2266 466 2431 534 digni
2464 464 2731 521 studium
2757 479 3035 519 exercere
3064 463 3309 531 laboris,

2018 554 2207 625 Ipsius
2236 554 2513 627 precibus
2544 552 2719 608 vestri
2747 567 2871 622 quo
2910 557 3052 607 vota
3082 556 3328 620 rogatus

2016 643 2434 698 Conscendant
2463 639 2687 697 summi
2719 638 2852 694 solii
2877 638 3116 708 fastigia
3140 640 3296 709 regis
3331 658 3343 705 ;

2018 731 2317 803 Spirituali
2347 749 2457 788 vos
2486 732 2654 803 ipsos
2681 733 2890 785 ornate
2922 728 3159 800 decore,

2016 824 2080 874 ln
2115 820 2282 876 vobis
2306 821 2531 892 duplex
2560 816 3026 887 vigeat‘dilectio
3059 834 3318 891 semper,

2016 908 2268 963 Assidue
2299 925 2367 964 ac
2398 910 2648 963 maneat
2673 906 2803 977 spei
2834 905 3096 979 ﬁdeique
3124 906 3389 961 lucerna.

2016 997 2329 1069 Quamque
2361 1001 2562 1053 Patres
2592 994 2783 1051 sancti
2815 1010 3093 1052 normam
3129 994 3387 1051 docuere
3409 995 3613 1063 secuti,

2017 1088 2162 1156 Ipsis
2191 1085 2251 1140 in
2282 1086 2434 1142 caelo
2466 1091 2532 1141 ut
2561 1084 2804 1156 possitis
2832 1084 3182 1140 consociari.

2017 1177 2203 1246 thue
2228 1175 2401 1245 jubet
2431 1174 2653 1231 Paulus
2684 1173 2897 1228 mundi
2929 1174 3200 1229 nocitura
3230 1178 3542 1241 negantes,

2015 1264 2283 1318 Contenti
2307 1266 2492 1334 justo,
2528 1262 2711 1317 saeclo
2742 1262 2949 1317 vivatis
2976 1262 3038 1317 in
3068 1263 3202 1328 isto,

2012 1351 2347 1407 Adventum
2384 1352 2623 1407 Domini
2654 1355 2990 1422 spectantes
3022 1367 3313 1423 spemque
3339 1350 3599 1413 beatam,

2015 1441 2126 1505 Qui
2146 1456 2257 1495 nos
2283 1458 2319 1497 a
2348 1440 2558 1496 vinclis
2585 1439 2797 1495 mortis
2830 1439 3145 1495 moriendo
3170 1439 3442 1504 redemit,

2014 1531 2232 1583 Exutos
2261 1530 2438 1601 culpa
2471 1528 2771 1601 populum
2798 1533 2863 1582 ut
2892 1528 3110 1583 faceret
3140 1527 3252 1582 sibi
3280 1531 3555 1595 gratum,

1941 1635 1985 1686 Β
2014 1616 2209 1673 Gloria
2239 1619 2333 1673 cui
2356 1635 2469 1689 par
2498 1624 2591 1673 est
2621 1634 2760 1671 cum
2793 1620 2956 1671 Patre
2987 1622 3044 1672 et
3074 1617 3337 1672 Flamine
3365 1620 3591 1672 sancto.

2088 1706 2168 1762 Sit
2198 1707 2339 1762 satis
2369 1709 2498 1761 haec
2530 1706 2723 1761 sancti
2753 1705 2829 1759 de
2855 1705 2974 1760 vita
3004 1722 3202 1776 pauca
3234 1704 3456 1771 tulisse,

2011 1796 2142 1849 Jam
2171 1795 2343 1851 labor
2366 1796 2638 1868 exposcit
2666 1794 2931 1864 primum
2959 1794 3131 1849 ﬁnire
3160 1794 3448 1848 libellum.

1412 1949 1723 2035 LIBRI
1790 1952 1869 2035 II
1932 1955 2054 2038 CA
2070 1954 2322 2041 PITU
2331 1957 2496 2043 LA.

868 2136 1257 2193 PROLOGUS.

233 2226 306 2279 In
338 2240 401 2279 eo
431 2225 584 2280 nihil
609 2225 922 2293 singulare
950 2225 1335 2281 continetur:
1364 2226 1439 2281 de
1465 2227 1762 2293 scriptore
1790 2219 1892 2278 mi’

632 2313 983 2367 raculorum
1012 2313 1134 2368 haec
1165 2314 1484 2369 habentur.

234 2403 378 2466 Quae
406 2401 548 2472 quia
578 2399 948 2455 rhethoricus
978 2400 1230 2473 scriptor
1254 2417 1581 2456 numerosa
1628 2400 1890 2463 videbat,

232 2489 389 2545 Cura
418 2490 526 2545 fuit
555 2489 828 2557 geminos
860 2488 939 2545 illi
971 2489 1164 2546 facere
1194 2491 1332 2547 inde
1359 2491 1611 2546 libellos.

232 2581 369 2635 CAP.
403 2583 440 2633 ι.
476 2577 630 2632 Villia
662 2577 932 2633 Sidrudis
952 2578 1234 2649 quaedam
1264 2580 1528 2635 narratio
1556 2578 1731 2634 mira.

226 2667 296 2721 Il.
330 2669 407 2722 De
438 2667 702 2738 quadam
728 2665 852 2722 tilia
876 2666 936 2721 in
968 2666 1105 2722 villa
1134 2669 1280 2740 quid
1304 2668 1549 2736 contigit
1574 2668 1727 2739 ipsa.

227 2759 320 2811 lIl.
366 2755 563 2826 Erupit
589 2755 778 2811 sancti
804 2756 1026 2811 meritis
1047 2757 1213 2828 quod
1238 2757 1372 2812 fons
1397 2756 1459 2811 in
1486 2755 1720 2811 eadem.

227 2847 315 2899 IV.
351 2845 603 2900 Sanatur
635 2844 825 2899 sancti
851 2843 1065 2900 mulier
1096 2845 1436 2914 Burgundio
1462 2845 1623 2899 vino.

226 2930 292 2988 V.
326 2933 699 2987 Contrahitur
723 2933 1009 3004 quaedam
1040 2933 1336 3002 meretrix,
1378 2937 1629 2988 sanatur
1654 2939 1712 2988 et
1738 2934 1884 3005 ipsa.

225 3023 316 3075 VI.
352 3020 609 3076 Pessima
634 3021 956 3091 cujusdam
988 3021 1186 3076 miseri
1216 3022 1467 3093 piscatio
1499 3020 1662 3076 furis.

223 3108 339 3164 VII.
380 3110 618 3163 Femina
648 3109 965 3165 contractis
989 3110 1270 3165 manibus
1310 3114 1558 3166 sanatur
1598 3111 1885 3180 utrisque.

222 3200 363 3252 VIII.
400 3197 505 3262 Qui
538 3197 631 3252 fur
660 3213 783 3252 non
814 3198 1004 3253 fuerat
1029 3198 1278 3270 quidam
1308 3215 1418 3272 pro
1458 3198 1586 3253 fure
1637 3202 1885 3253 tenetur.

2012 2132 2151 2188 (Hic
2183 2136 2348 2202 apud
2371 2136 2757 2189 Anonumum
2786 2134 3074 2189 inseritur
3094 2136 3419 2187 contracta
3436 2130 3681 2197 femine

2707 2222 2983 2289 curatio).

2005 2313 2089 2366 IX.
2134 2314 2215 2365 Ex
2243 2317 2413 2367 utero
2442 2308 2651 2364 matris
2676 2314 2922 2364 sanatur
2948 2325 3109 2364 caeca
3139 2306 3359 2381 puella.

2005 2405 2062 2457 X.
2094 2404 2326 2457 Fratres
2361 2403 2664 2454 Danorum
2692 2398 2904 2453 tollunt
2933 2397 3253 2453 formidine
3285 2388 3581 2451 sanctum.

2003 2494 2088 2545 XI.
2110 2493 2265 2545 Dum
2287 2488 2551 2544 referunt
2573 2490 3132 2555 sanctum,sanatur
3147 2483 3470 2555 languidus
3492 2496 3671 2550 unus,

2001 2580 2111 2633 XII.
2147 2581 2263 2633 Nec
2292 2584 2417 2632 non
2447 2573 2815 2647 hydropicus
2846 2574 3041 2629 reditu
3063 2573 3334 2629 salvatur
3359 2577 3416 2627 et
3446 2570 3601 2640 ejus.

2002 2666 2136 2721 XIII.
2174 2666 2364 2721 Unius
2393 2660 2560 2733 pueri
2584 2662 2886 2717 refovetur
2915 2661 3110 2717 debile
3143 2676 3386 2732 corpus.

2000 2756 2130 2810 XIV.
2166 2756 2250 2809 De
2284 2749 2553 2825 quodam
2582 2766 2740 2805 casco
2770 2755 3075 2806 contracto
3096 2754 3153 2804 et
3178 2763 3427 2821 corpore
3458 2751 3604 2802 toto.

1997 2844 2102 2897 XV.
2148 2843 2423 2897 Donatur
2458 2836 2585 2891 visu
2613 2836 2899 2909 quaedam
2930 2836 3284 2893 muliercula
3312 2850 3490 2891 caeca.

1998 2934 2128 2988 XVI.
2165 2929 2503 3002 Cujusdam
2534 2927 2717 2981 vincti
2748 2932 3110 2999 rumpuntur
3138 2925 3379 2983 vincula
3409 2924 3566 2980 ferri.

1998 3019 2154 3075 XVII.
2187 3019 2440 3075 Luditur
2465 3016 2673 3070 illusor
2695 3015 2945 3086 quidam
2971 3015 3119 3070 dum
3142 3013 3409 3087 pervenit
3439 3012 3517 3068 ad
3538 3027 3673 3066 nos.

2000 3109 2178 3162 XVIII.
2220 3108 2477 3176 Erigitur
2507 3102 2697 3158 sancti
2724 3103 2784 3157 in
2816 3102 2963 3158 festo
2991 3108 3298 3159 contracta
3326 3101 3549 3174 puella.

1999 3200 2127 3253 XIX.
2163 3197 2365 3254 Altera
2395 3198 2564 3267 peste
2587 3208 2715 3265 pari
2742 3192 3026 3264 quaedam
3051 3192 3117 3247 fit
3141 3208 3290 3248 sana
3310 3190 3535 3265 puella.

1362 3357 1897 3444 CABITIILA
1974 3356 2289 3443 LIBRI
2364 3353 2525 3442 [ΙΙ.

862 3546 1246 3603 PROLOGUS.

582 3636 773 3703 (Nihil
799 3635 975 3692 habet
1003 3641 1216 3690 notatu
1244 3634 1538 3705 dignum).

233 3726 371 3780 CAP:
409 3729 445 3779 I.
482 3726 543 3779 In
576 3725 704 3780 visu
733 3724 878 3780 vidit
906 3723 1120 3779 mulier
1151 3722 1518 3796 paupercula
1558 3728 1851 3777 sanctum.

232 3818 300 3869 II.
349 3815 597 3869 Sanctus
652 3814 950 3871 furantem
1008 3812 1338 3885 quemdam
1390 3812 1657 3882 increpat
1714 3816 1893 3882 atque

1587 3897 1890 3969 [ﬂagellat

234 3995 323 4046 III.
360 3996 421 4047 In
452 3992 635 4048 sancti
667 3991 815 4046 festo
846 3990 1096 4046 moritur
1122 3988 1471 4045 muliercula
1503 3994 1725 4042 texens.

233 4082 319 4134 IV.
354 4079 602 4145 Erigitur
630 4078 912 4150 quaedam
942 4078 1156 4133 misere
1186 4079 1491 4132 contracta
1530 4072 1750 4145 puella.

228 4169 294 4222 V.
330 4166 417 4221 Ad
450 4171 723 4222 sanctum
749 4167 966 4221 ductus
997 4165 1257 4221 donatur
1284 4164 1511 4220 lumine
1537 4178 1757 4217 aecus.

232 4256 325 4309 VI.
359 4254 611 4319 Quidam
642 4259 982 4310 contractus
1007 4258 1130 4309 toto
1156 4254 1221 4308 ﬁt
1250 4267 1499 4323 corpore
1528 4266 1731 4306 sanus.

238 4345 351 4399 VII.
388 4342 660 4399 Salvatur
685 4342 936 4414 quidam
962 4356 997 4396 a
1024 4341 1241 4396 misero
1274 4340 1538 4395 cruciatu
1559 4338 1892 4393 oculorum.

1936 3544 1975 3598 C
2007 3540 2142 3594 VIII.
2180 3540 2441 3596 Solvitur
2471 3537 2650 3593 unius
2681 3537 2943 3593 hominis
2975 3535 3301 3591 contractio
3327 3533 3477 3589 dira.

2004 3632 2087 3685 IX.
2131 3628 2397 3693 Quidam
2431 3632 2678 3683 sanatur
2708 3632 2953 3682 cunctos
2983 3640 3089 3697 per
3119 3622 3387 3695 corporis
3416 3624 3599 3676 artus.

2003 3721 2062 3773 X.
2103 3717 2185 3771 Fit
2214 3734 2406 3773 sanus
2435 3716 2529 3770 cui
2556 3716 2876 3772 damnarat
2899 3712 3223 3769 contractio
3252 3711 3483 3767 laevam.

2002 3810 2088 3860 λι.
2124 3805 2461 3873 Cujusdam
2488 3804 2735 3871 erigitur
2772 3807 3075 3857 contracta
3102 3801 3340 3853 sinistra
3366 3797 3601 3869 puellae.

2004 3898 2112 3949 XII.
2150 3895 2406 3947 Laetatur
2439 3891 2721 3961 quaedam
2754 3889 2918 3943 salva
2948 3886 3296 3941 muliercula
3325 3886 3553 3940 dextra.

2003 3982 2136 4038 XIII.
2176 3976 2476 4036 Contracti
2508 3977 2675 4047 pueri
2708 3980 2953 4031 sanatur
2981 3972 3174 4028 debile
3205 3988 3442 4042 corpus.

2005 4070 2137 4126 XIV.
2176 4065 2491 4135 Eloquium
2517 4064 2722 4136 recipit
2753 4063 3040 4134 primaevo
3069 4077 3104 4115 a
3135 4065 3403 4131 tempore
3448 4061 3669 4112 mutus.

2004 4159 2111 4214 XV.
2146 4155 2494 4211 Contractus
2526 4168 2674 4224 puer
2706 4152 2763 4206 in
2796 4150 2965 4205 cunis
2999 4149 3260 4203 salvatur
3287 4153 3344 4202 et
3372 4163 3545 4202 unus.

2008 4248 2136 4302 XVI.
2164 4247 2363 4298 Danus
2386 4242 2698 4309 corrigitur
2726 4239 2931 4294 divino
2965 4240 3100 4309 jure
3123 4236 3441 4309 superbus.

310 4450 610 4504 Miracula
638 4447 1043 4518 superioribus
1066 4447 1334 4518 indicata
1366 4446 1669 4518 capitulis,
1700 4445 1775 4499 ab
1807 4444 2188 4513 Ingelramno
2219 4439 2541 4518 descripta,
2575 4438 2671 4518 hic
2694 4435 3260 4518 praetermittimusp
3282 4447 3418 4518 curnt:
3445 4433 3680 4518 praeter

240 4498 420 4576 metri
434 4498 1164 4590 fliirzbhi'z‘ihii'Abiecti
1182 4498 1485 4590 diuersum
1514 4498 1589 4569 ab
1618 4498 1691 4569 iis
1722 4530 1858 4585 quae
1879 4498 2103 4590 narrat,
2136 4515 2348 4590 auctor
2370 4498 2711 4590 primarius
2718 4510 2757 4590 Α
2757 4506 2921 4590 apud
2940 4501 3414 4590 MAEILL.3?C:_{£

1565 4567 1862 4662 unar'tttni
1896 4584 1974 4662 de
1999 4567 2580 4662 relttIimieuco'rporis
2610 4580 2671 4634 S.
2705 4567 2981 4633 Riéharii
3008 4581 3061 4628 et
3101 4571 3414 4627 miraculis
3463 4567 3678 4624 exinde

242 4651 589 4729 consecutis,
630 4676 797 4731 quem
825 4651 1045 4715 librum
1077 4675 1151 4715 ea:
1181 4659 1398 4714 sarculo
1442 4658 1490 4711 V
1510 4651 1898 4712 Bénedictino
1924 4656 2123 4709 statim
2156 4651 2542 4719 exhibemus).

262 4770 3663 4804 _______________________________________.._______.___

1492 4894 1829 4979 LIBER
1896 4889 2433 4994 QUARTITS.

1902 5070 2043 5119 SIVE

720 5193 979 5262 Relatio
1012 5195 1083 5259 δ’.
1130 5191 1436 5259 Richarii
1462 5192 1727 5257 abbatis
1756 5212 1838 5254 cr
1867 5185 2196 5255 Sil/tiensi
2223 5194 2633 5248 moras/ervo
2666 5184 2743 5245 in
2778 5181 3193 5245 (‘en/ulense.

1168 5334 1275 5403 (Ex
1302 5347 1415 5386 ms.
1440 5331 1641 5405 codice
1671 5327 2006 5387 Centulensi
2034 5330 2089 5382 et
2118 5323 2296 5396 Aprili
2329 5321 2757 5391 Bollandiano).

370 5467 406 5518 I.
434 5464 681 5518 Metrice
710 5461 984 5518 Richarii
1011 5458 1310 5525 descripta
1340 5455 1551 5510 relatio
1583 5456 1795 5508 sancti.

253 5551 550 5607 Hactenus
584 5552 810 5623 antiqui
843 5550 1051 5607 retinet
1081 5565 1212 5620 quae
1244 5544 1465 5617 pagina
1497 5543 1623 5596 libri

254 5643 532 5697 Carmine
557 5645 736 5714 prout
761 5640 921 5697 valui
946 5638 1131 5694 cecini
1162 5633 1447 5692 miracula
1480 5634 1669 5688 sancti

1948 5458 1986 5510 υ
2022 5451 2161 5506 Ilinc
2192 5464 2262 5503 ca
2288 5446 2650 5517 complectar
2676 5445 2876 5517 pmpri
2908 5461 2953 5496 2s
2984 5460 3118 5515 quin
3150 5443 3293 5496 vidit
3322 5440 3565 5496 ocellus.

2021 5539 2259 5599 Ingenio
2287 5536 2539 5603 validus,
2577 5534 2809 5593 mannis
2841 5533 3057 5604 opibus
3083 5546 3325 5604 quoque
3353 5530 3533 5585 fultus

2018 5629 2300 5687 Arnulfus
2328 5626 2579 5699 patriam
2614 5623 2877 5698 possedit
2904 5621 3172 5678 marchio
3201 5625 3492 5677 nostram.
