3988 6182
316 106 481 181 ιω·

1040 123 1489 178 ANGELRANNI
1529 119 1822 177 ABBATIS
1860 117 2331 178 CENTULENSIS
2368 123 2528 179 VITA
2570 124 2626 179 s.
2667 108 2997 180 RICHARII.

3609 127 3745 182 168

312 205 478 304 Hanc
507 246 689 305 etiam
708 244 916 302 fraude
945 248 1011 301 ut
1037 261 1145 318 per
1172 245 1347 319 plura
1374 245 1604 302 solebat
1631 244 1905 317 adeptus,
2001 243 2049 297 Α
2082 244 2197 299 Sed
2220 245 2350 315 jam
2375 245 2579 303 divina
2604 247 2752 320 quid
2777 247 2851 303 sit
2874 246 3090 304 virtute
3117 252 3428 321 peractum

311 335 632 393 Transtulit
665 333 801 388 hinc
841 332 954 404 (20)
999 337 1294 405 sanctum,
1343 334 1590 407 cupiens
1614 338 1736 390 tam
1765 331 1965 388 nobile

1709 423 1969 493 [lucrum

316 520 462 573 Cum
490 510 773 584 quisdam
804 511 1025 567 sanctis
1051 512 1307 585 propriae
1337 500 1596 593 regionis
1624 512 1867 569 habere.

314 604 414 659 Hic
437 602 568 672 jam
587 600 898 669 longaevus
924 601 1234 674 deponens
1264 602 1532 671 tegmina
1555 600 1772 669 carnis,

317 689 489 747 Filius
523 693 587 745 ut
614 688 738 744 nati
762 689 942 759 jussit
970 688 1096 745 ﬁeri
1127 707 1271 746 suus
1296 691 1509 760 haeres,

312 777 714 835 Praesentabat
743 794 925 835 avum
953 780 1198 852 proprio
1214 780 1332 853 qui
1361 779 1604 836 nomine
1630 783 1884 836 tantum.

314 872 448 924 Post
475 883 680 937 regem
705 867 935 940 primus
965 868 1134 939 regni
1160 873 1299 924 tunc
1321 870 1461 939 jura
1498 868 1756 926 tenebat.

314 958 409 1013 Vir
434 944 676 1013 humilis
709 957 957 1024 cunctis,
986 958 1215 1013 cunctis
1242 957 1378 1032 pius
1426 964 1604 1031 atque
1650 958 1967 1029 benignus,

314 1044 492 1102 Filius
525 1045 784 1115 Hugonis
811 1046 1023 1118 Magni,
1055 1046 1179 1102 dux
1207 1047 1464 1119 inclytus
1500 1050 1663 1118 Hugo
1694 1064 1705 1103 :

314 1138 523 1190 Postea
543 1133 728 1203 regali
752 1132 856 1206 qui
888 1133 1243 1191 sublimatus
1274 1136 1501 1191 honore

316 1223 484 1278 Rexit
513 1225 875 1277 Francorum
905 1222 1057 1278 miro
1086 1223 1495 1280 moderamine
1525 1240 1801 1294 regnum.

319 1310 416 1365 Hic
447 1309 701 1380 graviter
730 1309 986 1366 tolerans
1013 1310 1285 1368 fraudem
1323 1328 1507 1384 supra
1554 1316 1970 1384 memoratam,

316 1400 580 1456 Restituit
609 1400 815 1472 patriae
846 1417 1225 1475 quaecunque
1252 1408 1455 1475 erepta
1486 1402 1669 1459 fuere.

320 1492 505 1562 thue
534 1489 728 1560 magis
759 1489 1007 1546 celebris
1038 1490 1206 1546 ﬁeret
1232 1492 1523 1561 regressio
1556 1492 1664 1563 (21)
1690 1491 1900 1559 sancti,

315 1577 583 1651 Praecipit
601 1578 962 1634 immensam
992 1580 1202 1653 populi
1231 1580 1564 1650 glomerare
1594 1586 1916 1637 catervam.
2003 1604 2044 1659 Β

318 1670 431 1723 Nec
462 1667 659 1723 solum
682 1672 905 1724 nostrae
933 1669 1210 1725 convenit
1241 1670 1449 1726 concio
1481 1674 1644 1726 terrae
1673 1688 1685 1726 :

320 1757 473 1822 Quin
505 1758 684 1813 etiam
713 1773 783 1812 ex
814 1758 1016 1813 multis
1036 1758 1192 1815 facta
1212 1764 1300 1815 est
1325 1760 1589 1815 collectio
1610 1759 1853 1815 Francis
1885 1776 1900 1814 :

319 1845 642 1918 Relliquias
678 1846 865 1901 sancti
890 1848 1155 1917 posthaec
1184 1848 1435 1904 mandat
1464 1848 1576 1903 sibi
1604 1848 1791 1903 reddi.

317 1934 627 2005 Accipiens
658 1934 829 2003 cujus
852 1940 1153 2007 prmcepta
1181 1952 1332 2007 puer
1362 1937 1474 2006 (22)
1516 1941 1886 1993 memoratus

320 2020 579 2077 Efﬁcitur
607 2026 856 2077 maestus
887 2026 1049 2079 tanto
1078 2023 1265 2094 pretio
1296 2024 1606 2080 cariturus.

321 2111 435 2168 Sed
458 2115 743 2183 reputans
770 2112 825 2168 si
850 2112 1141 2184 despiciat
1166 2128 1290 2168 non
1310 2128 1443 2169 esse
1467 2114 1705 2170 salubre

318 2199 592 2255 Reddidit
619 2199 860 2269 invitus,
887 2201 1104 2257 veritus
1131 2217 1207 2257 ne
1236 2201 1382 2258 forte
1414 2208 1676 2258 coactus.

318 2290 449 2344 Jam
479 2288 725 2345 tandem
752 2289 1043 2362 praeclara
1065 2290 1191 2345 dies
1219 2290 1492 2348 illuxerat
1518 2291 1669 2360 orbi,

320 2380 447 2442 Qua
474 2378 653 2435 debet
678 2378 804 2435 fieri
833 2383 955 2435 tam
985 2383 1157 2448 grata
1184 2380 1447 2452 receptio
1478 2381 1687 2438 sancti.

318 2466 652 2522 Procedunt
678 2473 903 2540 partes,
935 2468 1263 2535 gaudentes
1292 2468 1350 2524 et
1376 2469 1804 2541 lacrymantes.

320 2559 591 2629 Namque
634 2558 718 2614 illi
765 2558 1012 2615 tradunt
1052 2558 1220 2630 quod
1267 2573 1507 2631 semper
1550 2559 1775 2616 habere
1814 2559 1974 2619 vole-

1782 2648 1974 2715 (bant,

320 2734 422 2791 Isti
452 2735 783 2807 suscipiunt
811 2734 937 2791 sine
968 2750 1091 2807 quo
1128 2751 1240 2792 nee
1267 2734 1465 2792 vivere
1493 2742 1726 2793 curant.

320 2827 527 2880 Postea
556 2824 849 2896 primores
877 2824 1087 2897 populi
1111 2825 1315 2895 jurare
1344 2830 1655 2894 rogantur,

323 2913 666 3006 Quidquam
691 2917 756 2968 ut
778 2913 1084 3006 non‘desit
1114 2913 1351 2987 penitus
1377 2915 1451 2970 de
1481 2931 1730 3006 corpore
1762 2916 1975 2974 sancti.
2006 2950 2047 3006 ο

323 3001 455 3065 Quo
481 2999 658 3061 facto,
688 3000 875 3057 nostri
904 3000 1255 3058 festinavere
1287 3002 1522 3060 reverti.

323 3087 367 3141 Ο
398 3086 795 3143 memoranda
821 3087 971 3155 dies,
998 3104 1035 3144 ο
1061 3088 1168 3146 lux
1193 3091 1389 3146 votive
1418 3089 1690 3159 colenda,

322 3175 491 3231 Fines
517 3175 801 3247 dignatur
830 3179 941 3250 (23)
967 3179 1151 3251 patris
1179 3196 1303 3252 qua
1334 3181 1523 3237 visere
1548 3186 1790 3237 sanctus
1820 3184 1832 3237 !

321 3264 508 3335 Hujus
534 3264 796 3322 laetitiam
825 3267 926 3322 vix
953 3283 1232 3324 enarrare
1258 3269 1374 3325 diei

325 3352 583 3411 Sufﬁciet
610 3356 954 3429 quisquam,
987 3357 1311 3430 quisquam
1340 3358 1439 3414 vix
1470 3359 1691 3428 gaudia
1718 3363 1905 3427 tanta,

320 3442 625 3499 Adventus
646 3445 833 3500 sancti
870 3462 1006 3518 quae
1047 3447 1426 3503 concutiebat
1445 3447 1689 3520 ubique.

320 3532 410 3586 Ad
444 3546 834 3604 quascunque
864 3535 1083 3590 etenim
1108 3535 1269 3590 venit
1292 3537 1595 3607 processio
1622 3536 1815 3605 villas,

321 3617 509 3673 Obvia
535 3624 887 3675 cunctorum
918 3623 1185 3692 procedit
1214 3624 1391 3679 turba
1414 3625 1715 3693 colonum,

319 3709 400 3760 Ac
424 3721 549 3777 prce
572 3705 773 3763 latitia
793 3708 1047 3776 gemitus
1072 3710 1151 3765 ad
1177 3710 1372 3765 sidera
1392 3712 1638 3781 jactant.

318 3799 468 3851 Ante
492 3794 597 3851 sed
618 3795 698 3852 ad
729 3796 1040 3868 templum,
1072 3804 1371 3871 quantum
1390 3803 1479 3856 est
1507 3801 1766 3874 spatium
1786 3819 1979 3876 prope

1740 3891 1974 3965 [leugaa,

320 3975 513 4040 Quam
544 3976 968 4048 pervenissent,
999 3977 1125 4033 dux
1149 3978 1280 4048 jam
1307 3978 1592 4051 praefatus
1621 3981 1842 4054 equino

318 4063 696 4120 Descendens
725 4065 928 4133 dorso,
958 4066 1138 4121 nudis
1167 4065 1440 4123 incedere
1471 4067 1690 4140 plantis

318 4150 543 4221 Incipit,
571 4156 628 4206 et
647 4153 904 4225 propriis
934 4154 1193 4227 scapulis
1224 4159 1462 4227 portare
1492 4156 1794 4223 feretrum,

318 4240 386 4292 Et
414 4254 621 4294 secum
649 4239 840 4311 plebis
868 4243 972 4313 qui
997 4244 1107 4299 visi
1130 4244 1472 4301 nobiliores.

317 4325 469 4381 Illud
497 4330 741 4400 tamque
771 4328 875 4384 diu
902 4336 1098 4402 portat
1126 4332 1407 4405 lacrymis
1435 4334 1827 4407 madefactus,

317 4415 501 4472 Alteri
522 4416 715 4474 donec
744 4418 1014 4489 gaudens
1041 4422 1286 4493 proprio
1316 4423 1720 4495 imposuisset.

389 4739 500 4810 (20)
537 4738 629 4814 _Ad
653 4754 823 4814 oram
854 4741 1126 4814 Chronici
1171 4741 1538 4800 Centulensis
1568 4760 1680 4799 ms.
1712 4743 1927 4814 legitur
1955 4764 1968 4802 :

317 4810 503 4883 Anno
523 4811 765 4883 Domini
792 4813 895 4867 952
917 4813 1184 4869 ablatum
1213 4829 1446 4883 corpus,
1493 4822 1547 4872 et
1594 4832 1653 4870 iv
1691 4810 1832 4872 Κᾱι.
1866 4819 1971 4873 Se-

309 4881 534 4961 ptemb:
564 4881 986 4961 beatiBerti'nj
1022 4886 1283 4961 cqenobz’o
1305 4881 1808 4961 {ttatu_m,pnempe
1832 4891 1974 4961 Cen-

318 4951 533 5008 tulensi
564 4953 783 5010 abbate
816 4954 1176 5021 Fulcherico,
1218 4963 1274 5013 et
1303 4957 1527 5013 clericis
1557 4951 1801 5015 'ibide‘m
1848 4960 1971 5016 exi-

318 5023 630 5104 stentibus,
681 5029 748 5081 ut
787 5024 953 5097 apud
1002 5027 1330 5084 Hariulfum
1388 5029 1448 5084 in
1502 5030 1606 5085 lib.
1668 5048 1766 5102 iu,
1834 5047 1968 5104 cap.

389 5165 502 5238 (21)
541 5168 703 5222 Hanc
762 5167 1192 5227 restitutionem
1246 5170 1581 5228 instaurato
1636 5173 1972 5231 Centulensi

317 5238 681 5316 monasterio
711 5239 1459 5316 restitutisquemonachis
1497 5242 1719 5299 factam
1764 5244 1968 5316 fuisse,

321 5308 436 5385 sub
488 5309 798 5379 lngelardo
846 5308 1442 5385 abbafehFulcherici
1484 5319 1620 5385 post
1660 5308 1973 5383 Hugonem

319 5379 535 5451 ducem
567 5397 927 5451 successore,
960 5382 1375 5440 traditibidem
1408 5379 1721 5441 Hariulfus.
1748 5379 1971 5443 Eodem

319 5448 543 5531 abbate
566 5453 811 5531 contigit
839 5448 1143 5531 translatio
1175 5456 1361 5511 sancti
1407 5457 1631 5525 Vigoris
1683 5457 1967 5531 episcopi,

319 5522 759 5647 galliadelgisili
813 5524 1173 5582 confessoris
1198 5568 1217 5600 ,
1296 5522 1543 5586 testante
1600 5522 1814 5585 eodem
1866 5522 1970 5587 au;

2077 334 2409 405 Perpendat
2438 335 2640 392 lector.
2676 337 2874 393 Sancti
2892 336 3120 392 meritis
3144 336 3378 393 sociatis

2078 421 2211 485 Haec
2237 438 2424 496 quam
2452 424 2703 497 praedixi
2730 424 2887 488 facta
2913 430 3002 481 est
3030 425 3325 496 regressio
3352 426 3553 483 sancti

2075 513 2362 585 Tempore
2391 530 2513 586 quo
2543 513 2734 586 plenis
2766 529 3015 587 campus
3045 514 3312 570 ﬂavescit
3337 514 3561 571 aristis.

2077 600 2190 655 Sed
2216 604 2301 657 tot
2332 602 2617 658 militibus
2647 619 2783 676 quae
2813 601 3149 659 sufﬁcerent
3177 603 3324 676 quia
3356 608 3511 659 tecta

2078 692 2205 745 Non
2234 688 2488 760 fuerant,
2520 692 2709 748 cultos
2742 708 2870 747 sese
2900 707 3171 764 sparsere
3201 707 3309 764 per
3339 708 3543 761 agros.

2080 777 2278 832 Dicere
2306 779 2443 850 quis
2475 780 2689 852 poterit
2717 780 2894 837 fuerit
2920 796 3104 853 quam
3134 780 3329 837 diruta
3360 782 3579 837 messis

2080 868 2229 921 Pene
2260 868 2475 935 omnis,
2508 869 2763 943 pedibus
2792 869 2943 924 dum
2971 869 3356 926 conculcatur
3379 885 3695 942 equorum

2079 957 2218 1010 Pars
2250 956 2555 1029 quaedam,
2577 958 2860 1031 quaedam
2887 958 3036 1014 dum
3064 975 3204 1032 pars
3228 958 3583 1031 depascitur
3598 974 3704 1014 ore
3724 961 3752 1014 ἰ)

2080 1046 2218 1099 Usta
2245 1050 2333 1100 est
2358 1062 2501 1120 pars
2532 1048 2713 1104 etiam
2739 1047 2998 1104 stabilita
3027 1047 3271 1104 ardente
3301 1047 3510 1103 culina

2078 1132 2348 1188 Partibus
2378 1134 2439 1189 in
2461 1135 2686 1205 multis,
2714 1141 2882 1192 cocta
2903 1136 3189 1193 radicitus
3208 1136 3416 1192 herba.

2079 1221 2342 1278 Tandem
2372 1223 2710 1296 discedunt,
2741 1225 2908 1282 nulla
2936 1225 3142 1282 tellure
3172 1224 3396 1281 relicta.

2079 1311 2227 1367 Mira
2249 1311 2465 1384 loquar
2498 1331 2509 1369 :
2543 1314 2752 1387 paucis
2776 1314 3094 1371 transactis
3124 1314 3246 1370 fere
3274 1313 3519 1383 diebus,

2082 1403 2226 1455 Ecce
2251 1400 2615 1457 incredibilis
2647 1402 2825 1476 coepit
2854 1418 3231 1459 succrescere
3260 1401 3478 1458 messis

2084 1490 2419 1559 Fructifera,
2453 1506 2523 1546 ac
2567 1491 2814 1548 demum
2845 1508 2985 1547 cum
3015 1496 3253 1565 tempus
3298 1496 3357 1546 et
3410 1490 3567 1546 hora
3619 1507 3750 1546 me-

3557 1577 3749 1648 [tendi

2082 1672 2348 1739 lnstaret,
2380 1671 2536 1724 totos
2564 1668 2772 1725 videas
2802 1669 3124 1726 ﬂavescere
3157 1684 3428 1740 campos,

2081 1760 2160 1810 Ac
2192 1756 2243 1810 si
2272 1756 2355 1811 nil
2383 1756 2594 1812 damni
2621 1758 2786 1827 regio
2812 1772 3102 1830 perpessa
3123 1756 3348 1812 fuisset.

2082 1847 2213 1899 Haec
2244 1860 2492 1900 cernens
2523 1849 2746 1901 meritis
2772 1850 3007 1919 patrata
3035 1845 3219 1901 fuisse
3250 1844 3508 1911 Richari,

2081 1930 2175 1986 Ad
2197 1930 2406 1987 laudes
2432 1932 2664 1989 Domini
2696 1934 2956 2005 populus
2986 1949 3049 1988 se
3080 1932 3329 1988 contulit
3354 1932 3584 1987 omnis.

2082 2024 2148 2075 ll.
2185 2020 2353 2086 Quod
2384 2022 2541 2091 lapsi
2567 2022 2629 2077 in
2651 2029 2901 2091 puteum
2930 2023 3209 2078 vixerunt
3248 2023 3343 2076 vir
3386 2022 3740 2093 mulierque.

2082 2113 2146 2165 In
2169 2110 2359 2165 sancti
2384 2111 2605 2167 mirum
2634 2111 2743 2167 fuit
2772 2118 2828 2168 et
2854 2111 3167 2169 virtutibus
3197 2111 3365 2178 illud,

2082 2198 2275 2270 Ipsius
2303 2197 2520 2256 festum
2548 2200 2693 2272 quia
2719 2199 2893 2272 plebs
2918 2200 3067 2255 dum
3096 2199 3287 2255 multa
3311 2199 3577 2265 adiisset,

2083 2287 2253 2341 Forte
2291 2303 2462 2342 secus
2494 2287 2699 2360 templi
2722 2288 3030 2347 introitum
3057 2291 3275 2360 puteus
3306 2287 3437 2355 fuit,
3469 2304 3546 2343 ex
3570 2303 3690 2360 quo

2080 2374 2448 2431 Jamdudum
2472 2375 2662 2431 laticis
2690 2376 2928 2448 penitus
2947 2376 3245 2435 defecerat
3264 2376 3455 2445 unda,

2083 2465 2160 2519 Os
2193 2465 2365 2535 cujus
2396 2464 2577 2521 veteri
2605 2465 2797 2522 fuerat
2820 2466 2894 2522 de
2926 2465 3141 2522 vimine
3172 2465 3475 2522 clausum.

2082 2552 2277 2621 Ignari
2310 2567 2490 2623 super
2516 2553 2677 2610 hunc
2703 2553 2852 2609 dum
2874 2552 3103 2610 vadunt
3126 2553 3218 2609 vir
3242 2554 3605 2627 mulierque,

2080 2640 2271 2711 lpsius
2293 2640 2356 2697 in
2386 2656 2676 2711 magnum
2704 2641 2859 2714 lapsi
2887 2642 3150 2698 cecidere
3183 2642 3363 2713 proin
3386 2630 3581 2699 )dllm.

2085 2730 2226 2795 Quis
2251 2730 2550 2788 dubitaret
2572 2748 2675 2789 eos
2699 2732 2908 2789 mortis
2933 2732 3256 2789 discrimen
3282 2732 3483 2789 obisse
3501 2732 3530 2786 '2

2086 2821 2419 2875 Cernuntur
2448 2824 2648 2877 tamen
2680 2836 2718 2877 a
2747 2822 2909 2893 putei
2939 2820 3209 2878 convalle
3233 2820 3485 2889 reducti,

2086 2912 2215 2963 Non
2245 2908 2444 2963 solum
2470 2908 2609 2976 vivi,
2639 2914 2763 2965 toto
2787 2910 2894 2965 sed
2921 2925 3171 2981 corpore
3203 2910 3360 2966 sani.

2085 2997 2178 3052 llI.
2213 2998 2382 3064 Quod
2407 3012 2640 3055 vescens
2666 3000 2911 3069 quidam
2954 3001 3138 3068 piscis
3179 3001 3427 3070 gtutivi’t
3469 3000 3741 3056 aristam.

2088 3086 2412 3143 Exercebat
2439 3102 2633 3151 ovans,
2655 3104 2728 3143 ex
2754 3088 3187 3146 consuetudine
3218 3089 3331 3160 (24)
3369 3087 3606 3145 Palmas

2086 3175 2261 3231 Plebs
2287 3176 2805 3248 Dommi,quidam
2833 3192 3075 3233 sumens
3104 3193 3245 3233 cum
3273 3177 3522 3233 clericus
3542 3191 3747 3233 escam

2089 3266 2235 3321 Cum
2262 3265 2598 3332 monachis,
2627 3271 2791 3320 ortus
2818 3282 2941 3321 non
2968 3265 3069 3320 vili
3093 3266 3274 3338 stirpe
3295 3271 3636 3338 parentum,

2087 3354 2269 3410 Unius
2295 3357 2572 3410 incautus
2602 3353 2783 3426 piscis
2814 3353 3045 3423 glutivit
3072 3355 3335 3410 aristam.

2085 3448 2383 3512 Angorem
2412 3443 2585 3513 cujus
2606 3444 2933 3497 sentiscens
2963 3459 3206 3515 vespere
3234 3444 3384 3498 facto

2084 3535 2289 3588 Tentat
2316 3532 2557 3602 rejicere
2586 3532 2744 3586 hanc
2772 3531 2966 3589 valeat
2997 3531 3049 3588 si
3072 3532 3200 3588 forte
3228 3530 3537 3585 vomenda.

2088 3622 2200 3677 Sed
2230 3621 2373 3692 quia
2399 3634 2525 3677 non
2553 3620 2763 3692 potuit,
2792 3620 3034 3689 gravior
3062 3621 3124 3676 ﬁt
3146 3620 3274 3676 luce
3294 3620 3586 3691 sequenti.

2084 3711 2275 3765 Tertia
2303 3724 2568 3782 namque
2594 3709 2723 3769 dies
2748 3712 3064 3783 praetendit
3090 3712 3395 3776 deteriora,

2085 3803 2164 3854 Ac
2191 3799 2329 3855 dem
2346 3815 2441 3861 im
2468 3799 2530 3853 in
2555 3804 2771 3871 quarta
2801 3804 3011 3859 tractat
3047 3800 3122 3855 de
3147 3806 3338 3856 morte
3362 3799 3583 3868 futura,

2087 3888 2417 3960 Disponens
2445 3888 2625 3944 etiam
2655 3887 2892 3946 fuerant
2914 3906 3049 3962 quae
3077 3905 3346 3960 congrua
3375 3890 3524 3945 visa.

2082 3977 2287 4033 Abbas
2316 3981 2373 4033 et
2398 3976 2609 4033 fratres
2637 3978 2881 4034 veniant
2909 3994 2972 4034 se
2990 3978 3180 4034 visere
3208 3978 3465 4034 mandat
3494 3996 3507 4034 :

2085 4067 2227 4132 Quis
2257 4067 2334 4123 ad
2365 4082 2427 4123 se
2451 4067 2739 4137 ingressis
2768 4073 3000 4124 tantum
3028 4068 3105 4124 de
3130 4073 3322 4124 morte
3351 4068 3611 4139 locutus,

2084 4156 2275 4211 Poscit
2302 4172 2440 4212 cum
2471 4156 2783 4212 monachis
2812 4156 3045 4230 sepeliri
3073 4173 3198 4230 quo
3227 4163 3548 4214 mereatur.

2084 4250 2193 4302 Pro
2224 4245 2459 4301 Domini
2488 4248 2689 4307 Cmna.
2720 4247 2930 4318 quinta
2954 4246 3060 4301 sed
3086 4246 3219 4303 luce
3244 4247 3508 4303 verenda

2088 4339 2254 4391 Hunc
2310 4335 2499 4392 sancti
2554 4336 2630 4392 ad
2688 4336 2980 4409 templum
3026 4326 3269 4401 deducit
3315 4336 3496 4393 turba
3532 4351 3743 4410 paren-

3571 4428 3741 4497 [tu-1.

2176 4748 2271 4819 22)
2308 4746 2590 4802 Arnulfus
2605 4745 2838 4819 Ajunior.

2175 4816 2264 4891 23)
2304 4822 2369 4891 lin
2403 4816 2691 4891 Chronico
2720 4816 3056 4874 Centulensi
3086 4833 3200 4891 ms.
3247 4822 3440 4891 exstat
3468 4818 3751 4891 diploma

2083 4889 2339 4947 Lotharii
2363 4889 2538 4959 regis,
2564 4894 2811 4957 rogante
2840 4891 3087 4959 Hugone
3125 4888 3277 4945 duce
3321 4888 3557 4945 abbate'
3599 4905 3750 4945 con-

2082 4976 2344 5029 cessum,
2374 4976 2497 5032 quo
2524 4959 2678 5032 villae
2726 4960 3038 5016 monachis
3096 4960 3175 5015 ab
3228 4960 3442 5016 eodem
3488 4963 3550 5016 in
3586 4978 3749 5032 pago

2091 5030 2797 5105 Targanern‘siassignatae
2827 5031 3280 5105 conﬁrmantur,
3313 5047 3535 5105 nempe
3562 5030 3752 5089 Botri-

2082 5101 2231 5157 tium
2261 5108 2318 5158 et
2346 5101 2802 5158 Rolleni-curtis.
2835 5104 3051 5159 Actum
3085 5101 3747 5173 Compendio'palatio,

2080 5189 2241 5235 anno
2270 5173 2547 5231 Lothara‘i
2574 5190 2694 5229 xxr.
2726 5174 3030 5231 Adalbero
3060 5176 3216 5235 regis
3243 5176 3522 5231 notarius
3543 5178 3634 5232 ad
3664 5178 3748 5233 vi.

2081 5261 2203 5301 cem
2230 5244 2628 5301 Adatberonis
2654 5246 2967 5300 Remorum
2997 5244 3433 5315 archiepiscopi
3448 5254 3506 5302 et
3526 5250 3754 5305 summi

2081 5317 2437 5373 cancellaria‘
2464 5318 2824 5387 recognovit.

2153 5387 2257 5459 (2t)
2293 5386 2586 5442 Hariulfus
2608 5386 2628 5442 ':
2661 5388 2970 5443 Domim'ca
2993 5387 3370 5456 Palmarum,
3402 5403 3585 5459 quam
3618 5392 3746 5445 vul-

2080 5475 2189 5530 gus
2216 5459 2761 5530 Pascha/laridum
2794 5459 3030 5524 vocitat,
3060 5472 3136 5514 ex
3173 5459 3578 5515 ecclesiastica
3618 5467 3745 5516 tra-

2082 5529 2305 5586 ditione
2325 5529 2652 5601 colebatur,
2667 5546 2797 5586 cum
2822 5532 2951 5599 ipsa
2969 5530 3065 5587 die
3077 5530 3323 5601 quidam
3344 5532 3741 5599 ctericus,etc.
